4100 6200
1629 754 1781 794 ANNO
1819 751 2024 794 DOMIXI
2063 753 2422 795 DCCC-CLXXIV.

974 925 3050 1156 RATHERIUS

1577 1261 2028 1318 VERONENSIS
2065 1261 2443 1318 EPISCOPUS

306 1405 504 1474 (Juxta
533 1404 850 1461 editionem
883 1405 1080 1460 datam
1111 1404 1348 1460 Veronae
1379 1421 1533 1460 anno
1564 1403 1796 1459 Domini
1827 1404 1988 1472 4765,
2017 1405 2359 1460 curantibus
2390 1409 2558 1460 Petro
2579 1409 2637 1462 et
2663 1405 3013 1478 Hieronymo
3043 1405 3324 1464 fratribus
3365 1407 3714 1481 Balleriniis,

1588 1493 1936 1565 prescyteris
1965 1493 2441 1564 Veronensibus).

1525 1829 2470 1937 PROLEGOMENA

1831 2062 2178 2080 ή--α-

1311 2223 1862 2312 EPISTOLA
1931 2225 2690 2313 DEDICATORIA

366 2456 600 2518 Thomas
631 2456 884 2522 Qummo
915 2454 1098 2526 equiti
1127 2471 1194 2518 ac
1223 2455 1364 2511 aedis
1397 2455 1453 2510 S.
1489 2455 1664 2512 Marci
1697 2459 1985 2528 procurati

2088 2455 2289 2518 Petrus
2321 2458 2376 2510 et
2401 2457 2781 2528 Hieronymus
2809 2457 3016 2532 fratres
3037 2459 3707 2538 Bnumigripreebgteri

293 2545 658 2601 Veronenses
685 2545 743 2599 S.
777 2545 840 2598 P.
869 2543 933 2598 D.
1129 2562 1140 2569 λ
2189 2551 2192 2553 λ

275 2677 278 2680 .
365 2639 478 2688 Cur
507 2633 764 2689 ltatherii
793 2633 1052 2706 episcOpi
1075 2633 1428 2696 VeronenSis
1459 2633 1610 2688 inter
1639 2633 1729 2688 sui
1763 2633 1862 2686 aevi
1885 2632 2198 2704 scriptorcs
2231 2631 2480 2686 maxime
2505 2630 2752 2688 celebris
2784 2633 2990 2706 Opera,
3015 2651 3172 2702 nunc
3203 2634 3461 2710 primum
3485 2655 3519 2712 ρ
3539 2639 3710 2710 nobis

289 2722 550 2788 cullecta,
581 2727 638 2776 et
669 2721 906 2782 ineditis
938 2727 1128 2784 aucta,
1163 2721 1466 2794 multoque
1497 2720 1693 2776 studio
1725 2719 2035 2790 illustrata,
2072 2736 2199 2792 quas
2231 2721 2386 2792 apud
2421 2720 2682 2776 eruditos
2707 2721 2764 2776 in
2792 2721 3080 2794 desiderio
3101 2727 3286 2794 erant,
3309 2727 3710 2800 antettesista-

297 2826 450 2876 mus,
480 2811 753 2882 Equeset
782 2811 842 2880 S.
875 2809 1050 2864 Marci
1085 2809 1428 2874 Procurator
1455 2808 1842 2882 amplissime,
1869 2826 1982 2864 non
2006 2825 2124 2864 una
2152 2809 2346 2874 existit
2368 2807 2746 2866 causa.Plura
2777 2810 2834 2866 in
2859 2811 3065 2884 primis
3089 2815 3144 2886 te
3167 2819 3398 2890 ornant,
3419 2817 3708 2892 aptigpis-

287 2899 465 2956 simis
493 2900 723 2972 generis
747 2897 1048 2962 nobilitas,
1083 2897 1376 2968 majorum
1406 2895 1726 2966 illustrium
1759 2913 1873 2960 non
1907 2897 2153 2970 exiguus
2187 2915 2490 2966 numerus,
2525 2905 2582 2954 et
2609 2900 2774 2958 dotes
2804 2918 2869 2956 ac
2901 2903 3290 2976 praerogativae
3311 2905 3700 2980 potissimum

291 2989 490 3060 propri
511 3011 536 3040 μ
561 2993 695 3055 tuae,
728 3004 856 3060 quae
887 2990 944 3042 te
973 2985 1434 3052 clarissimorum
1467 2986 1756 3056 majorum
1791 3003 1906 3042 non
1938 2986 2306 3062 degenerem,
2340 2989 2442 3044 sed
2473 2987 2826 3050 imitatorem
2852 2988 3347 3066 gloriosissimum
3397 2993 3698 3070 exhibept,

293 3079 436 3146 adeo
470 3082 552 3150 ut,
585 3079 636 3138 si
665 3077 736 3142 ab
769 3076 888 3134 illis
913 3074 1072 3142 omni
1103 3075 1310 3132 decore
1336 3075 1715 3134 afﬂuentibus
1741 3075 1812 3148 ad
1845 3081 1898 3131 te
1928 3077 2258 3144 ornandum
2291 3077 2612 3150 quidquam
2645 3078 2870 3148 hauris,
2903 3080 3154 3154 multum
3186 3080 3244 3152 in
3276 3085 3332 3150 te
3377 3084 3552 3157 etiam
3591 3085 3700 3160 sit,

279 3167 448 3234 .n-nde
479 3167 550 3222 ad
582 3165 712 3222 illos
743 3165 1048 3230 redundet.
1073 3167 1138 3220 In
1169 3163 1534 3237 gravissimis
1550 3165 1704 3220 enim
1727 3171 1900 3238 atque
1932 3164 2297 3221 difﬁcillimis
2321 3167 2666 3224 muneribus
2681 3167 2933 3240 publicis
2957 3169 3060 3234 tibi
3084 3171 3696 3246 creditishponsglum

287 3254 538 3324 Verona,
568 3255 760 3318 Brixia
785 3257 844 3308 et
867 3251 1092 3320 Palma,
1113 3253 1330 3324 quibus
1353 3252 1570 3322 multos
1599 3269 1786 3308 annos
1809 3253 2110 3324 praefuisti,
2135 3259 2296 3310 tuam
2321 3253 2706 3326 diligentiam,
2733 3257 3125 3328 prudentiam,
3150 3259 3701 3334 requitatem,ju__sti-

275 3343 458 3412 -tiam,
491 3343 938 3410 humanitatem,
971 3341 1382 3410 constantiam,
1420 3341 1902 3412 munificentiam,
1937 3359 2004 3397 ac
2035 3341 2396 3416 religionem,
2431 3343 2844 3418 religionisque
2873 3349 3040 3416 sarta
3064 3349 3226 3420 tectae
3255 3349 3698 3426 βφπηζςῃᾴφριμ-

291 3433 478 3500 dium,
513 3437 570 3488 et
599 3433 658 3488 in
689 3431 865 3498 officii
897 3429 1216 3504 praesertim
1239 3431 1412 3498 rebus
1437 3429 1708 3503 gerendis
1732 3430 2082 3492 indefessam
2113 3447 2369 3502 operam,
2395 3431 2802 3506 insignemque
2823 3437 3072 3504 nontam
3097 3433 3312 3512 laboris
3335 3421 3698 3512 pat‘iepti'am,

291 3538 468 3593 quam
501 3518 1024 3594 perieulorum,ubi
1041 3537 1190 3591 opus
1211 3525 1790 3592 esset,contemptum
1815 3519 2112 3580 admiratae
2135 3525 2296 3586 sunt;
2318 3537 2520 3576 verum
2543 3523 2720 3576 etiam
2741 3521 2970 3596 Anglia,
2994 3523 3090 3592 ubi
3109 3523 3704 3598 honoriﬁcentissime.

291 3610 626 3683 reipublicae
657 3608 946 3681 legatione
971 3613 1134 3664 extra
1158 3608 1422 3664 ordinem
1457 3608 1790 3680 nuperrime
1815 3609 2048 3664 functus
2079 3625 2160 3664 es.
2187 3609 2330 3664 Hinc
2352 3609 2590 3682 quidem
2613 3611 2815 3664 eadem
2841 3611 3210 3682 Respublica,
3235 3628 3363 3684 quae
3385 3613 3703 3686 benemeri-

291 3698 542 3766 tissimis
571 3697 793 3754 civibus
825 3697 1094 3768 quadam
1119 3693 1475 3768 perillustria
1495 3697 1804 3750 reservarit
1821 3696 2295 3768 insigni_a,rerum
2319 3713 2351 3751 a
2379 3701 2436 3752 te
2457 3696 2730 3768 praeclare
2749 3701 3048 3770 gestarum
3065 3698 3700 3774 duplextestimqnium

277 3789 470 3854 .dedit.
505 3788 644 3844 Post
671 3785 992 3850 exantlatos
1023 3783 1180 3840 enim
1211 3783 1442 3852 labores
1470 3783 1730 3852 Veronae,
1764 3783 1967 3840 Brixiae
1989 3787 2046 3839 et
2075 3783 2304 3838 Palmaa.
2329 3787 2385 3854 te
2403 3789 2834 3856 procuratorem
2853 3786 2994 3842 aedis
3014 3787 3072 3843 S.
3099 3787 3702 3864 Marci(quo.bonore,

287 3877 342 3940 si
369 3891 646 3940 summus
663 3873 1024 3946 principatus
1049 3869 1600 3944 excipiatur,nullus
1619 3875 1709 3928 est
1729 3872 2177 3946 major,)magno
2203 3872 2470 3928 omnium
2493 3891 2782 3930 consensu
2810 3878 2866 3930 et
2886 3875 3098 3950 plausu
3119 3865 3504 3954 creavit.(,‘.u_m
3527 3894 3702 3950 porro

277 3971 346 4022 :te
377 3961 837 4028 extraordinaria
857 3959 1152 4035 legatione
1173 3977 1411 4017 summa
1441 3977 1574 4016 cum
1601 3959 1773 4016 laude
1795 3961 2163 4034 perfunctum
2194 3979 2228 4016 a
2257 3961 2476 4036 Magnae
2504 3961 2812 4028 Britanniae
2835 3980 2968 4038 rege
2989 3965 3046 4020 in
3067 3965 3503 4042 amplissimum
3525 3961 3701 4040 Equi-

277 4057 416 4116 tum
450 4053 714 4120 ordinem
748 4050 1018 4119 relatum,
1051 4048 1590 4122 perhonoriﬁcoque
1615 4048 1932 4122 diplomate
1961 4051 2435 4110 commendatum
2461 4052 2699 4124 accepit,
2735 4051 2981 4110 alterum
3003 4054 3160 4122 hunc
3181 4055 3700 4132 .honorisigradqm

289 4139 726 4212 gratulabunda
756 4138 1096 4212 approbavit
1125 4155 1190 4192 eo
1217 4138 1468 4202 decreto,
1502 4153 1616 4210 quo
1650 4155 1862 4196 novum
1895 4143 2130 4198 tuorum
2165 4139 2504 4200 meritorum
2537 4141 2939 4198 testimonium
2971 4143 3328 4214 declaratum
3349 4143 3550 4210 voluit.
3575 4145 3702 4214 Haec

275 4228 490 4292 ,omnia
511 4232 674 4290 tanta
691 4243 758 4284 ac
781 4232 900 4282 tam
927 4225 1234 4298 splendida
1253 4225 1482 4298 lateque
1514 4225 1799 4298 fulgentia
1819 4231 1958 4282 sunt
1988 4245 2104 4282 non
2137 4227 2324 4283 solum
2353 4229 2820 4296 honoris,verum
2847 4213 3418 4306 etiani,auctoritatis
3439 4213 3701 4306 pomina,

291 4323 359 4374 ut
391 4317 744 4380 Ratheriana
771 4315 976 4374 isthmc
999 4315 1316 4386 editio(nisi
1343 4314 1566 4386 aliquid
1582 4314 1738 4372 aliud
1769 4315 2267 4388 propriusprmsto
2293 4317 2490 4388 esset),
2519 4317 2625 4372 tibi
2645 4323 2980 4391 nuncupata
3019 4324 3076 4375 et
3125 4303 3532 4394 cemmepdata
3573 4303 3703 4394 pro-

287 4406 460 4464 diens
494 4405 552 4460 in
587 4403 800 4472 lucem,
835 4420 1118 4477 magnum
1152 4403 1262 4460 sibi
1293 4420 1363 4459 ex
1393 4407 1448 4459 te
1479 4421 1592 4460 non
1625 4405 1798 4460 modo
1829 4403 2220 4476 Splendorem,
2256 4405 2356 4460 sed
2389 4406 2780 4478 patrocinium
2813 4409 2991 4464 etiam
3021 4411 3380 4484 possetJure
3401 4426 3466 4464 ac
3491 4409 3700 4482 merito

273 4495 550 4568 .polliceri
579 4498 656 4550 At
685 4511 800 4562 non
833 4495 1048 4550 desunt
1079 4491 1195 4548 alia
1224 4496 1280 4547 et
1311 4497 1576 4548 nostrum
1608 4497 1664 4547 et
1696 4493 1882 4564 ipsius
1911 4491 2184 4558 editionis
2215 4494 2468 4566 propria.
2499 4496 2630 4550 Jam
2663 4496 2734 4552 ab
2765 4513 2830 4552 eo
2863 4501 3141 4572 tempore,
3167 4513 3290 4568 ,quo
3309 4496 3626 4572 praefectus
3648 4501 3706 4552 et

271 4588 611 4656 propraetor
639 4587 903 4638 nostram
933 4581 1086 4646 hanc
1117 4581 1508 4638 Veronensem
1541 4581 1826 4638 civitatem
1845 4582 2286 4654 gubernandam
2313 4584 2734 4654 suscepisti,ita
2757 4601 2864 4640 nos
2891 4577 3700 4658 pluribus,_humanitatis.m;e

273 4670 500 4728 .ol'ﬁciis
533 4669 827 4746 obligasti,
865 4673 928 4730 ut
955 4667 1257 4742 publicum
1291 4667 1526 4740 aliquod
1549 4671 1694 4742 grati
1721 4669 1970 4726 animiet
1991 4671 2258 4742 obsequii
2285 4671 2466 4726 nostri
2491 4672 2892 4728 testimonium
2917 4671 3441 4746 tibieprzsstandum
3467 4687 3704 4746 censue-

287 4760 501 4826 rimus,
559 4775 696 4814 cum
758 4761 1089 4830 opportuna
1137 4773 1265 4812 sese
1326 4756 1556 4811 offerret
1611 4757 1859 4812 occasio.
1921 4757 2037 4812 Hac
2097 4761 2289 4812 autem
2347 4759 2600 4814 editione
2659 4758 2804 4814 nihil
2853 4758 3050 4832 aptius
3108 4763 3283 4832 atque
3313 4759 3701 4834 opportunius

287 4850 554 4906 accidere
583 4846 983 4921 potuit.Sicuti
1017 4850 1080 4901 tu
1111 4845 1348 4918 optimis
1371 4845 1581 4902 studiis
1603 4846 2200 4918 dclectatus,quorum
2224 4864 2464 4902 causam
2485 4847 3169 4920 selectamjnsigniorum
3193 4835 3706 4922 libroriimbiblio-

287 4937 548 5005 thecam,
583 4953 695 4992 non
723 4951 886 4994 mero
915 4935 1169 5000 ornatui,
1203 4935 1302 4990 sed
1331 4939 1428 4990 tuo
1461 4935 1656 4990 studio
1687 4935 2042 5000 destinatum
2092 4935 2458 5000 contruxisti,
2494 4935 2541 4990 el
2577 4936 2634 4992 in
2670 4937 2795 4992 dies
2846 4935 3048 4998 itidem
3093 4954 3298 5016 tanges,
3343 4936 3703 5016 praecipuum

287 5041 427 5080 cum
463 5026 522 5080 in
555 5025 760 5084 eadem
793 5023 1008 5091 studia,
1042 5028 1167 5080 tum
1199 5022 1258 5080 in
1291 5022 1552 5094 ipsorum
1584 5022 1914 5088 studiorum
1943 5021 2192 5080 cultores
2224 5022 2530 5080 ostendisti
2563 5039 2842 5090 amorem;
2867 5023 2946 5078 ita
2977 5041 3084 5080 nos
3105 5011 3268 5096 tuam
3289 5024 3348 5092 in
3370 5011 3706 5102 mosmet,et

291 5113 350 5170 in
385 5117 618 5172 nostras
649 5111 961 5180 litterariae
993 5129 1184 5180 curas,
1195 5111 1642 5184 propensionem
1677 5117 1852 5184 atque
1877 5112 2136 5168 favorem
2169 5111 2390 5185 pluries
2420 5112 2638 5184 experti
2667 5127 2896 5168 sumus.
2944 5115 3086 5168 Cum
3138 5130 3270 5168 vero
3321 5112 3472 5169 inter
3501 5116 3706 5168 caetera

277 5203 492 5266 studia
523 5201 690 5270 illud,
721 5218 837 5274 quo
869 5201 1123 5268 maxime
1155 5199 1426 5266 afficeris,
1457 5200 1536 5257 sit
1567 5202 1829 5268 studium
1863 5217 2058 5257 rerum
2088 5201 2264 5258 medii
2284 5202 2590 5274 avi,atque
2612 5217 2813 5266 eorum
2839 5201 3164 5273 praesertim
3195 5201 3480 5272 librorum
3505 5201 3606 5274 qui
3627 5201 3702 5270 ad

297 5287 600 5358 historiam
635 5291 936 5348 civitatum
967 5290 1216 5348 dominii
1248 5289 1450 5346 Veneti
1482 5289 1888 5360 illustrandum
1924 5291 2250 5360 conferunt;
2285 5291 2540 5362 primum
2573 5291 2630 5346 in
2679 5290 2947 5364 Angliam
2997 5291 3341 5363 proﬁscens,
3391 5307 3524 5346 mox
3570 5289 3706 5345 inde

273 5377 897 5446 .rediensreuarsurus
919 5380 988 5438 .in
1023 5378 1294 5454 patriam,
1325 5379 1434 5436 hac
1453 5379 1862 5454 pertransiens
1901 5379 2162 5452 quaesisti
2193 5397 2228 5435 a
2257 5379 2428 5436 nobis
2457 5380 2850 5452 ,quandonam
2895 5379 3152 5450 Batberii
3193 5377 3460 5452 prodiret
3499 5377 3704 5450 editio,

285 5467 352 5524 in
383 5484 502 5538 qua
529 5468 710 5542 plura
727 5470 803 5528 de
832 5467 1060 5536 Verona
1089 5485 1154 5524 ac
1183 5467 1254 5523 de
1283 5467 1418 5534 aliis
1448 5467 1885 5524 obscurisimis
1903 5469 2031 5538 ejus
2063 5468 2246 5524 atatis
2267 5467 2450 5540 gestis
2471 5471 2808 5534 contentum
2827 5466 2896 5522 iri
2922 5466 3305 5540 intelligebas.
3330 5465 3487 5538 Hanc
3509 5465 3706 5542 itaque

285 5555 633 5626 editionem,
663 5575 772 5630 pro
801 5575 920 5628 qua
947 5554 1631 5616 tantamhumanitatem
1663 5560 1718 5612 et
1742 5556 2097 5622 desiderium
2125 5558 2416 5630 quoddam
2449 5557 2888 5624 demonstrasti,
2939 5573 3072 5626 cum
3111 5556 3216 5612 tibi
3265 5573 3380 5626 non
3414 5555 3704 5634 ingratam

277 5643 558 5712 ,futuram
587 5645 965 5712 conﬁdimus,
991 5648 1126 5708 tum
1156 5660 1289 5702 vero
1321 5661 1408 5714 ea,
1440 5644 1490 5702 si
1513 5645 1618 5704 tibi
1650 5645 1946 5716 offeratur,
1979 5645 2122 5704 nihil
2168 5646 2362 5722 aptius
2393 5645 2513 5704 fore
2565 5645 3029 5714 existimavimus
3060 5646 3131 5704 ad
3163 5643 3483 5722 publicum
3523 5649 3706 5722 atque

613 5771 882 5838 Ρλτιοι.
927 5769 1240 5836 CXXXVI.

3349 5771 3379 5838 1

223 5939 516 6124 νίν
