4100 6200
394 363 464 421 ii
1348 366 1794 428 RATHERIUS
1838 366 2332 429 VERONENSIS
2379 352 2836 432 EPISCOPUS.
3724 375 3802 434 ιι

392 498 735 566 perpetuum
768 513 884 553 non
916 498 1113 553 minus
1149 502 1379 552 tuorum
1412 497 1736 553 officiorum
1773 498 1829 553 in
1863 516 1993 565 nos,
2023 516 2201 571 quam
2234 499 2382 572 grati
2415 500 2597 555 animi
2627 519 2765 575 erga
2788 503 3051 560 te'nostri
3081 503 3499 559 documentum
3526 510 3803 577 priestan-

396 584 623 652 dum,et
651 584 866 640 futuris
900 602 1133 658 quoque
1153 585 1424 641 aetatibus
1441 586 2127 660 relinquendum.Accipe
2141 587 2336 660 itaque
2362 588 2470 645 hoc
2486 591 2894 664 qualecunque
2913 592 3334 649 munusculum
3348 596 3803 668 nostrumzquod

391 671 442 726 si
472 672 671 728 minus
702 672 947 746 dignum
977 672 1207 730 videtur
1237 674 1620 746 amplitudine
1650 678 1775 742 tua,
1808 676 1997 749 ipsam
2026 679 2226 732 tamen
2258 678 2386 749 ejus
2416 679 2787 748 tenuitatem,
2821 684 2887 735 ut
2911 697 3239 753 speramus,
3263 681 3650 739 humanitatis
3670 699 3807 757 erga

390 776 499 816 nos
524 764 637 816 tua:
669 762 1013 835 magnitudo
1044 762 1388 818 sublevabit.
1423 764 1504 818 Te
1535 767 1830 836 postremo
1863 768 2133 837 rogatum
2164 763 2457 835 volumus,
2509 772 2593 836 ut,
2628 767 2677 824 si
2708 784 2818 824 nos
2866 784 2995 824 eam
3028 768 3158 839 tibi,
3213 785 3393 841 quam
3444 769 3729 828 debemus
3751 775 3809 828 et

390 865 729 921 possumus,
763 850 943 923 hujus
970 852 1243 908 editionis
1274 854 1712 929 nuncupatione
1742 858 2019 926 praestare
2047 854 2479 912 observantiam
2512 856 2816 930 perspicis;
2845 862 2908 913 tu
2940 874 3048 916 nos
3070 874 3158 925 eo,
3192 875 3307 931 quo
3348 858 3579 930 jamdiu
3630 859 3805 916 insti-

390 937 575 1008 tuisti,
609 940 802 996 favore
833 957 898 996 ac
927 939 1248 1012 patrocinio
1276 943 1552 1015 prosequi
1582 958 1657 998 ne
1687 942 1945 999 desinas.

789 1318 1393 1407 PRIEFATIO
1454 1319 1568 1405 IN
1627 1318 2257 1408 EDI'I‘IONEM
2315 1319 2813 1410 OPERUM
2875 1322 3411 1409 RATHERII

458 1648 712 1720 I.[1]Post
740 1649 1057 1707 editionem
1077 1668 1319 1722 operum
1343 1652 1595 1707 duorum
1627 1651 2033 1723 episcoporum
2064 1653 2118 1719 Α
2150 1652 2336 1723 ipsius
2376 1655 2571 1708 autem
2601 1651 2940 1709 celebritate
2988 1654 3060 1709 ob
3111 1653 3401 1726 insiguem
3450 1654 3803 1725 doctrinam,

390 1738 843 1807 Veronensium,
878 1740 1159 1795 nimirum
1193 1740 1251 1793 S.
1287 1741 1554 1806 Zenonis,
1591 1740 1690 1813 qui
1723 1745 1953 1811 quarto,
1985 1743 2041 1795 et

389 1826 635 1882 Joannis
667 1827 922 1883 Matthaci
955 1828 1196 1895 Giberti,
1231 1828 1329 1898 qui
1361 1833 1518 1883 sexto
1552 1829 1777 1885 decimo
1824 1828 2038 1883 saeculo

397 1916 614 1982 floruit,
649 1920 881 1973 nostras
900 1933 1072 1973 curas
1094 1921 1149 1973 et
1165 1917 1544 1989 cogitationes
1563 1918 1757 1990 rapuit
1779 1917 2039 1973 collectio

387 2008 446 2059 et
476 2004 651 2060 editio
684 2004 943 2077 Operum
980 2005 1236 2061 Ratherii
1273 2006 1455 2060 nostri
1498 2006 1637 2061 item
1690 2006 2040 2062 Veronensis

389 2093 668 2166 episcopi,
705 2093 806 2166 qui
835 2094 943 2150 etsi
974 2094 1202 2149 decimo
1246 2095 1479 2160 saeculo,
1527 2095 1789 2150 omnium
1841 2112 2041 2150 corru-

387 2181 657 2253 ptissimo
671 2183 1411 2249 etobscurissimo,vixerit,
1447 2184 1527 2239 ita
1541 2190 1732 2241 tamen
1754 2185 2040 2256 probitate

388 2270 979 2344 morum,disciplinaa
998 2271 1373 2341 zelo,studiis
1404 2272 1731 2328 litterarum
1764 2273 2041 2346 omnique

355 2432 359 2435 .
386 2359 764 2435 scientiarum
800 2377 1011 2432 genere
1042 2360 1271 2428 claruit,
1306 2366 1370 2416 ut
1391 2360 1540 2416 inter
1557 2362 1820 2433 ejusdem
1843 2361 2040 2417 saeculi

386 2447 697 2520 scriptores
736 2448 1148 2506 celeberrimus
1180 2456 1239 2505 et
1268 2449 1713 2507 laudatissimus
1743 2451 2039 2516 sit.Quan-

381 2540 509 2593 tum
522 2537 633 2593 hoc
648 2542 757 2594 tem
765 2554 903 2611 pore
916 2543 1181 2610 grassata
1194 2538 1407 2595 fuerint
1418 2539 1868 2611 vitia,quantum
1884 2539 2040 2613 igno-

385 2626 574 2681 rantia
598 2630 825 2682 mentes
854 2627 1159 2682 hominum
1184 2629 1500 2700 occuparit,
1526 2629 1899 2684 notissimum
1927 2634 2035 2685 est.

386 2715 534 2770 Hinc
562 2732 680 2770 non
711 2715 883 2787 pauci
908 2714 1241 2772 hctcrodoxi
1267 2717 1629 2772 occasionem
1658 2722 2039 2789 sumpserunt

384 2802 706 2860 insultandi
737 2803 1023 2871 Ecclesiae,
1056 2822 1121 2859 ac
1150 2805 1198 2860 si
1233 2822 1336 2877 per
1365 2805 1584 2861 otl'usas
1614 2804 1793 2876 hujus
1839 2805 2034 2862 saeculi

362 2892 653 2949 tenebras
684 2890 1077 2950 ecclesiastica
1108 2893 1421 2966 disciplina
1447 2894 1700 2949 maxime
1724 2894 1899 2949 fuerit
1919 2910 2038 2950 cor-

383 2986 576 3055 rupta,
610 2988 666 3038 et
685 2982 927 3055 antiqua
948 2982 1083 3039 fidei
1117 2984 1346 3055 paritas
1367 2982 1658 3038 defecerit:
1683 2999 1817 3038 cum
1842 2999 2032 3051 nemo,

380 3071 677 3143 inquiunt,
709 3072 1118 3144 grassantibus
1168 3072 1428 3143 undique
1460 3072 1649 3139 malis,
1700 3078 2028 3130 occurreret

381 3160 721 3233 ignorantia:
754 3160 977 3216 scilicet
1006 3166 1063 3216 et
1092 3161 1290 3217 ell'reni
1323 3160 1587 3216 licentiae.
1621 3161 1782 3225 Quod
1815 3163 2025 3234 prmju-

378 3248 598 3305 dicium
630 3247 895 3305 Ecclesiae
923 3249 1275 3320 injuriosum
1307 3253 1372 3303 ut
1393 3248 1823 3320 refellatur,etsi
1848 3267 2022 3322 nega-

379 3338 425 3391 ri
455 3353 571 3393 non
603 3338 923 3410 possit,hoc
953 3337 1163 3392 saeculo
1192 3338 1342 3393 inter
1363 3337 2023 3410 crassissimas[n]igno-

352 3448 356 3453 ·
376 3425 575 3497 rantiaa
604 3428 873 3482 tenebras
886 3442 1078 3482 mores
1090 3426 1270 3481 fuisse
1288 3425 1782 3499 corruptissimos;
1790 3428 2021 3500 probari

356 3510 571 3570 tamen
599 3520 791 3588 potest
820 3532 936 3572 non
968 3516 1167 3571 omnia
1197 3515 1277 3571 ita
1309 3519 1444 3571 tunc
1479 3515 1657 3571 fuisse
1689 3517 2019 3588 depravata,

374 3608 438 3659 ut
466 3605 758 3662 defuerint
784 3606 843 3660 in
876 3604 1129 3661 Ecclesia
1150 3605 1252 3660 viri
1286 3610 1342 3660 et
1365 3622 1593 3661 morum
1616 3606 1944 3675 sanctitate,
1967 3610 2023 3662 et

372 3694 638 3749 doctrina
668 3698 1029 3766 praestantes,
1073 3693 1170 3766 qui
1200 3694 1357 3749 vitiis
1387 3693 1883 3750 debacchantibus
1914 3695 2021 3750 0b-

369 3781 523 3837 viam
552 3781 813 3849 irent,-ct
847 3800 1052 3854 puram
1094 3783 1224 3837 ﬁdei
1279 3782 1601 3838 doctrinam
1636 3784 1708 3838 ab
1760 3783 2020 3855 antiquis

373 3874 671 3941 acceptam
701 3870 987 3943 integram
1015 3870 1397 3925 custodierint
1427 3874 1599 3943 atque
1649 3871 2016 3928 tradiderint.

368 3957 486 4012 Hac
518 3958 588 4014 de
617 3974 795 4013 causa
823 3963 1092 4013 auctores
1120 3957 1300 4028 hujus
1347 3958 1542 4013 saeculi
1592 3958 2018 4014 ecclesiasticos

372 4046 431 4101 in
463 4045 657 4103 lucem
688 4047 964 4119 proferre,
994 4063 1313 4117 eorumque
1343 4051 1508 4119 gesta
1534 4051 1591 4101 et
1621 4064 1797 4118 opera
1843 4063 2020 4103 accu-

368 4140 490 4191 rate
521 4135 814 4192 illustrare
856 4135 1100 4209 publicae
1154 4135 1235 4191 rei
1268 4134 1518 4191 maxime
1570 4134 1822 4207 expedit.
1872 4136 2016 4191 Cum

367 4241 503 4281 vero
533 4224 845 4281 Ratherius
876 4225 1027 4281 inter
1056 4224 1162 4280 hos
1195 4225 1483 4296 prazcipue
1516 4223 1791 4293 floruerit,
1828 4223 2017 4297 pluri-

370 4330 533 4370 mum
555 4313 746 4370 laudis
776 4313 1142 4370 debemusiis
1155 4313 1252 4384 qui
1269 4313 1532 4386 quaedam
1549 4312 1735 4383 ipsius
1757 4330 2007 4385 opuscu-

2153 1757 2270 1812 qua
2300 1741 2552 1796 maxime
2585 1739 2925 1797 nobilitatus
2947 1747 3057 1813 est,
3088 1741 3146 1797 in
3171 1743 3613 1814 praesentiarum
3635 1760 3810 1817 agen-

2150 1827 2315 1884 dum.
2347 1829 2547 1885 Testes
2599 1831 2961 1902 proferemus
3012 1832 3275 1903 ejusdem
3322 1830 3423 1887 aevi
3466 1832 3803 1904 scriptores,

2150 1918 2249 1989 qui
2282 1916 2526 1991 vulgata:
2557 1918 2855 1990 opinionis
2877 1936 2944 1974 ac
2976 1920 3141 1974 fama
3163 1921 3339 1976 ﬁdem
3373 1920 3615 1988 faciunt,
3644 1925 3710 1977 ut
3729 1938 3804 1977 ne

2149 2022 2296 2077 opus
2329 2006 2406 2061 sit
2435 2008 2770 2063 testimonio
2797 2009 3210 2080 posteriorum,
3234 2010 3334 2080 qui
3367 2010 3569 2065 eadem
3588 2010 3661 2065 ab
3682 2009 3801 2067 illis

2149 2094 2360 2151 hausta
2391 2100 2679 2168 repetunt.
2730 2096 3072 2153 Audiendus
3118 2097 3177 2153 in
3213 2097 3420 2171 primis
3468 2098 3799 2167 Everaclus,

2151 2184 2519 2240 Leodicensis
2549 2185 2881 2258 episcopus,
2917 2186 3020 2258 qui
3047 2186 3104 2241 in
3138 2186 3385 2259 epistola
3413 2188 3485 2242 ad
3528 2191 3801 2243 nostrum

2148 2272 2509 2339 Ratherium,
2542 2273 2739 2346 ipsum
2770 2275 2865 2330 his
2896 2275 3086 2331 verbis
3118 2274 3469 2348 alloquiturz‘
3491 2298 3518 2326 «
3542 2276 3681 2340 Quis
3712 2278 3806 2333 est

2146 2361 2309 2416 vobis
2337 2366 2436 2417 aut
2468 2362 2775 2434 sapientia,
2810 2367 2913 2419 aut
2942 2364 3252 2435 probitate,
3304 2369 3408 2419 aut
3445 2364 3805 2437 Optimarum

2147 2450 2362 2505 artium
2393 2450 2607 2515 studio,
2641 2457 2742 2507 aut
2764 2451 3115 2520 innocentia,
3150 2455 3251 2507 aut
3272 2452 3390 2509 ullo
3414 2452 3608 2509 laudis
3628 2470 3807 2527 gene-

2148 2555 2207 2594 re
2238 2540 2635 2612 prazstantior‘.’
2666 2563 2692 2589 »
2718 2540 2831 2597 Nec
2856 2540 3208 2597 absimiliter
3236 2542 3352 2597 duo
3371 2542 3543 2598 comvi
3565 2559 3804 2616 quoque

2146 2634 2434 2696 auctores,
2466 2629 2750 2702 Rotgerus
2781 2628 2839 2684 in
2873 2631 2987 2686 vita
3020 2630 3079 2685 S.
3109 2631 3398 2686 Brunonis
3419 2631 3811 2704 archiepisco-

2147 2718 2203 2788 pi
2237 2718 2620 2784 Coloniensis,
2673 2735 2838 2774 num.
2889 2720 2978 2784 34,
3012 2724 3068 2774 et
3129 2718 3446 2776 Fulcuinus
3499 2721 3572 2777 de
3614 2721 3804 2777 Gestis

2147 2807 2426 2861 abbatum
2463 2808 2813 2862 Lobiensum
2855 2806 2983 2881 [In],
3017 2824 3143 2880 cap.
3176 2808 3266 2863 23.
3319 2807 3525 2864 iisdem
3563 2809 3804 2866 omnino

2145 2893 2357 2961 verbis,
2393 2910 2523 2965 quae
2555 2893 2701 2949 alter
2730 2895 2802 2950 ab
2826 2894 3007 2951 altero
3037 2900 3342 2953 mutuatus
3364 2901 3473 2953 est:
3502 2919 3530 2947 ‹‹
3561 2898 3805 2969 Propter

2147 2982 2545 3038 abundantem
2578 2982 2903 3039 doctrinam
2935 2988 2992 3039 et
3031 2983 3424 3058 eloquentiam
3474 2985 3795 3058 copiosam,

2140 3088 2256 3142 qua
2287 3071 2439 3126 inter
2462 3070 2931 3143 sapientissimos
2963 3073 3166 3131 florere
3208 3075 3370 3130 visus
3401 3078 3508 3138 est,
3556 3090 3670 3128 non
3703 3072 3793 3129 ei-

2136 3160 2268 3215 dem
2301 3159 2491 3215 solum
2524 3158 2824 3217 Ecclessize
2848 3161 2942 3216 cui
2968 3162 3325 3234 praefuit,sed
3351 3165 3408 3217 et
3425 3159 3628 3217 multis
3650 3159 3781 3243 aliis

2134 3248 2591 3322 circumquaque
2622 3249 2788 3306 valde
2817 3251 3144 3322 proﬁcuum
3170 3251 3288 3307 fore
3315 3254 3586 3322 putatum
3617 3253 3725 3327 est.
3753 3272 3783 3300 ››

2135 3337 2532 3410 Liutprandus
2563 3339 2845 3395 diaconus
2877 3338 3226 3406 Ticinsnsis,
3261 3343 3462 3410 postea
3489 3355 3623 3396 vero
3652 3338 3784 3394 Cre—

2134 3427 2433 3481 monensis
2490 3427 2823 3498 episcopus,
2875 3427 3150 3483 Ratherio
3201 3426 3339 3482 item
3389 3427 3780 3495 synchronus,
3838 3427 3853 3438 ⁸

2132 3513 2232 3568 lib.
2267 3531 2329 3568 ιιι
2362 3512 2533 3583 Hist.,
2567 3532 2692 3586 cap.
2725 3517 2812 3570 11;
2850 3536 2877 3564 ‹‹
2908 3518 3161 3570 Venerat
3191 3519 3386 3570 autem
3419 3515 3498 3587 (in
3531 3514 3784 3585 Italiam)

2131 3619 2264 3657 cum
2297 3602 2817 3676 prmfatoHilduino
2833 3602 3155 3658 monachus
3179 3599 3441 3676 quidam,
3469 3603 3784 3660 Ratherius

2132 3692 2387 3758 nomine,
2419 3692 2519 3765 qui
2551 3692 2628 3748 ob
2666 3691 3008 3765 religionem
3064 3697 3406 3764 septemque
3454 3691 3785 3748 liberalium

2129 3782 2346 3837 artium
2378 3782 2647 3854 peritiam
2677 3780 2916 3837 Veronaa
2962 3781 3274 3854 episcopus
3321 3781 3719 3837 constituitur.
3755 3803 3785 3833 »

2130 3870 2274 3924 Hinc
2304 3870 2522 3925 factum
2554 3875 2642 3925 est
2674 3874 2736 3925 ut
2765 3869 2940 3942 vulgo
2962 3870 3353 3943 appellaretur
3374 3870 3647 3925 litteratus
3667 3869 3786 3942 (lti-

2126 3973 2244 4011 ner.
2279 3975 2338 4012 n.
2365 3960 2442 4025 2),
2503 3974 2627 4023 seu,
2661 3962 2725 4012 ut
2756 3956 2892 4012 alibi
2952 3957 3204 4012 traditur
3260 3958 3525 4029 (Discord.
3576 3975 3633 4013 n.
3664 3959 3699 4012 7
3723 3961 3781 4014 et

2122 4045 2379 4101 Phrencs.
2414 4063 2471 4100 n.
2533 4046 2640 4112 11),
2675 4049 2785 4101 toto
2842 4046 3065 4113 saeculo,
3110 4045 3169 4101 id
3201 4050 3292 4103 est
3344 4047 3582 4119 ubique,
3646 4047 3776 4118 ejus

2074 4160 2077 4163 λ
2124 4136 2395 4206 sapientia
2422 4134 2836 4206 prtedz'caretur.

2198 4222 2293 4279 Ill.
2327 4223 2410 4279 Ne
2434 4240 2565 4279 vero
2594 4223 2713 4278 haec
2742 4222 3032 4296 gloriosus
3065 4225 3221 4280 dicta
3251 4224 3564 4280 credantur
3595 4240 3775 4296 quam

2124 4311 2337 4379 verius,
2367 4311 2951 4369 animadvertendum
2985 4318 3075 4369 est
3104 4330 3238 4370 eum
3266 4330 3300 4369 a
3320 4312 3519 4386 pueris
3549 4327 3678 4369 sese
3697 4316 3780 4368 to-

369 4403 466 4460 lae
484 4402 852 4461 bibliothecis
874 4403 931 4457 in
956 4403 1171 4475 quibus
1194 4402 1450 4458 latebant
1471 4404 1736 4473 excerpta
1755 4402 2005 4458 edidere.
2041 4385 2084 4453 C
2122 4406 2246 4457 tum
2278 4401 2603 4456 litterarum
2627 4400 2839 4457 studiis
2860 4401 3176 4458 devovisse.
3200 4385 3332 4457 Non
3348 4400 3541 4457 solum
3572 4404 3775 4457 aucto-

367 4493 535 4549 Nunc
558 4508 692 4548 vero
723 4509 797 4549 ea
826 4509 953 4564 quae
985 4491 1079 4547 hic
1112 4496 1168 4547 et
1197 4489 1316 4545 illic
1364 4489 1682 4562 separatim
1725 4491 2015 4562 impressa

364 4586 538 4652 atque
569 4581 833 4653 dispersa
863 4586 1023 4648 sunt,
1056 4580 1114 4635 in
1147 4596 1327 4635 unum
1375 4596 1585 4651 corpus
1634 4577 1924 4651 colligere,
1957 4583 2015 4634 et

364 4685 724 4741 quaecunque
755 4671 871 4726 alia
902 4669 1147 4726 inveniri
1184 4667 1413 4740 possint
1445 4668 1709 4723 nondum
1740 4667 1895 4723 edita
1917 4668 2015 4722 ad-

361 4758 516 4825 dere;
546 4757 743 4814 omnia
770 4762 965 4813 autem
996 4757 1250 4813 auctoris
1278 4757 1410 4811 Vita
1441 4761 1495 4811 et
1524 4756 1922 4812 notationibus
1944 4755 2010 4810 il-

360 4846 630 4915 lustrare,
660 4852 724 4902 ut
755 4847 939 4903 nobis
976 4847 1308 4903 faciendum
1363 4845 1751 4917 sumpsimus,
1803 4845 2012 4915 majori

361 4935 547 4992 multo
570 4936 806 4993 utilitati
830 4938 1223 5002 futurum,eta
1240 4934 1519 4990 studiosis
1539 4934 1680 4990 viris
1699 4934 2010 5005 probatum

357 5025 427 5080 iri
461 5025 833 5082 conﬁdimus.

355 5204 430 5259 De
457 5204 772 5260 celebritate
818 5204 1075 5285 auctam,
1125 5219 1189 5258 ac
1348 5201 1581 5285 Operam
1609 5202 1722 5273 ejus
1768 5201 2012 5259 utilitate

915 5284 1078 5347 atque
1100 5281 1450 5347 praestantia.

424 5381 493 5437 II.
529 5382 609 5438 De
639 5381 898 5438 Ratberii
925 5380 1189 5437 moribus
1219 5396 1284 5435 ac
1306 5378 1591 5436 severiore
1614 5380 1738 5435 vitae
1763 5378 2004 5444 ratione,

353 5487 480 5541 qua:
510 5471 583 5526 ad
606 5470 909 5543 scriptoris
928 5467 1303 5526 ecclesiastici
1327 5484 1537 5523 nomen
1571 5467 2005 5524 auctoritatem-

352 5574 465 5629 que
494 5560 1025 5616 commendandam
1049 5557 1370 5631 plurimum
1390 5556 1633 5623 confert,
1649 5555 1707 5611 in
1724 5556 1772 5627 ej
1783 5572 1851 5611 us
1871 5554 2004 5611 Vita

349 5650 483 5723 post
510 5648 663 5708 hanc
691 5649 1089 5724 praefationem
1122 5646 1487 5721 subjicienda
1532 5646 1642 5703 erit
1677 5660 1888 5704 sermo.
1923 5643 2004 5703 De

2123 4489 2287 4545 ribus
2318 4488 2500 4545 sacris
2531 4489 2792 4545 studium
2826 4490 3128 4561 impendit,
3152 4506 3353 4545 verum
3378 4488 3557 4546 etiam
3581 4489 3774 4561 profa-

2124 4579 2216 4633 nis
2246 4577 2561 4646 bistoricis,
2595 4579 3340 4651 oratoribus,poetis,alque
3386 4577 3774 4651 philosophis.

2121 4667 2238 4722 Hac
2268 4668 2338 4724 de
2381 4684 2561 4723 causa
2614 4667 2967 4740 quaestiones
3025 4666 3249 4739 aliquot
3297 4667 3411 4739 ipsi
3463 4666 3771 4739 proposita;

2122 4756 2355 4812 fuerunt
2386 4756 2641 4828 primum
2672 4773 2705 4810 a
2736 4754 3291 4821 Mediolanensibus,
3323 4754 3532 4811 deinde
3559 4772 3593 4811 a
3635 4755 3777 4810 Rot-

2123 4845 2286 4900 berto
2333 4844 2769 4917 archiepiscopo
2820 4844 3171 4911 Trevirensi,
3220 4861 3347 4916 qua:
3395 4860 3465 4899 ex
3521 4842 3781 4915 profanis

2121 4933 2459 4989 auctoribus
2479 4932 2818 4988 dirimendas
2840 4936 3099 5000 erant,ut
3120 4949 3189 4988 ex
3217 4931 3464 5005 epistola
3484 4932 3556 4987 ad
3579 4931 3776 5003 ipsum

2122 5023 2435 5079 Robertum
2463 5021 2757 5094 explorate
2773 5021 3111 5078 didicimus.
3136 5021 3414 5076 Eamdem
3438 5018 3496 5073 in
3522 5016 3780 5091 antiquis

2118 5111 2381 5184 profanis
2407 5110 2791 5183 scriptoribus
2820 5110 3086 5183 peritiam
3112 5126 3287 5182 opera
3307 5125 3434 5181 qua:
3462 5111 3781 5181 supersunt

2119 5200 2263 5257 satis
2294 5201 2718 5264 demonstrant,
2753 5216 2886 5254 cum
2919 5216 3033 5255 non
3081 5196 3274 5254 solum
3304 5212 3406 5253 eos
3454 5196 3776 5254 identidem

2118 5288 2348 5362 alleget,
2379 5303 2580 5343 verum
2614 5288 2790 5343 etiam
2823 5286 3037 5359 saepius
3066 5288 3289 5358 absque
3313 5284 3576 5358 ipsorum
3610 5302 3773 5342 men-

2116 5378 2275 5433 tione
2302 5392 2508 5432 versus
2536 5380 2595 5431 et
2624 5374 2947 5431 sententias
2978 5375 3219 5445 inserat,
3242 5377 3566 5448 eorumque
3591 5368 3765 5427 veluti

2115 5465 2317 5539 lingua
2347 5480 2413 5521 ac
2444 5462 2713 5520 formulis
2742 5467 2960 5520 utatur.
2995 5463 3142 5520 Huic
3163 5469 3362 5522 autem
3381 5461 3574 5521 studio
3603 5472 3765 5513 vaca-

2113 5555 2195 5609 vit
2224 5558 2360 5609 ante
2390 5551 2812 5625 episcopatum.
2849 5574 2877 5604 ‹‹
2908 5553 3200 5612 Infulatus
3244 5569 3377 5611 vero
3424 5546 3650 5622 (inquit
3704 5545 3765 5602 in

2113 5641 2353 5702 laudata
2382 5640 2453 5698 ad
2485 5641 2802 5701 Robertum
2851 5641 3142 5721 epistola),
3185 5640 3332 5700 illud
3386 5636 3588 5697 statim
3618 5635 3767 5701 desii

3523 5925 3577 5965 ’χ
3596 5912 3683 5965 Α

3572 5960 3717 6071 'r).
