4100 6200
350 406 359 419 -
456 374 529 438 l3
1336 378 1943 444 PROLEGOMENA.
1980 416 2058 429 —
2087 383 2506 448 PRIEFATIO
2549 387 2962 450 BALLERIN.
3782 395 3859 455 14

450 524 637 581 agere,
690 509 1023 581 injunctum
1084 512 1225 566 mihi
1281 512 1387 567 hoc
1445 512 1634 570 oflicio
1692 514 1975 587 cogitans,
2037 518 2094 572 in
2128 519 2178 584 Α
2210 517 2292 572 ris
2323 518 2551 574 eritices
2594 525 2715 576 arte
2746 522 2997 594 carebat,
3026 523 3405 580 tribuendum
3437 529 3494 581 et
3523 527 3859 583 condonan-

451 597 550 654 Dei
581 597 777 671 potius
824 598 949 672 lege
995 600 1089 656 die
1132 617 1198 656 ac
1255 604 1421 657 nocte
1481 604 1749 659 meditari
1808 605 2039 662 debere.
2070 628 2099 658 ››

451 688 638 752 Quare
666 687 740 742 ad
785 704 1082 744 sacrarum
1130 689 1589 761 Scripturarum,
1641 693 1712 748 ad
1763 697 2101 751 sanctorum

451 775 687 830 Patrum
717 779 774 830 et
802 792 1093 832 canonum
1136 777 1399 834 studium
1450 796 1513 836 se
1557 784 1746 837 totum
1798 783 2098 851 convertit,

450 863 811 937 profanaque
841 863 1091 921 eruditio
1123 882 1236 939 qua
1279 867 1502 925 ditatus
1533 873 1677 935 erat,
1708 871 1793 925 uti
1830 871 2101 928 lsraelitas

450 968 518 1007 ex
570 952 971 1026 Egyptiorum
1023 955 1228 1027 spoliis
1292 958 1676 1029 profecerant,
1748 964 1907 1016 tanto
1987 961 2099 1033 ipsi

450 1040 648 1098 utilior
694 1042 805 1099 fuit
833 1047 1054 1115 quanto
1112 1061 1243 1101 eam
1291 1045 1349 1101 in
1402 1045 1703 1105 meliorem
1756 1065 1933 1105 usum
1981 1053 2100 1105 tra-

449 1130 630 1186 duxit.

521 1218 613 1275 IV.
646 1218 860 1277 Mirum
875 1234 1012 1276 vero
1026 1220 1185 1277 dictu
1201 1225 1291 1278 est
1309 1227 1566 1295 quantus
1591 1224 1650 1279 in
1664 1224 1910 1282 lectione
1922 1231 2097 1296 esset,

449 1307 595 1364 adeo
610 1311 675 1363 ut
685 1307 756 1364 de
768 1324 836 1364 eo
850 1306 963 1364 dici
979 1309 1168 1380 possit
1181 1309 1488 1368 verissime
1498 1312 1771 1384 antiquos
1784 1314 2101 1388 scriptores

450 1399 736 1451 nocturna
753 1412 1019 1453 versasse
1035 1414 1507 1467 manu,versasse
1519 1401 1901 1459 diurna.Hinc
1913 1404 2096 1460 critici

448 1485 578 1555 ejus
606 1501 879 1541 consores
908 1484 965 1541 id
999 1486 1111 1558 ipsi
1140 1487 1279 1543 vitio
1308 1488 1528 1545 dabant
1556 1490 1617 1545 in
1645 1491 1945 1561 Qualitatis
1973 1509 2097 1548 con-

437 1571 676 1642 jectura,
731 1588 897 1627 num.
929 1577 1003 1628 2:
1033 1575 1240 1631 Nasum
1286 1591 1497 1649 semper
1540 1581 1685 1634 tenet
1730 1581 1791 1635 in
1839 1580 2019 1646 libro;
2046 1585 2103 1637 et

450 1677 612 1716 num.
645 1659 716 1716 5':
751 1660 865 1729 Quo
912 1660 1010 1732 [IV]
1034 1663 1199 1718 citius
1248 1665 1412 1731 valet,
1462 1664 1823 1722 diversorium
1878 1671 2097 1740 repetit,

449 1747 653 1803 librum
681 1752 981 1821 receptat...
1013 1748 1197 1817 Solus,
1243 1753 1297 1806 si
1337 1752 1539 1819 liceret,
1591 1758 1704 1809 tota
1747 1756 1837 1810 die
1872 1756 2096 1823 sederet,

449 1837 615 1892 libros
646 1844 885 1893 versaret
902 1837 987 1893 vel
1016 1840 1708 1914 reversaretﬂuaacunque
1731 1847 1925 1898 autem
1948 1843 2099 1917 lege-

450 1925 1020 1991 ret,adeoretinebat
1051 1928 1426 1997 memoria,ut
1449 1929 1875 2002 prolixissimos
1905 1937 2097 1989 textus

450 2013 658 2073 iisdem
680 2013 872 2070 verbis
892 2013 953 2070 in
993 2030 1102 2070 sua
1125 2032 1299 2087 opera
1331 2017 1645 2073 identidem
1679 2019 1993 2077 inseruerit
2017 2022 2094 2078 si-

448 2120 521 2159 ne
552 2103 813 2174 ipsorum
846 2102 1131 2159 librorum
1161 2105 1448 2161 subsidio.
1486 2107 1544 2161 Id
1576 2108 1746 2163 nobis
1787 2108 2096 2166 manifeste

451 2192 640 2264 patuit
664 2208 735 2249 ex
764 2190 928 2249 libris
951 2194 1276 2265 praesertim
1310 2195 1786 2268 Praeloquiorum.
1803 2198 2095 2254 Etsienim

448 2280 556 2337 hoc
582 2280 862 2337 eximium
890 2285 948 2337 et
987 2281 1154 2337 valde
1179 2282 1470 2355 prolixum
1514 2301 1662 2357 opus
1684 2284 2009 2342 lucubrarit
2028 2304 2095 2344 eo

446 2373 707 2441 tempore
737 2386 853 2443 quo
886 2370 946 2426 in
976 2385 1205 2426 carcere
1228 2371 1497 2443 Papiensi
1519 2372 1782 2430 inclusus
1810 2373 1979 2431 libris
2000 2393 2095 2431 ca-

446 2458 628 2526 rebat,
658 2457 806 2513 nihil
839 2463 1036 2516 tamen
1068 2458 1129 2514 in
1174 2476 1242 2516 eo
1291 2459 1405 2516 nisi
1436 2479 1506 2516 ex
1534 2462 1707 2518 dictis
1744 2466 1802 2519 et
1832 2463 2096 2520 doctrina

444 2546 565 2601 Scri
573 2552 877 2619 pturarum
892 2548 1267 2620 potissimum
1295 2567 1361 2604 ac
1381 2555 1719 2606 sanctorum
1746 2552 1981 2607 Patrum
2006 2570 2097 2607 ex-

448 2635 662 2707 plicare
691 2636 914 2705 voluit;
948 2642 1009 2692 et
1044 2638 1270 2711 integra
1315 2656 1739 2710 nonnunquam
1790 2641 1982 2711 capita
2029 2659 2098 2696 ex

449 2725 579 2780 istis
611 2725 948 2781 memoriter
973 2731 1246 2798 arcerpta
1272 2727 1740 2800 descripsitﬂzec
1771 2733 1966 2784 autem
1990 2746 2097 2786 nos

451 2814 809 2870 conferentes
838 2830 972 2870 cum
1004 2814 1149 2887 ipsis
1178 2816 1417 2871 Patrum
1447 2815 1634 2883 libris,
1669 2816 1861 2872 mirati
1889 2834 2096 2875 sumus

449 2903 623 2958 etiam
655 2907 831 2975 atque
868 2904 1045 2959 etiam
1095 2903 1488 2973 vehementer,
1537 2906 1713 2962 verba
1752 2905 2096 2980 plerumque

450 2991 1104 3065 respondere:verbis,ac
1122 2992 1171 3048 si
1193 3010 1261 3058 ex
1282 2993 1478 3049 codice
1507 3010 1575 3050 ea
1604 2995 2092 3068 transcripsisset.

452 3080 725 3137 Fatemur
740 3097 874 3137 vero
898 3080 1346 3154 aliquando,sed
1371 3082 1906 3151 rarius,nonnullas
1928 3101 2095 3140 voces

449 3168 881 3241 aliquantulum
912 3170 1136 3226 variare
1183 3175 1406 3227 retento
1454 3188 1629 3229 sensu
1666 3191 1679 3229 :
1711 3174 1866 3246 quod
1894 3177 2091 3229 tamen

2213 607 2715 761 dulrr’nlflﬁsgiscopus
2746 694 2906 746 tanto
2936 707 3236 747 sacrarum
3265 692 3719 765 Scripturarum,
3748 695 3863 751 Pa-

2209 778 2366 831 trum
2388 780 2446 832 et
2465 794 2755 834 canonum
2776 779 2971 836 studio
2984 796 3215 852 usuque
3237 779 3861 849 imbutus,doctrinam

2210 881 2276 919 ac
2296 864 2439 921 disci
2448 866 2669 939 plinam
2690 866 2856 923 valde
2875 868 3425 943 puramiisdemque
3442 871 3705 929 fontibus
3726 889 3863 929 con-

2208 959 2515 1026 gruentem
2540 957 3276 1028 profitebaturﬂccurrunt
3305 958 3625 1016 identidem
3648 959 3708 1016 in
3730 961 3860 1034 ejus

2209 1042 2483 1114 operibus
2516 1044 2804 1101 catholica
2846 1046 3141 1119 dogmata,
3174 1047 3495 1120 eademque
3524 1049 3859 1108 traditionis

2208 1132 2406 1187 saeculi
2436 1133 2648 1190 decimi
2699 1134 3057 1206 perillustria
3084 1136 3427 1194 testimonia
3456 1138 3855 1212 suppeditant.

2209 1219 2494 1277 Praeclara
2522 1220 2580 1275 in
2613 1222 2821 1294 primis
2842 1226 2981 1279 sunt
3007 1222 3106 1278 illa
3135 1240 3263 1296 quae
3284 1225 3358 1280 de
3379 1225 3520 1282 reali
3553 1226 3863 1300 praesentia

2208 1310 2468 1382 corporis
2499 1315 2556 1366 et
2585 1310 2892 1385 sanguinis
2922 1311 3156 1368 Domini
3179 1313 3238 1368 in
3262 1313 3641 1370 Eucharistim
3662 1332 3858 1372 sacra-

2208 1403 2405 1455 mento
2449 1399 2678 1456 duobus
2720 1400 3046 1473 prtesertim
3096 1400 3157 1457 in
3198 1401 3501 1474 opusculis
3526 1403 3708 1475 (epist.
3743 1406 3769 1460 1
3804 1407 3862 1461 et

2209 1486 2468 1559 Confess.)
2498 1487 2613 1544 late
2642 1488 2967 1558 constituit,
2983 1489 3128 1546 adeo
3158 1494 3225 1546 ut
3256 1490 3386 1562 ejus
3416 1491 3713 1564 dogmatis
3739 1495 3857 1548 tra-

2209 1574 2352 1631 ditio
2376 1575 2629 1631 maxime
2658 1578 3069 1649 comprobetur
3096 1595 3166 1635 ex
3194 1595 3261 1635 eo
3284 1579 3414 1652 ipso
3444 1580 3858 1654 scriptore,qui

2210 1680 2244 1719 a
2264 1663 2561 1720 nonnullis
2581 1665 3167 1723 heterodoxishorum
3185 1684 3426 1741 operum
3443 1668 3666 1743 ignaris
3685 1668 3744 1725 in
3767 1669 3860 1727 sui

2207 1752 2420 1808 erroris
2442 1752 2832 1824 patrocinium
2864 1754 3441 1812 traducebatur.Non
3471 1773 3661 1829 pauca
3679 1758 3751 1814 de
3780 1757 3859 1812 li-

2209 1840 2430 1896 bertate
2478 1840 2724 1907 arbitrii,
2758 1842 2829 1897 de
2868 1843 3213 1899 necessitate
3260 1848 3316 1899 et
3349 1844 3610 1901 efficacia
3652 1845 3858 1902 divina

2207 1929 2426 2001 gratim,
2461 1945 2529 1983 ac
2571 1930 2643 1984 de
2688 1934 2923 2001 peccato
2953 1930 3220 2001 originali
3254 1932 3313 1987 in
3343 1933 3656 2005 Augustini
3687 1934 3859 2005 plane

2207 2017 2557 2073 sententiam
2607 2018 2811 2073 multis
2860 2019 2919 2074 in
2950 2018 3094 2075 locis
3123 2018 3419 2093 inspersit.
3457 2021 3755 2078 Nonnulla
3784 2023 3858 2080 de

2206 2106 2366 2162 cultu
2390 2111 2447 2162 et
2466 2107 2831 2163 invocatione
2853 2109 3294 2178 sanctorum,dc
3307 2109 3642 2168 traditionis
3663 2126 3858 2168 neces-

2207 2197 2379 2252 sitate
2408 2201 2467 2251 et
2496 2213 2629 2264 usu,
2662 2197 2732 2251 de
2762 2196 3064 2253 insolubili
3094 2197 3457 2255 matrimonii
3485 2199 3741 2268 vinculo,
3785 2201 3857 2256 de

2206 2289 2575 2357 peccatorum
2606 2285 2939 2342 mortalium
2967 2290 3025 2342 et
3050 2286 3368 2343 venialium
3398 2287 3761 2356 discrimine,
3785 2287 3859 2345 de

2205 2374 2589 2441 confessione,
2614 2376 2685 2430 de
2716 2374 2987 2430 caelibatu
3020 2392 3321 2431 sacrorum
3343 2375 3858 2444 ministrorum,de

2205 2463 2641 2535 purgatorio,de
2661 2463 2958 2534 suffragiis
2975 2480 3079 2534 pro
3092 2464 3405 2520 animabus
3420 2465 3855 2532 defunctorum,

2206 2552 2277 2605 de
2307 2552 2626 2605 aeternitate
2658 2567 2961 2621 prunarum
3006 2550 3067 2604 in
3115 2551 3362 2616 inferno,
3396 2568 3463 2605 ac
3500 2552 3571 2607 de
3601 2550 3733 2607 aliis
3762 2569 3857 2607 ca-

2207 2637 2440 2692 tholicis
2467 2638 2843 2710 dogmatibus
2872 2638 3275 2693 occurrunLIn
3308 2637 3765 2710 Prazloquiorum
3787 2638 3857 2694 li-

2205 2725 2328 2781 bris
2350 2726 2636 2798 quidquid
2661 2725 2810 2781 circa
2834 2725 3131 2799 religionis
3163 2726 3440 2799 mysteria
3467 2728 3644 2783 tradit
3662 2729 3857 2798 (lib.m

2206 2818 2264 2870 in
2296 2814 2697 2888 ﬁn.),symboli
2731 2825 2934 2871 sancto
2953 2815 3273 2872 Athanasio
3294 2816 3647 2890 inscripti,et
3669 2818 3856 2874 sancti

2205 2903 2516 2976 Augustini
2547 2904 2824 2959 doctrinae
2844 2908 3305 2961 consentaneum
3326 2905 3740 2962 exbibet.Adeo
3761 2922 3856 2964 ve-

2206 3010 2269 3048 ro
2302 3009 2505 3048 sanam
2532 2992 2795 3048 Ecclesiae
2816 2993 3144 3049 doctrinam
3176 2994 3617 3066 prtefert,ut\eos
3647 2995 3857 3051 acriter

2205 3082 2532 3154 impugnet,
2567 3081 2662 3153 qui
2713 3081 2875 3137 illam
2926 3081 3151 3154 aliquot
3209 3084 3506 3139 erroribus
3563 3084 3857 3141 infuscare

2207 3176 2308 3227 aut
2337 3171 2613 3243 impetere
2645 3170 2755 3227 nisi
2780 3171 3073 3228 sunt.Duo
3094 3176 3290 3228 autem
3311 3172 3601 3243 ejusmodi
3631 3188 3856 3229 errores

449 3273 582 3313 eum
614 3274 729 3314 non
761 3275 831 3314 ex
854 3257 1024 3326 libro,
1053 3259 1153 3315 sed
1205 3275 1236 3314 e
1283 3259 1565 3316 memoria
1612 3245 1837 3317 textum
1872 3261 2095 3318 eruisse
2125 3245 2168 3310 (ἶ
2207 3258 2432 3315 decimo
2462 3259 2673 3315 saeculo
2703 3259 3001 3323 exorti,vel
3032 3261 3303 3327 renati,et
3331 3261 3555 3317 naviter
3583 3278 3619 3316 a
3648 3261 3858 3317 Rathe-

448 3347 846 3402 confirmat.ln
875 3346 994 3403 illis
1025 3346 1261 3420 quidem
1294 3349 1542 3405 carceris
1585 3350 1897 3423 angustiis,
1939 3368 2004 3408 ac
2036 3351 2095 3406 in

447 3451 517 3491 ea
545 3436 865 3507 praesertim
897 3435 1181 3494 librorum
1222 3436 1565 3509 privatione,
1590 3455 1770 3511 quam
1797 3439 1923 3496 loco
1954 3439 2097 3496 alle-

446 3526 582 3596 gato
612 3522 793 3580 semel
821 3523 1154 3597 iterumque
1182 3526 1565 3592 testatur,etsi
1589 3528 1710 3583 fieri
1735 3528 1979 3585 forsitan
2002 3545 2098 3601 po-

449 3611 658 3668 tuisset
686 3616 750 3668 ut
771 3629 955 3671 unum
981 3612 1068 3669 vel
1101 3613 1351 3670 alterum
1382 3614 1599 3671 librum
1621 3616 1694 3672 ab
1726 3616 1921 3689 aliquo
1944 3634 2098 3673 com-

449 3701 750 3757 modatum
783 3701 1104 3775 acciperet;
1138 3702 1294 3758 idem
1324 3707 1521 3759 tamen
1544 3704 1616 3759 de
1631 3707 1751 3759 tam
1783 3702 1988 3760 multis
2013 3708 2099 3758 tot

448 3794 750 3847 auctorum
781 3789 1204 3860 voluminibus,
1229 3807 1484 3863 quorum
1508 3791 1713 3847 recitat
1730 3790 2099 3860 verba,intel-

450 3876 547 3950 ligi
584 3879 814 3956 penitps
845 3880 1066 3953 nequit.

518 3968 585 4023 V.
620 3968 727 4034 Qui
760 3986 875 4026 non
908 3969 1101 4042 prima
1127 3973 1359 4025 tantum
1392 3974 1580 4037 aetate,
1598 3971 1699 4026 sed
1731 3971 1804 4026 ad
1836 3971 2096 4044 decrepi-

447 4060 568 4113 tam
600 4074 787 4131 usque
816 4062 937 4114 tam
967 4058 1235 4115 sedulam
1284 4057 1518 4114 lectioni
1550 4075 1786 4132 Operam
1817 4059 1998 4126 dedit,
2031 4078 2100 4117 ea

449 4163 577 4219 qua:
608 4150 727 4203 tam
754 4145 959 4203 sedulo
1005 4146 1244 4221 legerat,
1275 4148 1348 4203 ob
1397 4146 1730 4204 felicitatem
1782 4150 2097 4217 memoriae,

448 4236 911 4309 quotiescunque
940 4253 1089 4308 opus
1120 4237 1797 4309 esset,semperhabebat
1821 4238 1878 4293 in
1902 4255 2099 4310 prom-

448 4325 661 4397 ptu.De
682 4342 983 4382 sacrorum
1005 4325 1289 4381 librorum
1310 4329 1485 4398 atque
1500 4330 1836 4381 sanctorum
1860 4326 2099 4383 Patrum

449 4431 561 4469 usu
578 4413 726 4469 nihil
757 4431 905 4487 opus
930 4420 1019 4470 est
1047 4414 1401 4485 dicere,cum
1432 4413 1907 4486 frequentissima
1936 4415 2100 4488 ipso-

449 4519 580 4559 rum
630 4502 968 4559 testimonia
1015 4502 1230 4575 quibus
1283 4503 1413 4574 ejus
1457 4518 1633 4574 opera
1681 4503 1890 4559 referta
1937 4507 2097 4571 sunt,

450 4590 819 4661 apertissime
849 4591 1131 4663 prodant;
1157 4591 1299 4646 adeo
1336 4594 1402 4646 ut
1430 4590 1725 4663 ambigere
1756 4591 1927 4647 liceat
1956 4610 2097 4649 num
2131 4610 2177 4677 Β

448 4677 602 4734 alius
623 4679 815 4752 quivis
837 4678 1013 4750 hujus
1034 4678 1136 4733 aevi
1180 4677 1432 4752 scriptor
1459 4678 1570 4734 hac
1598 4679 1656 4733 in
1691 4686 1852 4751 parte
1882 4681 2099 4736 Bethe-

451 4766 537 4822 rio
568 4772 929 4839 prmstet,aut
948 4783 1081 4822 cum
1106 4767 1381 4823 Ratherio
1406 4768 1731 4839 comparari
1766 4773 1961 4839 queat.
1990 4770 2097 4825 Ne-

450 4871 564 4927 que
595 4856 792 4912 minus
816 4858 1083 4911 versatus
1109 4855 1452 4929 agnoscitur
1475 4855 1534 4910 in
1560 4855 1754 4911 studio
1785 4872 2098 4914 canonum.

450 4946 575 5010 Quo
606 4943 793 5017 mtgis
823 4960 923 5000 eos
955 4961 1063 5000 sua
1090 4948 1259 4999 astate
1290 4943 1581 5016 neglectos
1624 4943 1876 5011 videbat,
1910 4944 2101 5001 homi-

450 5047 673 5104 nesque
697 5032 825 5088 sine
855 5031 979 5088 ulla
998 5031 1311 5089 formidine
1333 5036 1509 5104 atque
1539 5030 1817 5103 scrupulo
1838 5032 2103 5106 ipsorum

450 5119 756 5192 praeceptis
813 5120 1122 5191 contraire,
1153 5135 1219 5175 eo
1268 5118 1457 5191 magis
1485 5135 1688 5175 eorum
1728 5119 2107 5179 meditatione

450 5206 770 5264 delectatus
792 5207 1107 5274 nitebatur,
1135 5212 1203 5264 ut
1230 5208 1494 5281 ipsorum
1519 5209 1946 5265 observantiam
1978 5209 2100 5266 cul-

451 5300 697 5368 tumque
716 5295 1066 5352 restitueret.
1118 5296 1241 5352 Huc
1284 5295 1455 5368 plura
1504 5296 1634 5367 ejus
1681 5297 1759 5368 [ν]
1810 5314 1988 5371 opera
2034 5315 2104 5356 ex

451 5383 752 5456 proposito
781 5382 1139 5457 diriguntur.
1173 5384 1335 5448 Quod
1367 5382 1416 5438 si
1447 5383 1808 5456 apocrypbos
1840 5389 2101 5458 quando-

452 5486 567 5543 que
597 5487 851 5528 canones
881 5475 983 5529 aut
1014 5472 1409 5528 Romanorum
1442 5471 1786 5544 pontiﬁcum
1817 5477 2104 5532 constitu-

452 5560 647 5616 tiones
694 5560 1104 5634 supposititias
1152 5560 1376 5629 laudat,
1426 5563 1493 5616 ut
1547 5561 1738 5617 cazteri
1786 5566 1914 5619 tum
1962 5565 2107 5623 sole-

448 5648 614 5719 bant,
648 5648 707 5719 id
754 5646 1074 5709 conditioni
1130 5650 1258 5722 ejus
1314 5648 1620 5727 temporis,
1669 5651 1826 5729 quod
1866 5654 2102 5731 peritio-

2206 3348 2290 3403 rio
2321 3348 3141 3420 perstricti,commemorandi
3166 3352 3332 3406 sunt:
3357 3349 3506 3406 alter
3518 3349 3853 3422 cujusdam,

2204 3437 2303 3508 qui
2331 3440 2562 3493 sanctos
2590 3436 2650 3491 in
2687 3435 2828 3492 coelo
2848 3436 3105 3510 gaudere
3126 3438 3365 3511 quidem
3387 3437 3697 3509 fatebatur,
3715 3453 3852 3493 cum

2203 3525 2432 3582 Christo
2463 3542 2596 3581 vero
2630 3541 2734 3581 nec
2764 3542 3140 3599 regnare,nec
3165 3530 3511 3599 regnaturos
3543 3526 3854 3582 contende-

2204 3615 2303 3669 bat
2338 3631 2350 3667 :
2383 3613 2533 3669 alter
2563 3612 3001 3677 nonnullorum,
3034 3614 3136 3683 qui
3167 3612 3227 3666 in
3268 3612 3430 3666 hisce
3460 3611 3750 3683 partibus,
3782 3611 3856 3667 ob

2202 3699 2596 3773 ignorantiam
2619 3699 2812 3771 potius
2835 3715 3013 3771 quam
3034 3699 3108 3754 ob
3126 3696 3432 3767 malitiam,
3454 3702 3707 3754 veterem
3740 3700 3857 3754 An-

2204 3787 2863 3862 thmpomorphytarum
2914 3786 3014 3860 [v1]
3070 3788 3339 3845 haeresim
3385 3787 3855 3861 propugnabant.

2205 3877 2350 3934 Vide
2377 3876 2596 3933 librum
2640 3882 2917 3949 quartum
2961 3877 3443 3951 Praeloquiorum,
3478 3893 3643 3934 num.
3680 3876 3770 3945 45,
3802 3880 3863 3935 et

2207 3983 2537 4023 sermonem
2571 3967 2644 4022 de
2673 3967 3135 4040 Quadragesima
3163 3967 3683 4035 secundum,num.
3701 3965 3773 4021 29
3802 3968 3860 4022 et

2206 4072 2368 4128 seqq.
2402 4058 2545 4112 Cum
2568 4055 2665 4111 Dei
2689 4055 2911 4111 cultum
2930 4072 3146 4128 purum
3174 4059 3487 4128 expeteret,
3512 4054 3572 4111 in
3603 4052 3856 4111 nonnul-

2204 4144 2294 4201 las
2324 4143 2770 4218 superstitiones
2791 4161 2917 4217 quae
2940 4143 3536 4218 serpebantinvehere
3555 4159 3670 4200 non
3684 4140 3860 4199 desti-

2203 4233 2294 4288 tit.
2329 4231 2513 4288 Multa
2541 4232 2676 4288 addi
2699 4236 2939 4305 possent
2958 4233 3030 4289 de
3060 4232 3133 4287 iis
3160 4248 3287 4305 quae
3314 4233 3389 4289 ad
3419 4230 3686 4289 notitiam
3718 4247 3855 4287 con-

2206 4321 2445 4376 fuerunt
2472 4336 2701 4376 morum
2734 4320 2912 4392 hujus
2933 4322 3213 4394 temporis
3232 4325 3291 4378 et
3313 4319 3855 4392 disciplinalnsig-

2208 4425 2310 4464 nes
2331 4407 2515 4464 hocin
2539 4424 2748 4481 genere
2768 4410 2920 4465 inter
2947 4414 3183 4466 caeteros
3210 4413 3351 4465 sunt
3377 4407 3684 4463 memorati
3704 4406 3853 4460 Prai-

2205 4496 2539 4569 loquiorum
2564 4496 2720 4552 libri.
2753 4497 2848 4553 Sic
2877 4497 3034 4552 enim
3060 4497 3119 4551 in
3149 4496 3294 4567 ipsis
3324 4496 3612 4567 cujusque
3642 4494 3853 4561 aetatis,

2209 4601 2380 4642 sexus
2411 4590 2467 4640 et
2480 4584 2832 4640 conditionis
2855 4584 3122 4640 homines
3141 4584 3473 4652 iustruit,ut
3485 4581 3857 4657 singulorum

2208 4674 2349 4729 vitia
2378 4675 2610 4746 detegat
2639 4678 2696 4729 et
2724 4673 2917 4730 officia
2959 4672 3315 4746 praescribat.
3343 4672 3546 4729 Plures
3594 4671 3692 4728 alii
3722 4670 3861 4727 libri

2209 4763 2347 4819 cleri
2376 4764 2851 4819 reformationem
2876 4762 3366 4835 respiciunt,adeo
3386 4767 3453 4817 ut
3470 4779 3540 4818 ex
3555 4760 3718 4817 nullo
3740 4760 3856 4816 alio

2211 4853 2400 4925 magis
2433 4869 2612 4924 quam
2640 4869 2708 4908 ex
2738 4856 2936 4909 nostro
2968 4852 3248 4926 scriptam
3278 4850 3715 4922 decimi,saeeuli
3745 4849 3864 4906 dis-

2211 4942 2428 5014 ciplina
2455 4942 2579 4998 erui
2610 4941 2812 5018 possit.
2848 4941 2998 4998 Illud
3029 4941 3204 4999 etiam
3236 4939 3460 4998 accedit
3490 4939 3646 5012 quod
3679 4938 3862 4994 Vero-

2212 5031 2485 5087 nensium
2513 5047 2709 5087 rerum
2737 5030 2985 5087 historia
3009 5032 3276 5102 ejusdem
3305 5027 3519 5086 decimi
3567 5025 3763 5085 smculi
3794 5041 3866 5083 ex

2214 5119 2328 5175 alio
2360 5120 2518 5176 fonte
2544 5118 2786 5176 derivari
2821 5123 3094 5191 nequeat,
3115 5124 3179 5175 ut
3207 5117 3468 5176 marchio
3495 5115 3686 5189 Scipio
3717 5114 3863 5172 Maf-

2208 5208 2361 5265 feius
2383 5208 2706 5266 rectissime
2737 5208 2987 5265 monuit.

2211 5361 2287 5416 De
2316 5361 2564 5415 Ratherii
2590 5361 2842 5431 operibus
2869 5288 3031 5416 antae
3045 5289 3318 5430 Iobligatis,
3348 5367 3399 5415 et
3428 5357 3493 5416 de
3511 5356 3865 5431 editionibus,

2320 5432 2483 5487 uibus
2513 5428 2872 5488 inveniuntur
2900 5434 3135 5504 sparsim
3156 5428 3466 5487 insertaﬂe
3491 5428 3869 5554 ineditisjuae

2320 5518 2387 5554 ac
2427 5504 2486 5554 in
2515 5504 2753 5554 editione
2799 5504 3069 5554 accedent.
3098 5504 3174 5554 De
3218 5503 3470 5554 oneribus
3518 5514 3644 5554 oua:
3686 5516 3720 5554 a
3762 5498 3869 5553 huc

2303 5498 2387 5557 iac
2422 5504 2486 5573 in
2515 5504 2753 5560 editione
2799 5498 3069 5559 accedent.
3097 5504 3174 5558 De
3218 5503 3470 5573 operibus
3518 5498 3869 5573 quaead/mc

2284 5572 2687 5643 desiderantur,
2720 5591 2822 5630 nec
2849 5590 2959 5631 non
2988 5575 3055 5630 de
3081 5574 3212 5630 aliis
3238 5571 3490 5631 Ratherio
3519 5571 3817 5629 attributis.

2287 5662 2410 5724 VII.
2436 5662 2562 5725 Non
2578 5680 2768 5742 pauca
2788 5663 3027 5741 quidem
3049 5663 3234 5723 nostri
3254 5661 3556 5744 scriptoris
3575 5674 3750 5740 opera
3769 5671 3869 5718 an-
