4046 6186
234 363 308 421 15
1178 363 1224 422 lt
1235 357 1634 424 ATHERIUS
1679 359 1886 420 VERO

2005 358 2174 421 NSIS
2221 360 2670 425 EPISCOPUS.
3387 357 3399 368 ’
3548 364 3640 422 46

235 493 576 566 teavulgata
595 495 879 562 fuere,sed
904 494 1216 567 separatim
1237 495 1293 550 in
1311 492 1885 550 variascollectiones
1913 491 1964 559 Α
1997 492 2254 546 Ratherii
2286 493 2636 550 Veronensis
2667 495 2903 565 quidem
2936 493 3200 550 Ecclesiae
3227 495 3508 567 episeopi,
3542 497 3640 550 sed

239 585 455 640 inserta
488 587 662 656 atque
690 584 954 656 dispersa
983 603 994 648 ;
1022 585 1172 655 quod
1199 585 1401 656 quanti
1431 583 1783 640 incommodi
1812 582 1888 636 sit

219 688 412 727 .nemo
443 689 560 728 non
590 673 764 728 videt.
790 673 848 728 S.
881 673 1142 729 Ursmari
1175 673 1322 740 Vita,
1357 691 1535 745 quam
1562 675 1632 728 ab
1655 675 1886 728 Ausone

239 762 448 818 abbate
478 761 785 818 obscurius
815 763 1091 835 scriptam
1114 762 1424 818 Itatherius
1455 759 1886 834 explicatiorem

240 849 512 918 reddidit,
545 851 803 922 primum
853 852 1068 923 prodiit
1095 867 1273 922 opera
1315 849 1612 908 Laurentii
1643 848 1798 906 Surii
1827 849 1888 902 in

238 938 388 994 Vitis
417 944 760 996 Sanctorum
791 941 1012 996 mensis
1043 940 1277 1013 Aprilis.

313 1028 463 1084 VIII.
494 1029 748 1084 Joannes
777 1029 1250 1102 Chapeauvillius
1281 1035 1437 1086 tome
1464 1030 1653 1102 primo
1687 1029 1887 1084 Gesto-

245 1134 375 1172 rum
409 1118 750 1189 pontiﬁcum
781 1119 1214 1191 Tungrensium
1248 1136 1400 1175 anno
1432 1120 1571 1175 1613
1593 1135 1623 1173 e
1656 1133 1765 1173 ms.
1799 1133 1891 1173 co-

246 1207 372 1262 dice
389 1208 730 1264 monasterii
755 1207 1058 1264 Lobiensis
1079 1208 1137 1263 in
1152 1208 1350 1280 Belgio
1369 1214 1485 1264 tres
1500 1207 1754 1263 Ratherii
1777 1205 1891 1278 epi-

245 1294 428 1350 stol-as
443 1295 728 1368 vulgavit:
745 1311 924 1352 unam
945 1298 1014 1351 ad
1026 1297 1312 1353 Joannem
1332 1313 1634 1354 summum
1655 1295 1891 1368 pontifi-

245 1401 392 1451 cem,
416 1384 659 1440 alteram
690 1385 762 1440 ad
794 1395 997 1441 omnes
1026 1385 1222 1453 Italiae,
1257 1386 1579 1442 Germaniae
1609 1389 1667 1440 et
1695 1383 1891 1440 Galliae

244 1473 647 1545 episcopos,ad
681 1474 1013 1531 Brunonem
1035 1481 1236 1546 postea
1261 1475 1764 1546 archiepiscOpum
1788 1473 1893 1526 Co-

245 1561 568 1618 loniensem
597 1563 867 1630 tertiam;
902 1565 1240 1636 addiditque
1269 1564 1444 1618 aliam
1483 1561 1736 1617 Everaeli
1770 1561 1891 1632 epi-

245 1651 401 1722 scopi
438 1652 809 1708 Leodicensis
839 1654 910 1708 ad
943 1653 1136 1723 ipsum
1164 1651 1532 1707 'Ratherium.

319 1740 405 1797 IX.
442 1739 584 1795 Dein
633 1741 692 1795 P.
719 1740 905 1794 Lucas
955 1739 1254 1810 d’Achery,
1288 1740 1386 1810 qui
1434 1756 1464 1794 e
1502 1738 1747 1794 diversis
1781 1755 1890 1793 ms.

248 1827 989 1901 exemplaribus[vn]plura
1012 1844 1182 1900 opera
1209 1829 1426 1883 inedita
1445 1827 1894 1900 diligentissime
1921 1862 1928 1880 ς

247 1918 616 1988 excerpsit,et
648 1919 704 1972 in
737 1916 1048 1988 Spicilegio
1078 1916 1278 1981 edidit,
1315 1917 1756 1971 Laudunensem
1791 1931 1890 1970 θον

248 2005 434 2062 dicem
468 2009 674 2060 nactus
705 2005 765 2060 in
796 2003 1019 2073 Galliis,
1045 2005 1141 2076 qui
1176 2005 1398 2076 aliquot
1431 2003 1685 2060 Ratherii
1716 2021 1889 2075 opus-

247 2093 378 2149 cula
408 2094 667 2149 nondum
701 2094 987 2164 impressa
1019 2094 1369 2161 continebat,
1407 2094 1525 2148 huic
1577 2110 1644 2148 ex
1687 2094 1888 2148 eodem

246 2183 518 2254 produxit
550 2183 609 2238 in
635 2183 822 2238 lucem
854 2189 1010 2238 tomo
1041 2184 1304 2252 ejusdem
1336 2183 1632 2254 Spicilegii
1683 2181 1892 2254 prioris

246 2272 520 2328 editionis
543 2273 953 2344 secundo,quze
984 2272 1076 2328 his
1105 2273 1290 2327 titulis
1321 2271 1745 2327 inscribuntur.

394 2363 468 2417 De
498 2367 832 2434 contemptu
866 2378 1153 2417 canonum
1187 2366 1381 2432 partes
1412 2362 1559 2415 dum.

387 2451 694 2508 Conclusio
726 2450 1100 2507 deliberativa
1133 2451 1361 2506 Leodici
1393 2454 1543 2506 acta.

389 2539 694 2606 Qualitatis
723 2540 1075 2611 conjectura.

389 2629 688 2685 Discordia
716 2628 866 2684 inter
890 2627 1230 2684 Ratherium
1264 2633 1320 2684 et
1345 2627 1603 2684 clericos.

386 2716 796 2789 Apologeticus
824 2717 991 2771 liber.

391 2807 472 2861 De
502 2805 726 2861 clericis
757 2803 1090 2861 rebellibus.

393 2895 474 2950 Ex
505 2893 799 2951 abbatiola
827 2893 1190 2967 Magonziani
1231 2895 1559 2950 amandatis
1589 2893 1894 2951 monachis

464 2984 658 3040 clerici
689 2983 1100 3056 subrogantur.

390 3075 471 3132 De
500 3078 687 3145 nuptn
713 3073 1021 3144 cujusdam
1055 3073 1274 3128 illicito.

374 3163 649 3236 'Epistola
679 3163 752 3217 ad
779 3162 1115 3218 Martinam.

383 3253 511 3309 Alia
541 3253 613 3308 ad
647 3252 968 3308 Romanam
999 3251 1338 3308 Ecelesiam.

385 3342 673 3415 Synodica
702 3341 773 3397 ad
802 3341 1192 3413 presbyteros,
1215 3346 1324 3396 etc.

384 3429 754 3487 Itinerarium
789 3428 1045 3484 Ratherii
1073 3428 1318 3484 Romam
1342 3429 1555 3485 cuntis.

383 3521 585 3576 Sermo
614 3520 778 3576 valde
807 3518 1068 3590 prolixus
1100 3518 1170 3573 de
1200 3517 1678 3590 Quadragesima.

383 3609 596 3665 Contra
624 3608 1073 3680 reprehensores
1104 3607 1368 3678 ejusdem
1402 3608 1710 3662 sermonis.

381 3698 583 3753 Sermo
616 3697 911 3753 secundus
943 3697 1014 3752 de
1037 3695 1510 3769 Quadragesima.

380 3789 690 3841 Sermones
723 3786 792 3840 de
824 3785 1046 3840 Pascha
1079 3785 1098 3839 Ι
1125 3790 1181 3840 et
1213 3785 1279 3840 ΙΙ.

379 3873 544 3928 Alius
575 3875 646 3929 de
676 3874 907 3930 Octavis
939 3874 1193 3929 Paschze.

379 3961 542 4018 Alius
575 3967 709 4035 post
734 3963 976 4017 Pascha.

382 4051 462 4106 De
492 4051 843 4107 Ascensione
873 4051 904 4106 d
918 4067 1010 4106 uo.

237 4140 368 4195 Haec
399 4156 466 4194 ex
498 4157 615 4195 uno
645 4141 1020 4196 Laudunensi
1053 4140 1246 4196 codice
1297 4141 1356 4195 P.
1393 4142 1557 4196 Lucae
1607 4143 1888 4217 d'Achery

238 4235 447 4299 praesto
478 4229 732 4284 fuerunt.
769 4229 1110 4284 Interseruit
1159 4235 1354 4284 autem
1403 4232 1605 4286 eodem
1639 4232 1696 4286 in
1730 4236 1886 4289 tome

237 4321 355 4371 tres
386 4316 529 4373 alias
561 4317 838 4389 epistolas
869 4336 900 4373 a
931 4317 1359 4390 Chapeauvillio
1407 4318 1693 4391 vulgatus,
1738 4337 1884 4393 quas

238 4423 353 4460 non
385 4423 453 4462 ex
485 4407 857 4464 Laudunensi
891 4407 1107 4478 codice,
1143 4408 1242 4462 sed
1268 4422 1334 4462 ex
1365 4407 1552 4479 ipsius
1579 4409 1884 4482 Chapeau-

235 4494 379 4549 villii
429 4496 682 4552 editione
729 4482 924 4568 ipsum
984 4496 1311 4567 sumpsisse
1342 4497 1668 4552 deteximus
1700 4516 1711 4564 ;
1749 4516 1881 4554 cum

241 4585 475 4638 easdem
490 4584 1032 4653 lectiones,eosdem
1055 4601 1279 4641 errores
1298 4602 1362 4640 ac
1385 4584 1628 4642 lacunas
1650 4588 1882 4642 easdem
1901 4596 1962 4662 ,1)

236 4672 900 4742 przesel'erant.Seeundo
933 4679 1091 4730 tomo
1116 4676 1241 4746 jam
1274 4673 1580 4745 impresso,
1606 4676 1706 4732 sed
1741 4693 1884 4731 non-

236 4760 377 4814 dum
411 4759 587 4827 edito,
623 4759 736 4814 alia
768 4761 1025 4818 Ratherii
1048 4762 1331 4835 opuscula
1356 4763 1542 4818 Caroli
1574 4765 1884 4820 Boesmani

233 4852 476 4920 sumptu
534 4865 564 4904 e
620 4850 1004 4906 Lobiensibus
1055 4851 1473 4924 manuscriptis
1535 4855 1886 4926 transcripta

233 4937 387 4992 idem
418 4938 700 4994 Acherius
734 4940 1110 5012 accepitque:
1143 4945 1298 4996 tomo
1331 4941 1497 4996 tertio
1527 4959 1652 4998 sese
1696 4943 1882 4998 editu-

233 5043 364 5082 rum
396 5027 455 5080 in
487 5029 750 5098 ejusdem
784 5029 926 5083 tomi
959 5028 1199 5083 secundi
1225 5030 1558 5100 praefatione
1590 5030 1884 5103 pollicitus

232 5120 340 5170 est.
371 5117 645 5179 Quaenam
675 5134 810 5172 vero
859 5117 981 5173 haec
1031 5117 1314 5190 opuscula
1359 5118 1498 5186 sint,
1532 5120 1590 5176 in
1643 5120 1883 5177 elencho

231 5204 417 5275 ipsius
449 5206 692 5260 secundi
723 5207 865 5261 tomi
893 5207 986 5262 his
1015 5208 1208 5262 verbis
1241 5207 1384 5281 [vni]
1408 5210 1661 5280 exponit:
1698 5234 1718 5259 α
1756 5209 1884 5266 Alia

231 5297 371 5348 sunt
390 5294 646 5349 Ratherii
671 5295 952 5366 opuscula
966 5296 1431 5362 inedita,scilicet
1444 5315 1746 5354 sermones
1767 5299 1882 5355 duo

230 5380 302 5435 de
331 5381 769 5450 Pentecoste,de
801 5383 981 5438 Maria
1011 5389 1065 5438 et
1097 5384 1421 5453 Martha,dc
1454 5386 1686 5458 proprio
1714 5385 1882 5458 lapsu

229 5468 570 5540 (videndum
602 5488 743 5526 num
776 5470 869 5527 hic
903 5471 1167 5528 diversus
1199 5472 1277 5528 sit
1297 5474 1368 5529 ab
1390 5490 1455 5530 eo
1488 5492 1663 5546 quem
1695 5473 1880 5530 edidi-

229 5576 363 5614 mus
395 5559 546 5614 intcr
577 5576 876 5617 sermones
907 5563 976 5617 de
1007 5562 1350 5630 Pascha),de
1371 5563 1554 5619 otioso
1586 5581 1875 5632 sermone,

228 5647 510 5708 Praeterea
539 5649 944 5708 Meditationes
974 5651 1166 5708 cordis
1212 5650 1272 5708 in
1313 5651 1516 5710 exsilio
1565 5653 1879 5728 cujusdam

1999 581 2297 638 Lobiensis
2329 583 2774 654 monachi,quas
2807 584 2862 638 in
2889 600 2983 639 sex
3016 584 3270 656 digestas
3296 582 3512 639 libellis
3541 602 3644 639 vo-

1996 670 2196 726 lumen
2236 673 2465 727 censuit
2509 671 2792 743 appellari
2849 670 3329 744 Praloquiorum,
3376 689 3444 729 eo
3490 673 3646 744 quod

1998 759 2293 830 quoddam
2337 759 2776 832 praloquantur
2819 760 3189 832 opusculum,
3222 763 3379 832 quod
3411 766 3651 816 vocatur

1999 847 2398 919 Agonisticum
2424 848 2722 921 ;Epistolze
2741 849 2869 904 duae
2894 868 2907 917 ;
2928 849 3163 907 liberDe
3177 866 3416 923 corpore
3437 854 3493 905 et
3513 867 3647 905 san-

1999 937 2175 1009 guine
2197 936 2428 992 Domini
2449 942 2720 994 constans
2753 939 3069 1011 nonaginta
3089 956 3294 996 novem
3318 939 3645 1012 capitulis.»

2001 1025 2130 1080 Haec
2146 1042 2280 1080 cum
2299 1025 2535 1098 scripsit
2562 1026 2620 1082 in
2654 1027 3052 1101 elencho,ipsa
3080 1030 3336 1101 profecto
3363 1028 3649 1102 opuscula

2000 1113 2088 1168 vel
2119 1114 2380 1169 nondum
2414 1121 2730 1186 acceperat,
2761 1117 2848 1171 vel
2878 1134 2991 1173 non
3023 1119 3414 1189 expenderet;
3441 1127 3572 1190 quae
3599 1117 3647 1172 si

2001 1201 2259 1274 legisset,
2290 1203 2641 1275 opusculum
2679 1210 2760 1260 De
2779 1209 3000 1278 preprio
3025 1208 3181 1278 lapsu
3203 1206 3498 1262 diversum
3523 1221 3650 1263 esse

2003 1309 2036 1346 a
2058 1292 2430 1346 sermonibus
2449 1297 2528 1347 De
2542 1293 2802 1349 Paschale
2822 1294 3127 1366 perspicue
3148 1294 3646 1366 deprehendisset.

2005 1379 2245 1435 Librum
2275 1381 2349 1435 De
2365 1397 2586 1451 corpore
2603 1391 2655 1436 et
2682 1384 2954 1450 sanguine
2984 1384 3206 1438 Domini
3227 1383 3502 1438 Ratherio
3525 1401 3650 1456 per-

1985 1483 2202 1536 peram
2227 1468 2574 1522 attributum
2591 1469 2762 1540 paulo
2785 1475 2917 1541 post
2935 1470 3653 1540 demonstrabimus,Nihil

2004 1571 2174 1626 porro
2196 1570 2261 1608 ex
2295 1555 2387 1609 his
2409 1572 2535 1626 quae
2566 1557 2849 1613 Acherius
2881 1562 3035 1613 tomo
3064 1560 3230 1615 tertio
3261 1561 3654 1632 imprimenda

2005 1644 2371 1714 promiserat,
2392 1644 2594 1700 eodem
2626 1649 2783 1701 tomo
2809 1647 2968 1719 typis
2999 1648 3175 1704 dedit.
3201 1649 3388 1706 Unam
3420 1655 3653 1706 tantum

2007 1732 2266 1787 Itatherii
2297 1733 2601 1804 epistolam
2635 1735 2706 1790 ad
2727 1737 3024 1792 Patricum
3041 1739 3311 1808 produxit
3339 1745 3497 1795 tomo
3520 1741 3657 1794 duo-

2005 1821 2323 1876 decimo.ln
2361 1823 2678 1878 novissima
2699 1829 2892 1880 autem
2908 1829 2962 1880 et
2985 1827 3367 1882 emendatiori
3391 1828 3654 1898 ejusdem

2005 1909 2296 1982 Spicilegii
2355 1911 2662 1967 Acheriani
2695 1913 2946 1970 editione
2976 1915 3289 1972 Parisiensi
3322 1917 3457 1972 anni
3492 1917 3649 1984 1723,

2002 2015 2070 2054 ea
2100 2015 2228 2070 quae
2257 1999 2540 2054 Acherius
2563 2003 2819 2057 secundo
2841 2007 2895 2058 et
2916 2003 3259 2061 duodecimo
3284 2010 3443 2061 tomo
3466 2005 3655 2061 edide-

2005 2094 2112 2154 rat,
2148 2090 2310 2145 novis
2339 2094 2397 2144 et
2417 2090 2890 2164 diligentioribus
2923 2094 3079 2150 curis
3110 2093 3441 2151 Ludovicus
3476 2096 3649 2150 Fran-

2002 2179 2198 2235 ciscus
2226 2179 2441 2251 Joseph
2475 2181 2545 2235 de
2576 2180 2631 2235 la
2664 2181 2836 2238 Barre
2867 2199 3105 2238 rursum
3155 2185 3504 2256 producens,
3538 2183 3650 2239 alia

2002 2269 2334 2335 emendare,
2369 2268 2482 2324 alia
2514 2269 2807 2326 illustrare
2839 2272 3066 2328 studuit
3090 2289 3102 2328 :
3126 2289 3310 2345 eaque
3342 2289 3547 2330 recusa
3570 2273 3648 2329 le-

2002 2362 2223 2429 guntur
2255 2361 2410 2412 tomo
2441 2357 2648 2428 primo,
2683 2364 2816 2432 pag.
2842 2362 2949 2415 345
2978 2367 3036 2414 et
3064 2377 3227 2432 seqq.

2074 2446 2139 2500 Χ.
2169 2445 2630 2503 Bartholomaeus
2658 2448 3074 2522 Campagnola,
3099 2450 3565 2524 archipresbyter
3593 2456 3649 2507 S.

2002 2534 2263 2601 Caicilias,
2285 2535 2427 2591 dum
2459 2552 2611 2590 anno
2643 2538 2783 2592 1728
2813 2537 3049 2594 Ver-eme
3078 2538 3384 2611 impressit
3434 2540 3650 2596 librum

2000 2625 2151 2680 luris
2177 2624 2358 2679 civilis
2386 2625 2539 2680 urbis
2595 2627 2826 2696 Veronae,
2859 2627 3082 2682 addidit
3128 2628 3186 2684 in
3227 2629 3344 2684 ﬁne
3394 2628 3653 2684 Ratherii

2003 2711 2375 2783 opusculum,
2423 2721 2527 2769 ‘s’eu
2574 2713 2767 2786 potius
2817 2715 3208 2787 fragmentum
3263 2717 3530 2790 opusculi
3580 2720 3655 2774 De

2005 2803 2119 2856 vita
2147 2810 2197 2857 et
2238 2801 2602 2858 translatione
2655 2803 2712 2859 S.
2763 2803 3034 2873 Matr-onis,
3071 2822 3175 2862 nec
3203 2823 3318 2863 non
3350 2807 3652 2879 epistolam

2003 2891 2268 2961 ejusdem
2301 2890 2556 2946 Ratherii
2588 2909 2721 2948 cum
2755 2892 2994 2950 alterius
3033 2894 3290 2966 epistolae
3321 2895 3647 2966 fragmento

1983 2980 2076 3038 .ad
2108 2979 2460 3044 Manassem,
2495 2984 2559 3036 ut
2600 2981 2824 3052 putavit
2852 2983 3162 3054 (legendum
3209 2984 3282 3038 ad
3329 2983 3647 3057 Milonem),

2004 3067 2366 3140 episcopum,
2409 3085 2538 3140 qua:
2588 3069 2775 3141 ipsius
2805 3072 3062 3127 anetoris
3107 3089 3286 3128 manu
3328 3078 3560 3129 exarata
3591 3073 3650 3128 in

2003 3157 2234 3213 duobus
2265 3161 2477 3213 nostra:
2497 3157 2836 3230 capitularis
2857 3158 3220 3217 bibliothecae
3241 3161 3539 3217 codicibus
3562 3177 3649 3216 re-

1909 3233 1965 3300 C
2005 3247 2172 3318 perit.

2077 3335 2167 3391 Χῐ.
2199 3336 2262 3390 Ρ.
2313 3337 2643 3393 Bernardus
2672 3338 2779 3394 Pez
2810 3339 2868 3393 in
2902 3338 3320 3396 Dissertatione
3359 3338 3650 3412 isagogicu

2003 3427 2161 3479 temo
2177 3428 2196 3477 Ι
2211 3423 2494 3480 Thesauri
2514 3427 2943 3483 Anecdotorum
2963 3427 3648 3500 praemissa,’mentionem

2003 3511 2214 3568 fecerat
2226 3513 2451 3585 antiqui
2472 3514 2602 3569 libri
2629 3516 2866 3588 capituli
2892 3515 3276 3589 Frisingensis
3300 3517 3360 3572 in
3392 3516 3647 3582 Bavaria,

2000 3602 2100 3672 qui
2135 3619 2248 3657 non
2280 3617 2468 3674 pauca
2496 3605 2679 3659 nostri
2734 3606 3036 3676 scriptoris
3086 3621 3261 3677 opera
3287 3613 3345 3660 et
3374 3605 3650 3677 epistolas

1987 3690 2250 3745 exhibet.
2287 3691 2443 3747 Idem
2473 3708 2607 3748 vero
2657 3695 2925 3766 quaedam
2959 3699 3187 3751 tantum
3221 3695 3425 3750 exinde
3456 3710 3648 3750 excer-

1999 3779 2137 3851 psit,
2170 3785 2225 3835 et
2254 3798 2407 3836 anno
2442 3781 2580 3836 1729
2622 3781 2840 3853 publici
2865 3783 3018 3853 juris
3061 3783 3192 3838 fecit
3225 3788 3363 3839 tom.
3398 3781 3470 3838 Vl
3501 3783 3648 3838 The-

2000 3869 2182 3933 sauri,
2237 3870 2332 3923 cui
2383 3869 2667 3925 volumini
2700 3871 2799 3942 [1x]
2851 3871 3026 3927 etiam
3059 3872 3374 3944 separatim
3410 3871 3644 3943 vulgato

2002 3956 2207 4012 Codicis
2265 3957 3232 4031 diplomatico-historico-epistolaris
3264 3958 3642 4033 epigraphem

1998 4045 2228 4100 indidit.
2264 4046 2397 4109 Quae
2427 4051 2623 4102 autem
2655 4047 2839 4103 edidit
2867 4048 2988 4104 haec
3016 4055 3155 4105 sunt
3189 4067 3200 4104 :

2139 4135 2221 4188 Ad
2254 4133 2506 4191 ecclesiae
2555 4153 2675 4191 suae
2733 4135 2994 4204 clericos,
3027 4139 3098 4194 de
3145 4138 3216 4194 iis
3264 4138 3362 4211 qui
3409 4156 3442 4194 a
3492 4137 3646 4195 sedis

2208 4239 2326 4278 sua:
2357 4223 2620 4280 invasere
2651 4226 2902 4282 ordinati
2935 4232 3091 4283 sunt.

2137 4311 2404 4384 Epistolis
2427 4313 2498 4368 ad
2528 4315 2927 4382 Ambrosium,
2961 4317 3033 4372 ad
3079 4316 3412 4372 Adeleidem
3447 4317 3643 4389 Augu-

2208 4405 2380 4468 stam,
2414 4406 2471 4456 et
2500 4403 2570 4457 ad
2604 4403 2966 4460 Nannonem.

2135 4490 2598 4558 Testamentum,
2631 4497 2688 4547 et
2716 4493 2978 4549 fundatio
3011 4498 3186 4565 atque
3227 4494 3446 4550 dotatio
3478 4493 3646 4549 cleri-

2208 4596 2407 4634 corum
2456 4580 2709 4636 ecclesia:
2759 4581 3131 4650 Veronensis,
3186 4600 3363 4655 quam
3408 4583 3651 4639 Judicati

2211 4667 2384 4724 titulo
2411 4670 2468 4724 in
2505 4675 2704 4726 nostra
2721 4671 2826 4727 hac
2845 4668 3098 4727 editione
3119 4672 3388 4727 donaturi
3414 4687 3642 4727 sumus.

2067 4757 2185 4812 XII.
2220 4757 2592 4813 Lobiensium
2637 4760 3168 4832 manuscriptorum
3217 4760 3646 4834 ap'ographum,

1996 4847 2152 4918 quod
2185 4847 2257 4901 ad
2287 4847 2601 4902 Aeberium
2627 4847 2874 4903 missum
2909 4850 3294 4906 indicavimus
3325 4850 3551 4917 num.9,
3585 4849 3644 4904 in

1993 4937 2478 5005 Sangermanensi
2513 4936 2886 4993 bibiliotheca
2915 4939 2988 4993 ab
3017 4939 3220 4994 eodem
3244 4938 3644 5005 relictum,Pa-

1991 5024 2183 5080 tribus
2229 5025 2536 5079 Edmundo
2589 5026 2846 5082 Materne
2875 5032 2934 5082 et
2964 5028 3172 5083 Ursino
3205 5028 3479 5084 Durando
3510 5026 3643 5083 usui

1995 5111 2121 5168 fuit.
2155 5113 2235 5167 Ex
2255 5113 2382 5184 ipso
2411 5112 2567 5168 enim
2611 5114 2693 5168 illi
2725 5119 2884 5171 tomo
2918 5117 2988 5172 IX
3011 5119 3376 5188 Amplissim
3404 5125 3645 5192 veterum

1988 5203 2320 5272 scriptorum
2351 5205 2404 5256 et
2453 5212 2928 5260 monumentorum
2980 5205 3324 5262 Collecti'onis
3373 5223 3467 5261 an.
3505 5199 3643 5260 1733

1985 5290 2576 5361 edideruntejusdem
2598 5291 2853 5348 Ratherii
2874 5309 2972 5349 sex
2986 5295 3443 5366 Praeloquior‘um
3465 5293 3644 5350 libros

1989 5396 2056 5434 ac
2086 5377 2366 5450 epistolas
2397 5384 2536 5449 tres,
2571 5397 2750 5435 unam
2784 5382 3010 5439 Widoni
3037 5401 3103 5439 ac
3151 5373 3405 5441 Sobeni
3446 5383 3644 5440 archi-

1989 5466 2688 5540 episcopis,etc.,alteram
2717 5470 2990 5527 Rotberto
3015 5471 3156 5529 item
3181 5474 3642 5545 archiepiscopo,

1989 5573 2057 5612 ac
2086 5557 2159 5612 ad
2192 5572 2396 5634 omnes
2422 5557 2620 5613 ﬁdeles
2653 5559 2909 5616 tertiam.
2941 5561 3157 5618 Eodem
3177 5566 3457 5635 praeterea
3483 5565 3642 5617 temo

1988 5644 2049 5701 in
2080 5643 2236 5702 calce
2266 5644 2458 5720 operis
2489 5640 2784 5705 Paschasii
2807 5647 3067 5708 Rutberti
3094 5655 3177 5708 De
3197 5647 3418 5725 corpore
3447 5656 3639 5708 etsen-
