  <div class='ocr_page' id='page_1' title='image "/cluster/home/n/w/nwhite01/storage/ocr_20150623/136/hvd.32044054759964/017.png"; bbox 0 0 4046 6186; ppageno 0'>
   <div class='ocr_carea' id='block_1_1' title="bbox 189 379 3602 456">
    <p class='ocr_par' dir='ltr' id='par_1_1' title="bbox 189 379 3602 456">
     <span class='ocr_line' id='line_1_1' title="bbox 189 379 3602 456; baseline -0.001 -3"><span class='ocrx_word' id='word_1_1' title='bbox 189 383 262 454; x_wconf 79' lang='grc'><strong>19</strong></span> <span class='ocrx_word' id='word_1_2' title='bbox 1147 388 1598 456; x_wconf 78' lang='lat' dir='ltr'>RATHERIUS</span> <span class='ocrx_word' id='word_1_3' title='bbox 1646 387 2138 454; x_wconf 76' lang='lat' dir='ltr'>VERONENSIS</span> <span class='ocrx_word' id='word_1_4' title='bbox 2181 385 2634 454; x_wconf 84' lang='lat' dir='ltr'>EPISCOPUS.</span> <span class='ocrx_word' id='word_1_5' title='bbox 3523 379 3602 448; x_wconf 76' lang='lat'>20</span> 
     </span>
    </p>
   </div>
   <div class='ocr_carea' id='block_1_2' title="bbox 190 509 3604 598">
    <p class='ocr_par' dir='ltr' id='par_1_2' title="bbox 190 509 3604 598">
     <span class='ocr_line' id='line_1_2' title="bbox 190 509 3604 598; baseline -0.001 -17"><span class='ocrx_word' id='word_1_6' title='bbox 190 522 433 598; x_wconf 83' lang='lat' dir='ltr'>proinde</span> <span class='ocrx_word' id='word_1_7' title='bbox 446 509 614 597; x_wconf 77' lang='lat' dir='ltr'>pauci</span> <span class='ocrx_word' id='word_1_8' title='bbox 633 521 949 580; x_wconf 85' lang='lat' dir='ltr'>admodum</span> <span class='ocrx_word' id='word_1_9' title='bbox 967 524 1171 581; x_wconf 89' lang='lat' dir='ltr'>Minori</span> <span class='ocrx_word' id='word_1_10' title='bbox 1182 529 1250 580; x_wconf 83' lang='lat' dir='ltr'>tae</span> <span class='ocrx_word' id='word_1_11' title='bbox 1272 526 1578 598; x_wconf 82' lang='lat' dir='ltr'>cujusdam</span> <span class='ocrx_word' id='word_1_12' title='bbox 1598 523 1840 596; x_wconf 87' lang='lat' dir='ltr'>diligen-</span> <span class='ocrx_word' id='word_1_13' title='bbox 1869 524 1925 592; x_wconf 75' lang='grc' dir='ltr'>Α</span> <span class='ocrx_word' id='word_1_14' title='bbox 1955 524 2132 580; x_wconf 83' lang='lat' dir='ltr'>stolas</span> <span class='ocrx_word' id='word_1_15' title='bbox 2161 523 2417 580; x_wconf 80' lang='lat' dir='ltr'>Ratherii</span> <span class='ocrx_word' id='word_1_16' title='bbox 2439 523 2715 589; x_wconf 82' lang='lat' dir='ltr'>continet,</span> <span class='ocrx_word' id='word_1_17' title='bbox 2741 538 2889 595; x_wconf 87' lang='lat' dir='ltr'>quas</span> <span class='ocrx_word' id='word_1_18' title='bbox 2911 517 3388 594; x_wconf 89' lang='lat' dir='ltr'>Chapeauvillius</span> <span class='ocrx_word' id='word_1_19' title='bbox 3407 517 3604 594; x_wconf 89' lang='lat' dir='ltr'>vulga-</span> 
     </span>
    </p>
   </div>
   <div class='ocr_carea' id='block_1_3' title="bbox 189 613 1838 686">
    <p class='ocr_par' dir='ltr' id='par_1_3' title="bbox 189 613 1838 686">
     <span class='ocr_line' id='line_1_3' title="bbox 189 613 1838 686; baseline -0.001 -16"><span class='ocrx_word' id='word_1_20' title='bbox 189 614 273 671; x_wconf 87' lang='lat' dir='ltr'>tia</span> <span class='ocrx_word' id='word_1_21' title='bbox 303 631 332 670; x_wconf 90' lang='lat' dir='ltr'>e</span> <span class='ocrx_word' id='word_1_22' title='bbox 365 613 620 669; x_wconf 87' lang='lat' dir='ltr'>flammis</span> <span class='ocrx_word' id='word_1_23' title='bbox 650 614 920 669; x_wconf 88' lang='lat' dir='ltr'>subducti</span> <span class='ocrx_word' id='word_1_24' title='bbox 956 619 1374 686; x_wconf 88' lang='lat' dir='ltr'>supersunt,ut</span> <span class='ocrx_word' id='word_1_25' title='bbox 1393 614 1671 670; x_wconf 83' lang='lat' dir='ltr'>Antonius</span> <span class='ocrx_word' id='word_1_26' title='bbox 1691 614 1838 669; x_wconf 90' lang='lat' dir='ltr'><strong>San-</strong></span> 
     </span>
    </p>
   </div>
   <div class='ocr_carea' id='block_1_4' title="bbox 189 701 1842 776">
    <p class='ocr_par' dir='ltr' id='par_1_4' title="bbox 189 701 1842 776">
     <span class='ocr_line' id='line_1_4' title="bbox 189 701 1842 776; baseline -0.001 -17"><span class='ocrx_word' id='word_1_27' title='bbox 189 704 369 759; x_wconf 91' lang='lat' dir='ltr'>derus</span> <span class='ocrx_word' id='word_1_28' title='bbox 395 701 635 758; x_wconf 81' lang='lat' dir='ltr'>tradidit</span> <span class='ocrx_word' id='word_1_29' title='bbox 655 703 935 774; x_wconf 82' lang='lat' dir='ltr'>(Biblioth.</span> <span class='ocrx_word' id='word_1_30' title='bbox 964 705 1192 772; x_wconf 58' lang='lat' dir='ltr'>Belgio,</span> <span class='ocrx_word' id='word_1_31' title='bbox 1216 719 1345 776; x_wconf 89' lang='lat' dir='ltr'>pag.</span> <span class='ocrx_word' id='word_1_32' title='bbox 1366 703 1513 773; x_wconf 83' lang='lat'>293).</span> <span class='ocrx_word' id='word_1_33' title='bbox 1550 701 1723 757; x_wconf 88' lang='lat' dir='ltr'>Plura</span> <span class='ocrx_word' id='word_1_34' title='bbox 1745 702 1842 758; x_wconf 90' lang='lat' dir='ltr'>ille</span> 
     </span>
    </p>
   </div>
   <div class='ocr_carea' id='block_1_5' title="bbox 191 791 1840 863">
    <p class='ocr_par' dir='ltr' id='par_1_5' title="bbox 191 791 1840 863">
     <span class='ocr_line' id='line_1_5' title="bbox 191 791 1840 863; baseline -0.002 -16"><span class='ocrx_word' id='word_1_35' title='bbox 191 792 546 863; x_wconf 79' lang='lat' dir='ltr'>transcripta</span> <span class='ocrx_word' id='word_1_36' title='bbox 576 791 756 858; x_wconf 84' lang='lat' dir='ltr'>misit,</span> <span class='ocrx_word' id='word_1_37' title='bbox 788 793 938 846; x_wconf 89' lang='lat' dir='ltr'>inter</span> <span class='ocrx_word' id='word_1_38' title='bbox 968 809 1097 862; x_wconf 73' lang='lat' dir='ltr'>quae</span> <span class='ocrx_word' id='word_1_39' title='bbox 1130 793 1242 846; x_wconf 86' lang='lat' dir='ltr'>duo</span> <span class='ocrx_word' id='word_1_40' title='bbox 1297 795 1527 846; x_wconf 82' lang='lat' dir='ltr'>tantum</span> <span class='ocrx_word' id='word_1_41' title='bbox 1582 791 1840 846; x_wconf 77' lang='lat' dir='ltr'>Ratherii</span> 
     </span>
    </p>
   </div>
   <div class='ocr_carea' id='block_1_6' title="bbox 188 880 1841 954">
    <p class='ocr_par' dir='ltr' id='par_1_6' title="bbox 188 880 1841 954">
     <span class='ocr_line' id='line_1_6' title="bbox 188 880 1841 954; baseline -0.002 -16"><span class='ocrx_word' id='word_1_42' title='bbox 188 898 367 954; x_wconf 89' lang='lat' dir='ltr'>opera</span> <span class='ocrx_word' id='word_1_43' title='bbox 388 881 649 936; x_wconf 91' lang='lat' dir='ltr'>nondum</span> <span class='ocrx_word' id='word_1_44' title='bbox 669 880 905 953; x_wconf 90' lang='lat' dir='ltr'>vulgata</span> <span class='ocrx_word' id='word_1_45' title='bbox 917 880 1202 944; x_wconf 85' lang='lat' dir='ltr'>exhibuit,</span> <span class='ocrx_word' id='word_1_46' title='bbox 1219 881 1500 936; x_wconf 89' lang='lat' dir='ltr'>nimirum</span> <span class='ocrx_word' id='word_1_47' title='bbox 1514 897 1841 936; x_wconf 90' lang='lat' dir='ltr'>sermonem</span> 
     </span>
    </p>
   </div>
   <div class='ocr_carea' id='block_1_7' title="bbox 187 969 1841 1040">
    <p class='ocr_par' dir='ltr' id='par_1_7' title="bbox 187 969 1841 1040">
     <span class='ocr_line' id='line_1_7' title="bbox 187 969 1841 1040; baseline -0.002 -13"><span class='ocrx_word' id='word_1_48' title='bbox 187 972 267 1027; x_wconf 81' lang='lat' dir='ltr'>De</span> <span class='ocrx_word' id='word_1_49' title='bbox 313 985 471 1027; x_wconf 67' lang='lat' dir='ltr'>caena</span> <span class='ocrx_word' id='word_1_50' title='bbox 526 971 765 1036; x_wconf 78' lang='lat' dir='ltr'>Domini,</span> <span class='ocrx_word' id='word_1_51' title='bbox 800 974 856 1024; x_wconf 92' lang='lat' dir='ltr'>et</span> <span class='ocrx_word' id='word_1_52' title='bbox 884 969 1102 1024; x_wconf 87' lang='lat' dir='ltr'>librum</span> <span class='ocrx_word' id='word_1_53' title='bbox 1161 970 1526 1039; x_wconf 73' lang='lat' dir='ltr'>Confessionis</span> <span class='ocrx_word' id='word_1_54' title='bbox 1575 969 1841 1040; x_wconf 84' lang='lat' dir='ltr'>ejusdem</span> 
     </span>
    </p>
   </div>
   <div class='ocr_carea' id='block_1_8' title="bbox 190 1057 1843 1135">
    <p class='ocr_par' dir='ltr' id='par_1_8' title="bbox 190 1057 1843 1135">
     <span class='ocr_line' id='line_1_8' title="bbox 190 1057 1843 1135; baseline -0.002 -21"><span class='ocrx_word' id='word_1_55' title='bbox 190 1058 454 1115; x_wconf 82' lang='lat' dir='ltr'>Ratherii</span> <span class='ocrx_word' id='word_1_56' title='bbox 490 1076 501 1114; x_wconf 94' lang='lat'>:</span> <span class='ocrx_word' id='word_1_57' title='bbox 537 1063 742 1113; x_wconf 67' lang='lat' dir='ltr'>centera</span> <span class='ocrx_word' id='word_1_58' title='bbox 771 1073 925 1125; x_wconf 92' lang='lat' dir='ltr'>vero,</span> <span class='ocrx_word' id='word_1_59' title='bbox 955 1075 1099 1135; x_wconf 40' lang='lat' dir='ltr'>quae.</span> <span class='ocrx_word' id='word_1_60' title='bbox 1115 1058 1290 1114; x_wconf 91' lang='lat' dir='ltr'>simul</span> <span class='ocrx_word' id='word_1_61' title='bbox 1350 1059 1701 1130; x_wconf 85' lang='lat' dir='ltr'>accepimus,</span> <span class='ocrx_word' id='word_1_62' title='bbox 1736 1057 1843 1112; x_wconf 83' lang='lat' dir='ltr'>etsi</span> 
     </span>
    </p>
   </div>
   <div class='ocr_carea' id='block_1_9' title="bbox 191 1145 1842 1220">
    <p class='ocr_par' dir='ltr' id='par_1_9' title="bbox 191 1145 1842 1220">
     <span class='ocr_line' id='line_1_9' title="bbox 191 1145 1842 1220; baseline -0.001 -17"><span class='ocrx_word' id='word_1_63' title='bbox 191 1152 365 1204; x_wconf 81' lang='lat' dir='ltr'><strong>antea</strong></span> <span class='ocrx_word' id='word_1_64' title='bbox 393 1146 567 1214; x_wconf 90' lang='lat' dir='ltr'>edita,</span> <span class='ocrx_word' id='word_1_65' title='bbox 599 1145 981 1201; x_wconf 87' lang='lat' dir='ltr'>emendandis</span> <span class='ocrx_word' id='word_1_66' title='bbox 1014 1149 1207 1201; x_wconf 86' lang='lat' dir='ltr'>tamen</span> <span class='ocrx_word' id='word_1_67' title='bbox 1264 1146 1488 1220; x_wconf 86' lang='lat' dir='ltr'>aliquot</span> <span class='ocrx_word' id='word_1_68' title='bbox 1518 1147 1660 1202; x_wconf 91' lang='lat' dir='ltr'>locis</span> <span class='ocrx_word' id='word_1_69' title='bbox 1711 1163 1842 1218; x_wconf 89' lang='lat' dir='ltr'>pro-</span> 
     </span>
    </p>
   </div>
   <div class='ocr_carea' id='block_1_10' title="bbox 193 1237 450 1292">
    <p class='ocr_par' dir='ltr' id='par_1_10' title="bbox 193 1237 450 1292">
     <span class='ocr_line' id='line_1_10' title="bbox 193 1237 450 1292; baseline -0.012 0"><span class='ocrx_word' id='word_1_70' title='bbox 193 1237 450 1292; x_wconf 86' lang='lat' dir='ltr'>fuerunt.</span> 
     </span>
    </p>
   </div>
   <div class='ocr_carea' id='block_1_11' title="bbox 266 1323 1847 1396">
    <p class='ocr_par' dir='ltr' id='par_1_11' title="bbox 266 1323 1847 1396">
     <span class='ocr_line' id='line_1_11' title="bbox 266 1323 1847 1396; baseline 0 -16"><span class='ocrx_word' id='word_1_71' title='bbox 266 1324 438 1380; x_wconf 85' lang='lat' dir='ltr'><strong>XVII.</strong></span> <span class='ocrx_word' id='word_1_72' title='bbox 459 1323 575 1380; x_wconf 87' lang='lat' dir='ltr'>Hac</span> <span class='ocrx_word' id='word_1_73' title='bbox 595 1341 729 1380; x_wconf 90' lang='lat' dir='ltr'>vero</span> <span class='ocrx_word' id='word_1_74' title='bbox 751 1323 1055 1396; x_wconf 87' lang='lat' dir='ltr'>diligentia</span> <span class='ocrx_word' id='word_1_75' title='bbox 1082 1341 1195 1379; x_wconf 93' lang='lat' dir='ltr'>non</span> <span class='ocrx_word' id='word_1_76' title='bbox 1240 1326 1515 1393; x_wconf 88' lang='lat' dir='ltr'>contenti,</span> <span class='ocrx_word' id='word_1_77' title='bbox 1549 1342 1683 1380; x_wconf 90' lang='lat' dir='ltr'>cum</span> <span class='ocrx_word' id='word_1_78' title='bbox 1714 1323 1847 1380; x_wconf 86' lang='lat' dir='ltr'>lau-</span> 
     </span>
    </p>
   </div>
   <div class='ocr_carea' id='block_1_12' title="bbox 203 1413 1850 1486">
    <p class='ocr_par' dir='ltr' id='par_1_12' title="bbox 203 1413 1850 1486">
     <span class='ocr_line' id='line_1_12' title="bbox 203 1413 1850 1486; baseline -0.002 -16"><span class='ocrx_word' id='word_1_79' title='bbox 203 1414 340 1470; x_wconf 91' lang='lat' dir='ltr'>dato</span> <span class='ocrx_word' id='word_1_80' title='bbox 371 1413 581 1469; x_wconf 89' lang='lat' dir='ltr'>comite</span> <span class='ocrx_word' id='word_1_81' title='bbox 611 1413 836 1469; x_wconf 87' lang='lat' dir='ltr'>Joanne</span> <span class='ocrx_word' id='word_1_82' title='bbox 869 1413 1130 1485; x_wconf 88' lang='lat' dir='ltr'>Baptista</span> <span class='ocrx_word' id='word_1_83' title='bbox 1160 1413 1231 1468; x_wconf 94' lang='lat' dir='ltr'>de</span> <span class='ocrx_word' id='word_1_84' title='bbox 1260 1413 1514 1470; x_wconf 87' lang='lat' dir='ltr'>Veritate</span> <span class='ocrx_word' id='word_1_85' title='bbox 1534 1415 1764 1486; x_wconf 78' lang='lat' dir='ltr'>egimus</span> <span class='ocrx_word' id='word_1_86' title='bbox 1785 1418 1850 1469; x_wconf 91' lang='lat' dir='ltr'>ut</span> 
     </span>
    </p>
   </div>
   <div class='ocr_carea' id='block_1_13' title="bbox 203 1501 1848 1575">
    <p class='ocr_par' dir='ltr' id='par_1_13' title="bbox 203 1501 1848 1575">
     <span class='ocr_line' id='line_1_13' title="bbox 203 1501 1848 1575; baseline 0 -19"><span class='ocrx_word' id='word_1_87' title='bbox 203 1501 757 1558; x_wconf 91' lang='lat' dir='ltr'>reverendissimum</span> <span class='ocrx_word' id='word_1_88' title='bbox 777 1502 1047 1558; x_wconf 87' lang='lat' dir='ltr'>abbatem</span> <span class='ocrx_word' id='word_1_89' title='bbox 1064 1501 1308 1556; x_wconf 89' lang='lat' dir='ltr'>Paulum</span> <span class='ocrx_word' id='word_1_90' title='bbox 1327 1504 1402 1557; x_wconf 92' lang='lat' dir='ltr'>du</span> <span class='ocrx_word' id='word_1_91' title='bbox 1421 1503 1679 1575; x_wconf 84' lang='lat' dir='ltr'>Bois.qui</span> <span class='ocrx_word' id='word_1_92' title='bbox 1698 1502 1848 1557; x_wconf 88' lang='lat' dir='ltr'>The-</span> 
     </span>
    </p>
   </div>
   <div class='ocr_carea' id='block_1_14' title="bbox 209 1589 1850 1663">
    <p class='ocr_par' dir='ltr' id='par_1_14' title="bbox 209 1589 1850 1663">
     <span class='ocr_line' id='line_1_14' title="bbox 209 1589 1850 1663; baseline -0.002 -17"><span class='ocrx_word' id='word_1_93' title='bbox 209 1589 407 1646; x_wconf 86' lang='lat' dir='ltr'>odulfo</span> <span class='ocrx_word' id='word_1_94' title='bbox 440 1594 760 1646; x_wconf 89' lang='lat' dir='ltr'>memorato</span> <span class='ocrx_word' id='word_1_95' title='bbox 785 1590 1088 1657; x_wconf 87' lang='lat' dir='ltr'>successit,</span> <span class='ocrx_word' id='word_1_96' title='bbox 1102 1591 1171 1644; x_wconf 93' lang='lat' dir='ltr'>ad</span> <span class='ocrx_word' id='word_1_97' title='bbox 1199 1607 1412 1645; x_wconf 89' lang='lat' dir='ltr'>novum</span> <span class='ocrx_word' id='word_1_98' title='bbox 1435 1595 1490 1644; x_wconf 91' lang='lat' dir='ltr'>et</span> <span class='ocrx_word' id='word_1_99' title='bbox 1510 1589 1850 1663; x_wconf 87' lang='lat' dir='ltr'>diligentius</span> 
     </span>
    </p>
   </div>
   <div class='ocr_carea' id='block_1_15' title="bbox 211 1677 1850 1749">
    <p class='ocr_par' dir='ltr' id='par_1_15' title="bbox 211 1677 1850 1749">
     <span class='ocr_line' id='line_1_15' title="bbox 211 1677 1850 1749; baseline 0.001 -16"><span class='ocrx_word' id='word_1_100' title='bbox 211 1677 590 1735; x_wconf 91' lang='lat' dir='ltr'>Lobiensium</span> <span class='ocrx_word' id='word_1_101' title='bbox 614 1678 881 1733; x_wconf 89' lang='lat' dir='ltr'>codicum</span> <span class='ocrx_word' id='word_1_102' title='bbox 905 1693 1143 1732; x_wconf 84' lang='lat' dir='ltr'>examen</span> <span class='ocrx_word' id='word_1_103' title='bbox 1169 1694 1271 1749; x_wconf 90' lang='lat' dir='ltr'>per</span> <span class='ocrx_word' id='word_1_104' title='bbox 1301 1677 1526 1733; x_wconf 84' lang='lat' dir='ltr'>litteras</span> <span class='ocrx_word' id='word_1_105' title='bbox 1557 1679 1850 1734; x_wconf 86' lang='lat' dir='ltr'>excitaret.</span> 
     </span>
    </p>
   </div>
   <div class='ocr_carea' id='block_1_16' title="bbox 1949 607 3606 678">
    <p class='ocr_par' dir='ltr' id='par_1_16' title="bbox 1949 607 3606 678">
     <span class='ocr_line' id='line_1_16' title="bbox 1949 607 3606 678; baseline -0.002 -12"><span class='ocrx_word' id='word_1_106' title='bbox 1949 611 2049 678; x_wconf 89' lang='lat' dir='ltr'>vit,</span> <span class='ocrx_word' id='word_1_107' title='bbox 2073 627 2177 666; x_wconf 91' lang='lat' dir='ltr'>nec</span> <span class='ocrx_word' id='word_1_108' title='bbox 2208 628 2322 667; x_wconf 94' lang='lat' dir='ltr'>non</span> <span class='ocrx_word' id='word_1_109' title='bbox 2357 610 2516 666; x_wconf 89' lang='lat' dir='ltr'>illam</span> <span class='ocrx_word' id='word_1_110' title='bbox 2541 611 2609 665; x_wconf 88' lang='lat' dir='ltr'>ad</span> <span class='ocrx_word' id='word_1_111' title='bbox 2644 610 2932 665; x_wconf 86' lang='lat' dir='ltr'>Patricum</span> <span class='ocrx_word' id='word_1_112' title='bbox 2948 608 3275 664; x_wconf 88' lang='lat' dir='ltr'>abAcherio</span> <span class='ocrx_word' id='word_1_113' title='bbox 3295 607 3606 672; x_wconf 88' lang='lat' dir='ltr'>editam,et</span> 
     </span>
    </p>
   </div>
   <div class='ocr_carea' id='block_1_17' title="bbox 1951 695 3603 770">
    <p class='ocr_par' dir='ltr' id='par_1_17' title="bbox 1951 695 3603 770">
     <span class='ocr_line' id='line_1_17' title="bbox 1951 695 3603 770; baseline -0.004 -14"><span class='ocrx_word' id='word_1_114' title='bbox 1951 699 2124 757; x_wconf 89' lang='lat' dir='ltr'>aliam</span> <span class='ocrx_word' id='word_1_115' title='bbox 2157 701 2227 755; x_wconf 92' lang='lat' dir='ltr'>ad</span> <span class='ocrx_word' id='word_1_116' title='bbox 2261 715 2465 754; x_wconf 90' lang='lat' dir='ltr'>omnes</span> <span class='ocrx_word' id='word_1_117' title='bbox 2493 698 2712 766; x_wconf 84' lang='lat' dir='ltr'>ﬁdeles,</span> <span class='ocrx_word' id='word_1_118' title='bbox 2744 714 2922 770; x_wconf 90' lang='lat' dir='ltr'>quam</span> <span class='ocrx_word' id='word_1_119' title='bbox 2955 714 3024 753; x_wconf 81' lang='lat' dir='ltr'>ex</span> <span class='ocrx_word' id='word_1_120' title='bbox 3053 697 3161 752; x_wconf 92' lang='lat' dir='ltr'>hoc</span> <span class='ocrx_word' id='word_1_121' title='bbox 3192 697 3395 752; x_wconf 93' lang='lat' dir='ltr'>eodem</span> <span class='ocrx_word' id='word_1_122' title='bbox 3410 695 3603 751; x_wconf 89' lang='lat' dir='ltr'>codice</span> 
     </span>
    </p>
   </div>
   <div class='ocr_carea' id='block_1_18' title="bbox 1951 786 3604 859">
    <p class='ocr_par' dir='ltr' id='par_1_18' title="bbox 1951 786 3604 859">
     <span class='ocr_line' id='line_1_18' title="bbox 1951 786 3604 859; baseline -0.002 -16"><span class='ocrx_word' id='word_1_123' title='bbox 1951 789 2057 844; x_wconf 93' lang='lat' dir='ltr'>PP.</span> <span class='ocrx_word' id='word_1_124' title='bbox 2090 790 2348 845; x_wconf 87' lang='lat' dir='ltr'>Martene</span> <span class='ocrx_word' id='word_1_125' title='bbox 2377 791 2434 843; x_wconf 90' lang='lat' dir='ltr'>et</span> <span class='ocrx_word' id='word_1_126' title='bbox 2465 788 2776 843; x_wconf 91' lang='lat' dir='ltr'>Durandus</span> <span class='ocrx_word' id='word_1_127' title='bbox 2809 787 3176 859; x_wconf 90' lang='lat' dir='ltr'>impressere.</span> <span class='ocrx_word' id='word_1_128' title='bbox 3195 786 3298 841; x_wconf 82' lang='lat' dir='ltr'>H16</span> <span class='ocrx_word' id='word_1_129' title='bbox 3321 801 3492 857; x_wconf 92' lang='lat' dir='ltr'>porro</span> <span class='ocrx_word' id='word_1_130' title='bbox 3515 801 3604 840; x_wconf 87' lang='lat' dir='ltr'>co-</span> 
     </span>
    </p>
   </div>
   <div class='ocr_carea' id='block_1_19' title="bbox 1952 875 3604 950">
    <p class='ocr_par' dir='ltr' id='par_1_19' title="bbox 1952 875 3604 950">
     <span class='ocr_line' id='line_1_19' title="bbox 1952 875 3604 950; baseline -0.004 -16"><span class='ocrx_word' id='word_1_131' title='bbox 1952 879 2061 934; x_wconf 89' lang='lat' dir='ltr'>dex</span> <span class='ocrx_word' id='word_1_132' title='bbox 2093 883 2300 950; x_wconf 78' lang='lat' dir='ltr'>praeter</span> <span class='ocrx_word' id='word_1_133' title='bbox 2333 877 2616 931; x_wconf 88' lang='lat' dir='ltr'>ineditum</span> <span class='ocrx_word' id='word_1_134' title='bbox 2649 877 2866 931; x_wconf 88' lang='lat' dir='ltr'>librum</span> <span class='ocrx_word' id='word_1_135' title='bbox 2917 875 3306 948; x_wconf 79' lang='lat' dir='ltr'>Confessionis,</span> <span class='ocrx_word' id='word_1_136' title='bbox 3342 889 3604 928; x_wconf 87' lang='lat' dir='ltr'>reveren-</span> 
     </span>
    </p>
   </div>
   <div class='ocr_carea' id='block_1_20' title="bbox 1952 961 3604 1036">
    <p class='ocr_par' dir='ltr' id='par_1_20' title="bbox 1952 961 3604 1036">
     <span class='ocr_line' id='line_1_20' title="bbox 1952 961 3604 1036; baseline -0.003 -14"><span class='ocrx_word' id='word_1_137' title='bbox 1952 967 2181 1022; x_wconf 91' lang='lat' dir='ltr'>dissimi</span> <span class='ocrx_word' id='word_1_138' title='bbox 2215 966 2400 1020; x_wconf 81' lang='lat' dir='ltr'>Patris</span> <span class='ocrx_word' id='word_1_139' title='bbox 2432 966 2663 1022; x_wconf 85' lang='lat' dir='ltr'>abbatis</span> <span class='ocrx_word' id='word_1_140' title='bbox 2679 964 2835 1020; x_wconf 85' lang='lat' dir='ltr'>Pauli</span> <span class='ocrx_word' id='word_1_141' title='bbox 2854 965 2932 1020; x_wconf 93' lang='lat' dir='ltr'>du</span> <span class='ocrx_word' id='word_1_142' title='bbox 2951 965 3084 1020; x_wconf 92' lang='lat' dir='ltr'>Bois</span> <span class='ocrx_word' id='word_1_143' title='bbox 3109 962 3430 1036; x_wconf 80' lang='lat' dir='ltr'>diligentia,</span> <span class='ocrx_word' id='word_1_144' title='bbox 3447 961 3604 1018; x_wconf 87' lang='lat' dir='ltr'>aliud</span> 
     </span>
    </p>
   </div>
   <div class='ocr_carea' id='block_1_21' title="bbox 1955 1051 3608 1127">
    <p class='ocr_par' dir='ltr' id='par_1_21' title="bbox 1955 1051 3608 1127">
     <span class='ocr_line' id='line_1_21' title="bbox 1955 1051 3608 1127; baseline -0.002 -17"><span class='ocrx_word' id='word_1_145' title='bbox 1955 1057 2241 1112; x_wconf 85' lang='lat' dir='ltr'>ineditum</span> <span class='ocrx_word' id='word_1_146' title='bbox 2264 1055 2619 1127; x_wconf 87' lang='lat' dir='ltr'>opusculum</span> <span class='ocrx_word' id='word_1_147' title='bbox 2636 1053 3046 1127; x_wconf 84' lang='lat' dir='ltr'>suppeditavit,</span> <span class='ocrx_word' id='word_1_148' title='bbox 3066 1053 3346 1108; x_wconf 82' lang='lat' dir='ltr'>nimirum</span> <span class='ocrx_word' id='word_1_149' title='bbox 3372 1051 3608 1106; x_wconf 82' lang='lat' dir='ltr'>Phrene-</span> 
     </span>
    </p>
   </div>
   <div class='ocr_carea' id='block_1_22' title="bbox 1957 1140 3606 1216">
    <p class='ocr_par' dir='ltr' id='par_1_22' title="bbox 1957 1140 3606 1216">
     <span class='ocr_line' id='line_1_22' title="bbox 1957 1140 3606 1216; baseline -0.002 -16"><span class='ocrx_word' id='word_1_150' title='bbox 1957 1147 2082 1216; x_wconf 86' lang='lat' dir='ltr'>sim,</span> <span class='ocrx_word' id='word_1_151' title='bbox 2114 1161 2239 1216; x_wconf 70' lang='lat' dir='ltr'>quae</span> <span class='ocrx_word' id='word_1_152' title='bbox 2268 1143 2410 1199; x_wconf 89' lang='lat' dir='ltr'>olim</span> <span class='ocrx_word' id='word_1_153' title='bbox 2444 1161 2478 1198; x_wconf 90' lang='lat' dir='ltr'>a</span> <span class='ocrx_word' id='word_1_154' title='bbox 2509 1143 2817 1208; x_wconf 88' lang='lat' dir='ltr'>Fulcuino,</span> <span class='ocrx_word' id='word_1_155' title='bbox 2851 1148 3053 1214; x_wconf 90' lang='lat' dir='ltr'>postea</span> <span class='ocrx_word' id='word_1_156' title='bbox 3080 1158 3214 1197; x_wconf 91' lang='lat' dir='ltr'>vero</span> <span class='ocrx_word' id='word_1_157' title='bbox 3244 1141 3316 1196; x_wconf 93' lang='lat' dir='ltr'>ab</span> <span class='ocrx_word' id='word_1_158' title='bbox 3357 1140 3606 1196; x_wconf 87' lang='lat' dir='ltr'>Antonio</span> 
     </span>
    </p>
   </div>
   <div class='ocr_carea' id='block_1_23' title="bbox 1956 1228 3607 1305">
    <p class='ocr_par' dir='ltr' id='par_1_23' title="bbox 1956 1228 3607 1305">
     <span class='ocr_line' id='line_1_23' title="bbox 1956 1228 3607 1305; baseline -0.004 -16"><span class='ocrx_word' id='word_1_159' title='bbox 1956 1233 2215 1290; x_wconf 90' lang='lat' dir='ltr'>Sandero</span> <span class='ocrx_word' id='word_1_160' title='bbox 2238 1233 2480 1288; x_wconf 89' lang='lat' dir='ltr'>laudata</span> <span class='ocrx_word' id='word_1_161' title='bbox 2511 1233 2794 1305; x_wconf 83' lang='lat' dir='ltr'>(Biblioth.</span> <span class='ocrx_word' id='word_1_162' title='bbox 2827 1232 3056 1301; x_wconf 81' lang='lat' dir='ltr'>Belgic.,</span> <span class='ocrx_word' id='word_1_163' title='bbox 3083 1246 3139 1302; x_wconf 93' lang='lat' dir='ltr'>p.</span> <span class='ocrx_word' id='word_1_164' title='bbox 3162 1230 3313 1296; x_wconf 90' lang='lat'>303),</span> <span class='ocrx_word' id='word_1_165' title='bbox 3355 1228 3414 1283; x_wconf 91' lang='lat' dir='ltr'>in</span> <span class='ocrx_word' id='word_1_166' title='bbox 3456 1229 3607 1284; x_wconf 91' lang='lat' dir='ltr'>desi-</span> 
     </span>
    </p>
   </div>
   <div class='ocr_carea' id='block_1_24' title="bbox 1956 1318 3609 1390">
    <p class='ocr_par' dir='ltr' id='par_1_24' title="bbox 1956 1318 3609 1390">
     <span class='ocr_line' id='line_1_24' title="bbox 1956 1318 3609 1390; baseline -0.004 -12"><span class='ocrx_word' id='word_1_167' title='bbox 1956 1323 2114 1378; x_wconf 89' lang='lat' dir='ltr'>derio</span> <span class='ocrx_word' id='word_1_168' title='bbox 2161 1325 2302 1377; x_wconf 91' lang='lat' dir='ltr'>erat.</span> <span class='ocrx_word' id='word_1_169' title='bbox 2337 1323 2418 1378; x_wconf 87' lang='lat' dir='ltr'>Ex</span> <span class='ocrx_word' id='word_1_170' title='bbox 2476 1321 2766 1378; x_wconf 82' lang='lat' dir='ltr'>hactenus</span> <span class='ocrx_word' id='word_1_171' title='bbox 2824 1320 2996 1375; x_wconf 89' lang='lat' dir='ltr'>dictis</span> <span class='ocrx_word' id='word_1_172' title='bbox 3054 1335 3257 1375; x_wconf 88' lang='lat' dir='ltr'>novem</span> <span class='ocrx_word' id='word_1_173' title='bbox 3317 1334 3444 1374; x_wconf 90' lang='lat' dir='ltr'>esse</span> <span class='ocrx_word' id='word_1_174' title='bbox 3475 1318 3609 1390; x_wconf 82' lang='lat' dir='ltr'>[xiv]</span> 
     </span>
    </p>
   </div>
   <div class='ocr_carea' id='block_1_25' title="bbox 1959 1405 3610 1482">
    <p class='ocr_par' dir='ltr' id='par_1_25' title="bbox 1959 1405 3610 1482">
     <span class='ocr_line' id='line_1_25' title="bbox 1959 1405 3610 1482; baseline -0.004 -14"><span class='ocrx_word' id='word_1_175' title='bbox 1959 1410 2218 1468; x_wconf 84' lang='lat' dir='ltr'>Ratherii</span> <span class='ocrx_word' id='word_1_176' title='bbox 2248 1407 2554 1482; x_wconf 90' lang='lat' dir='ltr'>opuscula,</span> <span class='ocrx_word' id='word_1_177' title='bbox 2585 1426 2712 1481; x_wconf 67' lang='lat' dir='ltr'>quae</span> <span class='ocrx_word' id='word_1_178' title='bbox 2742 1409 2800 1464; x_wconf 92' lang='lat' dir='ltr'>in</span> <span class='ocrx_word' id='word_1_179' title='bbox 2833 1408 2943 1463; x_wconf 89' lang='lat' dir='ltr'>hac</span> <span class='ocrx_word' id='word_1_180' title='bbox 2975 1405 3314 1463; x_wconf 89' lang='lat' dir='ltr'>collectione</span> <span class='ocrx_word' id='word_1_181' title='bbox 3355 1407 3610 1479; x_wconf 90' lang='lat' dir='ltr'>primum</span> 
     </span>
    </p>
   </div>
   <div class='ocr_carea' id='block_1_26' title="bbox 1959 1497 3004 1571">
    <p class='ocr_par' dir='ltr' id='par_1_26' title="bbox 1959 1497 3004 1571">
     <span class='ocr_line' id='line_1_26' title="bbox 1959 1497 3004 1571; baseline -0.003 -17"><span class='ocrx_word' id='word_1_182' title='bbox 1959 1499 2149 1556; x_wconf 88' lang='lat' dir='ltr'>lucem</span> <span class='ocrx_word' id='word_1_183' title='bbox 2175 1498 2477 1571; x_wconf 89' lang='lat' dir='ltr'>aspicient,</span> <span class='ocrx_word' id='word_1_184' title='bbox 2500 1497 2862 1570; x_wconf 89' lang='lat' dir='ltr'>exploratum</span> <span class='ocrx_word' id='word_1_185' title='bbox 2893 1501 3004 1552; x_wconf 92' lang='lat' dir='ltr'>est.</span> 
     </span>
    </p>
   </div>
   <div class='ocr_carea' id='block_1_27' title="bbox 2031 1583 3614 1659">
    <p class='ocr_par' dir='ltr' id='par_1_27' title="bbox 2031 1583 3614 1659">
     <span class='ocr_line' id='line_1_27' title="bbox 2031 1583 3614 1659; baseline -0.003 -17"><span class='ocrx_word' id='word_1_186' title='bbox 2031 1587 2365 1643; x_wconf 86' lang='lat' dir='ltr'>XVIII.Alia</span> <span class='ocrx_word' id='word_1_187' title='bbox 2393 1603 2528 1643; x_wconf 89' lang='lat' dir='ltr'>vero</span> <span class='ocrx_word' id='word_1_188' title='bbox 2551 1603 2803 1659; x_wconf 91' lang='lat' dir='ltr'>quorum</span> <span class='ocrx_word' id='word_1_189' title='bbox 2835 1585 3095 1657; x_wconf 89' lang='lat' dir='ltr'>aliquam</span> <span class='ocrx_word' id='word_1_190' title='bbox 3121 1585 3276 1657; x_wconf 90' lang='lat' dir='ltr'>apud</span> <span class='ocrx_word' id='word_1_191' title='bbox 3300 1583 3614 1657; x_wconf 89' lang='lat' dir='ltr'>scriptores</span> 
     </span>
    </p>
   </div>
   <div class='ocr_carea' id='block_1_28' title="bbox 1962 1673 3614 1748">
    <p class='ocr_par' dir='ltr' id='par_1_28' title="bbox 1962 1673 3614 1748">
     <span class='ocr_line' id='line_1_28' title="bbox 1962 1673 3614 1748; baseline -0.004 -16"><span class='ocrx_word' id='word_1_192' title='bbox 1962 1677 2319 1733; x_wconf 88' lang='lat' dir='ltr'>mentionem</span> <span class='ocrx_word' id='word_1_193' title='bbox 2351 1677 2706 1744; x_wconf 85' lang='lat' dir='ltr'>invenimus,</span> <span class='ocrx_word' id='word_1_194' title='bbox 2741 1691 3092 1748; x_wconf 88' lang='lat' dir='ltr'>quacunque</span> <span class='ocrx_word' id='word_1_195' title='bbox 3113 1673 3417 1747; x_wconf 84' lang='lat' dir='ltr'>diligentia</span> <span class='ocrx_word' id='word_1_196' title='bbox 3447 1673 3614 1728; x_wconf 90' lang='lat' dir='ltr'>adhi-</span> 
     </span>
    </p>
   </div>
   <div class='ocr_carea' id='block_1_29' title="bbox 212 1761 3615 1838">
    <p class='ocr_par' dir='ltr' id='par_1_29' title="bbox 212 1761 3615 1838">
     <span class='ocr_line' id='line_1_29' title="bbox 212 1761 3615 1838; baseline -0.002 -16"><span class='ocrx_word' id='word_1_197' title='bbox 212 1767 436 1822; x_wconf 91' lang='lat' dir='ltr'>Annuit</span> <span class='ocrx_word' id='word_1_198' title='bbox 469 1767 622 1821; x_wconf 81' lang='lat' dir='ltr'>idem</span> <span class='ocrx_word' id='word_1_199' title='bbox 657 1766 858 1832; x_wconf 88' lang='lat' dir='ltr'>abbas,</span> <span class='ocrx_word' id='word_1_200' title='bbox 887 1769 945 1820; x_wconf 91' lang='lat' dir='ltr'>et</span> <span class='ocrx_word' id='word_1_201' title='bbox 977 1769 1108 1837; x_wconf 91' lang='lat' dir='ltr'>post</span> <span class='ocrx_word' id='word_1_202' title='bbox 1136 1764 1481 1822; x_wconf 85' lang='lat' dir='ltr'>exactiorem</span> <span class='ocrx_word' id='word_1_203' title='bbox 1515 1765 1854 1838; x_wconf 90' lang='lat' dir='ltr'>inquisitio-</span> <span class='ocrx_word' id='word_1_204' title='bbox 1962 1765 2085 1822; x_wconf 89' lang='lat' dir='ltr'>bita</span> <span class='ocrx_word' id='word_1_205' title='bbox 2115 1764 2324 1820; x_wconf 92' lang='lat' dir='ltr'>nullibi</span> <span class='ocrx_word' id='word_1_206' title='bbox 2359 1765 2608 1836; x_wconf 89' lang='lat' dir='ltr'>reperire</span> <span class='ocrx_word' id='word_1_207' title='bbox 2637 1763 2823 1819; x_wconf 90' lang='lat' dir='ltr'>licuit.</span> <span class='ocrx_word' id='word_1_208' title='bbox 2846 1767 3272 1819; x_wconf 86' lang='lat' dir='ltr'>Horumautem</span> <span class='ocrx_word' id='word_1_209' title='bbox 3288 1761 3615 1818; x_wconf 88' lang='lat' dir='ltr'>recensioin</span> 
     </span>
    </p>
   </div>
   <div class='ocr_carea' id='block_1_30' title="bbox 208 1850 3634 1956">
    <p class='ocr_par' dir='ltr' id='par_1_30' title="bbox 208 1850 3634 1956">
     <span class='ocr_line' id='line_1_30' title="bbox 208 1850 3634 1956; baseline -0.002 -44"><span class='ocrx_word' id='word_1_210' title='bbox 208 1871 340 1912; x_wconf 89' lang='lat' dir='ltr'>nem</span> <span class='ocrx_word' id='word_1_211' title='bbox 364 1854 663 1927; x_wconf 81' lang='lat' dir='ltr'>rescripsit</span> <span class='ocrx_word' id='word_1_212' title='bbox 685 1855 797 1909; x_wconf 89' lang='lat' dir='ltr'>tria</span> <span class='ocrx_word' id='word_1_213' title='bbox 823 1871 977 1909; x_wconf 90' lang='lat' dir='ltr'>nunc</span> <span class='ocrx_word' id='word_1_214' title='bbox 1001 1855 1400 1926; x_wconf 87' lang='lat' dir='ltr'>manuscripta</span> <span class='ocrx_word' id='word_1_215' title='bbox 1422 1855 1773 1927; x_wconf 76' lang='lat' dir='ltr'>exemplaria</span> <span class='ocrx_word' id='word_1_216' title='bbox 1797 1856 1851 1909; x_wconf 88' lang='lat' dir='ltr'><strong>in</strong></span> <span class='ocrx_word' id='word_1_217' title='bbox 1889 1892 1936 1956; x_wconf 77' lang='grc' dir='ltr'>Β</span> <span class='ocrx_word' id='word_1_218' title='bbox 1967 1854 2076 1910; x_wconf 88' lang='lat' dir='ltr'>hac</span> <span class='ocrx_word' id='word_1_219' title='bbox 2110 1853 2442 1926; x_wconf 66' lang='lat' dir='ltr'>prazfatione</span> <span class='ocrx_word' id='word_1_220' title='bbox 2476 1853 2633 1908; x_wconf 90' lang='lat' dir='ltr'>haud</span> <span class='ocrx_word' id='word_1_221' title='bbox 2673 1853 3006 1909; x_wconf 87' lang='lat' dir='ltr'>omittenda</span> <span class='ocrx_word' id='word_1_222' title='bbox 3037 1855 3291 1924; x_wconf 87' lang='lat' dir='ltr'>est.lpse</span> <span class='ocrx_word' id='word_1_223' title='bbox 3324 1850 3634 1906; x_wconf 84' lang='lat' dir='ltr'>Rathcrius</span> 
     </span>
    </p>
   </div>
   <div class='ocr_carea' id='block_1_31' title="bbox 209 1941 1862 2016">
    <p class='ocr_par' dir='ltr' id='par_1_31' title="bbox 209 1941 1862 2016">
     <span class='ocr_line' id='line_1_31' title="bbox 209 1941 1862 2016; baseline 0 -16"><span class='ocrx_word' id='word_1_224' title='bbox 209 1961 277 2000; x_wconf 89' lang='lat' dir='ltr'>ea</span> <span class='ocrx_word' id='word_1_225' title='bbox 309 1943 667 2000; x_wconf 88' lang='lat' dir='ltr'>bibliotheca</span> <span class='ocrx_word' id='word_1_226' title='bbox 696 1941 955 2014; x_wconf 91' lang='lat' dir='ltr'>reperiri,</span> <span class='ocrx_word' id='word_1_227' title='bbox 993 1959 1120 2014; x_wconf 68' lang='lat' dir='ltr'>quae</span> <span class='ocrx_word' id='word_1_228' title='bbox 1152 1942 1348 2014; x_wconf 88' lang='lat' dir='ltr'>aliqua</span> <span class='ocrx_word' id='word_1_229' title='bbox 1399 1944 1654 1999; x_wconf 85' lang='lat' dir='ltr'>Ratherii</span> <span class='ocrx_word' id='word_1_230' title='bbox 1688 1961 1862 2016; x_wconf 91' lang='lat' dir='ltr'>opera</span> 
     </span>
    </p>
   </div>
   <div class='ocr_carea' id='block_1_32' title="bbox 212 2030 1869 2102">
    <p class='ocr_par' dir='ltr' id='par_1_32' title="bbox 212 2030 1869 2102">
     <span class='ocr_line' id='line_1_32' title="bbox 212 2030 1869 2102; baseline -0.001 -14"><span class='ocrx_word' id='word_1_231' title='bbox 212 2032 533 2088; x_wconf 87' lang='lat' dir='ltr'>continent.</span> <span class='ocrx_word' id='word_1_232' title='bbox 563 2031 754 2087; x_wconf 87' lang='lat' dir='ltr'>Unum</span> <span class='ocrx_word' id='word_1_233' title='bbox 787 2031 848 2085; x_wconf 92' lang='lat' dir='ltr'>in</span> <span class='ocrx_word' id='word_1_234' title='bbox 879 2030 1035 2097; x_wconf 87' lang='lat' dir='ltr'>folio,</span> <span class='ocrx_word' id='word_1_235' title='bbox 1059 2047 1126 2086; x_wconf 86' lang='lat' dir='ltr'>ex</span> <span class='ocrx_word' id='word_1_236' title='bbox 1149 2047 1262 2102; x_wconf 91' lang='lat' dir='ltr'>quo</span> <span class='ocrx_word' id='word_1_237' title='bbox 1285 2033 1397 2087; x_wconf 91' lang='lat' dir='ltr'>sub</span> <span class='ocrx_word' id='word_1_238' title='bbox 1427 2032 1748 2088; x_wconf 85' lang='lat' dir='ltr'>Theodulfo</span> <span class='ocrx_word' id='word_1_239' title='bbox 1770 2033 1869 2088; x_wconf 90' lang='lat' dir='ltr'>ab-</span> 
     </span>
    </p>
   </div>
   <div class='ocr_carea' id='block_1_33' title="bbox 215 2119 1868 2192">
    <p class='ocr_par' dir='ltr' id='par_1_33' title="bbox 215 2119 1868 2192">
     <span class='ocr_line' id='line_1_33' title="bbox 215 2119 1868 2192; baseline 0 -16"><span class='ocrx_word' id='word_1_240' title='bbox 215 2121 351 2176; x_wconf 91' lang='lat' dir='ltr'>bate</span> <span class='ocrx_word' id='word_1_241' title='bbox 381 2119 710 2192; x_wconf 80' lang='lat' dir='ltr'>exscriptus</span> <span class='ocrx_word' id='word_1_242' title='bbox 741 2119 850 2174; x_wconf 86' lang='lat' dir='ltr'>fuit</span> <span class='ocrx_word' id='word_1_243' title='bbox 879 2119 1170 2175; x_wconf 90' lang='lat' dir='ltr'>indicatus</span> <span class='ocrx_word' id='word_1_244' title='bbox 1219 2137 1412 2176; x_wconf 85' lang='lat' dir='ltr'>sermo</span> <span class='ocrx_word' id='word_1_245' title='bbox 1460 2123 1533 2176; x_wconf 82' lang='lat' dir='ltr'>De</span> <span class='ocrx_word' id='word_1_246' title='bbox 1563 2138 1710 2177; x_wconf 79' lang='lat' dir='ltr'>coma</span> <span class='ocrx_word' id='word_1_247' title='bbox 1765 2124 1868 2177; x_wconf 88' lang='lat' dir='ltr'>Do-</span> 
     </span>
    </p>
   </div>
   <div class='ocr_carea' id='block_1_34' title="bbox 218 2207 1870 2280">
    <p class='ocr_par' dir='ltr' id='par_1_34' title="bbox 218 2207 1870 2280">
     <span class='ocr_line' id='line_1_34' title="bbox 218 2207 1870 2280; baseline -0.001 -15"><span class='ocrx_word' id='word_1_248' title='bbox 218 2211 378 2265; x_wconf 83' lang='lat' dir='ltr'>mini.</span> <span class='ocrx_word' id='word_1_249' title='bbox 414 2209 526 2264; x_wconf 87' lang='lat' dir='ltr'>Iste</span> <span class='ocrx_word' id='word_1_250' title='bbox 558 2212 756 2263; x_wconf 87' lang='lat' dir='ltr'>autem</span> <span class='ocrx_word' id='word_1_251' title='bbox 786 2209 965 2264; x_wconf 85' lang='lat' dir='ltr'>codex</span> <span class='ocrx_word' id='word_1_252' title='bbox 997 2207 1092 2263; x_wconf 89' lang='lat' dir='ltr'>ille</span> <span class='ocrx_word' id='word_1_253' title='bbox 1121 2214 1210 2264; x_wconf 88' lang='lat' dir='ltr'>est</span> <span class='ocrx_word' id='word_1_254' title='bbox 1259 2209 1358 2280; x_wconf 88' lang='lat' dir='ltr'>qui</span> <span class='ocrx_word' id='word_1_255' title='bbox 1389 2208 1557 2280; x_wconf 89' lang='lat' dir='ltr'>plura</span> <span class='ocrx_word' id='word_1_256' title='bbox 1611 2209 1870 2265; x_wconf 85' lang='lat' dir='ltr'>continet</span> 
     </span>
    </p>
   </div>
   <div class='ocr_carea' id='block_1_35' title="bbox 220 2298 1874 2370">
    <p class='ocr_par' dir='ltr' id='par_1_35' title="bbox 220 2298 1874 2370">
     <span class='ocr_line' id='line_1_35' title="bbox 220 2298 1874 2370; baseline -0.001 -15"><span class='ocrx_word' id='word_1_257' title='bbox 220 2301 560 2355; x_wconf 88' lang='lat' dir='ltr'>sanctorum</span> <span class='ocrx_word' id='word_1_258' title='bbox 593 2301 918 2370; x_wconf 88' lang='lat' dir='ltr'>martyrum</span> <span class='ocrx_word' id='word_1_259' title='bbox 951 2302 1098 2363; x_wconf 88' lang='lat' dir='ltr'>acta,</span> <span class='ocrx_word' id='word_1_260' title='bbox 1123 2302 1179 2353; x_wconf 88' lang='lat' dir='ltr'>et</span> <span class='ocrx_word' id='word_1_261' title='bbox 1209 2298 1324 2353; x_wconf 90' lang='lat' dir='ltr'>alia</span> <span class='ocrx_word' id='word_1_262' title='bbox 1350 2298 1632 2353; x_wconf 91' lang='lat' dir='ltr'>nonnulla</span> <span class='ocrx_word' id='word_1_263' title='bbox 1657 2299 1726 2354; x_wconf 91' lang='lat' dir='ltr'>ad</span> <span class='ocrx_word' id='word_1_264' title='bbox 1759 2298 1874 2353; x_wconf 87' lang='lat' dir='ltr'>Ve-</span> 
     </span>
    </p>
   </div>
   <div class='ocr_carea' id='block_1_36' title="bbox 218 2385 1873 2469">
    <p class='ocr_par' dir='ltr' id='par_1_36' title="bbox 218 2385 1873 2469">
     <span class='ocr_line' id='line_1_36' title="bbox 218 2385 1873 2469; baseline -0.001 -28"><span class='ocrx_word' id='word_1_265' title='bbox 218 2403 424 2442; x_wconf 88' lang='lat' dir='ltr'>ronam</span> <span class='ocrx_word' id='word_1_266' title='bbox 452 2385 802 2469; x_wconf 85' lang='lat' dir='ltr'>pertinentia</span> <span class='ocrx_word' id='word_1_267' title='bbox 825 2403 838 2441; x_wconf 88' lang='lat'><strong>:</strong></span> <span class='ocrx_word' id='word_1_268' title='bbox 865 2402 1118 2457; x_wconf 89' lang='lat' dir='ltr'>cumque</span> <span class='ocrx_word' id='word_1_269' title='bbox 1141 2387 1190 2442; x_wconf 91' lang='lat' dir='ltr'>is</span> <span class='ocrx_word' id='word_1_270' title='bbox 1214 2387 1470 2442; x_wconf 83' lang='lat' dir='ltr'>Ratherii</span> <span class='ocrx_word' id='word_1_271' title='bbox 1494 2404 1668 2442; x_wconf 91' lang='lat' dir='ltr'>manu</span> <span class='ocrx_word' id='word_1_272' title='bbox 1691 2387 1873 2459; x_wconf 90' lang='lat' dir='ltr'>scrip-</span> 
     </span>
    </p>
   </div>
   <div class='ocr_carea' id='block_1_37' title="bbox 217 2475 1878 2548">
    <p class='ocr_par' dir='ltr' id='par_1_37' title="bbox 217 2475 1878 2548">
     <span class='ocr_line' id='line_1_37' title="bbox 217 2475 1878 2548; baseline 0.001 -17"><span class='ocrx_word' id='word_1_273' title='bbox 217 2480 314 2532; x_wconf 91' lang='lat' dir='ltr'>tus</span> <span class='ocrx_word' id='word_1_274' title='bbox 326 2475 797 2542; x_wconf 91' lang='lat' dir='ltr'>crederetur,non</span> <span class='ocrx_word' id='word_1_275' title='bbox 813 2476 1234 2546; x_wconf 85' lang='lat' dir='ltr'>defueruntqui</span> <span class='ocrx_word' id='word_1_276' title='bbox 1253 2476 1524 2532; x_wconf 83' lang='lat' dir='ltr'>Ratberiu</span> <span class='ocrx_word' id='word_1_277' title='bbox 1537 2493 1589 2531; x_wconf 91' lang='lat' dir='ltr'>m</span> <span class='ocrx_word' id='word_1_278' title='bbox 1605 2493 1878 2548; x_wconf 88' lang='lat' dir='ltr'>quorum-</span> 
     </span>
    </p>
   </div>
   <div class='ocr_carea' id='block_1_38' title="bbox 220 2564 1878 2635">
    <p class='ocr_par' dir='ltr' id='par_1_38' title="bbox 220 2564 1878 2635">
     <span class='ocr_line' id='line_1_38' title="bbox 220 2564 1878 2635; baseline 0.001 -16"><span class='ocrx_word' id='word_1_279' title='bbox 220 2564 356 2620; x_wconf 90' lang='lat' dir='ltr'>dam</span> <span class='ocrx_word' id='word_1_280' title='bbox 399 2564 574 2620; x_wconf 90' lang='lat' dir='ltr'>etiam</span> <span class='ocrx_word' id='word_1_281' title='bbox 602 2567 865 2618; x_wconf 91' lang='lat' dir='ltr'>actorum</span> <span class='ocrx_word' id='word_1_282' title='bbox 915 2565 1355 2635; x_wconf 89' lang='lat' dir='ltr'>suspicarentur</span> <span class='ocrx_word' id='word_1_283' title='bbox 1410 2570 1728 2621; x_wconf 87' lang='lat' dir='ltr'>auctorem.</span> <span class='ocrx_word' id='word_1_284' title='bbox 1764 2566 1878 2621; x_wconf 86' lang='lat' dir='ltr'>Nos</span> 
     </span>
    </p>
   </div>
   <div class='ocr_carea' id='block_1_39' title="bbox 217 2652 1881 2725">
    <p class='ocr_par' dir='ltr' id='par_1_39' title="bbox 217 2652 1881 2725">
     <span class='ocr_line' id='line_1_39' title="bbox 217 2652 1881 2725; baseline 0 -17"><span class='ocrx_word' id='word_1_285' title='bbox 217 2667 360 2708; x_wconf 93' lang='lat' dir='ltr'>vero</span> <span class='ocrx_word' id='word_1_286' title='bbox 392 2652 499 2710; x_wconf 85' lang='lat' dir='ltr'>etsi</span> <span class='ocrx_word' id='word_1_287' title='bbox 525 2652 718 2724; x_wconf 91' lang='lat' dir='ltr'>ipsum</span> <span class='ocrx_word' id='word_1_288' title='bbox 751 2653 1009 2708; x_wconf 90' lang='lat' dir='ltr'>codicem</span> <span class='ocrx_word' id='word_1_289' title='bbox 1042 2653 1348 2724; x_wconf 86' lang='lat' dir='ltr'>inspicere,</span> <span class='ocrx_word' id='word_1_290' title='bbox 1369 2653 1881 2725; x_wconf 87' lang='lat' dir='ltr'>characteremque</span> 
     </span>
    </p>
   </div>
   <div class='ocr_carea' id='block_1_40' title="bbox 223 2740 1881 2812">
    <p class='ocr_par' dir='ltr' id='par_1_40' title="bbox 223 2740 1881 2812">
     <span class='ocr_line' id='line_1_40' title="bbox 223 2740 1881 2812; baseline 0 -15"><span class='ocrx_word' id='word_1_291' title='bbox 223 2757 359 2797; x_wconf 90' lang='lat' dir='ltr'>cum</span> <span class='ocrx_word' id='word_1_292' title='bbox 373 2740 852 2812; x_wconf 84' lang='lat' dir='ltr'>Ratheriano,qui</span> <span class='ocrx_word' id='word_1_293' title='bbox 875 2741 932 2795; x_wconf 93' lang='lat' dir='ltr'>in</span> <span class='ocrx_word' id='word_1_294' title='bbox 957 2740 1253 2812; x_wconf 90' lang='lat' dir='ltr'>aliquibus</span> <span class='ocrx_word' id='word_1_295' title='bbox 1273 2741 1510 2812; x_wconf 90' lang='lat' dir='ltr'>capituli</span> <span class='ocrx_word' id='word_1_296' title='bbox 1531 2742 1881 2798; x_wconf 85' lang='lat' dir='ltr'>Veronensis</span> 
     </span>
    </p>
   </div>
   <div class='ocr_carea' id='block_1_41' title="bbox 226 2828 1880 2901">
    <p class='ocr_par' dir='ltr' id='par_1_41' title="bbox 226 2828 1880 2901">
     <span class='ocr_line' id='line_1_41' title="bbox 226 2828 1880 2901; baseline 0.001 -17"><span class='ocrx_word' id='word_1_297' title='bbox 226 2828 510 2901; x_wconf 81' lang='lat' dir='ltr'>exemplis</span> <span class='ocrx_word' id='word_1_298' title='bbox 559 2833 754 2884; x_wconf 90' lang='lat' dir='ltr'>certus</span> <span class='ocrx_word' id='word_1_299' title='bbox 799 2828 1222 2900; x_wconf 79' lang='lat' dir='ltr'>(xm]Ratherii</span> <span class='ocrx_word' id='word_1_300' title='bbox 1257 2829 1554 2884; x_wconf 82' lang='lat' dir='ltr'>character</span> <span class='ocrx_word' id='word_1_301' title='bbox 1601 2835 1708 2898; x_wconf 91' lang='lat' dir='ltr'>est,</span> <span class='ocrx_word' id='word_1_302' title='bbox 1744 2847 1880 2885; x_wconf 90' lang='lat' dir='ltr'>con-</span> 
     </span>
    </p>
   </div>
   <div class='ocr_carea' id='block_1_42' title="bbox 231 2917 1882 2991">
    <p class='ocr_par' dir='ltr' id='par_1_42' title="bbox 231 2917 1882 2991">
     <span class='ocr_line' id='line_1_42' title="bbox 231 2917 1882 2991; baseline 0.001 -19"><span class='ocrx_word' id='word_1_303' title='bbox 231 2917 379 2974; x_wconf 88' lang='lat' dir='ltr'>ferre</span> <span class='ocrx_word' id='word_1_304' title='bbox 409 2918 783 2990; x_wconf 90' lang='lat' dir='ltr'>nequivimus</span> <span class='ocrx_word' id='word_1_305' title='bbox 809 2935 821 2984; x_wconf 92' lang='lat'><strong>;</strong></span> <span class='ocrx_word' id='word_1_306' title='bbox 847 2934 983 2973; x_wconf 91' lang='lat' dir='ltr'>eum</span> <span class='ocrx_word' id='word_1_307' title='bbox 1007 2922 1197 2973; x_wconf 91' lang='lat' dir='ltr'>tamen</span> <span class='ocrx_word' id='word_1_308' title='bbox 1222 2935 1400 2973; x_wconf 89' lang='lat' dir='ltr'>manu</span> <span class='ocrx_word' id='word_1_309' title='bbox 1419 2917 1604 2990; x_wconf 90' lang='lat' dir='ltr'>ipsius</span> <span class='ocrx_word' id='word_1_310' title='bbox 1626 2919 1882 2991; x_wconf 88' lang='lat' dir='ltr'>episcopi</span> 
     </span>
    </p>
   </div>
   <div class='ocr_carea' id='block_1_43' title="bbox 231 3005 1882 3078">
    <p class='ocr_par' dir='ltr' id='par_1_43' title="bbox 231 3005 1882 3078">
     <span class='ocr_line' id='line_1_43' title="bbox 231 3005 1882 3078; baseline 0 -16"><span class='ocrx_word' id='word_1_311' title='bbox 231 3011 533 3062; x_wconf 87' lang='lat' dir='ltr'>exaratum</span> <span class='ocrx_word' id='word_1_312' title='bbox 563 3005 1025 3078; x_wconf 86' lang='lat' dir='ltr'>haudquaquam</span> <span class='ocrx_word' id='word_1_313' title='bbox 1060 3011 1356 3078; x_wconf 87' lang='lat' dir='ltr'>putamus.</span> <span class='ocrx_word' id='word_1_314' title='bbox 1392 3009 1533 3062; x_wconf 90' lang='lat' dir='ltr'>Acta</span> <span class='ocrx_word' id='word_1_315' title='bbox 1565 3013 1717 3064; x_wconf 87' lang='lat' dir='ltr'>certe</span> <span class='ocrx_word' id='word_1_316' title='bbox 1749 3025 1882 3062; x_wconf 87' lang='lat' dir='ltr'>san-</span> 
     </span>
    </p>
   </div>
   <div class='ocr_carea' id='block_1_44' title="bbox 233 3093 1882 3168">
    <p class='ocr_par' dir='ltr' id='par_1_44' title="bbox 233 3093 1882 3168">
     <span class='ocr_line' id='line_1_44' title="bbox 233 3093 1882 3168; baseline 0.001 -18"><span class='ocrx_word' id='word_1_317' title='bbox 233 3099 463 3150; x_wconf 89' lang='lat' dir='ltr'>ctorum</span> <span class='ocrx_word' id='word_1_318' title='bbox 495 3093 671 3149; x_wconf 86' lang='lat' dir='ltr'>Firmi</span> <span class='ocrx_word' id='word_1_319' title='bbox 701 3099 760 3150; x_wconf 91' lang='lat' dir='ltr'>et</span> <span class='ocrx_word' id='word_1_320' title='bbox 789 3095 1031 3161; x_wconf 84' lang='lat' dir='ltr'>Rustici,</span> <span class='ocrx_word' id='word_1_321' title='bbox 1067 3100 1124 3150; x_wconf 90' lang='lat' dir='ltr'>et</span> <span class='ocrx_word' id='word_1_322' title='bbox 1154 3095 1435 3150; x_wconf 92' lang='lat' dir='ltr'>nonnulla</span> <span class='ocrx_word' id='word_1_323' title='bbox 1455 3096 1571 3152; x_wconf 84' lang='lat' dir='ltr'>alia</span> <span class='ocrx_word' id='word_1_324' title='bbox 1629 3114 1755 3168; x_wconf 71' lang='lat' dir='ltr'>qua:</span> <span class='ocrx_word' id='word_1_325' title='bbox 1810 3097 1882 3152; x_wconf 87' lang='lat' dir='ltr'>ad</span> 
     </span>
    </p>
   </div>
   <div class='ocr_carea' id='block_1_45' title="bbox 234 3183 1884 3256">
    <p class='ocr_par' dir='ltr' id='par_1_45' title="bbox 234 3183 1884 3256">
     <span class='ocr_line' id='line_1_45' title="bbox 234 3183 1884 3256; baseline 0.003 -21"><span class='ocrx_word' id='word_1_326' title='bbox 234 3183 525 3239; x_wconf 89' lang='lat' dir='ltr'>Veronam</span> <span class='ocrx_word' id='word_1_327' title='bbox 557 3185 842 3255; x_wconf 88' lang='lat' dir='ltr'>spectant,</span> <span class='ocrx_word' id='word_1_328' title='bbox 867 3200 982 3238; x_wconf 92' lang='lat' dir='ltr'>non</span> <span class='ocrx_word' id='word_1_329' title='bbox 1016 3183 1377 3251; x_wconf 82' lang='lat' dir='ltr'>Ratherium,</span> <span class='ocrx_word' id='word_1_330' title='bbox 1407 3185 1508 3240; x_wconf 89' lang='lat' dir='ltr'>sed</span> <span class='ocrx_word' id='word_1_331' title='bbox 1533 3185 1678 3240; x_wconf 90' lang='lat' dir='ltr'>alios</span> <span class='ocrx_word' id='word_1_332' title='bbox 1710 3190 1884 3256; x_wconf 90' lang='lat' dir='ltr'>atquc</span> 
     </span>
    </p>
   </div>
   <div class='ocr_carea' id='block_1_46' title="bbox 1977 1939 3633 2015">
    <p class='ocr_par' dir='ltr' id='par_1_46' title="bbox 1977 1939 3633 2015">
     <span class='ocr_line' id='line_1_46' title="bbox 1977 1939 3633 2015; baseline -0.003 -17"><span class='ocrx_word' id='word_1_333' title='bbox 1977 1943 2037 1998; x_wconf 91' lang='lat' dir='ltr'>in</span> <span class='ocrx_word' id='word_1_334' title='bbox 2070 1943 2240 2015; x_wconf 87' lang='lat' dir='ltr'>epist.</span> <span class='ocrx_word' id='word_1_335' title='bbox 2267 1944 2327 2008; x_wconf 87' lang='lat'>3,</span> <span class='ocrx_word' id='word_1_336' title='bbox 2359 1943 2430 1998; x_wconf 90' lang='lat' dir='ltr'>ad</span> <span class='ocrx_word' id='word_1_337' title='bbox 2465 1942 2806 1998; x_wconf 78' lang='lat' dir='ltr'>Rotbertum</span> <span class='ocrx_word' id='word_1_338' title='bbox 2841 1939 3369 2014; x_wconf 82' lang='lat' dir='ltr'>archiepiscopum,</span> <span class='ocrx_word' id='word_1_339' title='bbox 3394 1955 3557 1994; x_wconf 91' lang='lat' dir='ltr'>num.</span> <span class='ocrx_word' id='word_1_340' title='bbox 3584 1940 3633 2006; x_wconf 95' lang='lat'>1,</span> 
     </span>
    </p>
   </div>
   <div class='ocr_carea' id='block_1_47' title="bbox 1979 2028 3634 2105">
    <p class='ocr_par' dir='ltr' id='par_1_47' title="bbox 1979 2028 3634 2105">
     <span class='ocr_line' id='line_1_47' title="bbox 1979 2028 3634 2105; baseline -0.004 -17"><span class='ocrx_word' id='word_1_341' title='bbox 1979 2031 2338 2105; x_wconf 91' lang='lat' dir='ltr'>opusculum</span> <span class='ocrx_word' id='word_1_342' title='bbox 2363 2036 2652 2088; x_wconf 89' lang='lat' dir='ltr'>memorat</span> <span class='ocrx_word' id='word_1_343' title='bbox 2681 2033 2784 2087; x_wconf 91' lang='lat' dir='ltr'>abs</span> <span class='ocrx_word' id='word_1_344' title='bbox 2800 2047 2862 2086; x_wconf 91' lang='lat' dir='ltr'>se</span> <span class='ocrx_word' id='word_1_345' title='bbox 2880 2029 3164 2103; x_wconf 91' lang='lat' dir='ltr'>scriptum</span> <span class='ocrx_word' id='word_1_346' title='bbox 3185 2033 3499 2100; x_wconf 84' lang='lat' dir='ltr'>antequam</span> <span class='ocrx_word' id='word_1_347' title='bbox 3515 2028 3634 2100; x_wconf 89' lang='lat' dir='ltr'>epi-</span> 
     </span>
    </p>
   </div>
   <div class='ocr_carea' id='block_1_48' title="bbox 1982 2116 3640 2194">
    <p class='ocr_par' dir='ltr' id='par_1_48' title="bbox 1982 2116 3640 2194">
     <span class='ocr_line' id='line_1_48' title="bbox 1982 2116 3640 2194; baseline -0.004 -16"><span class='ocrx_word' id='word_1_348' title='bbox 1982 2139 2198 2194; x_wconf 90' lang='lat' dir='ltr'>scopus</span> <span class='ocrx_word' id='word_1_349' title='bbox 2229 2121 2412 2189; x_wconf 85' lang='lat' dir='ltr'>ﬁeret,</span> <span class='ocrx_word' id='word_1_350' title='bbox 2439 2137 2554 2193; x_wconf 90' lang='lat' dir='ltr'>quo</span> <span class='ocrx_word' id='word_1_351' title='bbox 2576 2119 3104 2176; x_wconf 88' lang='lat' dir='ltr'>Mediolanensium</span> <span class='ocrx_word' id='word_1_352' title='bbox 3130 2116 3541 2191; x_wconf 63' lang='lat' dir='ltr'>quetiunculis</span> <span class='ocrx_word' id='word_1_353' title='bbox 3558 2134 3640 2172; x_wconf 90' lang='lat' dir='ltr'>re-</span> 
     </span>
    </p>
   </div>
   <div class='ocr_carea' id='block_1_49' title="bbox 1983 2208 3638 2282">
    <p class='ocr_par' dir='ltr' id='par_1_49' title="bbox 1983 2208 3638 2282">
     <span class='ocr_line' id='line_1_49' title="bbox 1983 2208 3638 2282; baseline -0.003 -16"><span class='ocrx_word' id='word_1_354' title='bbox 1983 2210 2304 2282; x_wconf 91' lang='lat' dir='ltr'>sponditiis</span> <span class='ocrx_word' id='word_1_355' title='bbox 2326 2209 2423 2281; x_wconf 91' lang='lat' dir='ltr'>pla</span> <span class='ocrx_word' id='word_1_356' title='bbox 2437 2225 2509 2264; x_wconf 91' lang='lat' dir='ltr'>ne</span> <span class='ocrx_word' id='word_1_357' title='bbox 2523 2209 2820 2264; x_wconf 89' lang='lat' dir='ltr'>similibus</span> <span class='ocrx_word' id='word_1_358' title='bbox 2835 2225 2982 2280; x_wconf 90' lang='lat' dir='ltr'>quas</span> <span class='ocrx_word' id='word_1_359' title='bbox 2997 2208 3309 2264; x_wconf 81' lang='lat' dir='ltr'>Rotbertus</span> <span class='ocrx_word' id='word_1_360' title='bbox 3323 2223 3638 2280; x_wconf 86' lang='lat' dir='ltr'>proposue-</span> 
     </span>
    </p>
   </div>
   <div class='ocr_carea' id='block_1_50' title="bbox 1983 2295 3642 2370">
    <p class='ocr_par' dir='ltr' id='par_1_50' title="bbox 1983 2295 3642 2370">
     <span class='ocr_line' id='line_1_50' title="bbox 1983 2295 3642 2370; baseline -0.003 -16"><span class='ocrx_word' id='word_1_361' title='bbox 1983 2303 2092 2355; x_wconf 88' lang='lat' dir='ltr'>rat.</span> <span class='ocrx_word' id='word_1_362' title='bbox 2125 2299 2240 2354; x_wconf 87' lang='lat' dir='ltr'>Has</span> <span class='ocrx_word' id='word_1_363' title='bbox 2272 2299 2342 2353; x_wconf 91' lang='lat' dir='ltr'>ad</span> <span class='ocrx_word' id='word_1_364' title='bbox 2375 2298 2617 2370; x_wconf 88' lang='lat' dir='ltr'>profana</span> <span class='ocrx_word' id='word_1_365' title='bbox 2649 2297 2849 2353; x_wconf 89' lang='lat' dir='ltr'>studia</span> <span class='ocrx_word' id='word_1_366' title='bbox 2883 2297 3257 2369; x_wconf 88' lang='lat' dir='ltr'>pertinuisse,</span> <span class='ocrx_word' id='word_1_367' title='bbox 3292 2295 3460 2367; x_wconf 85' lang='lat' dir='ltr'>queis</span> <span class='ocrx_word' id='word_1_368' title='bbox 3512 2299 3642 2367; x_wconf 85' lang='lat' dir='ltr'>pcst</span> 
     </span>
    </p>
   </div>
   <div class='ocr_carea' id='block_1_51' title="bbox 1985 2384 3640 2460">
    <p class='ocr_par' dir='ltr' id='par_1_51' title="bbox 1985 2384 3640 2460">
     <span class='ocr_line' id='line_1_51' title="bbox 1985 2384 3640 2460; baseline -0.003 -17"><span class='ocrx_word' id='word_1_369' title='bbox 1985 2388 2389 2460; x_wconf 88' lang='lat' dir='ltr'>episcopatum</span> <span class='ocrx_word' id='word_1_370' title='bbox 2429 2387 2882 2451; x_wconf 88' lang='lat' dir='ltr'>renuntiaverat,</span> <span class='ocrx_word' id='word_1_371' title='bbox 2918 2385 3186 2459; x_wconf 87' lang='lat' dir='ltr'>colligere</span> <span class='ocrx_word' id='word_1_372' title='bbox 3217 2384 3416 2440; x_wconf 90' lang='lat' dir='ltr'>licebit</span> <span class='ocrx_word' id='word_1_373' title='bbox 3445 2400 3513 2440; x_wconf 89' lang='lat' dir='ltr'>ex</span> <span class='ocrx_word' id='word_1_374' title='bbox 3542 2400 3640 2439; x_wconf 84' lang='lat' dir='ltr'>ea-</span> 
     </span>
    </p>
   </div>
   <div class='ocr_carea' id='block_1_52' title="bbox 1988 2474 3643 2548">
    <p class='ocr_par' dir='ltr' id='par_1_52' title="bbox 1988 2474 3643 2548">
     <span class='ocr_line' id='line_1_52' title="bbox 1988 2474 3643 2548; baseline -0.002 -17"><span class='ocrx_word' id='word_1_375' title='bbox 1988 2478 2127 2532; x_wconf 90' lang='lat' dir='ltr'>dem</span> <span class='ocrx_word' id='word_1_376' title='bbox 2154 2476 2419 2548; x_wconf 79' lang='lat' dir='ltr'>cpistola,</span> <span class='ocrx_word' id='word_1_377' title='bbox 2455 2475 2514 2530; x_wconf 93' lang='lat' dir='ltr'>in</span> <span class='ocrx_word' id='word_1_378' title='bbox 2548 2492 2725 2548; x_wconf 91' lang='lat' dir='ltr'>quam</span> <span class='ocrx_word' id='word_1_379' title='bbox 2757 2476 2887 2530; x_wconf 88' lang='lat' dir='ltr'>vide</span> <span class='ocrx_word' id='word_1_380' title='bbox 2918 2474 3246 2531; x_wconf 88' lang='lat' dir='ltr'>notationes</span> <span class='ocrx_word' id='word_1_381' title='bbox 3289 2476 3558 2546; x_wconf 90' lang='lat' dir='ltr'>quartam</span> <span class='ocrx_word' id='word_1_382' title='bbox 3587 2476 3643 2528; x_wconf 91' lang='lat' dir='ltr'>et</span> 
     </span>
    </p>
   </div>
   <div class='ocr_carea' id='block_1_53' title="bbox 1991 2560 3641 2638">
    <p class='ocr_par' dir='ltr' id='par_1_53' title="bbox 1991 2560 3641 2638">
     <span class='ocr_line' id='line_1_53' title="bbox 1991 2560 3641 2638; baseline -0.002 -18"><span class='ocrx_word' id='word_1_383' title='bbox 1991 2566 2278 2638; x_wconf 87' lang='lat' dir='ltr'>quintam.</span> <span class='ocrx_word' id='word_1_384' title='bbox 2313 2565 2476 2620; x_wconf 84' lang='lat' dir='ltr'>Aliud</span> <span class='ocrx_word' id='word_1_385' title='bbox 2505 2566 2760 2620; x_wconf 80' lang='lat' dir='ltr'>volumen</span> <span class='ocrx_word' id='word_1_386' title='bbox 2791 2564 2990 2619; x_wconf 89' lang='lat' dir='ltr'>laudat</span> <span class='ocrx_word' id='word_1_387' title='bbox 3018 2564 3166 2618; x_wconf 90' lang='lat' dir='ltr'>iibro</span> <span class='ocrx_word' id='word_1_388' title='bbox 3217 2568 3377 2618; x_wconf 83' lang='lat' dir='ltr'>sexto</span> <span class='ocrx_word' id='word_1_389' title='bbox 3439 2560 3641 2617; x_wconf 70' lang='lat' dir='ltr'>Prasio-</span> 
     </span>
    </p>
   </div>
   <div class='ocr_carea' id='block_1_54' title="bbox 1992 2650 3640 2726">
    <p class='ocr_par' dir='ltr' id='par_1_54' title="bbox 1992 2650 3640 2726">
     <span class='ocr_line' id='line_1_54' title="bbox 1992 2650 3640 2726; baseline -0.003 -17"><span class='ocrx_word' id='word_1_390' title='bbox 1992 2655 2284 2724; x_wconf 77' lang='lat' dir='ltr'>quiorum,</span> <span class='ocrx_word' id='word_1_391' title='bbox 2320 2671 2446 2726; x_wconf 89' lang='lat' dir='ltr'>cap.</span> <span class='ocrx_word' id='word_1_392' title='bbox 2468 2656 2524 2721; x_wconf 91' lang='lat'>7,</span> <span class='ocrx_word' id='word_1_393' title='bbox 2548 2653 2605 2708; x_wconf 91' lang='lat' dir='ltr'>in</span> <span class='ocrx_word' id='word_1_394' title='bbox 2630 2653 2778 2724; x_wconf 92' lang='lat' dir='ltr'>qood</span> <span class='ocrx_word' id='word_1_395' title='bbox 2811 2653 3122 2724; x_wconf 89' lang='lat' dir='ltr'>cujusdam</span> <span class='ocrx_word' id='word_1_396' title='bbox 3156 2650 3483 2724; x_wconf 90' lang='lat' dir='ltr'>philosophi</span> <span class='ocrx_word' id='word_1_397' title='bbox 3512 2667 3640 2706; x_wconf 88' lang='lat' dir='ltr'>sen-</span> 
     </span>
    </p>
   </div>
   <div class='ocr_carea' id='block_1_55' title="bbox 1989 2738 3639 2798">
    <p class='ocr_par' dir='ltr' id='par_1_55' title="bbox 1989 2738 3639 2798">
     <span class='ocr_line' id='line_1_55' title="bbox 1989 2738 3639 2798; baseline -0.003 0"><span class='ocrx_word' id='word_1_398' title='bbox 1989 2743 2232 2798; x_wconf 88' lang='lat' dir='ltr'>tentiam</span> <span class='ocrx_word' id='word_1_399' title='bbox 2265 2743 2608 2798; x_wconf 87' lang='lat' dir='ltr'>inseruerat.</span> <span class='ocrx_word' id='word_1_400' title='bbox 2639 2742 2754 2797; x_wconf 86' lang='lat' dir='ltr'>Hoc</span> <span class='ocrx_word' id='word_1_401' title='bbox 2787 2746 2982 2797; x_wconf 89' lang='lat' dir='ltr'>autem</span> <span class='ocrx_word' id='word_1_402' title='bbox 3022 2757 3164 2796; x_wconf 91' lang='lat' dir='ltr'>num</span> <span class='ocrx_word' id='word_1_403' title='bbox 3217 2740 3372 2795; x_wconf 91' lang='lat' dir='ltr'>idem</span> <span class='ocrx_word' id='word_1_404' title='bbox 3405 2738 3480 2794; x_wconf 90' lang='lat' dir='ltr'>sit</span> <span class='ocrx_word' id='word_1_405' title='bbox 3507 2755 3639 2794; x_wconf 91' lang='lat' dir='ltr'>cum</span> 
     </span>
    </p>
   </div>
   <div class='ocr_carea' id='block_1_56' title="bbox 1993 2827 3640 2901">
    <p class='ocr_par' dir='ltr' id='par_1_56' title="bbox 1993 2827 3640 2901">
     <span class='ocr_line' id='line_1_56' title="bbox 1993 2827 3640 2901; baseline -0.002 -16"><span class='ocrx_word' id='word_1_406' title='bbox 1993 2831 2370 2901; x_wconf 69' lang='lat' dir='ltr'>praecedenti,</span> <span class='ocrx_word' id='word_1_407' title='bbox 2400 2847 2474 2886; x_wconf 89' lang='lat' dir='ltr'>an</span> <span class='ocrx_word' id='word_1_408' title='bbox 2533 2831 2878 2885; x_wconf 91' lang='lat' dir='ltr'>distinctum</span> <span class='ocrx_word' id='word_1_409' title='bbox 2936 2834 2992 2884; x_wconf 92' lang='lat' dir='ltr'>et</span> <span class='ocrx_word' id='word_1_410' title='bbox 3042 2845 3204 2901; x_wconf 66' lang='lat' dir='ltr'>aeque</span> <span class='ocrx_word' id='word_1_411' title='bbox 3251 2827 3640 2900; x_wconf 90' lang='lat' dir='ltr'>deperditum,</span> 
     </span>
    </p>
   </div>
   <div class='ocr_carea' id='block_1_57' title="bbox 1993 2917 3645 2992">
    <p class='ocr_par' dir='ltr' id='par_1_57' title="bbox 1993 2917 3645 2992">
     <span class='ocr_line' id='line_1_57' title="bbox 1993 2917 3645 2992; baseline -0.003 -17"><span class='ocrx_word' id='word_1_412' title='bbox 1993 2936 2108 2975; x_wconf 93' lang='lat' dir='ltr'>non</span> <span class='ocrx_word' id='word_1_413' title='bbox 2144 2918 2354 2992; x_wconf 90' lang='lat' dir='ltr'>liquet.</span> <span class='ocrx_word' id='word_1_414' title='bbox 2389 2920 2469 2976; x_wconf 92' lang='lat' dir='ltr'>De</span> <span class='ocrx_word' id='word_1_415' title='bbox 2497 2917 2898 2975; x_wconf 90' lang='lat' dir='ltr'>voluminibus</span> <span class='ocrx_word' id='word_1_416' title='bbox 2927 2917 3235 2974; x_wconf 88' lang='lat' dir='ltr'>duodecim</span> <span class='ocrx_word' id='word_1_417' title='bbox 3263 2935 3392 2989; x_wconf 67' lang='lat' dir='ltr'>quae</span> <span class='ocrx_word' id='word_1_418' title='bbox 3445 2920 3645 2973; x_wconf 89' lang='lat' dir='ltr'>auctor</span> 
     </span>
    </p>
   </div>
   <div class='ocr_carea' id='block_1_58' title="bbox 1994 3004 3641 3080">
    <p class='ocr_par' dir='ltr' id='par_1_58' title="bbox 1994 3004 3641 3080">
     <span class='ocr_line' id='line_1_58' title="bbox 1994 3004 3641 3080; baseline -0.003 -17"><span class='ocrx_word' id='word_1_419' title='bbox 1994 3013 2280 3064; x_wconf 88' lang='lat' dir='ltr'>memorat</span> <span class='ocrx_word' id='word_1_420' title='bbox 2305 3008 2362 3062; x_wconf 94' lang='lat' dir='ltr'><strong>in</strong></span> <span class='ocrx_word' id='word_1_421' title='bbox 2388 3007 2667 3080; x_wconf 75' lang='lat' dir='ltr'>prommio</span> <span class='ocrx_word' id='word_1_422' title='bbox 2681 3008 2752 3062; x_wconf 91' lang='lat' dir='ltr'>ad</span> <span class='ocrx_word' id='word_1_423' title='bbox 2777 3005 3136 3073; x_wconf 88' lang='lat' dir='ltr'>Phrenesim,</span> <span class='ocrx_word' id='word_1_424' title='bbox 3153 3006 3284 3061; x_wconf 89' lang='lat' dir='ltr'>vide</span> <span class='ocrx_word' id='word_1_425' title='bbox 3305 3023 3433 3078; x_wconf 70' lang='lat' dir='ltr'>qua:</span> <span class='ocrx_word' id='word_1_426' title='bbox 3456 3004 3641 3060; x_wconf 81' lang='lat' dir='ltr'>fusius</span> 
     </span>
    </p>
   </div>
   <div class='ocr_carea' id='block_1_59' title="bbox 1995 3095 3606 3168">
    <p class='ocr_par' dir='ltr' id='par_1_59' title="bbox 1995 3095 3606 3168">
     <span class='ocr_line' id='line_1_59' title="bbox 1995 3095 3606 3168; baseline -0.003 -15"><span class='ocrx_word' id='word_1_427' title='bbox 1995 3096 2530 3153; x_wconf 86' lang='lat' dir='ltr'>animadvertemus</span> <span class='ocrx_word' id='word_1_428' title='bbox 2561 3097 2620 3151; x_wconf 92' lang='lat' dir='ltr'>in</span> <span class='ocrx_word' id='word_1_429' title='bbox 2649 3095 2781 3150; x_wconf 90' lang='lat' dir='ltr'>Vita</span> <span class='ocrx_word' id='word_1_430' title='bbox 2811 3096 3101 3166; x_wconf 82' lang='lat' dir='ltr'>ejusdem,</span> <span class='ocrx_word' id='word_1_431' title='bbox 3136 3097 3166 3168; x_wconf 85' lang='lat'>§</span> <span class='ocrx_word' id='word_1_432' title='bbox 3198 3096 3283 3162; x_wconf 90' lang='grc'>10,</span> <span class='ocrx_word' id='word_1_433' title='bbox 3318 3111 3459 3150; x_wconf 92' lang='lat' dir='ltr'>num</span> <span class='ocrx_word' id='word_1_434' title='bbox 3517 3095 3606 3148; x_wconf 83' lang='lat'>61.</span> 
     </span>
    </p>
   </div>
   <div class='ocr_carea' id='block_1_60' title="bbox 2067 3184 3644 3250">
    <p class='ocr_par' dir='ltr' id='par_1_60' title="bbox 2067 3184 3644 3250">
     <span class='ocr_line' id='line_1_60' title="bbox 2067 3184 3644 3250; baseline -0.003 -10"><span class='ocrx_word' id='word_1_435' title='bbox 2067 3185 2203 3241; x_wconf 82' lang='lat' dir='ltr'>Xlx.</span> <span class='ocrx_word' id='word_1_436' title='bbox 2238 3184 2559 3241; x_wconf 87' lang='lat' dir='ltr'>Fulcuinus</span> <span class='ocrx_word' id='word_1_437' title='bbox 2589 3186 2660 3240; x_wconf 88' lang='lat' dir='ltr'>de</span> <span class='ocrx_word' id='word_1_438' title='bbox 2690 3185 2884 3241; x_wconf 90' lang='lat' dir='ltr'>Gestis</span> <span class='ocrx_word' id='word_1_439' title='bbox 2913 3185 3198 3240; x_wconf 89' lang='lat' dir='ltr'>abbatum</span> <span class='ocrx_word' id='word_1_440' title='bbox 3247 3184 3644 3250; x_wconf 88' lang='lat' dir='ltr'>Lobiensium,</span> 
     </span>
    </p>
   </div>
   <div class='ocr_carea' id='block_1_61' title="bbox 239 3255 3643 3347">
    <p class='ocr_par' dir='ltr' id='par_1_61' title="bbox 239 3255 3643 3347">
     <span class='ocr_line' id='line_1_61' title="bbox 239 3255 3643 3347; baseline -0.001 -20"><span class='ocrx_word' id='word_1_441' title='bbox 239 3270 384 3327; x_wconf 90' lang='lat' dir='ltr'>alios</span> <span class='ocrx_word' id='word_1_442' title='bbox 415 3271 633 3327; x_wconf 87' lang='lat' dir='ltr'>habent</span> <span class='ocrx_word' id='word_1_443' title='bbox 661 3276 951 3327; x_wconf 89' lang='lat' dir='ltr'>auctores.</span> <span class='ocrx_word' id='word_1_444' title='bbox 975 3271 1198 3326; x_wconf 87' lang='lat' dir='ltr'>Etenim</span> <span class='ocrx_word' id='word_1_445' title='bbox 1224 3271 1325 3326; x_wconf 89' lang='lat' dir='ltr'>illa</span> <span class='ocrx_word' id='word_1_446' title='bbox 1355 3273 1560 3328; x_wconf 88' lang='lat' dir='ltr'>actain</span> <span class='ocrx_word' id='word_1_447' title='bbox 1584 3272 1716 3328; x_wconf 90' lang='lat' dir='ltr'>aliis</span> <span class='ocrx_word' id='word_1_448' title='bbox 1738 3255 1882 3345; x_wconf 83' lang='lat' dir='ltr'>quo-</span> <span class='ocrx_word' id='word_1_449' title='bbox 1915 3255 1959 3321; x_wconf 61' lang='grc' dir='ltr'>(ἶ</span> <span class='ocrx_word' id='word_1_450' title='bbox 1997 3292 2123 3347; x_wconf 86' lang='lat' dir='ltr'>cap.</span> <span class='ocrx_word' id='word_1_451' title='bbox 2155 3276 2244 3338; x_wconf 87' lang='lat'>20,</span> <span class='ocrx_word' id='word_1_452' title='bbox 2280 3273 2539 3330; x_wconf 80' lang='lat' dir='ltr'>Ratherii</span> <span class='ocrx_word' id='word_1_453' title='bbox 2571 3292 2719 3346; x_wconf 89' lang='lat' dir='ltr'>opus</span> <span class='ocrx_word' id='word_1_454' title='bbox 2753 3274 2832 3328; x_wconf 93' lang='lat' dir='ltr'>Dc</span> <span class='ocrx_word' id='word_1_455' title='bbox 2863 3278 2984 3329; x_wconf 89' lang='lat' dir='ltr'>arte</span> <span class='ocrx_word' id='word_1_456' title='bbox 3013 3273 3400 3346; x_wconf 86' lang='lat' dir='ltr'>grammatica</span> <span class='ocrx_word' id='word_1_457' title='bbox 3446 3273 3643 3344; x_wconf 84' lang='lat' dir='ltr'>Spara-</span> 
     </span>
    </p>
   </div>
   <div class='ocr_carea' id='block_1_62' title="bbox 239 3358 1882 3433">
    <p class='ocr_par' dir='ltr' id='par_1_62' title="bbox 239 3358 1882 3433">
     <span class='ocr_line' id='line_1_62' title="bbox 239 3358 1882 3433; baseline 0.002 -19"><span class='ocrx_word' id='word_1_458' title='bbox 239 3377 352 3432; x_wconf 89' lang='lat' dir='ltr'>que</span> <span class='ocrx_word' id='word_1_459' title='bbox 385 3358 655 3415; x_wconf 84' lang='lat' dir='ltr'>Ratherio</span> <span class='ocrx_word' id='word_1_460' title='bbox 687 3360 1102 3416; x_wconf 88' lang='lat' dir='ltr'>vetustioribus</span> <span class='ocrx_word' id='word_1_461' title='bbox 1148 3360 1446 3416; x_wconf 89' lang='lat' dir='ltr'>codicibus</span> <span class='ocrx_word' id='word_1_462' title='bbox 1495 3363 1882 3433; x_wconf 90' lang='lat' dir='ltr'>reperiuntur.</span> 
     </span>
    </p>
   </div>
   <div class='ocr_carea' id='block_1_63' title="bbox 239 3447 1885 3522">
    <p class='ocr_par' dir='ltr' id='par_1_63' title="bbox 239 3447 1885 3522">
     <span class='ocr_line' id='line_1_63' title="bbox 239 3447 1885 3522; baseline 0.001 -18"><span class='ocrx_word' id='word_1_463' title='bbox 239 3448 298 3504; x_wconf 90' lang='lat' dir='ltr'>S.</span> <span class='ocrx_word' id='word_1_464' title='bbox 351 3447 598 3504; x_wconf 90' lang='lat' dir='ltr'>Zenonis</span> <span class='ocrx_word' id='word_1_465' title='bbox 655 3447 1006 3504; x_wconf 87' lang='lat' dir='ltr'>Veronensis</span> <span class='ocrx_word' id='word_1_466' title='bbox 1057 3449 1312 3522; x_wconf 87' lang='lat' dir='ltr'>episcopi</span> <span class='ocrx_word' id='word_1_467' title='bbox 1368 3449 1560 3504; x_wconf 89' lang='lat' dir='ltr'>Vitaa</span> <span class='ocrx_word' id='word_1_468' title='bbox 1601 3452 1885 3506; x_wconf 85' lang='lat' dir='ltr'>Coronato</span> 
     </span>
    </p>
   </div>
   <div class='ocr_carea' id='block_1_64' title="bbox 239 3536 1884 3610">
    <p class='ocr_par' dir='ltr' id='par_1_64' title="bbox 239 3536 1884 3610">
     <span class='ocr_line' id='line_1_64' title="bbox 239 3536 1884 3610; baseline 0.002 -19"><span class='ocrx_word' id='word_1_469' title='bbox 239 3536 487 3604; x_wconf 90' lang='lat' dir='ltr'>notario,</span> <span class='ocrx_word' id='word_1_470' title='bbox 512 3537 612 3608; x_wconf 89' lang='lat' dir='ltr'>qui</span> <span class='ocrx_word' id='word_1_471' title='bbox 648 3536 988 3592; x_wconf 79' lang='lat' dir='ltr'>Ratherium</span> <span class='ocrx_word' id='word_1_472' title='bbox 1011 3538 1240 3593; x_wconf 91' lang='lat' dir='ltr'>duobus</span> <span class='ocrx_word' id='word_1_473' title='bbox 1258 3537 1464 3594; x_wconf 83' lang='lat' dir='ltr'>saltem</span> <span class='ocrx_word' id='word_1_474' title='bbox 1489 3538 1718 3594; x_wconf 73' lang='lat' dir='ltr'>saeculis</span> <span class='ocrx_word' id='word_1_475' title='bbox 1741 3557 1884 3610; x_wconf 71' lang='lat' dir='ltr'>pra:-</span> 
     </span>
    </p>
   </div>
   <div class='ocr_carea' id='block_1_65' title="bbox 237 3624 1885 3698">
    <p class='ocr_par' dir='ltr' id='par_1_65' title="bbox 237 3624 1885 3698">
     <span class='ocr_line' id='line_1_65' title="bbox 237 3624 1885 3698; baseline 0.001 -18"><span class='ocrx_word' id='word_1_476' title='bbox 237 3624 431 3692; x_wconf 87' lang='lat' dir='ltr'>cessit,</span> <span class='ocrx_word' id='word_1_477' title='bbox 464 3625 683 3696; x_wconf 90' lang='lat' dir='ltr'>scripta</span> <span class='ocrx_word' id='word_1_478' title='bbox 711 3624 838 3679; x_wconf 89' lang='lat' dir='ltr'>fuit.</span> <span class='ocrx_word' id='word_1_479' title='bbox 861 3624 1018 3680; x_wconf 89' lang='lat' dir='ltr'>Idem</span> <span class='ocrx_word' id='word_1_480' title='bbox 1041 3625 1355 3681; x_wconf 90' lang='lat' dir='ltr'>dicendum</span> <span class='ocrx_word' id='word_1_481' title='bbox 1386 3626 1456 3681; x_wconf 93' lang='lat' dir='ltr'>de</span> <span class='ocrx_word' id='word_1_482' title='bbox 1489 3626 1760 3698; x_wconf 87' lang='lat' dir='ltr'>rhythmo</span> <span class='ocrx_word' id='word_1_483' title='bbox 1785 3627 1885 3698; x_wconf 90' lang='lat' dir='ltr'>qui</span> 
     </span>
    </p>
   </div>
   <div class='ocr_carea' id='block_1_66' title="bbox 235 3711 1882 3788">
    <p class='ocr_par' dir='ltr' id='par_1_66' title="bbox 235 3711 1882 3788">
     <span class='ocr_line' id='line_1_66' title="bbox 235 3711 1882 3788; baseline 0.003 -23"><span class='ocrx_word' id='word_1_484' title='bbox 235 3712 474 3768; x_wconf 66' lang='lat' dir='ltr'>Verona;</span> <span class='ocrx_word' id='word_1_485' title='bbox 506 3711 710 3768; x_wconf 90' lang='lat' dir='ltr'>laudes</span> <span class='ocrx_word' id='word_1_486' title='bbox 734 3712 998 3782; x_wconf 68' lang='lat' dir='ltr'>praefert;</span> <span class='ocrx_word' id='word_1_487' title='bbox 1025 3714 1095 3769; x_wconf 92' lang='lat' dir='ltr'>ab</span> <span class='ocrx_word' id='word_1_488' title='bbox 1119 3731 1407 3785; x_wconf 83' lang='lat' dir='ltr'>anonymo</span> <span class='ocrx_word' id='word_1_489' title='bbox 1428 3714 1604 3778; x_wconf 91' lang='lat' dir='ltr'>enim,</span> <span class='ocrx_word' id='word_1_490' title='bbox 1625 3717 1724 3788; x_wconf 90' lang='lat' dir='ltr'>qui</span> <span class='ocrx_word' id='word_1_491' title='bbox 1747 3717 1882 3787; x_wconf 86' lang='lat' dir='ltr'>Pip-</span> 
     </span>
    </p>
   </div>
   <div class='ocr_carea' id='block_1_67' title="bbox 213 3799 1883 3874">
    <p class='ocr_par' dir='ltr' id='par_1_67' title="bbox 213 3799 1883 3874">
     <span class='ocr_line' id='line_1_67' title="bbox 213 3799 1883 3874; baseline 0.003 -19"><span class='ocrx_word' id='word_1_492' title='bbox 213 3868 216 3872; x_wconf 91' lang='lat'><em>_</em></span> <span class='ocrx_word' id='word_1_493' title='bbox 236 3801 358 3872; x_wconf 92' lang='lat' dir='ltr'>pini</span> <span class='ocrx_word' id='word_1_494' title='bbox 380 3799 554 3856; x_wconf 61' lang='lat' dir='ltr'>Italia:</span> <span class='ocrx_word' id='word_1_495' title='bbox 577 3799 729 3872; x_wconf 89' lang='lat' dir='ltr'>regis</span> <span class='ocrx_word' id='word_1_496' title='bbox 751 3805 915 3856; x_wconf 77' lang='lat' dir='ltr'>astate</span> <span class='ocrx_word' id='word_1_497' title='bbox 941 3800 1456 3867; x_wconf 85' lang='lat' dir='ltr'>vixit,lucubratus</span> <span class='ocrx_word' id='word_1_498' title='bbox 1479 3804 1604 3858; x_wconf 88' lang='lat' dir='ltr'>fuit.</span> <span class='ocrx_word' id='word_1_499' title='bbox 1620 3805 1883 3874; x_wconf 89' lang='lat' dir='ltr'>ejusdem</span> 
     </span>
    </p>
   </div>
   <div class='ocr_carea' id='block_1_68' title="bbox 236 3888 1882 3963">
    <p class='ocr_par' dir='ltr' id='par_1_68' title="bbox 236 3888 1882 3963">
     <span class='ocr_line' id='line_1_68' title="bbox 236 3888 1882 3963; baseline 0.002 -19"><span class='ocrx_word' id='word_1_500' title='bbox 236 3888 467 3962; x_wconf 87' lang='lat' dir='ltr'>generis</span> <span class='ocrx_word' id='word_1_501' title='bbox 495 3893 552 3944; x_wconf 92' lang='lat' dir='ltr'>et</span> <span class='ocrx_word' id='word_1_502' title='bbox 581 3888 767 3944; x_wconf 58' lang='lat' dir='ltr'>atatis</span> <span class='ocrx_word' id='word_1_503' title='bbox 797 3904 926 3944; x_wconf 89' lang='lat' dir='ltr'>esse</span> <span class='ocrx_word' id='word_1_504' title='bbox 955 3889 1184 3944; x_wconf 90' lang='lat' dir='ltr'>videtur</span> <span class='ocrx_word' id='word_1_505' title='bbox 1216 3891 1591 3963; x_wconf 87' lang='lat' dir='ltr'>icnographia</span> <span class='ocrx_word' id='word_1_506' title='bbox 1620 3893 1882 3963; x_wconf 88' lang='lat' dir='ltr'>ejusdem</span> 
     </span>
    </p>
   </div>
   <div class='ocr_carea' id='block_1_69' title="bbox 235 3975 1884 4053">
    <p class='ocr_par' dir='ltr' id='par_1_69' title="bbox 235 3975 1884 4053">
     <span class='ocr_line' id='line_1_69' title="bbox 235 3975 1884 4053; baseline 0.002 -21"><span class='ocrx_word' id='word_1_507' title='bbox 235 3976 421 4044; x_wconf 91' lang='lat' dir='ltr'>urbis,</span> <span class='ocrx_word' id='word_1_508' title='bbox 446 3993 572 4048; x_wconf 71' lang='lat' dir='ltr'>quae</span> <span class='ocrx_word' id='word_1_509' title='bbox 590 3975 700 4047; x_wconf 91' lang='lat' dir='ltr'>ipsi</span> <span class='ocrx_word' id='word_1_510' title='bbox 726 3975 999 4048; x_wconf 87' lang='lat' dir='ltr'>rhythmo</span> <span class='ocrx_word' id='word_1_511' title='bbox 1031 3978 1425 4048; x_wconf 88' lang='lat' dir='ltr'>subjicitur,et</span> <span class='ocrx_word' id='word_1_512' title='bbox 1445 3997 1478 4034; x_wconf 92' lang='lat' dir='ltr'>a</span> <span class='ocrx_word' id='word_1_513' title='bbox 1497 3980 1662 4038; x_wconf 90' lang='lat' dir='ltr'>Joan.</span> <span class='ocrx_word' id='word_1_514' title='bbox 1687 3981 1884 4053; x_wconf 88' lang='lat' dir='ltr'>Bapti-</span> 
     </span>
    </p>
   </div>
   <div class='ocr_carea' id='block_1_70' title="bbox 237 4063 1886 4139">
    <p class='ocr_par' dir='ltr' id='par_1_70' title="bbox 237 4063 1886 4139">
     <span class='ocr_line' id='line_1_70' title="bbox 237 4063 1886 4139; baseline 0.003 -18"><span class='ocrx_word' id='word_1_515' title='bbox 237 4070 329 4122; x_wconf 86' lang='lat' dir='ltr'>sta</span> <span class='ocrx_word' id='word_1_516' title='bbox 365 4063 694 4120; x_wconf 78' lang='lat' dir='ltr'>Biancolino</span> <span class='ocrx_word' id='word_1_517' title='bbox 717 4081 786 4120; x_wconf 87' lang='lat' dir='ltr'>ex</span> <span class='ocrx_word' id='word_1_518' title='bbox 815 4065 1017 4120; x_wconf 90' lang='lat' dir='ltr'>eodem</span> <span class='ocrx_word' id='word_1_519' title='bbox 1049 4066 1244 4122; x_wconf 89' lang='lat' dir='ltr'>codice</span> <span class='ocrx_word' id='word_1_520' title='bbox 1269 4069 1601 4139; x_wconf 90' lang='lat' dir='ltr'>nuperrime</span> <span class='ocrx_word' id='word_1_521' title='bbox 1624 4071 1778 4125; x_wconf 88' lang='lat' dir='ltr'>edita</span> <span class='ocrx_word' id='word_1_522' title='bbox 1798 4075 1886 4126; x_wconf 90' lang='lat' dir='ltr'>est</span> 
     </span>
    </p>
   </div>
   <div class='ocr_carea' id='block_1_71' title="bbox 236 4154 1882 4228">
    <p class='ocr_par' dir='ltr' id='par_1_71' title="bbox 236 4154 1882 4228">
     <span class='ocr_line' id='line_1_71' title="bbox 236 4154 1882 4228; baseline 0.004 -20"><span class='ocrx_word' id='word_1_523' title='bbox 236 4154 332 4226; x_wconf 80' lang='lat' dir='ltr'>(De</span> <span class='ocrx_word' id='word_1_524' title='bbox 363 4156 569 4209; x_wconf 76' lang='lat' dir='ltr'>vescovi</span> <span class='ocrx_word' id='word_1_525' title='bbox 597 4170 627 4209; x_wconf 78' lang='grc' dir='ltr'><em>ε</em></span> <span class='ocrx_word' id='word_1_526' title='bbox 655 4157 1004 4222; x_wconf 79' lang='lat' dir='ltr'>governatori</span> <span class='ocrx_word' id='word_1_527' title='bbox 1055 4155 1115 4210; x_wconf 84' lang='lat' dir='ltr'>di</span> <span class='ocrx_word' id='word_1_528' title='bbox 1177 4157 1439 4224; x_wconf 69' lang='lat' dir='ltr'>l’eriiona,</span> <span class='ocrx_word' id='word_1_529' title='bbox 1472 4174 1604 4228; x_wconf 87' lang='lat' dir='ltr'>pag.</span> <span class='ocrx_word' id='word_1_530' title='bbox 1654 4160 1765 4226; x_wconf 83' lang='lat'>55).</span> <span class='ocrx_word' id='word_1_531' title='bbox 1798 4159 1882 4214; x_wconf 89' lang='lat' dir='ltr'>Si-</span> 
     </span>
    </p>
   </div>
   <div class='ocr_carea' id='block_1_72' title="bbox 236 4229 1884 4318">
    <p class='ocr_par' dir='ltr' id='par_1_72' title="bbox 236 4229 1884 4318">
     <span class='ocr_line' id='line_1_72' title="bbox 236 4229 1884 4318; baseline 0.002 -23"><span class='ocrx_word' id='word_1_532' title='bbox 236 4240 457 4295; x_wconf 91' lang='lat' dir='ltr'>militer</span> <span class='ocrx_word' id='word_1_533' title='bbox 473 4229 758 4314; x_wconf 66' lang='lat' dir='ltr'>o&#39;puscula</span> <span class='ocrx_word' id='word_1_534' title='bbox 770 4245 826 4296; x_wconf 90' lang='lat' dir='ltr'>et</span> <span class='ocrx_word' id='word_1_535' title='bbox 846 4246 975 4296; x_wconf 88' lang='lat' dir='ltr'>acta</span> <span class='ocrx_word' id='word_1_536' title='bbox 995 4241 1174 4314; x_wconf 89' lang='lat' dir='ltr'>hujus</span> <span class='ocrx_word' id='word_1_537' title='bbox 1191 4244 1422 4314; x_wconf 88' lang='lat' dir='ltr'>generis</span> <span class='ocrx_word' id='word_1_538' title='bbox 1439 4243 1552 4299; x_wconf 91' lang='lat' dir='ltr'>alia</span> <span class='ocrx_word' id='word_1_539' title='bbox 1569 4244 1654 4299; x_wconf 91' lang='lat' dir='ltr'>vel</span> <span class='ocrx_word' id='word_1_540' title='bbox 1672 4262 1739 4300; x_wconf 87' lang='lat' dir='ltr'>ex</span> <span class='ocrx_word' id='word_1_541' title='bbox 1757 4247 1884 4318; x_wconf 80' lang='lat' dir='ltr'>ipso</span> 
     </span>
    </p>
   </div>
   <div class='ocr_carea' id='block_1_73' title="bbox 235 4327 1883 4407">
    <p class='ocr_par' dir='ltr' id='par_1_73' title="bbox 235 4327 1883 4407">
     <span class='ocr_line' id='line_1_73' title="bbox 235 4327 1883 4407; baseline 0.003 -21"><span class='ocrx_word' id='word_1_542' title='bbox 235 4327 389 4402; x_wconf 83' lang='lat' dir='ltr'>style</span> <span class='ocrx_word' id='word_1_543' title='bbox 419 4346 451 4384; x_wconf 88' lang='lat' dir='ltr'>a</span> <span class='ocrx_word' id='word_1_544' title='bbox 480 4329 752 4385; x_wconf 79' lang='lat' dir='ltr'>Ratherio</span> <span class='ocrx_word' id='word_1_545' title='bbox 784 4328 1059 4398; x_wconf 89' lang='lat' dir='ltr'>aliena,et</span> <span class='ocrx_word' id='word_1_546' title='bbox 1081 4332 1138 4386; x_wconf 91' lang='lat' dir='ltr'>in</span> <span class='ocrx_word' id='word_1_547' title='bbox 1171 4331 1302 4386; x_wconf 88' lang='lat' dir='ltr'>aliis</span> <span class='ocrx_word' id='word_1_548' title='bbox 1322 4332 1579 4404; x_wconf 90' lang='lat' dir='ltr'>antiquis</span> <span class='ocrx_word' id='word_1_549' title='bbox 1601 4335 1883 4407; x_wconf 89' lang='lat' dir='ltr'>exemplis</span> 
     </span>
    </p>
   </div>
   <div class='ocr_carea' id='block_1_74' title="bbox 235 4417 1880 4492">
    <p class='ocr_par' dir='ltr' id='par_1_74' title="bbox 235 4417 1880 4492">
     <span class='ocr_line' id='line_1_74' title="bbox 235 4417 1880 4492; baseline 0.004 -19"><span class='ocrx_word' id='word_1_550' title='bbox 235 4417 488 4486; x_wconf 90' lang='lat' dir='ltr'>inventa,</span> <span class='ocrx_word' id='word_1_551' title='bbox 523 4422 700 4490; x_wconf 89' lang='lat' dir='ltr'>atque</span> <span class='ocrx_word' id='word_1_552' title='bbox 730 4419 908 4474; x_wconf 88' lang='lat' dir='ltr'>etiam</span> <span class='ocrx_word' id='word_1_553' title='bbox 943 4419 1093 4491; x_wconf 89' lang='lat' dir='ltr'>typis</span> <span class='ocrx_word' id='word_1_554' title='bbox 1127 4420 1432 4492; x_wconf 90' lang='lat' dir='ltr'>impressa,</span> <span class='ocrx_word' id='word_1_555' title='bbox 1462 4438 1880 4479; x_wconf 90' lang='lat' dir='ltr'>amanuensem</span> 
     </span>
    </p>
   </div>
   <div class='ocr_carea' id='block_1_75' title="bbox 235 4506 1883 4580">
    <p class='ocr_par' dir='ltr' id='par_1_75' title="bbox 235 4506 1883 4580">
     <span class='ocr_line' id='line_1_75' title="bbox 235 4506 1883 4580; baseline 0.002 -18"><span class='ocrx_word' id='word_1_556' title='bbox 235 4506 508 4563; x_wconf 79' lang='lat' dir='ltr'>Batherio</span> <span class='ocrx_word' id='word_1_557' title='bbox 540 4524 852 4580; x_wconf 88' lang='lat' dir='ltr'>supparem</span> <span class='ocrx_word' id='word_1_558' title='bbox 882 4509 1158 4576; x_wconf 91' lang='lat' dir='ltr'>referunt,</span> <span class='ocrx_word' id='word_1_559' title='bbox 1191 4509 1283 4563; x_wconf 91' lang='lat' dir='ltr'>cui</span> <span class='ocrx_word' id='word_1_560' title='bbox 1310 4526 1444 4564; x_wconf 91' lang='lat' dir='ltr'>cum</span> <span class='ocrx_word' id='word_1_561' title='bbox 1479 4509 1732 4566; x_wconf 85' lang='lat' dir='ltr'>Ratherii</span> <span class='ocrx_word' id='word_1_562' title='bbox 1757 4529 1883 4568; x_wconf 90' lang='lat' dir='ltr'>ser-</span> 
     </span>
    </p>
   </div>
   <div class='ocr_carea' id='block_1_76' title="bbox 1994 3363 3643 3434">
    <p class='ocr_par' dir='ltr' id='par_1_76' title="bbox 1994 3363 3643 3434">
     <span class='ocr_line' id='line_1_76' title="bbox 1994 3363 3643 3434; baseline -0.002 -15"><span class='ocrx_word' id='word_1_563' title='bbox 1994 3365 2216 3419; x_wconf 82' lang='lat' dir='ltr'>dorsum</span> <span class='ocrx_word' id='word_1_564' title='bbox 2248 3363 2595 3434; x_wconf 89' lang='lat' dir='ltr'>inscriptum</span> <span class='ocrx_word' id='word_1_565' title='bbox 2620 3363 2874 3434; x_wconf 87' lang='lat' dir='ltr'>itemque</span> <span class='ocrx_word' id='word_1_566' title='bbox 2897 3363 3265 3433; x_wconf 85' lang='lat' dir='ltr'>deperditum</span> <span class='ocrx_word' id='word_1_567' title='bbox 3291 3378 3643 3417; x_wconf 89' lang='lat' dir='ltr'>commemo-</span> 
     </span>
    </p>
   </div>
   <div class='ocr_carea' id='block_1_77' title="bbox 1997 3449 3645 3522">
    <p class='ocr_par' dir='ltr' id='par_1_77' title="bbox 1997 3449 3645 3522">
     <span class='ocr_line' id='line_1_77' title="bbox 1997 3449 3645 3522; baseline -0.001 -16"><span class='ocrx_word' id='word_1_568' title='bbox 1997 3457 2104 3516; x_wconf 89' lang='lat' dir='ltr'>rat,</span> <span class='ocrx_word' id='word_1_569' title='bbox 2139 3453 2307 3522; x_wconf 86' lang='lat' dir='ltr'>cujus</span> <span class='ocrx_word' id='word_1_570' title='bbox 2338 3451 2626 3506; x_wconf 91' lang='lat' dir='ltr'>scribendi</span> <span class='ocrx_word' id='word_1_571' title='bbox 2657 3450 2848 3506; x_wconf 92' lang='lat' dir='ltr'>locum</span> <span class='ocrx_word' id='word_1_572' title='bbox 2869 3454 2926 3506; x_wconf 92' lang='lat' dir='ltr'>et</span> <span class='ocrx_word' id='word_1_573' title='bbox 2951 3450 3315 3506; x_wconf 89' lang='lat' dir='ltr'>occasionem</span> <span class='ocrx_word' id='word_1_574' title='bbox 3353 3449 3533 3505; x_wconf 85' lang='lat' dir='ltr'>refert</span> <span class='ocrx_word' id='word_1_575' title='bbox 3553 3449 3645 3504; x_wconf 88' lang='lat' dir='ltr'>his</span> 
     </span>
    </p>
   </div>
   <div class='ocr_carea' id='block_1_78' title="bbox 1993 3537 3648 3611">
    <p class='ocr_par' dir='ltr' id='par_1_78' title="bbox 1993 3537 3648 3611">
     <span class='ocr_line' id='line_1_78' title="bbox 1993 3537 3648 3611; baseline -0.002 -15"><span class='ocrx_word' id='word_1_576' title='bbox 1993 3540 2186 3596; x_wconf 86' lang='lat' dir='ltr'>verbis</span> <span class='ocrx_word' id='word_1_577' title='bbox 2211 3557 2260 3594; x_wconf 78' lang='lat' dir='ltr'>:u</span> <span class='ocrx_word' id='word_1_578' title='bbox 2280 3540 2424 3594; x_wconf 88' lang='lat' dir='ltr'>Cum</span> <span class='ocrx_word' id='word_1_579' title='bbox 2450 3539 2507 3594; x_wconf 90' lang='lat' dir='ltr'>in</span> <span class='ocrx_word' id='word_1_580' title='bbox 2543 3557 2610 3596; x_wconf 91' lang='lat' dir='ltr'>ea</span> <span class='ocrx_word' id='word_1_581' title='bbox 2649 3545 2811 3610; x_wconf 89' lang='lat' dir='ltr'>parte</span> <span class='ocrx_word' id='word_1_582' title='bbox 2848 3537 3648 3611; x_wconf 68' lang='lat' dir='ltr'>BurgundiaaquaeProvincia</span> 
     </span>
    </p>
   </div>
   <div class='ocr_carea' id='block_1_79' title="bbox 1993 3626 3642 3699">
    <p class='ocr_par' dir='ltr' id='par_1_79' title="bbox 1993 3626 3642 3699">
     <span class='ocr_line' id='line_1_79' title="bbox 1993 3626 3642 3699; baseline -0.002 -15"><span class='ocrx_word' id='word_1_583' title='bbox 1993 3629 2207 3684; x_wconf 91' lang='lat' dir='ltr'>dicitur</span> <span class='ocrx_word' id='word_1_584' title='bbox 2237 3629 2598 3694; x_wconf 88' lang='lat' dir='ltr'>mansitaret,</span> <span class='ocrx_word' id='word_1_585' title='bbox 2628 3627 2812 3682; x_wconf 85' lang='lat' dir='ltr'>filium</span> <span class='ocrx_word' id='word_1_586' title='bbox 2869 3629 3181 3699; x_wconf 89' lang='lat' dir='ltr'>cujusdam</span> <span class='ocrx_word' id='word_1_587' title='bbox 3222 3627 3330 3682; x_wconf 91' lang='lat' dir='ltr'>viri</span> <span class='ocrx_word' id='word_1_588' title='bbox 3362 3626 3642 3682; x_wconf 89' lang='lat' dir='ltr'>ditissimi</span> 
     </span>
    </p>
   </div>
   <div class='ocr_carea' id='block_1_80' title="bbox 1995 3715 3643 3789">
    <p class='ocr_par' dir='ltr' id='par_1_80' title="bbox 1995 3715 3643 3789">
     <span class='ocr_line' id='line_1_80' title="bbox 1995 3715 3643 3789; baseline -0.002 -17"><span class='ocrx_word' id='word_1_589' title='bbox 1995 3717 2231 3773; x_wconf 91' lang='lat' dir='ltr'>nomine</span> <span class='ocrx_word' id='word_1_590' title='bbox 2264 3717 2658 3789; x_wconf 80' lang='lat' dir='ltr'>Roestangum</span> <span class='ocrx_word' id='word_1_591' title='bbox 2693 3717 2762 3771; x_wconf 90' lang='lat' dir='ltr'>ad</span> <span class='ocrx_word' id='word_1_592' title='bbox 2797 3717 3179 3771; x_wconf 92' lang='lat' dir='ltr'>imbuendum</span> <span class='ocrx_word' id='word_1_593' title='bbox 3201 3715 3410 3770; x_wconf 86' lang='lat' dir='ltr'>litteris</span> <span class='ocrx_word' id='word_1_594' title='bbox 3442 3719 3643 3787; x_wconf 55' lang='lat' dir='ltr'>postu-</span> 
     </span>
    </p>
   </div>
   <div class='ocr_carea' id='block_1_81' title="bbox 1993 3804 3644 3877">
    <p class='ocr_par' dir='ltr' id='par_1_81' title="bbox 1993 3804 3644 3877">
     <span class='ocr_line' id='line_1_81' title="bbox 1993 3804 3644 3877; baseline -0.001 -17"><span class='ocrx_word' id='word_1_595' title='bbox 1993 3806 2148 3862; x_wconf 89' lang='lat' dir='ltr'>latus</span> <span class='ocrx_word' id='word_1_596' title='bbox 2179 3805 2427 3877; x_wconf 86' lang='lat' dir='ltr'>recepit;</span> <span class='ocrx_word' id='word_1_597' title='bbox 2463 3805 2534 3860; x_wconf 89' lang='lat' dir='ltr'>ad</span> <span class='ocrx_word' id='word_1_598' title='bbox 2567 3822 2741 3876; x_wconf 92' lang='lat' dir='ltr'>quem</span> <span class='ocrx_word' id='word_1_599' title='bbox 2763 3804 2979 3860; x_wconf 90' lang='lat' dir='ltr'>librum</span> <span class='ocrx_word' id='word_1_600' title='bbox 3015 3805 3086 3860; x_wconf 92' lang='lat' dir='ltr'>de</span> <span class='ocrx_word' id='word_1_601' title='bbox 3117 3809 3238 3860; x_wconf 90' lang='lat' dir='ltr'>arte</span> <span class='ocrx_word' id='word_1_602' title='bbox 3261 3804 3644 3875; x_wconf 88' lang='lat' dir='ltr'>grammatica</span> 
     </span>
    </p>
   </div>
   <div class='ocr_carea' id='block_1_82' title="bbox 1994 3893 3642 3965">
    <p class='ocr_par' dir='ltr' id='par_1_82' title="bbox 1994 3893 3642 3965">
     <span class='ocr_line' id='line_1_82' title="bbox 1994 3893 3642 3965; baseline 0 -17"><span class='ocrx_word' id='word_1_603' title='bbox 1994 3893 2360 3965; x_wconf 90' lang='lat' dir='ltr'>conscripsit,</span> <span class='ocrx_word' id='word_1_604' title='bbox 2395 3911 2568 3965; x_wconf 90' lang='lat' dir='ltr'>quem</span> <span class='ocrx_word' id='word_1_605' title='bbox 2599 3893 2814 3948; x_wconf 91' lang='lat' dir='ltr'>librum</span> <span class='ocrx_word' id='word_1_606' title='bbox 2847 3893 3147 3964; x_wconf 89' lang='lat' dir='ltr'>gentilitio</span> <span class='ocrx_word' id='word_1_607' title='bbox 3177 3893 3455 3964; x_wconf 82' lang='lat' dir='ltr'>loquendi</span> <span class='ocrx_word' id='word_1_608' title='bbox 3487 3909 3642 3948; x_wconf 91' lang='lat' dir='ltr'>more</span> 
     </span>
    </p>
   </div>
   <div class='ocr_carea' id='block_1_83' title="bbox 1979 3981 3642 4054">
    <p class='ocr_par' dir='ltr' id='par_1_83' title="bbox 1979 3981 3642 4054">
     <span class='ocr_line' id='line_1_83' title="bbox 1979 3981 3642 4054; baseline 0.001 -19"><span class='ocrx_word' id='word_1_609' title='bbox 1979 3983 2396 4054; x_wconf 82' lang='lat' dir='ltr'>.Sparadorsum</span> <span class='ocrx_word' id='word_1_610' title='bbox 2427 3981 2668 4037; x_wconf 87' lang='lat' dir='ltr'>vocavit.</span> <span class='ocrx_word' id='word_1_611' title='bbox 2700 3999 2803 4054; x_wconf 92' lang='lat' dir='ltr'>pro</span> <span class='ocrx_word' id='word_1_612' title='bbox 2833 3999 2899 4038; x_wconf 84' lang='lat' dir='ltr'>eo</span> <span class='ocrx_word' id='word_1_613' title='bbox 2931 3983 3083 4054; x_wconf 85' lang='lat' dir='ltr'>quod</span> <span class='ocrx_word' id='word_1_614' title='bbox 3114 3981 3214 4054; x_wconf 90' lang='lat' dir='ltr'>qui</span> <span class='ocrx_word' id='word_1_615' title='bbox 3271 3981 3488 4038; x_wconf 92' lang='lat' dir='ltr'>scholis</span> <span class='ocrx_word' id='word_1_616' title='bbox 3545 3999 3642 4037; x_wconf 86' lang='lat' dir='ltr'>as-</span> 
     </span>
    </p>
   </div>
   <div class='ocr_carea' id='block_1_84' title="bbox 1995 4070 3645 4143">
    <p class='ocr_par' dir='ltr' id='par_1_84' title="bbox 1995 4070 3645 4143">
     <span class='ocr_line' id='line_1_84' title="bbox 1995 4070 3645 4143; baseline -0.001 -16"><span class='ocrx_word' id='word_1_617' title='bbox 1995 4075 2288 4128; x_wconf 88' lang='lat' dir='ltr'>suesceret</span> <span class='ocrx_word' id='word_1_618' title='bbox 2321 4071 2625 4143; x_wconf 92' lang='lat' dir='ltr'>puerulus,</span> <span class='ocrx_word' id='word_1_619' title='bbox 2659 4071 2900 4126; x_wconf 89' lang='lat' dir='ltr'>dorsum</span> <span class='ocrx_word' id='word_1_620' title='bbox 2933 4088 2966 4126; x_wconf 93' lang='lat' dir='ltr'>a</span> <span class='ocrx_word' id='word_1_621' title='bbox 2997 4070 3194 4142; x_wconf 81' lang='lat' dir='ltr'>flagris</span> <span class='ocrx_word' id='word_1_622' title='bbox 3225 4085 3454 4126; x_wconf 90' lang='lat' dir='ltr'>servare</span> <span class='ocrx_word' id='word_1_623' title='bbox 3511 4087 3645 4142; x_wconf 81' lang='lat' dir='ltr'>pos-</span> 
     </span>
    </p>
   </div>
   <div class='ocr_carea' id='block_1_85' title="bbox 1992 4158 3644 4232">
    <p class='ocr_par' dir='ltr' id='par_1_85' title="bbox 1992 4158 3644 4232">
     <span class='ocr_line' id='line_1_85' title="bbox 1992 4158 3644 4232; baseline -0.001 -17"><span class='ocrx_word' id='word_1_624' title='bbox 1992 4164 2098 4215; x_wconf 89' lang='lat' dir='ltr'>set.</span> <span class='ocrx_word' id='word_1_625' title='bbox 2136 4183 2163 4208; x_wconf 82' lang='grc'><strong>››</strong></span> <span class='ocrx_word' id='word_1_626' title='bbox 2195 4161 2359 4232; x_wconf 87' lang='lat' dir='ltr'>Apud</span> <span class='ocrx_word' id='word_1_627' title='bbox 2404 4159 2713 4215; x_wconf 87' lang='lat' dir='ltr'>Acherium</span> <span class='ocrx_word' id='word_1_628' title='bbox 2764 4158 3013 4215; x_wconf 87' lang='lat' dir='ltr'>habetur</span> <span class='ocrx_word' id='word_1_629' title='bbox 3070 4159 3467 4230; x_wconf 75' lang='lat' dir='ltr'>Speradorsum</span> <span class='ocrx_word' id='word_1_630' title='bbox 3522 4159 3644 4214; x_wconf 82' lang='lat' dir='ltr'>Me-</span> 
     </span>
    </p>
   </div>
   <div class='ocr_carea' id='block_1_86' title="bbox 1991 4245 3645 4319">
    <p class='ocr_par' dir='ltr' id='par_1_86' title="bbox 1991 4245 3645 4319">
     <span class='ocr_line' id='line_1_86' title="bbox 1991 4245 3645 4319; baseline -0.001 -17"><span class='ocrx_word' id='word_1_631' title='bbox 1991 4249 2106 4304; x_wconf 89' lang='lat' dir='ltr'>lius</span> <span class='ocrx_word' id='word_1_632' title='bbox 2137 4247 2407 4304; x_wconf 90' lang='lat' dir='ltr'>Valerius</span> <span class='ocrx_word' id='word_1_633' title='bbox 2464 4249 2728 4303; x_wconf 87' lang='lat' dir='ltr'>Andreas</span> <span class='ocrx_word' id='word_1_634' title='bbox 2758 4248 2815 4302; x_wconf 93' lang='lat' dir='ltr'>in</span> <span class='ocrx_word' id='word_1_635' title='bbox 2850 4247 3208 4302; x_wconf 88' lang='lat' dir='ltr'>Bibliotheca</span> <span class='ocrx_word' id='word_1_636' title='bbox 3265 4263 3407 4302; x_wconf 91' lang='lat' dir='ltr'>mss.</span> <span class='ocrx_word' id='word_1_637' title='bbox 3465 4245 3645 4319; x_wconf 86' lang='lat' dir='ltr'>Belgii</span> 
     </span>
    </p>
   </div>
   <div class='ocr_carea' id='block_1_87' title="bbox 1992 4335 3641 4408">
    <p class='ocr_par' dir='ltr' id='par_1_87' title="bbox 1992 4335 3641 4408">
     <span class='ocr_line' id='line_1_87' title="bbox 1992 4335 3641 4408; baseline -0.002 -17"><span class='ocrx_word' id='word_1_638' title='bbox 1992 4341 2133 4392; x_wconf 91' lang='lat' dir='ltr'>tom.</span> <span class='ocrx_word' id='word_1_639' title='bbox 2162 4339 2214 4403; x_wconf 92' lang='lat'>1,</span> <span class='ocrx_word' id='word_1_640' title='bbox 2243 4353 2374 4408; x_wconf 86' lang='lat' dir='ltr'>pag.</span> <span class='ocrx_word' id='word_1_641' title='bbox 2399 4337 2524 4400; x_wconf 90' lang='lat'>303,</span> <span class='ocrx_word' id='word_1_642' title='bbox 2549 4341 2606 4392; x_wconf 91' lang='lat' dir='ltr'>et</span> <span class='ocrx_word' id='word_1_643' title='bbox 2636 4337 2925 4392; x_wconf 85' lang='lat' dir='ltr'>Aubertus</span> <span class='ocrx_word' id='word_1_644' title='bbox 2948 4337 3176 4391; x_wconf 70' lang='lat' dir='ltr'>Miraeus</span> <span class='ocrx_word' id='word_1_645' title='bbox 3208 4336 3265 4390; x_wconf 92' lang='lat' dir='ltr'>in</span> <span class='ocrx_word' id='word_1_646' title='bbox 3299 4335 3537 4390; x_wconf 91' lang='lat' dir='ltr'>scholiis</span> <span class='ocrx_word' id='word_1_647' title='bbox 3571 4335 3641 4390; x_wconf 90' lang='lat' dir='ltr'>ad</span> 
     </span>
    </p>
   </div>
   <div class='ocr_carea' id='block_1_88' title="bbox 1991 4422 3646 4498">
    <p class='ocr_par' dir='ltr' id='par_1_88' title="bbox 1991 4422 3646 4498">
     <span class='ocr_line' id='line_1_88' title="bbox 1991 4422 3646 4498; baseline -0.002 -18"><span class='ocrx_word' id='word_1_648' title='bbox 1991 4429 2167 4497; x_wconf 89' lang='lat' dir='ltr'>caput</span> <span class='ocrx_word' id='word_1_649' title='bbox 2221 4427 2319 4479; x_wconf 84' lang='lat'>127</span> <span class='ocrx_word' id='word_1_650' title='bbox 2351 4425 2635 4498; x_wconf 88' lang='lat' dir='ltr'>Sigeberti</span> <span class='ocrx_word' id='word_1_651' title='bbox 2685 4425 2743 4479; x_wconf 91' lang='lat' dir='ltr'>in</span> <span class='ocrx_word' id='word_1_652' title='bbox 2804 4423 3072 4479; x_wconf 83' lang='lat' dir='ltr'>Fulcuini</span> <span class='ocrx_word' id='word_1_653' title='bbox 3122 4423 3319 4479; x_wconf 88' lang='lat' dir='ltr'>codice</span> <span class='ocrx_word' id='word_1_654' title='bbox 3377 4422 3646 4496; x_wconf 90' lang='lat' dir='ltr'>legerunt</span> 
     </span>
    </p>
   </div>
   <div class='ocr_carea' id='block_1_89' title="bbox 1991 4511 3646 4585">
    <p class='ocr_par' dir='ltr' id='par_1_89' title="bbox 1991 4511 3646 4585">
     <span class='ocr_line' id='line_1_89' title="bbox 1991 4511 3646 4585; baseline -0.002 -16"><span class='ocrx_word' id='word_1_655' title='bbox 1991 4514 2393 4584; x_wconf 80' lang='lat' dir='ltr'>Sparadorsum</span> <span class='ocrx_word' id='word_1_656' title='bbox 2425 4531 2459 4569; x_wconf 91' lang='lat' dir='ltr'>a</span> <span class='ocrx_word' id='word_1_657' title='bbox 2483 4530 2619 4569; x_wconf 90' lang='lat' dir='ltr'>voce</span> <span class='ocrx_word' id='word_1_658' title='bbox 2643 4511 2885 4585; x_wconf 90' lang='lat' dir='ltr'>antiqua</span> <span class='ocrx_word' id='word_1_659' title='bbox 2907 4512 3250 4569; x_wconf 88' lang='lat' dir='ltr'>Germanica</span> <span class='ocrx_word' id='word_1_660' title='bbox 3275 4528 3492 4584; x_wconf 80' lang='lat' dir='ltr'>sparen,</span> <span class='ocrx_word' id='word_1_661' title='bbox 3521 4529 3646 4584; x_wconf 72' lang='lat' dir='ltr'>qua:</span> 
     </span>
    </p>
   </div>
   <div class='ocr_carea' id='block_1_90' title="bbox 234 4596 3644 4686">
    <p class='ocr_par' dir='ltr' id='par_1_90' title="bbox 234 4596 3644 4686">
     <span class='ocr_line' id='line_1_90' title="bbox 234 4596 3644 4686; baseline 0.002 -36"><span class='ocrx_word' id='word_1_662' title='bbox 234 4611 407 4650; x_wconf 87' lang='lat' dir='ltr'>mone</span> <span class='ocrx_word' id='word_1_663' title='bbox 435 4597 509 4650; x_wconf 85' lang='lat' dir='ltr'>De</span> <span class='ocrx_word' id='word_1_664' title='bbox 541 4596 704 4650; x_wconf 72' lang='lat' dir='ltr'>Cmna</span> <span class='ocrx_word' id='word_1_665' title='bbox 734 4598 960 4652; x_wconf 78' lang='lat' dir='ltr'>Domini</span> <span class='ocrx_word' id='word_1_666' title='bbox 989 4598 1254 4669; x_wconf 75' lang='lat' dir='ltr'>quaedam</span> <span class='ocrx_word' id='word_1_667' title='bbox 1294 4598 1644 4655; x_wconf 87' lang='lat' dir='ltr'>Veronensia</span> <span class='ocrx_word' id='word_1_668' title='bbox 1701 4601 1878 4656; x_wconf 93' lang='lat' dir='ltr'>docu-</span> <span class='ocrx_word' id='word_1_669' title='bbox 1909 4621 1956 4686; x_wconf 74' lang='grc' dir='ltr'>Ι)</span> <span class='ocrx_word' id='word_1_670' title='bbox 1988 4602 2279 4674; x_wconf 82' lang='lat' dir='ltr'>signiﬁcat</span> <span class='ocrx_word' id='word_1_671' title='bbox 2335 4617 2579 4672; x_wconf 84' lang='lat' dir='ltr'>parcere,</span> <span class='ocrx_word' id='word_1_672' title='bbox 2641 4599 2800 4657; x_wconf 91' lang='lat' dir='ltr'>Italis</span> <span class='ocrx_word' id='word_1_673' title='bbox 2857 4602 3238 4672; x_wconf 80' lang='lat' dir='ltr'>risparmiare,</span> <span class='ocrx_word' id='word_1_674' title='bbox 3289 4604 3353 4655; x_wconf 92' lang='lat' dir='ltr'>ut</span> <span class='ocrx_word' id='word_1_675' title='bbox 3411 4600 3644 4656; x_wconf 91' lang='lat' dir='ltr'>monuit</span> 
     </span>
    </p>
   </div>
   <div class='ocr_carea' id='block_1_91' title="bbox 235 4683 1878 4745">
    <p class='ocr_par' dir='ltr' id='par_1_91' title="bbox 235 4683 1878 4745">
     <span class='ocr_line' id='line_1_91' title="bbox 235 4683 1878 4745; baseline 0.005 -9"><span class='ocrx_word' id='word_1_676' title='bbox 235 4687 432 4738; x_wconf 91' lang='lat' dir='ltr'>menta</span> <span class='ocrx_word' id='word_1_677' title='bbox 458 4700 492 4738; x_wconf 90' lang='lat' dir='ltr'><strong>a</strong></span> <span class='ocrx_word' id='word_1_678' title='bbox 522 4683 795 4738; x_wconf 81' lang='lat' dir='ltr'>Ratherio</span> <span class='ocrx_word' id='word_1_679' title='bbox 827 4685 1069 4741; x_wconf 87' lang='lat' dir='ltr'>forsitan</span> <span class='ocrx_word' id='word_1_680' title='bbox 1102 4686 1330 4741; x_wconf 90' lang='lat' dir='ltr'>Verona</span> <span class='ocrx_word' id='word_1_681' title='bbox 1360 4687 1642 4743; x_wconf 90' lang='lat' dir='ltr'>Lauhium</span> <span class='ocrx_word' id='word_1_682' title='bbox 1703 4688 1878 4745; x_wconf 86' lang='lat' dir='ltr'>allata</span> 
     </span>
    </p>
   </div>
   <div class='ocr_carea' id='block_1_92' title="bbox 233 4771 1876 4844">
    <p class='ocr_par' dir='ltr' id='par_1_92' title="bbox 233 4771 1876 4844">
     <span class='ocr_line' id='line_1_92' title="bbox 233 4771 1876 4844; baseline 0.005 -18"><span class='ocrx_word' id='word_1_683' title='bbox 233 4771 479 4844; x_wconf 86' lang='lat' dir='ltr'>contigit</span> <span class='ocrx_word' id='word_1_684' title='bbox 511 4771 784 4843; x_wconf 90' lang='lat' dir='ltr'>reperire,</span> <span class='ocrx_word' id='word_1_685' title='bbox 819 4771 1058 4844; x_wconf 67' lang='lat' dir='ltr'>haecque</span> <span class='ocrx_word' id='word_1_686' title='bbox 1090 4793 1207 4830; x_wconf 91' lang='lat' dir='ltr'>una</span> <span class='ocrx_word' id='word_1_687' title='bbox 1249 4793 1382 4830; x_wconf 91' lang='lat' dir='ltr'>cum</span> <span class='ocrx_word' id='word_1_688' title='bbox 1443 4777 1572 4831; x_wconf 89' lang='lat' dir='ltr'>aliis</span> <span class='ocrx_word' id='word_1_689' title='bbox 1631 4778 1876 4834; x_wconf 90' lang='lat' dir='ltr'>aliorum</span> 
     </span>
    </p>
   </div>
   <div class='ocr_carea' id='block_1_93' title="bbox 232 4857 1878 4932">
    <p class='ocr_par' dir='ltr' id='par_1_93' title="bbox 232 4857 1878 4932">
     <span class='ocr_line' id='line_1_93' title="bbox 232 4857 1878 4932; baseline 0.005 -17"><span class='ocrx_word' id='word_1_690' title='bbox 232 4857 534 4932; x_wconf 87' lang='lat' dir='ltr'>epusculis</span> <span class='ocrx_word' id='word_1_691' title='bbox 558 4859 822 4931; x_wconf 89' lang='lat' dir='ltr'>Vitisque</span> <span class='ocrx_word' id='word_1_692' title='bbox 853 4865 1188 4917; x_wconf 89' lang='lat' dir='ltr'>sanctorum</span> <span class='ocrx_word' id='word_1_693' title='bbox 1223 4863 1278 4917; x_wconf 92' lang='lat' dir='ltr'>in</span> <span class='ocrx_word' id='word_1_694' title='bbox 1307 4864 1503 4920; x_wconf 92' lang='lat' dir='ltr'>codice</span> <span class='ocrx_word' id='word_1_695' title='bbox 1552 4867 1878 4924; x_wconf 86' lang='lat' dir='ltr'>describere</span> 
     </span>
    </p>
   </div>
   <div class='ocr_carea' id='block_1_94' title="bbox 233 4947 1880 5026">
    <p class='ocr_par' dir='ltr' id='par_1_94' title="bbox 233 4947 1880 5026">
     <span class='ocr_line' id='line_1_94' title="bbox 233 4947 1880 5026; baseline 0.007 -24"><span class='ocrx_word' id='word_1_696' title='bbox 233 4947 788 5020; x_wconf 90' lang='lat' dir='ltr'>placuit.Secundus</span> <span class='ocrx_word' id='word_1_697' title='bbox 807 4948 986 5003; x_wconf 86' lang='lat' dir='ltr'>codex</span> <span class='ocrx_word' id='word_1_698' title='bbox 1002 4949 1200 5004; x_wconf 75' lang='lat' dir='ltr'>forma:</span> <span class='ocrx_word' id='word_1_699' title='bbox 1220 4950 1462 5006; x_wconf 89' lang='lat' dir='ltr'>minoris</span> <span class='ocrx_word' id='word_1_700' title='bbox 1484 4952 1538 5006; x_wconf 87' lang='lat' dir='ltr'>in</span> <span class='ocrx_word' id='word_1_701' title='bbox 1561 4960 1767 5026; x_wconf 90' lang='lat' dir='ltr'>quarto</span> <span class='ocrx_word' id='word_1_702' title='bbox 1781 4973 1880 5013; x_wconf 80' lang='lat' dir='ltr'>sex</span> 
     </span>
    </p>
   </div>
   <div class='ocr_carea' id='block_1_95' title="bbox 234 5035 1878 5116">
    <p class='ocr_par' dir='ltr' id='par_1_95' title="bbox 234 5035 1878 5116">
     <span class='ocr_line' id='line_1_95' title="bbox 234 5035 1878 5116; baseline 0.006 -26"><span class='ocrx_word' id='word_1_703' title='bbox 234 5035 575 5107; x_wconf 89' lang='lat' dir='ltr'>prolixiores</span> <span class='ocrx_word' id='word_1_704' title='bbox 605 5035 859 5091; x_wconf 84' lang='lat' dir='ltr'>Raiherii</span> <span class='ocrx_word' id='word_1_705' title='bbox 893 5035 1074 5092; x_wconf 89' lang='lat' dir='ltr'>libros</span> <span class='ocrx_word' id='word_1_706' title='bbox 1129 5038 1538 5110; x_wconf 89' lang='lat' dir='ltr'>complectitur</span> <span class='ocrx_word' id='word_1_707' title='bbox 1567 5042 1878 5116; x_wconf 90' lang='lat' dir='ltr'>inscriptos</span> 
     </span>
    </p>
   </div>
   <div class='ocr_carea' id='block_1_96' title="bbox 230 5125 1877 5200">
    <p class='ocr_par' dir='ltr' id='par_1_96' title="bbox 230 5125 1877 5200">
     <span class='ocr_line' id='line_1_96' title="bbox 230 5125 1877 5200; baseline 0.005 -20"><span class='ocrx_word' id='word_1_708' title='bbox 230 5125 613 5180; x_wconf 76' lang='lat' dir='ltr'>Mcditationes</span> <span class='ocrx_word' id='word_1_709' title='bbox 643 5125 839 5190; x_wconf 74' lang='lat' dir='ltr'>cordis,</span> <span class='ocrx_word' id='word_1_710' title='bbox 871 5130 1001 5191; x_wconf 91' lang='lat' dir='ltr'>etc.,</span> <span class='ocrx_word' id='word_1_711' title='bbox 1029 5142 1129 5180; x_wconf 90' lang='lat' dir='ltr'>seu</span> <span class='ocrx_word' id='word_1_712' title='bbox 1188 5127 1522 5200; x_wconf 66' lang='lat' dir='ltr'>I’rwloquia,</span> <span class='ocrx_word' id='word_1_713' title='bbox 1556 5148 1688 5186; x_wconf 91' lang='lat' dir='ltr'>cum</span> <span class='ocrx_word' id='word_1_714' title='bbox 1735 5134 1877 5189; x_wconf 90' lang='lat' dir='ltr'>dua-</span> 
     </span>
    </p>
   </div>
   <div class='ocr_carea' id='block_1_97' title="bbox 232 5213 1882 5287">
    <p class='ocr_par' dir='ltr' id='par_1_97' title="bbox 232 5213 1882 5287">
     <span class='ocr_line' id='line_1_97' title="bbox 232 5213 1882 5287; baseline 0.006 -19"><span class='ocrx_word' id='word_1_715' title='bbox 232 5213 342 5269; x_wconf 91' lang='lat' dir='ltr'>bus</span> <span class='ocrx_word' id='word_1_716' title='bbox 373 5213 657 5287; x_wconf 91' lang='lat' dir='ltr'>epistolis,</span> <span class='ocrx_word' id='word_1_717' title='bbox 678 5231 794 5268; x_wconf 90' lang='lat' dir='ltr'>una</span> <span class='ocrx_word' id='word_1_718' title='bbox 816 5214 886 5269; x_wconf 92' lang='lat' dir='ltr'>ad</span> <span class='ocrx_word' id='word_1_719' title='bbox 919 5214 1230 5270; x_wconf 84' lang='lat' dir='ltr'>Widonem</span> <span class='ocrx_word' id='word_1_720' title='bbox 1253 5220 1309 5271; x_wconf 90' lang='lat' dir='ltr'>et</span> <span class='ocrx_word' id='word_1_721' title='bbox 1331 5217 1679 5275; x_wconf 88' lang='lat' dir='ltr'>Sobbonem.</span> <span class='ocrx_word' id='word_1_722' title='bbox 1700 5221 1882 5279; x_wconf 88' lang='lat' dir='ltr'>altera</span> 
     </span>
    </p>
   </div>
   <div class='ocr_carea' id='block_1_98' title="bbox 231 5303 1878 5377">
    <p class='ocr_par' dir='ltr' id='par_1_98' title="bbox 231 5303 1878 5377">
     <span class='ocr_line' id='line_1_98' title="bbox 231 5303 1878 5377; baseline 0.005 -19"><span class='ocrx_word' id='word_1_723' title='bbox 231 5303 304 5358; x_wconf 87' lang='lat' dir='ltr'>ad</span> <span class='ocrx_word' id='word_1_724' title='bbox 337 5303 698 5358; x_wconf 82' lang='lat' dir='ltr'>Rotbertum.</span> <span class='ocrx_word' id='word_1_725' title='bbox 733 5320 860 5375; x_wconf 69' lang='lat' dir='ltr'>qua:</span> <span class='ocrx_word' id='word_1_726' title='bbox 887 5303 1084 5358; x_wconf 87' lang='lat' dir='ltr'>omnia</span> <span class='ocrx_word' id='word_1_727' title='bbox 1112 5320 1180 5358; x_wconf 84' lang='lat' dir='ltr'>ex</span> <span class='ocrx_word' id='word_1_728' title='bbox 1209 5306 1544 5377; x_wconf 80' lang='lat' dir='ltr'>apographo</span> <span class='ocrx_word' id='word_1_729' title='bbox 1577 5310 1648 5364; x_wconf 83' lang='lat' dir='ltr'>ad</span> <span class='ocrx_word' id='word_1_730' title='bbox 1698 5310 1878 5368; x_wconf 80' lang='lat' dir='ltr'>Ache-</span> 
     </span>
    </p>
   </div>
   <div class='ocr_carea' id='block_1_99' title="bbox 232 5391 1879 5469">
    <p class='ocr_par' dir='ltr' id='par_1_99' title="bbox 232 5391 1879 5469">
     <span class='ocr_line' id='line_1_99' title="bbox 232 5391 1879 5469; baseline 0.007 -25"><span class='ocrx_word' id='word_1_731' title='bbox 232 5391 384 5445; x_wconf 90' lang='lat' dir='ltr'>rium</span> <span class='ocrx_word' id='word_1_732' title='bbox 417 5391 598 5446; x_wconf 89' lang='lat' dir='ltr'>misso</span> <span class='ocrx_word' id='word_1_733' title='bbox 641 5391 746 5446; x_wconf 88' lang='lat' dir='ltr'>PP.</span> <span class='ocrx_word' id='word_1_734' title='bbox 773 5391 1030 5446; x_wconf 87' lang='lat' dir='ltr'>Martcne</span> <span class='ocrx_word' id='word_1_735' title='bbox 1052 5395 1109 5446; x_wconf 92' lang='lat' dir='ltr'>et</span> <span class='ocrx_word' id='word_1_736' title='bbox 1141 5392 1452 5449; x_wconf 86' lang='lat' dir='ltr'>Durandus</span> <span class='ocrx_word' id='word_1_737' title='bbox 1481 5397 1696 5467; x_wconf 89' lang='lat' dir='ltr'>publici</span> <span class='ocrx_word' id='word_1_738' title='bbox 1721 5401 1879 5469; x_wconf 88' lang='lat' dir='ltr'>juris</span> 
     </span>
    </p>
   </div>
   <div class='ocr_carea' id='block_1_100' title="bbox 230 5479 1874 5559">
    <p class='ocr_par' dir='ltr' id='par_1_100' title="bbox 230 5479 1874 5559">
     <span class='ocr_line' id='line_1_100' title="bbox 230 5479 1874 5559; baseline 0.007 -26"><span class='ocrx_word' id='word_1_739' title='bbox 230 5479 438 5534; x_wconf 83' lang='lat' dir='ltr'>fecisse</span> <span class='ocrx_word' id='word_1_740' title='bbox 469 5481 932 5536; x_wconf 89' lang='lat' dir='ltr'>observavimus.</span> <span class='ocrx_word' id='word_1_741' title='bbox 962 5479 1199 5535; x_wconf 87' lang='lat' dir='ltr'>Librum</span> <span class='ocrx_word' id='word_1_742' title='bbox 1225 5483 1458 5538; x_wconf 88' lang='lat' dir='ltr'>tandem</span> <span class='ocrx_word' id='word_1_743' title='bbox 1494 5486 1874 5559; x_wconf 77' lang='lat' dir='ltr'>Confessiom&#39;s,</span> 
     </span>
    </p>
   </div>
   <div class='ocr_carea' id='block_1_101' title="bbox 229 5568 1877 5647">
    <p class='ocr_par' dir='ltr' id='par_1_101' title="bbox 229 5568 1877 5647">
     <span class='ocr_line' id='line_1_101' title="bbox 229 5568 1877 5647; baseline 0.006 -24"><span class='ocrx_word' id='word_1_744' title='bbox 229 5585 263 5624; x_wconf 90' lang='lat' dir='ltr'>a</span> <span class='ocrx_word' id='word_1_745' title='bbox 297 5569 784 5626; x_wconf 87' lang='lat' dir='ltr'>reverendissimo</span> <span class='ocrx_word' id='word_1_746' title='bbox 816 5570 1023 5625; x_wconf 89' lang='lat' dir='ltr'>abbate</span> <span class='ocrx_word' id='word_1_747' title='bbox 1054 5568 1376 5626; x_wconf 86' lang='lat' dir='ltr'>Theodulfo</span> <span class='ocrx_word' id='word_1_748' title='bbox 1399 5580 1720 5647; x_wconf 87' lang='lat' dir='ltr'>acceptum,</span> <span class='ocrx_word' id='word_1_749' title='bbox 1745 5594 1877 5633; x_wconf 92' lang='lat' dir='ltr'>con-</span> 
     </span>
    </p>
   </div>
   <div class='ocr_carea' id='block_1_102' title="bbox 231 5659 1874 5737">
    <p class='ocr_par' dir='ltr' id='par_1_102' title="bbox 231 5659 1874 5737">
     <span class='ocr_line' id='line_1_102' title="bbox 231 5659 1874 5737; baseline 0.004 -25"><span class='ocrx_word' id='word_1_750' title='bbox 231 5664 521 5714; x_wconf 87' lang='lat' dir='ltr'>servatum</span> <span class='ocrx_word' id='word_1_751' title='bbox 571 5659 898 5716; x_wconf 87' lang='lat' dir='ltr'>deteximus</span> <span class='ocrx_word' id='word_1_752' title='bbox 926 5659 984 5715; x_wconf 92' lang='lat' dir='ltr'>in</span> <span class='ocrx_word' id='word_1_753' title='bbox 1009 5660 1177 5716; x_wconf 88' lang='lat' dir='ltr'>tertio</span> <span class='ocrx_word' id='word_1_754' title='bbox 1204 5661 1419 5728; x_wconf 90' lang='lat' dir='ltr'>codice,</span> <span class='ocrx_word' id='word_1_755' title='bbox 1457 5663 1553 5733; x_wconf 85' lang='lat' dir='ltr'>qui</span> <span class='ocrx_word' id='word_1_756' title='bbox 1588 5664 1721 5718; x_wconf 92' lang='lat' dir='ltr'>item</span> <span class='ocrx_word' id='word_1_757' title='bbox 1755 5665 1874 5737; x_wconf 88' lang='lat' dir='ltr'>epi-</span> 
     </span>
    </p>
   </div>
   <div class='ocr_carea' id='block_1_103' title="bbox 1989 4687 3646 4760">
    <p class='ocr_par' dir='ltr' id='par_1_103' title="bbox 1989 4687 3646 4760">
     <span class='ocr_line' id='line_1_103' title="bbox 1989 4687 3646 4760; baseline -0.001 -14"><span class='ocrx_word' id='word_1_758' title='bbox 1989 4689 2341 4746; x_wconf 89' lang='lat' dir='ltr'>Muratorius</span> <span class='ocrx_word' id='word_1_759' title='bbox 2400 4694 2542 4745; x_wconf 87' lang='lat' dir='ltr'>tom.</span> <span class='ocrx_word' id='word_1_760' title='bbox 2579 4690 2624 4745; x_wconf 92' lang='lat' dir='ltr'>ll</span> <span class='ocrx_word' id='word_1_761' title='bbox 2655 4689 2851 4760; x_wconf 78' lang='lat' dir='ltr'>Antiq.</span> <span class='ocrx_word' id='word_1_762' title='bbox 2914 4688 3120 4753; x_wconf 89' lang='lat' dir='ltr'>Italic.,</span> <span class='ocrx_word' id='word_1_763' title='bbox 3154 4687 3262 4744; x_wconf 91' lang='lat' dir='ltr'>col.</span> <span class='ocrx_word' id='word_1_764' title='bbox 3326 4689 3482 4743; x_wconf 85' lang='lat'>1281.</span> <span class='ocrx_word' id='word_1_765' title='bbox 3528 4689 3646 4745; x_wconf 86' lang='lat' dir='ltr'>Hoc</span> 
     </span>
    </p>
   </div>
   <div class='ocr_carea' id='block_1_104' title="bbox 1986 4776 3641 4851">
    <p class='ocr_par' dir='ltr' id='par_1_104' title="bbox 1986 4776 3641 4851">
     <span class='ocr_line' id='line_1_104' title="bbox 1986 4776 3641 4851; baseline -0.001 -17"><span class='ocrx_word' id='word_1_766' title='bbox 1986 4796 2120 4835; x_wconf 85' lang='lat' dir='ltr'>vero</span> <span class='ocrx_word' id='word_1_767' title='bbox 2151 4795 2298 4851; x_wconf 93' lang='lat' dir='ltr'>opus</span> <span class='ocrx_word' id='word_1_768' title='bbox 2329 4777 2615 4850; x_wconf 88' lang='lat' dir='ltr'>scriptum</span> <span class='ocrx_word' id='word_1_769' title='bbox 2649 4777 2830 4833; x_wconf 87' lang='lat' dir='ltr'>fuisse</span> <span class='ocrx_word' id='word_1_770' title='bbox 2869 4776 3183 4849; x_wconf 88' lang='lat' dir='ltr'>aliquando</span> <span class='ocrx_word' id='word_1_771' title='bbox 3243 4781 3373 4849; x_wconf 89' lang='lat' dir='ltr'>post</span> <span class='ocrx_word' id='word_1_772' title='bbox 3420 4793 3641 4833; x_wconf 89' lang='lat' dir='ltr'>annum</span> 
     </span>
    </p>
   </div>
   <div class='ocr_carea' id='block_1_105' title="bbox 1988 4864 3642 4939">
    <p class='ocr_par' dir='ltr' id='par_1_105' title="bbox 1988 4864 3642 4939">
     <span class='ocr_line' id='line_1_105' title="bbox 1988 4864 3642 4939; baseline -0.001 -17"><span class='ocrx_word' id='word_1_773' title='bbox 1988 4869 2113 4936; x_wconf 88' lang='grc'>940,</span> <span class='ocrx_word' id='word_1_774' title='bbox 2148 4885 2263 4939; x_wconf 89' lang='lat' dir='ltr'>quo</span> <span class='ocrx_word' id='word_1_775' title='bbox 2297 4871 2498 4922; x_wconf 89' lang='lat' dir='ltr'>auctor</span> <span class='ocrx_word' id='word_1_776' title='bbox 2529 4867 2601 4921; x_wconf 89' lang='lat' dir='ltr'>ab</span> <span class='ocrx_word' id='word_1_777' title='bbox 2632 4865 2837 4922; x_wconf 86' lang='lat' dir='ltr'>exsilio</span> <span class='ocrx_word' id='word_1_778' title='bbox 2871 4866 3139 4922; x_wconf 84' lang='lat' dir='ltr'>Comensi</span> <span class='ocrx_word' id='word_1_779' title='bbox 3172 4864 3400 4922; x_wconf 89' lang='lat' dir='ltr'>solutus</span> <span class='ocrx_word' id='word_1_780' title='bbox 3425 4866 3484 4922; x_wconf 93' lang='lat' dir='ltr'>in</span> <span class='ocrx_word' id='word_1_781' title='bbox 3507 4866 3642 4922; x_wconf 90' lang='lat' dir='ltr'>Pro-</span> 
     </span>
    </p>
   </div>
   <div class='ocr_carea' id='block_1_106' title="bbox 1988 4953 3641 5026">
    <p class='ocr_par' dir='ltr' id='par_1_106' title="bbox 1988 4953 3641 5026">
     <span class='ocr_line' id='line_1_106' title="bbox 1988 4953 3641 5026; baseline 0 -17"><span class='ocrx_word' id='word_1_782' title='bbox 1988 4955 2239 5010; x_wconf 91' lang='lat' dir='ltr'>vinciam</span> <span class='ocrx_word' id='word_1_783' title='bbox 2273 4955 2576 5020; x_wconf 90' lang='lat' dir='ltr'>successit,</span> <span class='ocrx_word' id='word_1_784' title='bbox 2605 4955 2824 5026; x_wconf 90' lang='lat' dir='ltr'>patebit</span> <span class='ocrx_word' id='word_1_785' title='bbox 2843 4971 2914 5010; x_wconf 81' lang='lat' dir='ltr'>ex</span> <span class='ocrx_word' id='word_1_786' title='bbox 2942 4953 3205 5011; x_wconf 87' lang='lat' dir='ltr'>dicendis</span> <span class='ocrx_word' id='word_1_787' title='bbox 3227 4953 3286 5009; x_wconf 91' lang='lat' dir='ltr'><strong>in</strong></span> <span class='ocrx_word' id='word_1_788' title='bbox 3321 4953 3454 5010; x_wconf 90' lang='lat' dir='ltr'>Vita</span> <span class='ocrx_word' id='word_1_789' title='bbox 3483 4954 3641 5025; x_wconf 86' lang='lat' dir='ltr'>ejus-</span> 
     </span>
    </p>
   </div>
   <div class='ocr_carea' id='block_1_107' title="bbox 1990 5044 2290 5115">
    <p class='ocr_par' dir='ltr' id='par_1_107' title="bbox 1990 5044 2290 5115">
     <span class='ocr_line' id='line_1_107' title="bbox 1990 5044 2290 5115; baseline -0.003 -16"><span class='ocrx_word' id='word_1_790' title='bbox 1990 5044 2145 5110; x_wconf 90' lang='lat' dir='ltr'>dem,</span> <span class='ocrx_word' id='word_1_791' title='bbox 2179 5044 2208 5115; x_wconf 81' lang='lat'>§</span> <span class='ocrx_word' id='word_1_792' title='bbox 2237 5046 2290 5098; x_wconf 88' lang='lat'>6.</span> 
     </span>
    </p>
   </div>
   <div class='ocr_carea' id='block_1_108' title="bbox 2058 5133 3640 5204">
    <p class='ocr_par' dir='ltr' id='par_1_108' title="bbox 2058 5133 3640 5204">
     <span class='ocr_line' id='line_1_108' title="bbox 2058 5133 3640 5204; baseline -0.001 -17"><span class='ocrx_word' id='word_1_793' title='bbox 2058 5133 2170 5187; x_wconf 89' lang='lat' dir='ltr'>XX.</span> <span class='ocrx_word' id='word_1_794' title='bbox 2207 5133 2715 5202; x_wconf 63' lang='lat' dir='ltr'>Chronographium</span> <span class='ocrx_word' id='word_1_795' title='bbox 2775 5133 3041 5202; x_wconf 81' lang='lat' dir='ltr'>Rathcrii,</span> <span class='ocrx_word' id='word_1_796' title='bbox 3071 5149 3186 5204; x_wconf 91' lang='lat' dir='ltr'>qua</span> <span class='ocrx_word' id='word_1_797' title='bbox 3243 5136 3368 5187; x_wconf 93' lang='lat' dir='ltr'>tum</span> <span class='ocrx_word' id='word_1_798' title='bbox 3402 5147 3482 5198; x_wconf 90' lang='lat' dir='ltr'>se,</span> <span class='ocrx_word' id='word_1_799' title='bbox 3515 5135 3640 5186; x_wconf 88' lang='lat' dir='ltr'>tum</span> 
     </span>
    </p>
   </div>
   <div class='ocr_carea' id='block_1_109' title="bbox 1991 5219 3640 5293">
    <p class='ocr_par' dir='ltr' id='par_1_109' title="bbox 1991 5219 3640 5293">
     <span class='ocr_line' id='line_1_109' title="bbox 1991 5219 3640 5293; baseline -0.001 -17"><span class='ocrx_word' id='word_1_800' title='bbox 1991 5220 2136 5276; x_wconf 88' lang='lat' dir='ltr'>alios</span> <span class='ocrx_word' id='word_1_801' title='bbox 2158 5219 2710 5293; x_wconf 81' lang='lat' dir='ltr'>perstringens[xv],</span> <span class='ocrx_word' id='word_1_802' title='bbox 2734 5219 3018 5278; x_wconf 89' lang='lat' dir='ltr'>intactum</span> <span class='ocrx_word' id='word_1_803' title='bbox 3042 5221 3303 5277; x_wconf 91' lang='lat' dir='ltr'>deseruit</span> <span class='ocrx_word' id='word_1_804' title='bbox 3324 5221 3640 5286; x_wconf 91' lang='lat' dir='ltr'>neminem,</span> 
     </span>
    </p>
   </div>
   <div class='ocr_carea' id='block_1_110' title="bbox 1989 5308 3643 5382">
    <p class='ocr_par' dir='ltr' id='par_1_110' title="bbox 1989 5308 3643 5382">
     <span class='ocr_line' id='line_1_110' title="bbox 1989 5308 3643 5382; baseline -0.001 -18"><span class='ocrx_word' id='word_1_805' title='bbox 1989 5310 2113 5380; x_wconf 90' lang='lat' dir='ltr'>ipse</span> <span class='ocrx_word' id='word_1_806' title='bbox 2145 5315 2346 5364; x_wconf 85' lang='lat' dir='ltr'>auctor</span> <span class='ocrx_word' id='word_1_807' title='bbox 2379 5309 2610 5364; x_wconf 86' lang='lat' dir='ltr'>duobus</span> <span class='ocrx_word' id='word_1_808' title='bbox 2644 5310 2700 5363; x_wconf 92' lang='lat' dir='ltr'>in</span> <span class='ocrx_word' id='word_1_809' title='bbox 2733 5311 3008 5382; x_wconf 91' lang='lat' dir='ltr'>operibus</span> <span class='ocrx_word' id='word_1_810' title='bbox 3041 5309 3274 5382; x_wconf 86' lang='lat' dir='ltr'>allegat,</span> <span class='ocrx_word' id='word_1_811' title='bbox 3297 5308 3564 5364; x_wconf 89' lang='lat' dir='ltr'>videlicet</span> <span class='ocrx_word' id='word_1_812' title='bbox 3585 5309 3643 5363; x_wconf 92' lang='lat' dir='ltr'>in</span> 
     </span>
    </p>
   </div>
   <div class='ocr_carea' id='block_1_111' title="bbox 1989 5397 3641 5469">
    <p class='ocr_par' dir='ltr' id='par_1_111' title="bbox 1989 5397 3641 5469">
     <span class='ocr_line' id='line_1_111' title="bbox 1989 5397 3641 5469; baseline 0.001 -19"><span class='ocrx_word' id='word_1_813' title='bbox 1989 5398 2297 5464; x_wconf 78' lang='lat' dir='ltr'>Qualitalis</span> <span class='ocrx_word' id='word_1_814' title='bbox 2329 5401 2662 5469; x_wconf 76' lang='lat' dir='ltr'>conjectura</span> <span class='ocrx_word' id='word_1_815' title='bbox 2695 5402 2926 5463; x_wconf 86' lang='lat' dir='ltr'>num.2,</span> <span class='ocrx_word' id='word_1_816' title='bbox 2953 5402 3009 5452; x_wconf 92' lang='lat' dir='ltr'>et</span> <span class='ocrx_word' id='word_1_817' title='bbox 3038 5399 3096 5452; x_wconf 91' lang='lat' dir='ltr'>in</span> <span class='ocrx_word' id='word_1_818' title='bbox 3130 5397 3428 5454; x_wconf 88' lang='lat' dir='ltr'>itinerario</span> <span class='ocrx_word' id='word_1_819' title='bbox 3479 5415 3641 5454; x_wconf 90' lang='lat' dir='ltr'>num.</span> 
     </span>
    </p>
   </div>
   <div class='ocr_carea' id='block_1_112' title="bbox 1987 5485 3638 5559">
    <p class='ocr_par' dir='ltr' id='par_1_112' title="bbox 1987 5485 3638 5559">
     <span class='ocr_line' id='line_1_112' title="bbox 1987 5485 3638 5559; baseline 0.001 -19"><span class='ocrx_word' id='word_1_820' title='bbox 1987 5489 2335 5543; x_wconf 82' lang='lat' dir='ltr'>8.Aubertus</span> <span class='ocrx_word' id='word_1_821' title='bbox 2363 5487 2436 5541; x_wconf 83' lang='lat' dir='ltr'>Mi</span> <span class='ocrx_word' id='word_1_822' title='bbox 2449 5504 2594 5541; x_wconf 70' lang='lat' dir='ltr'>rasus</span> <span class='ocrx_word' id='word_1_823' title='bbox 2607 5487 2786 5557; x_wconf 91' lang='lat' dir='ltr'>hujus</span> <span class='ocrx_word' id='word_1_824' title='bbox 2800 5487 2875 5541; x_wconf 81' lang='lat' dir='ltr'>Ch</span> <span class='ocrx_word' id='word_1_825' title='bbox 2886 5485 3287 5559; x_wconf 74' lang='lat' dir='ltr'>ronographia:</span> <span class='ocrx_word' id='word_1_826' title='bbox 3308 5485 3638 5557; x_wconf 89' lang='lat' dir='ltr'>exemplum</span> 
     </span>
    </p>
   </div>
   <div class='ocr_carea' id='block_1_113' title="bbox 1987 5572 3639 5631">
    <p class='ocr_par' dir='ltr' id='par_1_113' title="bbox 1987 5572 3639 5631">
     <span class='ocr_line' id='line_1_113' title="bbox 1987 5572 3639 5631; baseline -0.001 0"><span class='ocrx_word' id='word_1_827' title='bbox 1987 5576 2046 5631; x_wconf 91' lang='lat' dir='ltr'>in</span> <span class='ocrx_word' id='word_1_828' title='bbox 2077 5575 2377 5631; x_wconf 87' lang='lat' dir='ltr'>codicibus</span> <span class='ocrx_word' id='word_1_829' title='bbox 2408 5574 2766 5630; x_wconf 68' lang='lat' dir='ltr'>bibliotheca:</span> <span class='ocrx_word' id='word_1_830' title='bbox 2813 5574 3249 5631; x_wconf 88' lang='lat' dir='ltr'>Gemblacensis</span> <span class='ocrx_word' id='word_1_831' title='bbox 3307 5591 3367 5628; x_wconf 90' lang='lat' dir='ltr'>se</span> <span class='ocrx_word' id='word_1_832' title='bbox 3419 5572 3639 5630; x_wconf 89' lang='lat' dir='ltr'>vidisse</span> 
     </span>
    </p>
   </div>
   <div class='ocr_carea' id='block_1_114' title="bbox 1986 5661 3639 5736">
    <p class='ocr_par' dir='ltr' id='par_1_114' title="bbox 1986 5661 3639 5736">
     <span class='ocr_line' id='line_1_114' title="bbox 1986 5661 3639 5736; baseline -0.001 -17"><span class='ocrx_word' id='word_1_833' title='bbox 1986 5664 2163 5719; x_wconf 85' lang='lat' dir='ltr'>tradit</span> <span class='ocrx_word' id='word_1_834' title='bbox 2221 5664 2278 5719; x_wconf 92' lang='lat' dir='ltr'>in</span> <span class='ocrx_word' id='word_1_835' title='bbox 2339 5662 2572 5718; x_wconf 84' lang='lat' dir='ltr'>scholiis</span> <span class='ocrx_word' id='word_1_836' title='bbox 2605 5663 2674 5718; x_wconf 89' lang='lat' dir='ltr'>ad</span> <span class='ocrx_word' id='word_1_837' title='bbox 2711 5668 2882 5736; x_wconf 87' lang='lat' dir='ltr'>caput</span> <span class='ocrx_word' id='word_1_838' title='bbox 2917 5666 3018 5720; x_wconf 88' lang='grc'>127</span> <span class='ocrx_word' id='word_1_839' title='bbox 3048 5661 3324 5735; x_wconf 79' lang='lat' dir='ltr'>Sigeberti</span> <span class='ocrx_word' id='word_1_840' title='bbox 3376 5662 3455 5718; x_wconf 88' lang='lat' dir='ltr'>De</span> <span class='ocrx_word' id='word_1_841' title='bbox 3501 5662 3639 5718; x_wconf 87' lang='lat' dir='ltr'>viris</span> 
     </span>
    </p>
   </div>
  </div>
