4100 6200
451 306 525 375 21
1340 316 1956 388 PROLEGOMENA.
1990 351 2069 369 --
2096 322 2515 391 PRJEFATIO
2558 326 2970 393 BALLERIN.
3784 328 3883 399 22.

452 440 805 504 illustribus.
835 443 1054 507 Verum
1081 464 1149 507 ea
1177 466 1408 525 quoque
1438 440 1792 515 bibliotheca
1829 455 2098 514 incendio
2126 457 2182 526 Α
2211 459 2291 517 De
2321 476 2560 533 corpore
2586 464 2643 517 et
2671 460 2956 536 sanguine
2986 460 3238 532 Domini,
3283 478 3390 520 nec
3434 478 3551 522 non
3595 462 3755 522 aliud
3783 470 3862 525 De

452 539 801 607 consumpta
851 536 1034 610 huius
1064 541 1313 614 exempli
1353 542 1711 601 desiderium
1742 544 2000 619 reliquit.
2033 548 2098 604 In

450 622 657 680 itinere
687 626 927 698 quidem
957 628 1239 685 litterario
1271 632 1428 703 quod
1457 650 1491 688 a
1520 633 1752 690 duobus
1793 637 2098 694 monachis

452 712 510 768 S.
544 712 734 770 Mauri
766 714 1057 785 habitum,
1092 718 1331 775 Parisiis
1363 722 1586 778 editum
1633 728 1722 779 est
1753 741 1905 781 anno
1937 727 2096 799 1717,

450 818 583 857 cum
617 807 751 873 post
783 804 1134 862 mentionem
1187 808 1316 879 ejus
1366 810 1620 866 incendii
1653 814 1808 884 quod
1856 815 2099 887 triginta

450 895 582 947 ante
612 908 797 948 annos
814 910 943 949 eam
965 893 1379 953 bibliothecam
1394 899 1601 955 absum
1612 905 2095 975 pserat,quzedam

451 977 708 1035 Ratherii
739 997 911 1060 opera
942 998 1009 1038 ex
1041 1000 1107 1040 eo
1136 992 1334 1057 erepta
1360 989 1668 1044 tradantur
1695 994 1843 1062 part.
1878 1010 1937 1061 ιι,
1962 1009 2093 1065 pag.

448 1069 574 1135 2C2,
609 1085 680 1125 ne
728 1071 818 1125 cui
868 1071 1183 1144 diligentiae
1232 1092 1623 1147 parceremus,
1659 1079 2097 1138 Gemblacensis

450 1156 694 1213 cmuobii
721 1174 1089 1217 meonomum
1119 1164 1445 1235 rogandum
1479 1166 1816 1225 curavimus
1846 1174 1912 1225 ut
1939 1170 2095 1227 vide-

449 1250 537 1301 ret
561 1262 703 1301 num
734 1246 857 1302 haec
886 1247 1031 1305 forte
1077 1250 1554 1326 Chronographia
1597 1256 1748 1312 inter
1795 1259 2021 1314 codices
2066 1278 2096 1316 e

449 1333 707 1390 ﬂammis
756 1335 1021 1393 sublatos
1046 1340 1433 1417 reperiretur.
1469 1344 1791 1417 Respondit
1820 1364 1953 1404 vero
2004 1350 2096 1404 die

445 1423 520 1477 20
548 1423 737 1480 Martii
770 1416 1065 1482 anni1761
1102 1428 1248 1484 nihil
1279 1430 1566 1502 ejusmodi
1590 1416 1841 1491 inveniri
1873 1439 2094 1509 potuis-

446 1525 529 1566 se.
563 1510 811 1575 Quidam
843 1514 1125 1586 suspicati
1158 1523 1298 1574 sunt
1330 1519 1479 1576 hanc
1531 1522 1789 1579 Ratherii
1838 1526 2094 1583 Chrono-

444 1598 751 1672 grapbiam
775 1617 902 1657 esse
926 1603 1191 1661 fortassis
1212 1623 1339 1662 eam
1361 1611 1707 1679 Invectivam,
1726 1615 1894 1685 cujus
1907 1616 2098 1687 prima

443 1687 721 1760 periodus
749 1688 1223 1765 chronographum
1253 1698 1534 1754 nominat.
1568 1700 1678 1756 Sed
1714 1702 1753 1757 ii
1786 1721 1970 1761 unum
2004 1708 2093 1761 In-

442 1779 668 1894 :eclnivae
695 1779 1027 1894 titplum,et
1056 1782 1255 1854 primae
1287 1787 1509 1858 periodi
1540 1789 1732 1861 prima
1748 1793 1921 1848 verba
1935 1796 2090 1867 apud
2123 1828 2171 1894 Β

585 1883 756 1894 Am,“
802 1885 894 1894 η,
929 1870 1331 1894 πηηηηωι
1391 1878 1430 1894 η
1485 1877 1495 1887 .
1623 1883 1632 1894 ,
1770 1881 1781 1892 .
2004 1887 2022 1894 -

444 1864 504 1921 Ρ.
539 1866 897 1923 Bernardum
929 1870 1037 1926 Pez
1066 1872 1355 1930 viderunt.
1376 1877 1496 1953 .Qui
1540 1883 1735 1936 autem
1767 1864 2091 1954 ipsum—In-

441 1956 665 2012 vectivw
694 1957 1046 2029 opusculum
1075 1959 1420 2035 1eget,quod
1454 1965 1747 2040 integrum
1778 1987 1933 2026 nunc
1964 1974 2092 2028 ede-

441 2046 560 2112 tur,
590 2042 700 2100 hoc
731 2045 801 2102 de
832 2047 891 2103 S.
927 2047 1188 2105 Matrona
1228 2068 1294 2107 ac
1325 2053 1395 2108 de
1442 2055 1572 2125 ejus
1615 2073 1874 2131 corpore,
1906 2060 2087 2117 Vero-

439 2130 743 2222 nensibus,
776 2139 840 2189 ut
868 2137 1231 2203 credebatur,
1267 2142 1561 2215 subrepto,
1583 2161 1751 2217 agere
1779 2147 2086 2222 intelliget,

438 2221 593 2292 quod
625 2222 699 2276 ab
731 2220 950 2279 indicta
978 2224 1465 2302 Chronographize
1497 2232 1859 2291 Ratherianze
1905 2220 2088 2293 mate-

437 2309 522 2365 rie
552 2312 726 2381 atque
757 2312 979 2368 ratione
1012 2315 1264 2373 maxime
1294 2318 1830 2393 diserepat.Confer
1859 2343 1985 2399 quae
2016 2329 2087 2384 de

436 2397 546 2453 hoc
576 2414 746 2471 opere
775 2401 1061 2458 addemus
1093 2404 1151 2458 in
1185 2405 1336 2463 notis
1378 2409 1449 2464 ad
1502 2410 1809 2474 Qualitatis
1858 2397 2086 2488 conjec-

438 2489 631 2542 turam
642 2529 655 2541 .

508 2575 647 2631 XXI.
681 2577 949 2634 Extremo
981 2580 1336 2641 Veronensis
1382 2586 1753 2660 episcopatus
1803 2596 2084 2665 tempore,

438 2679 540 2720 seu
575 2680 728 2720 anno
756 2665 1201 2735 968,Ratherius
1228 2673 1429 2730 multis
1442 2677 1766 2750 exagitatus
1784 2680 2084 2751 molestiis,

443 2766 575 2808 cum
603 2753 675 2808 ad
706 2753 1105 2828 episcopatum
1153 2758 1568 2821 dimittendum
1600 2771 1657 2822 et
1683 2769 1751 2823 ad
1805 2772 2084 2827 monasti-

444 2857 570 2897 cam
602 2842 778 2898 vitam
799 2847 1173 2916 repetendam
1187 2865 1314 2905 sese
1338 2852 1660 2911 vehementi
1670 2860 2086 2917 usexstimula—

436 2932 562 2985 tum
596 2932 1082 3001 sentiret,librum
1115 2937 1323 2993 direxit
1351 2941 1422 2996 ad
1442 2941 1786 3001 Fulcuinum
1809 2949 2082 3007 abbatem

438 3018 806 3088 Lobiensem,
843 3039 1018 3109 quem
1052 3048 1079 3074 ‹‹
1115 3026 1485 3098 praetitulavit
1516 3031 1805 3103 Con/licius
1825 3036 2079 3109 duorum,

430 3123 538 3179 pro
568 3123 635 3163 eo
664 3109 820 3182 quod
851 3108 909 3165 in
940 3113 1143 3168 eodem
1174 3115 1505 3189 disputans,
1539 3124 1735 3178 utrum
1770 3108 2080 3184 revertere?

2208 550 2714 624 prmdestinatione
2746 551 2866 607 Dei.
2903 552 3014 607 Sed
3048 575 3076 601 «
3112 569 3336 621 vereor,
3370 555 3566 627 inquit
3592 556 3861 613 Mabillo-

2209 639 2366 706 nius,
2416 644 2483 695 ut
2530 640 2831 696 Ratramni
2880 640 3062 697 libros
3110 641 3384 698 Ratherio
3435 645 3687 716 imputet
3717 647 3856 716 (Act.

2205 727 2303 783 SS.
2339 727 2464 783 0rd.
2500 729 2696 785 Bened.
2750 730 2887 786 Sane.
2924 732 2978 797 ν,
3014 730 3073 784 in
3123 730 3422 798 Ratherio,
3462 749 3520 787 n.
3564 735 3677 801 20).
3713 756 3741 782 ››
3791 735 3861 790 Et

2200 817 2335 887 jure
2365 816 2776 889 quidem.Cum
2809 818 2965 873 enim
2999 819 3119 874 hinc
3138 820 3253 877 duo
3267 821 3315 891 ej
3329 821 3533 876 usdem
3552 838 3861 895 argumen-

2208 906 2251 961 ti
2283 921 2457 979 opera
2486 906 2789 962 Ratramni
2821 914 2973 963 certa
3006 912 3176 976 sunt;
3202 912 3329 964 tum
3359 926 3493 966 vero
3523 909 3755 966 nullum
3787 913 3859 967 de

2206 994 2352 1067 ipsis
2383 999 2447 1049 ut
2477 1013 2511 1050 a
2537 994 2807 1051 Ratberio
2841 996 3075 1068 scriptis
3106 996 3387 1053 indicium
3436 1003 3524 1055 est
3563 1000 3717 1070 apud
3769 1016 3860 1055 co-

2208 1100 2392 1139 aevum
2412 1084 2753 1155 scriptorem
2773 1084 3250 1157 Fulcuinum,qui
3270 1086 3327 1141 in
3340 1087 3602 1160 catalogo
3614 1104 3856 1160 operum

2210 1172 2467 1228 Ratherii
2499 1171 2615 1228 alia
2643 1173 2936 1228 inferioris
2968 1178 3118 1229 nota:
3149 1159 3413 1245 ejusdem
3444 1159 3857 1248 opusculame-

2207 1262 2560 1318 morat.Esto
2591 1261 2875 1317 nonnulla
2903 1263 3170 1334 quaedam
3201 1264 3464 1320 breviora
3477 1266 3857 1336 praetermise-

2205 1350 2300 1415 rit,
2334 1366 2400 1405 ea
2426 1354 2621 1406 tamen
2652 1350 2794 1406 satis
2842 1351 3179 1424 complexus
3227 1351 3315 1407 vel
3365 1353 3425 1407 in
3474 1353 3761 1425 epistolis,
3793 1355 3855 1411 in
3920 1382 3929 1385 -

2206 1440 2421 1512 quibus
2452 1456 2571 1495 una
2600 1440 2673 1494 ad
2721 1440 3013 1496 Patricum
3045 1441 3116 1496 de
3146 1440 3514 1498 Eucharistia
3546 1459 3615 1498 ex
3644 1459 3852 1516 propo-

2206 1528 2319 1584 sito
2350 1528 2604 1595 disserit,
2639 1526 2727 1583 vel
2767 1529 2826 1583 in
2875 1529 2946 1583 iis
2998 1529 3187 1586 verbis
3238 1537 3290 1586 et
3334 1532 3450 1585 alia
3495 1532 3847 1605 quamplura.

2205 1616 2483 1689 Nunquid
2512 1634 2644 1672 vero
2675 1634 2743 1673 ex
2768 1617 2882 1673 illis
2912 1619 3141 1674 duobus
3172 1622 3229 1675 et
3259 1619 3671 1690 prolixioribus
3689 1626 3747 1677 et
3760 1621 3851 1678 in-

2204 1704 2564 1778 signioribus
2594 1722 2664 1761 ne
2697 1722 2880 1761 unum
2931 1706 3170 1778 quidem
3201 1706 3511 1780 attigisset,
3546 1709 3594 1764 si
3636 1710 3850 1767 Ratbe-

2203 1796 2357 1850 rium
2388 1795 2645 1850 novisset
2672 1794 3163 1851 auctorem?Adde
3193 1797 3350 1868 quod
3384 1797 3851 1871 Ratherius,qui-

2201 1884 2452 1940 busdam
2484 1883 2879 1956 peculiaribus
2900 1889 2956 1940 et
2986 1884 3448 1941 abstrusioribus
3478 1886 3667 1943 titulis
3697 1888 3851 1944 dele-

2200 1974 2625 2042 ctabatur,cum
2659 1974 2774 2029 duo
2803 1972 2888 2027 illi
2921 1972 3218 2046 simplices
3249 1977 3306 2030 et
3332 1974 3484 2031 obvii
3517 1974 3654 2032 sint.
3685 1976 3849 2049 Sige-

2198 2065 2433 2121 bertum
2463 2063 2721 2135 profecto
2751 2062 2859 2117 hac
2890 2062 2948 2117 in
2976 2080 3036 2117 re
3067 2077 3260 2121 errore
3290 2064 3488 2136 aliquo
3536 2065 3847 2139 abreptum

2198 2151 2345 2209 nihil
2377 2150 2752 2224 ambigimus.
2788 2152 2931 2207 Cum
2963 2152 3167 2207 eadem
3199 2152 3315 2208 duo
3346 2169 3521 2225 opera
3551 2153 3737 2225 capite
3777 2155 3851 2210 95

2198 2242 2534 2314 ascripserit
2565 2242 2903 2297 Bertramno
2932 2241 3041 2309 (sic
3071 2241 3229 2296 enim
3279 2245 3548 2314 corrupte
3578 2241 3845 2298 Ratram-

2198 2350 2310 2388 nus
2358 2330 2532 2387 scribi
2584 2334 2873 2401 coeperat),
2924 2330 3084 2385 varia
3132 2330 3399 2386 fortassis
3449 2335 3507 2386 et
3553 2330 3847 2387 abreviata

2196 2420 2488 2492 scriptura
2504 2418 2782 2475 codicum
2814 2418 3535 2491 deceptus[xvu]fuit.Duo
3566 2419 3669 2475 illa
3688 2424 3846 2476 certa

2198 2509 2499 2565 Ratramni
2533 2524 2707 2579 opera
2736 2506 2914 2562 simul
2940 2506 3845 2577 junctaincodicibusdescripta

2197 2596 2593 2663 inveniuntur,
2627 2600 2691 2649 ut
2720 2595 2779 2649 in
2810 2610 2922 2649 ms.
2955 2593 3435 2665 Lobiensi,quem
3470 2592 3843 2650 Mabillonius

2195 2685 2400 2742 laudat
2428 2684 2764 2758 praefatione
2794 2683 3053 2739 secunda
3082 2682 3139 2737 in
3173 2680 3461 2740 Saeculum
3494 2681 3569 2739 IV
3597 2682 3840 2740 ord.Be-

2196 2775 2353 2840 ned.,
2373 2792 2429 2830 η.
2449 2775 2536 2829 83.
2572 2772 2715 2829 Cum
2749 2776 2945 2829 autem
2976 2772 3155 2828 codex
3184 2787 3361 2844 quem
3389 2772 3726 2846 Sigebertus
3755 2771 3840 2827 vi-

2193 2864 2280 2919 dit
2306 2864 2715 2919 Bertramnum
2749 2863 3042 2934 praeferret
3072 2861 3130 2916 in
3162 2861 3435 2929 titulo,ex
3450 2878 3565 2935 quo
3578 2879 3645 2918 ea
3666 2878 3841 2933 opera

2194 2953 2535 3009 Bertramno
2567 2950 2804 3019 tribuit;
2840 2951 2897 3006 in
2931 2950 3042 3006 alio
3071 2966 3207 3006 vero
3237 2950 3453 3018 codice,
3486 2950 3587 3023 qui
3635 2952 3837 3006 eadem

2192 3042 2548 3109 continebat,
2584 3057 2687 3113 pro
2718 3041 3035 3096 Itatramno
3067 3039 3350 3112 scriptum
3383 3039 3648 3096 fortassis
3686 3041 3840 3096 esset

2192 3133 2335 3198 Rat.,
2366 3130 2452 3186 uti
2485 3130 2611 3186 ﬁeri
2658 3146 3080 3202 nonnunquam
3130 3128 3374 3197 solebat,
3426 3128 3571 3184 nihil
3619 3127 3716 3184 ille
3770 3129 3842 3183 de

428 3198 528 3292 tur
558 3212 761 3268 necne,
803 3199 1012 3256 anxius
1066 3202 1372 3260 ﬂuctuaret
1420 3208 1707 3275 (Fulcuin.
1741 3212 1805 3269 de
1844 3213 1982 3270 Best.
2014 3217 2083 3271 ab
2114 3198 2157 3265 C
2192 3221 2403 3276 mendo
2434 3220 2733 3292 scripturis
2767 3198 3100 3290 suspicatus
3130 3218 3189 3273 in
3221 3217 3547 3273 Bertramni
3583 3216 3841 3288 nomine,

427 3284 580 3352 Lob.,
613 3302 664 3342 c.
698 3288 811 3358 28).
846 3310 874 3338 »
906 3289 1103 3363 Neque
1135 3291 1291 3349 hunc
1321 3293 1537 3352 librum
1572 3300 1800 3372 uspiam
1823 3302 2082 3363 invenire

428 3375 754 3447 potuimus.

500 3462 665 3553 XXII.
691 3464 773 3519 Ex
803 3465 1066 3538 epistolis
1090 3469 1347 3529 Ratherii
1370 3491 1619 3547 quarum
1645 3478 1843 3553 aliqua
1866 3484 2082 3541 mentio

430 3555 521 3607 est
551 3551 681 3608 duas
710 3552 1141 3626 desiderantur,
1163 3564 1380 3618 una-ad
1414 3551 1809 3624 Frodoardu'm
1844 3571 2086 3628 Remen-

431 3656 577 3727 sem,
613 3658 731 3713 qua
761 3643 830 3697 ad
864 3644 1062 3716 ipsum
1096 3650 1259 3705 misit
1292 3651 1751 3726 Prmloquiorum
1784 3658 1985 3727 libros,
2023 3666 2087 3716 ut

434 3726 711 3786 laudatus
741 3730 1061 3791 F‘ulcuinus
1089 3738 1266 3793 tradit
1291 3743 1623 3810 c.20,altera
1646 3746 1715 3801 ad
1749 3726 2085 3807 Everaclum

436 3816 776 3912 episcopum
812 3824 944 3892 [ενι]
977 3824 1410 3897 Leodicensem,
1431 3833 1603 3904 cujus
1634 3834 1726 3891 hic
1758 3837 1814 3892 in
1848 3855 2085 3912 respon-

437 3902 600 3960 sione
631 3905 784 3964 inter
812 3909 1091 3983 epistolas
1116 3914 1411 3975 afferenda
1435 3902 1559 3977 loco
1574 3923 1778 3981 ultimo
1798 3902 2085 3985 meminit.

436 3993 595 4084 Inter
622 4011 692 4084 ea
719 3995 937 4055 inedita
969 4001 1227 4059 Ratherii
1278 4009 1565 4078 opuscula
1611 4028 1739 4084 qua
1789 4016 1850 4070 P.
1902 4016 2087 4072 Lucas

435 4081 718 4175 Acherius
758 4085 817 4175 in
867 4087 1109 4148 elencho
1142 4093 1284 4149 torni
1319 4099 1558 4154 secundi
1590 4081 2086 4175 commemoravit,

436 4168 669 4227 nullum
701 4174 871 4232 nobis
903 4178 1091 4237 defuit
1123 4182 1238 4237 nisi
1272 4201 1427 4242 unus
1457 4204 1487 4243 e
1521 4189 1751 4247 duobus
1799 4168 2090 4250 sermoni;

436 4258 550 4315 bus
579 4261 651 4316 de
682 4262 1042 4337 Pentecoste,
1078 4287 1256 4342 quem
1282 4273 1500 4332 frustra
1530 4277 1587 4333 in
1620 4296 1763 4337 mss.
1798 4281 2093 4339 Lobiensi-

440 4348 613 4443 bus,e
643 4351 857 4422 quibus
888 4358 1087 4412 omnia
1114 4377 1181 4416 ea
1210 4364 1497 4434 Opuscula
1526 4366 1757 4424 videtur
1777 4371 2090 4443 accepisse,

440 4435 861 4509 inquirendum
893 4447 1247 4508 curavimus.

513 4526 705 4585 XXIII.
740 4554 767 4579 «
810 4530 938 4588 Alia
983 4538 1336 4611 quamplura
1388 4565 1416 4591 ››

441 4615 597 4672 idem
630 4618 949 4678 Fulcuinus
980 4627 1227 4683 testatur
1250 4646 1301 4684 c.
1344 4633 1434 4687 25.
1469 4633 1613 4690 Cum
1664 4654 1797 4693 vero
1846 4615 1923 4693 is.
1948 4639 2098 4696 inter

440 4703 631 4776 ipsius
661 4723 837 4780 opera
865 4726 994 4782 quas
1026 4713 1370 4788 singillatim
1403 4721 2005 4789 nominat,duodecim
2029 4745 2097 4783 ex

443 4792 539 4848 bis
568 4810 697 4866 quis
727 4797 898 4889 nobis
930 4805 1142 4873 presto
1174 4811 1404 4875 sunt,ae
1416 4809 1611 4883 plures
1631 4812 1803 4871 etiam
1818 4815 2097 4889 epistolas

445 4898 593 4954 quas
624 4884 779 4943 nacti
810 4904 1040 4960 sumus,
1074 4892 1308 4952 silentio
1354 4900 1709 4970 praeterierit,
1744 4884 1871 4960 non—
1905 4905 2096 4962 solum

445 4971 567 5064 haec
594 4976 963 5064 complurium
1005 4982 1242 5040 nomine
1287 4986 1607 5062 intelligere
1655 4992 1861 5064 potuit,
1896 5011 2097 5050 verum

446 5058 619 5156 etiam
654 5062 771 5120 alia
804 5083 917 5122 non
949 5087 1419 5147 pauca,quorum
1454 5058 1737 5135 memoria
1766 5086 2098 5156 temporum

444 5146 950 5246 vicissitudinibus
990 5146 1298 5219 interierit.
1332 5165 1641 5224 Hominem
1691 5146 1926 5243 quidem
1977 5190 2100 5228 om-

449 5240 614 5328 nium
646 5240 775 5328 ejus
807 5246 993 5302 aetatis
1026 5251 1667 5328 studiosissimum,qui
1700 5240 1819 5315 tota
1852 5261 1965 5317 fere
1986 5261 2104 5318 vita

446 5324 507 5381 in
526 5326 694 5385 libris
711 5338 973 5390 versatus
994 5339 1223 5405 est,alia
1256 5343 1438 5399 multa
1458 5324 1801 5403 lucu-brasse
1824 5349 1968 5403 nihil
1992 5351 2101 5405 ilu-

447 5415 760 5474 bitandum
790 5421 1038 5482 videtur.

518 5504 708 5595 XXIV.
761 5508 1098 5584 Sigebertus
1141 5519 1213 5576 de
1262 5522 1472 5595 Script.
1530 5523 1735 5581 eccles.
1788 5542 1836 5581 c.
1875 5527 2002 5593 127,
2035 5545 2102 5584 ex

453 5610 569 5666 quo
600 5593 697 5651 alii
723 5596 878 5657 idem
910 5613 1309 5682 sumpserunt,
1338 5593 1611 5670 Ratherio
1643 5614 1851 5672 tribuit
1887 5615 2102 5675 librum

2195 3327 2299 3365 nec
2329 3311 2401 3365 de
2429 3306 2824 3382 expendendis
2863 3306 3301 3363 conferendisve
3346 3306 3493 3379 ipsis
3534 3305 3844 3377 utriusque

2193 3398 2413 3454 codicis
2460 3397 2736 3470 operibus
2783 3395 3066 3468 cogitans,
3103 3395 3335 3451 incaute
3381 3412 3450 3452 ex
3502 3393 3844 3451 discrimine

2195 3486 2497 3560 scriptura:
2528 3486 2587 3541 in
2621 3485 2877 3541 auctoris
2910 3483 3146 3539 nomine
3190 3483 3554 3557 designando
3585 3482 3844 3538 diversos

2196 3582 2463 3631 auctores
2493 3579 2666 3645 atque
2704 3573 2935 3627 diversa
2979 3572 3243 3641 ejusdem
3291 3570 3622 3640 argumenti
3672 3584 3848 3639 opera

2197 3663 2463 3728 credidit;
2478 3666 2535 3716 et
2560 3662 2943 3715 Ratramnum
2980 3673 3094 3711 non
3125 3653 3846 3728 agnoscens,Rat.litteras

2197 3752 2269 3807 de
2300 3750 2572 3806 Ratberio
2603 3748 2717 3803 sibi
2769 3746 3005 3802 aliunde
3053 3744 3307 3817 cognito,
3342 3743 3443 3817 qui
3490 3744 3551 3798 in
3600 3747 3849 3815 utroque

2200 3843 2545 3913 argumento
2577 3855 2740 3910 aeque
2772 3853 2835 3893 ac
2866 3832 3849 3905 Beitramnus1aborarit,interpre—

2200 3934 2360 3986 tatus
2383 3927 2633 3983 videtur.

2270 4018 2431 4074 XXV.
2472 4018 2660 4073 Erunt
2708 4016 2972 4071 fortassis
3022 4014 3121 4087 qui
3169 4012 3504 4071 existiment
3546 4010 3848 4083 Sigeberto

2201 4107 2508 4180 suffragari
2539 4124 2674 4163 eum
2702 4105 2959 4161 codicem
2990 4121 3059 4160 ex
3084 4120 3199 4176 quo
3230 4102 3513 4158 Acherius
3541 4100 3601 4155 in
3634 4114 3851 4156 memo-

2204 4201 2326 4253 rato
2374 4194 2615 4251 elencho
2663 4194 2804 4249 torni
2857 4192 3097 4249 secundi
3148 4192 3298 4248 inter
3339 4191 3561 4247 inedita
3590 4188 3850 4245 Ratberii

2202 4302 2377 4360 opera
2409 4282 2605 4339 retulit
2631 4282 2846 4337 librum
2874 4282 2953 4336 De
2984 4297 3223 4353 corpore
3253 4284 3310 4335 et
3323 4279 3608 4352 sanguine
3621 4275 3851 4332 Domini

2202 4377 2566 4431 constantem
2585 4371 2904 4441 nonaginta
2924 4386 3127 4425 novem
3149 4367 3615 4441 capitulis.Hunc
3632 4380 3773 4418 sane
3790 4362 3854 4416 1i-

2204 4465 2309 4521 bru
2320 4481 2375 4518 m
2409 4460 2667 4518 Ratberii
2690 4460 2926 4514 nomine
2941 4458 3112 4513 inseri
3122 4460 3220 4528 ptu
3232 4473 3285 4510 m
3300 4454 3532 4511 exhibet
3548 4468 3660 4506 ms.
3676 4450 3855 4507 codex

1465 4546 1737 4604 eumdem
1786 4549 2096 4623 scripsisse
2125 4565 2172 4631 ι)
2205 4552 2530 4618 Lobiensis,
2560 4551 2732 4622 cujus
2762 4547 3011 4604 indicem
3044 4544 3325 4601 Acherius
3365 4543 3684 4631 acceperat,
3718 4555 3852 4631 eum

2203 4641 2508 4696 laudatum
2539 4639 2845 4695 elenchum
2884 4634 3220 4707 impressit:
3254 4632 3436 4704 hujus
3465 4628 3854 4688 enimcodicis

2207 4728 2611 4802 apographum
2645 4728 2713 4784 ad
2762 4743 2868 4781 nos
2902 4724 3171 4794 missum,
3197 4723 3352 4779 idem
3402 4738 3551 4795 opus
3599 4716 3853 4776 Ratberii

2208 4835 2418 4875 nomen
2457 4819 2513 4872 in
2546 4815 2714 4872 titulo
2743 4814 3139 4888 praeferensﬁn
3162 4813 3406 4869 totidem
3429 4811 3622 4883 capita
3650 4806 3858 4863 distin-

2208 4907 2353 4982 guit.
2388 4908 2587 4963 Exstat
2616 4909 2892 4978 praeterea
2937 4920 3048 4958 ms.
3083 4901 3231 4958 liber
3278 4899 3596 4955 Vaticanus
3645 4895 3856 4969 reginae

2210 5001 2548 5062 Suecorum,
2583 4995 2851 5067 signatus
2882 5009 3047 5047 num.
3079 4992 3201 5058 498,
3237 4991 3294 5044 in
3324 5005 3438 5061 quo
3487 4985 3853 5053 describitur,

2213 5087 2431 5143 Belatio
2464 5083 2720 5139 Ratherii
2755 5083 2824 5138 de
2853 5082 3106 5154 quodam
3139 5078 3242 5135 Dei
3271 5077 3631 5134 servo.lianc
3661 5077 3857 5129 autem

2212 5176 2687 5245 relationemque:
2720 5172 3005 5227 ineditum
3037 5169 3302 5241 ejusdem
3315 5161 3859 5240 opusculumvideri

2211 5260 2957 5338 poterat,deprehcndimus
2987 5275 3115 5314 esse
3134 5252 3862 5329 particulamlaudatiope-

2213 5353 2294 5408 ris
2326 5352 2600 5408 Ratherio
2633 5349 2868 5421 ascripti
2886 5349 2965 5404 De
2985 5362 3225 5418 corpore
3239 5350 3294 5401 et
3310 5344 3594 5417 sanguine
3610 5340 3859 5405 Domini,

2212 5459 2340 5513 qua:
2373 5442 2431 5497 in
2466 5442 2784 5495 memorato
2812 5435 3081 5492 Lobiensi
3106 5431 3858 5507 apographoreferturc.60.

2212 5529 2371 5586 Nihil
2404 5529 2598 5599 itaque
2625 5525 2879 5583 dubitari
2912 5528 3101 5598 potest
3132 5524 3272 5596 quin
3301 5521 3498 5595 aliqua
3527 5533 3865 5577 mss.exemo

2216 5618 2405 5692 plaria
2433 5617 2650 5674 librum
2683 5617 2762 5673 De
2794 5612 3396 5688 corporeetsanguine
3414 5605 3865 5670 DominiRathe-
