2050 3100
157 140 196 169 33
256 164 257 168 η
667 139 973 172 PROLEGOMENA.

1048 143 1233 176 RATHERII
1257 147 1359 178 VlTA.
1828 151 1866 181 34

156 207 341 235 Eucharistia
356 216 388 235 ac
405 208 763 236 transsubstantiationem
780 210 864 244 panis
881 212 907 236 et
924 209 982 236 vini
999 212 1024 243 Α

157 252 186 279 in
197 260 303 288 corpus
312 254 339 279 et
348 252 521 289 sanguinem
533 252 639 280 Christi
650 253 813 281 luculenter
822 254 983 281 constituit.

155 296 197 324 De
214 296 324 324 caeteris
340 298 438 324 autem
454 297 658 325 subtilioribus
669 300 697 326 ct
713 297 837 326 curiosis
849 298 985 333 quaestio-

158 341 246 369 nibus
258 349 321 377 quce
332 341 387 369 hac
403 340 433 369 in
444 350 474 369 re
486 342 592 369 moveri
606 344 727 377 queunt,
737 354 751 368 ‹‹
764 351 800 369 ne
811 342 985 375 solliciteris,

157 384 264 421 inquit,
273 385 509 422 quandoquidem
527 386 697 422 mysterium
711 395 775 414 esse
787 386 881 419 audis,
894 386 987 414 ethoc

159 429 236 457 ﬁdei.
246 429 318 457 Nam
331 429 354 457 si
368 431 538 466 mysterium
549 432 603 463 est,
612 439 669 458 non
678 431 753 459 valet
763 430 984 467 comprehendi;

159 474 186 501 si
201 474 280 508 ﬁdei,
297 474 381 502 debet
397 475 485 508 credi,
501 484 558 503 non
574 475 693 503 discuti.
709 487 722 500 υ
737 475 818 507 Quod
836 475 986 511 egregium

160 519 372 547 documentum
387 520 416 547 in
432 519 497 549 aliis
516 528 632 556 quoque
654 519 779 548 aliorum
795 520 863 548 ﬁdei
879 522 986 556 mystc-

160 563 270 591 riorum
296 564 519 600 questionibus,
545 573 610 600 quae
635 564 778 592 curiosius
802 564 985 601 ingeruntur.

158 608 288 636 maxime
301 608 516 636 observandum
531 611 585 636 est.

196 652 224 680 9.
237 653 309 680 Cum
332 652 488 680 Rathcrius
510 653 564 680 sub
589 653 677 681 ﬁnem
690 653 756 681 libri
774 653 867 689 quinti
883 653 987 681 Praele-

157 697 402 732 quiorum,quem
412 696 442 724 in
453 697 587 733 Papiensi
601 697 742 726 turricula
753 698 881 733 scripsit,
898 698 987 725 abba-

160 741 232 768 tiam
243 741 272 768 S.
281 741 405 768 Amandi
418 741 473 768 sibi
488 741 615 769 oblatam
628 744 657 769 et
667 742 719 769 abs
732 750 763 769 se
775 742 908 777 rejcclam
922 751 989 768 nar-

161 787 214 820 ret,
224 785 252 812 id
267 785 375 813 factum
387 785 442 821 ipsi
452 785 548 812 adhuc
559 786 702 813 monacho
713 787 849 822 etjuveni
863 786 991 813 tribuen-

161 830 232 858 dum
242 829 376 858 nonnulli
387 829 730 865 existimant,antequam
742 831 777 858 ad
788 831 988 866 episcopatum

162 875 358 902 Veronensem
371 877 597 910 promoveretur.
606 875 711 902 Verum
724 875 787 902 duae
804 875 988 902 animadver-

163 919 363 947 siones‘bocce
384 922 501 954 tempus
522 919 689 946 excludunt.
710 919 806 946 Primo
827 919 942 946 abbatis
959 919 987 945 Β.

162 963 286 991 Amandi
298 972 350 999 per
359 963 420 991 hinc
428 966 570 1000 tempora,
578 971 641 999 quae
651 964 850 1000 episcopatum
862 963 988 991 Ratherii

164 1008 350 1040 antecedunt,
361 1016 417 1035 non
426 1008 556 1036 vacabat.
566 1008 759 1044 Laici(xxxm]
768 1008 845 1036 enim
856 1007 990 1035 homines

160 1052 229 1080 eam
244 1052 424 1085 obtinebant,
439 1052 481 1080 uti
498 1053 654 1080 Rotbertus
676 1053 753 1088 regis
775 1052 988 1083 ministerialis.

165 1097 250 1132 cujus
266 1099 360 1124 exstat
369 1098 582 1124 documentum
599 1098 667 1125 anni
681 1098 747 1130 9‘21;
764 1100 792 1124 et
806 1096 873 1124 dein
890 1097 989 1133 ltotge-

165 1150 217 1169 rus
233 1149 341 1177 comes,
357 1142 405 1178 qui
425 1142 561 1169 Rotberto
574 1142 725 1174 successit,
737 1150 769 1169 ac
785 1150 819 1169 ex
835 1142 990 1168 documen-

166 1186 204 1214 tis
220 1186 314 1214 eidem
336 1186 458 1214 abbatize
482 1189 603 1222 praeerat
618 1195 664 1213 an.
681 1187 734 1213 925
748 1188 776 1214 et
799 1186 991 1222 sequentibus

164 1231 202 1259 ad
229 1238 340 1259 annum
369 1239 463 1267 usque
485 1232 547 1258 937.
569 1230 636 1258 Vide
664 1230 824 1259 Mabillonii
851 1230 987 1258 Annales.

164 1275 303 1304 Ratherio
316 1275 406 1312 igitur
421 1275 515 1303 adhuc
531 1275 673 1303 monacho
689 1276 748 1303 haec
763 1275 881 1303 abbatia
895 1275 989 1302 offerri

164 1329 221 1348 non
236 1320 423 1357 potuit.0uid
435 1320 458 1347 si
472 1320 581 1347 factum
593 1320 689 1356 ipsum
705 1329 760 1348 non
772 1322 838 1347 ante
854 1319 989 1347 lucubra-

162 1366 230 1392 tum
238 1372 254 1392 a
262 1363 397 1392 Ratherio
406 1363 559 1391 laudatum
569 1364 797 1400 Prceloquiorum
809 1363 915 1391 librum
925 1372 990 1391 con-

165 1408 242 1444 tigit,
254 1408 303 1444 sed
317 1408 409 1436 multo
425 1411 501 1444 post,
516 1409 556 1436 ita
571 1411 602 1435 ut
621 1408 713 1436 multo
730 1411 796 1444 post
810 1408 845 1435 ab
862 1407 925 1444 ipso
941 1408 989 1435 de—

166 1453 310 1489 scriptum
318 1452 473 1489 eidemque
489 1453 561 1480 libro
575 1453 719 1489 posterius
731 1453 871 1480 insertum
885 1452 990 1479 fuerit?

163 1497 195 1525 Id
210 1497 340 1525 secunda
355 1497 567 1525 animadversio
579 1498 765 1533 perspicuum
780 1497 875 1524 faciat.
888 1497 989 1524 Enim-

164 1550 231 1570 vero
242 1542 352 1570 factum
363 1542 461 1578 ipsum
473 1551 530 1569 non
543 1541 635 1569 multo
649 1544 726 1574 ante,
738 1543 788 1570 sed
800 1542 901 1569 eodem
913 1550 989 1570 anno

1076 212 1210 253 {tinnit/us
1227 215 1423 253 (ludant/utilem
1438 215 1647 253 Medio/ancus“
1659 221 1865 253 proposuerant.

1076 247 1205 275 "fflhlflul
1230 247 1265 276 iul
1289 247 1509 278 Mediolancnmn
1531 252 1621 279 scdrm
1645 247 1728 281 electo
1756 254 1867 281 Romam

1074 284 1276 323 )um_>ﬁ¢‘i_‘sritur;
1300 286 1414 323 indeque
1440 295 1563 314 reversus
1588 289 1641 323 ipsi
1665 290 1695 315 in
1723 291 1868 317 l’errmcnsi

1076 319 1204 346 cathedra
1213 321 1340 348 succedit.
1350 319 1443 349 Annus
1454 323 1585 350 statuit-ur
1593 319 1732 351 electionis
1741 326 1868 353 Hilduini

1076 358 1102 381 et
1117 357 1327 384 consecrationis
1340 358 1474 385 Eutherii.

1078 416 1120 443 10.
1136 416 1166 444 In
1184 418 1354 452 monastico,
1364 419 1441 454 quod
1453 420 1602 455 professus
1616 421 1719 455 fuerat,
1731 421 1866 450 instituto

1042 460 1138 494 quiete
1155 460 1242 488 vitam
1257 470 1342 490 suam
1356 464 1546 500 transegisset
1559 465 1723 497 Ratherius,
1736 466 1791 493 nisi
1804 466 1865 494 Hil-

1041 504 1123 531 duini
1153 506 1338 534 Leodicensis
1362 508 1490 543 episcopi
1512 511 1540 536 et
1567 509 1679 537 abbatis
1706 510 1865 544 Lobiensis,

1041 549 1126 584 cujus
1139 550 1269 585 partibus
1284 551 1403 584 faverat,
1416 552 1539 580 consilia
1549 561 1615 580 eum
1632 553 1699 581 inde
1713 554 1868 582 adbduxis-

1042 595 1115 620 seut.
1128 593 1184 620 Res
1195 594 1353 629 aliquando
1364 595 1453 623 altius
1464 597 1565 632 paucis
1578 598 1733 632 repetenda
1743 600 1798 626 est.
1810 599 1869 627 Mo-

1041 638 1201 666 nasterium
1214 639 1355 667 Lobiense
1367 640 1420 668 hoc
1431 643 1571 676 tempore,
1583 645 1611 669 et
1623 644 1681 670 toto
1692 643 1750 670 fere
1761 643 1867 671 smculo

1043 683 1226 717 praecedenti,
1240 683 1280 710 ita
1291 684 1325 711 ad
1339 685 1523 713 Leodicensis
1534 686 1660 722 episcopi
1674 687 1726 721 jus
1741 688 1868 723 pertine-

1044 726 1102 758 bat,
1119 730 1150 753 ut
1170 727 1218 762 qui
1239 732 1300 755 erat
1321 728 1505 757 Leodicensis
1520 730 1686 766 episcopus,
1698 731 1774 759 idem
1791 734 1869 760 esset

1045 770 1135 797 abbas
1152 771 1472 808 Lobieusis.Stepbuuo
1492 774 1628 810 episcopo
1652 778 1740 811 atque
1764 776 1868 804 abbate

1044 814 1102 841 vita
1118 814 1312 847 functo,anno
1327 817 1380 843 920
1395 820 1424 844 et
1439 819 1572 853 sequenti
1594 827 1701 855 magna
1716 820 1751 848 de
1768 821 1867 848 Leodi-

1043 858 1121 885 censi
1135 859 1302 895 episcopatu
1318 860 1392 887 inter
1403 861 1573 889 Hilduinum
1584 865 1612 889 et
1623 863 1792 891 Richarium
1803 873 1870 892 con-

1045 903 1134 929 tentio
1145 907 1243 931 exorta
1255 906 1298 930 est
1309 904 1463 937 (li‘nonoan.
1474 906 1584 940 Chron,
1597 909 1625 934 et
1636 907 1694 934 Uco
1707 908 1868 937 FLAVINIAC.

1046 948 1073 973 in
1092 947 1190 974 Chron.
1207 948 1329 983 l’z'rdun.)
1341 948 1394 975 Alii
1406 949 1483 976 enim
1496 950 1666 978 llilduinum
1679 951 1810 987 ejusdem
1823 961 1869 981 ec-

1045 990 1138 1018 clesiae
1161 992 1297 1019 clericum
1324 997 1518 1029 poposcerunt
1533 994 1755 1031 episcopum,ac
1771 997 1869 1025 faven-

1044 1038 1071 1062 te
1083 1035 1243 1064 Gisleberto
1255 1037 1448 1073 Lotharingiae
1460 1039 1542 1074 duce,
1556 1040 1604 1074 qui
1618 1043 1717 1068 contra
1733 1041 1868 1070 Carolum

1045 1079 1141 1108 Gallias
1158 1089 1255 1116 regem
1278 1081 1474 1118 Lotharingici
1493 1083 1572 1119 regni
1597 1084 1652 1111 sibi
1679 1089 1869 1121 usurpaverat

1044 1133 1203 1158 summam,
1213 1126 1242 1152 in
1254 1125 1315 1161 ipsa
1328 1127 1455 1154 Ecclesia
1466 1127 1634 1156 Leodicensi
1644 1129 1680 1156 ab
1691 1128 1869 1159 Herimauno

1044 1170 1207 1197 Coloniensi
1226 1171 1410 1206 metropolita
1425 1175 1612 1200 consecratus
1628 1174 1682 1201 fuit
1699 1183 1771 1202 nova
1784 1178 1812 1202 et
1827 1175 1869 1202 in-

1045 1215 1151 1241 usitata
1165 1214 1287 1249 ratione,
1299 1216 1410 1250 absque
1432 1216 1508 1251 regis
1528 1217 1637 1244 scilicet
1658 1226 1869 1254 procerumque

1045 1266 1200 1285 consensu.
1218 1257 1271 1285 Alii
1287 1267 1302 1285 e
1318 1262 1418 1286 contra
1429 1260 1528 1286 Carolo
1547 1268 1610 1295 rege
1626 1262 1803 1290 assentiente
1818 1263 1870 1289 lli-

1045 1301 1177 1329 charium
1194 1302 1328 1330 abbatem
1350 1303 1551 1331 Prumiensem
1572 1304 1763 1340 expetierunt.
1776 1306 1869 1334 Causa

1045 1347 1081 1374 ad
1097 1346 1285 1382 apostolicam
1303 1347 1400 1374 sedem
1416 1347 1523 1381 delata,
1536 1356 1569 1376 eo
1584 1349 1740 1377 Hilduinus
1751 1353 1780 1378 et
1792 1350 1871 1378 Heri-

1045 1399 1172 1418 mannus
1187 1391 1250 1426 ejus
1273 1391 1432 1425 ordinator,
1450 1401 1501 1420 nec
1518 1402 1574 1420 non
1591 1393 1744 1423 Richarius
1767 1404 1783 1423 a
1803 1404 1869 1432 rege

1044 1435 1215 1471 designatus
1229 1438 1395 1463 evocantur.
1407 1436 1544 1465 Hilduino
1558 1441 1655 1466 autem
1664 1439 1810 1474 judicium
1822 1440 1870 1468 de-

1044 1480 1180 1513 clinante,
1192 1480 1320 1508 Joannes
1334 1481 1368 1508 Xl
1381 1490 1516 1509 summus
1527 1484 1656 1518 pontifex
1669 1492 1745 1512 anno
1758 1486 1811 1512 022
1824 1494 1869 1512 or-

1045 1525 1155 1551 dinavit
1171 1524 1349 1560 Rieharium,
1364 1526 1413 1561 qui
1429 1527 1546 1562 pacilice
1559 1527 1764 1556 Leodicenscm
1780 1529 1870 1557 eccle-

236 1569 339 1614 auetor
352 1569 423 1614 illud
441 1586 606 1622 descripsit,
621 1569 779 1623 contigisse
794 1586 891 1622 palam
910 1587 940 1613 lit
956 1595 990 1613 ex
1005 1577 1026 1610 (ἶ
1046 1569 1118 1623 sm“?
1135 1569 1270 1623 2}?““1‘”;

158 1630 212 1658 his
227 1632 293 1667 ejus
305 1630 403 1659 verbis
417 1639 423 1658 :
436 1642 450 1656 ‹‹
463 1631 665 1667 Opportunum
687 1640 755 1659 sane
770 1639 874 1658 censeo
891 1639 990 1658 narra-

164 1675 322 1712 vissequid
334 1675 426 1704 horno
438 1676 476 1711 (id
488 1679 532 1703 est
543 1676 600 1703 bon
612 1677 699 1711 anno)
712 1675 850 1703 anxietati
863 1675 990 1711 contige-

164 1720 202 1748 rit
212 1728 294 1749 meae.
306 1720 438 1749 Lauduni
456 1729 583 1756 namque
599 1730 666 1748 cum
683 1729 808 1754 essem,»
823 1722 876 1748 etc.
889 1720 917 1747 Si
930 1720 991 1747 haec

165 1764 421 1801 scripsisset,dum
435 1765 585 1793 laudatum
596 1765 824 1801 Praeloquiorum
841 1764 948 1792 librum
961 1764 988 1791 in

165 1809 298 1845 Papiensi
308 1809 382 1837 turri
395 1810 531 1843 exaravit,
541 1809 707 1845 scripsisset
716 1810 791 1837 inter
799 1809 989 1837 Februarium

164 1854 232 1882 anni
247 1854 301 1882 935
316 1856 346 1882 et
358 1855 524 1890 Augustum
543 1854 611 1882 anni
627 1855 691 1888 937,
708 1853 848 1889 quandiu,
866 1856 898 1880 ut
912 1854 989 1880 vide-

163 1898 275 1933 bimus,
290 1898 401 1927 ibidem
426 1898 455 1926 in
471 1907 584 1926 carcere
600 1899 734 1926 detentus
755 1897 818 1925 fuit.
836 1897 990 1925 I‘tatberius

165 1951 342 1979 vero-nequo
355 1943 402 1971 his
417 1943 628 1978 annis,quibus
639 1944 701 1970 erat
715 1941 744 1969 in
755 1951 880 1976 carcere,
898 1950 990 1978 neque

164 1987 406 2023 praecedentibus,
418 1987 526 2023 quibus
538 1987 656 2015 Verona
670 1988 733 2022 jam
747 1987 902 2023 episcopus
917 1995 989 2022 pra:-

162 2032 230 2066 fuit,
241 2032 381 2060 'Lauduni
396 2032 517 2066 exstitit,
536 2032 585 2060 ubi
611 2032 681 2060 illud
705 2032 814 2059 factum
832 2032 990 2067 contigisse

162 2076 290 2104 traditur
307 2085 313 2104 :
328 2085 360 2104 ac
373 2078 524 2112 propterea
544 2076 612 2104 huic
632 2077 755 2112 tempori
772 2076 925 2104 convenire
940 2085 989 2103 ne-

158 2123 276 2157 queunt
288 2120 349 2154 illa,
362 2121 426 2157 quid
439 2122 534 2154 homo,
546 2129 598 2148 seu
613 2121 668 2148 hoe
683 2129 768 2154 anno,
781 2121 916 2148 cunctati
926 2129 989 2148 am-

162 2166 256 2201 tigerit
271 2165 481 2193 meae.Lauduni
495 2162 556 2192 cum
571 2174 664 2199 essem,
680 2167 746 2199 etc.,
759 2174 823 2201 quae
839 2165 861 2192 si
878 2173 989 2192 annum

162 2209 328 2237 indicarent
351 2210 525 2238 anteriorem
552 2210 719 2246 episcopatu
735 2209 905 2243 Veronensi,
931 2218 989 2237 non

161 2255 260 2289 horno,
276 2255 326 2283 sed
339 2256 403 2282 ante
417 2254 520 2289 aliquot
536 2262 621 2282 annos
635 2253 888 2290 scripsisset.Cum
905 2262 990 2289 porro
1005 2260 1029 2292 Ι)

162 2307 259 2335 neque
269 2302 432 2336 congruant
444 2299 570 2335 cuipiam
587 2307 672 2334 anno,
685 2307 742 2334 quo
758 2299 801 2326 vel
813 2298 995 2332 Veronae,ve1

159 2343 195 2374 in‘
211 2343 344 2379 Papiensi
367 2352 490 2377 carcere,
506 2352 561 2370 non
580 2345 676 2371 autem
690 2342 833 2376 ,Lauduni
856 2343 923 2376 fuit;
942 2351 995 2378 pa-

163 2387 225 2415 lam
237 2387 412 2424 sequiturad
427 2387 570 2423 posterius
583 2390 698 2423 tempus
711 2387 739 2414 id
754 2387 908 2423 pertinere,
919 2390 996 2423 post-

165 2440 255 2468 quam
269 2432 316 2460 ille
337 2433 533 2460 Veronensem
550 2432 749 2467 episcopatum
766 2431 930 2465 dimiserat;
948 2432 993 2459 cui

164 2476 285 2513 quidem
299 2477 421 2513 tempori
432 2476 504 2504 illud
517 2477 623 2503 factum
633 2476 764 2512 assignat
776 2476 993 2510 Fulcuinus,uti

162 2521 300 2557 pluribus
310 2529 364 2549 suo
375 2520 438 2549 loco
447 2520 668 2557 explicabimus.
680 2520 710 2548 ln
720 2520 803 2548 libris
812 2523 909 2548 autem
921 2521 993 2548 Prae-

163 2564 331 2601 loquiorum
356 2565 449 2601 Papia
473 2565 598 2593 exaratis
614 2564 668 2592 hoc
689 2565 920 2592 additamentum
937 2566 990 2598 est,

164 2610 243 2645 quod
252 2618 318 2638 cum
329 2608 430 2638 eodem
442 2618 519 2637 anno
529 2618 587 2645 quo
597 2609 625 2636 id
637 2610 807 2645 contigerat,
815 2609 877 2645 ipse
888 2609 993 2637 Ratbe-

163 2655 227 2682 rius
241 2655 417 2683 inseruisset
429 2654 457 2682 in
469 2654 578 2682 librum
588 2653 736 2690 quintum,
748 2654 833 2682 horno
843 2654 992 2682 verissime

161 2699 247 2727 dixit.

161 2742 242 2781 §lll.
255 2760 289 2765 —-
303 2744 448 2773 Ralhcrius
469 2745 574 2781 [xxxxv]
594 2745 724 2781 Hilduini
743 2744 910 2781 Laodicensis
934 2752 990 2781 ept-

199 2781 383 2822 scopi_par_'te§_
393 2778 512 2814 secuti”,
524 2778 614 2822 cidem
628 2780 813 2822 {Laodiceam
826 2778 989 2822 sed'e‘pulso,

201 2817 226 2846 et
237 2816 352 2846 subinde
364 2817 475 2847 Verona:
484 2817 604 2855 episcopo
615 2817 739 2847 admit.
752 2815 907 2855 Respondet
914 2823 990 2858 qum-

1085 1614 1126 1640 ll.
1140 1613 1200 1641 Non
1212 1614 1305 1642 multo
1318 1617 1394 1651 post,
1403 1624 1478 1643 anno
1491 1615 1623 1644 videlicet
1633 1618 1696 1650 926,
1708 1617 1783 1645 circa
1794 1627 1872 1646 men-

1045 1666 1107 1685 scm
1132 1657 1266 1691 Junium,
1283 1659 1363 1695 Hugo
1386 1667 1484 1687 comes
1506 1659 1683 1689 Arelatensis
1698 1664 1727 1689 et
1741 1662 1871 1690 marchio

1045 1702 1270 1738 Provinciae,qui
1286 1711 1351 1730 cum
1376 1703 1511 1731 Hilduino
1528 1705 1668 1733 allinitate
1680 1707 1870 1743 jungebatur,

1046 1746 1132 1774 Italiae
1147 1756 1269 1783 regnum
1282 1748 1479 1783 consequitur.
1495 1750 1524 1776 ln
1542 1749 1654 1777 Italiam
1666 1759 1733 1778 mox
1744 1759 1808 1778 sese
1825 1759 1871 1778 re-

1045 1791 1121 1826 cepit
1131 1791 1299 1824 Ililduinus,
1308 1800 1429 1827 sperans
1441 1792 1500 1819 fore
1512 1795 1543 1819 ut
1554 1793 1589 1820 ab
1601 1801 1634 1820 eo
1646 1793 1731 1820 alicui
1743 1794 1872 1822 ecclesiis

1046 1835 1150 1862 Italicas
1167 1836 1363 1870 przeficcretur
1376 1836 1561 1871 (LIUTPRAND.
1575 1836 1624 1864 lib.
1638 1845 1667 1864 IlI
1683 1838 1762 1871 Hisl.,
1775 1846 1800 1865 c.
1816 1838 1870 1873 11).

1047 1879 1217 1906 Ratberium
1230 1880 1412 1915 quoque,qui
1426 1889 1484 1907 suae
1500 1881 1574 1916 parti
1591 1884 1692 1909 contra
1703 1882 1871 1910 Richarium

1046 1924 1163 1957 faverat,
1174 1932 1272 1951 secum
1288 1925 1431 1952 adducere
1445 1925 1567 1960 studuit.
1582 1925 1643 1953 Huc
1654 1926 1807 1954 referimus
1822 1926 1872 1954 illa

1045 1968 1111 1996 libri
1124 1969 1209 2005 primi
1219 1969 1546 2005 Przeloquiorum,num.
1556 1971 1620 1998 25::
1633 1971 1764 1999 Invenies
1773 1980 1872 2007 quem-

1044 2013 1114 2041 libet
1130 2013 1271 2041 nobilium
1282 2014 1378 2050 [xxxv]
1395 2015 1533 2043 omnibus
1554 2024 1626 2051 pene
1642 2016 1729 2043 rebus
1746 2016 1868 2044 destitu-

1044 2061 1107 2085 tum
1118 2058 1248 2094 potentia
1258 2061 1286 2086 et
1297 2058 1449 2095 dignitate,
1462 2059 1486 2087 si
1496 2068 1584 2095 quam
1596 2060 1669 2088 forte
1680 2061 1803 2096 adeptus
1814 2063 1868 2094 est,

1043 2103 1206 2136 viduatum,
1219 2103 1394 2139 penitusque
1405 2106 1549 2139 quantum
1563 2105 1598 2132 ad
1612 2105 1651 2138 id,
1663 2105 1741 2141 quod
1757 2105 1870 2141 cupidi-

1044 2147 1085 2174 tia
1100 2147 1198 2181 dictat,
1211 2149 1239 2174 et
1255 2147 1391 2175 nobilitas
1403 2148 1575 2184 expostulat,
1588 2149 1732 2184 dejectum
1747 2149 1869 2185 (Hildui-

1046 2200 1116 2218 num
1128 2200 1143 2218 e
1154 2192 1222 2218 sede
1232 2191 1398 2219 Leodicensi
1410 2192 1555 2227 dcjectum
1569 2193 1725 2227 intelligit),
1739 2193 1788 2227 qui
1801 2200 1872 2219 con-

1045 2238 1089 2262 tra
1100 2238 1159 2262 tam
1170 2235 1274 2262 duram
1283 2236 1433 2262 infortunii
1444 2236 1640 2263 calamitatem
1651 2235 1803 2263 brachium
1816 2236 1871 2263 eri-

1049 2288 1115 2316 gere
1137 2279 1244 2311 nitens,
1257 2288 1309 2306 nec
1334 2288 1385 2315 per
1408 2288 1496 2307 se.....
1514 2279 1623 2315 aliquid
1648 2280 1871 2316 valens,quem-

1050 2324 1128 2359 piam
1141 2324 1247 2359 (ipsum
1265 2323 1375 2351 scllioet
1392 2323 1572 2358 Ratherium)
1588 2324 1637 2359 qui
1654 2324 1770 2360 quietus
1791 2324 1874 2361 copia

1050 2368 1194 2396 arridente
1209 2370 1259 2394 aut
1280 2368 1307 2394 in
1323 2376 1353 2395 se
1377 2368 1536 2396 subsistere
1557 2368 1707 2404 (nimirum
1723 2369 1752 2396 in
1769 2378 1873 2397 mona-

1049 2413 1158 2448 sterio),
1167 2412 1255 2439 autin
1268 2412 1369 2448 grandi
1383 2415 1512 2448 quiestus
1523 2412 1719 2441 emolumento
1731 2414 1812 2441 alteri
1824 2422 1872 2441 va-

1047 2457 1120 2484 leret
1133 2456 1238 2484 servire
1250 2456 1391 2492 (videlicet
1403 2456 1536 2484 Richario
1547 2457 1872 2493 episcepo),dulcisonis

1048 2500 1313 2537 blandiloquiorum
1331 2500 1474 2529 illecebris
1494 2501 1528 2529 ad
1557 2510 1587 2529 se
1614 2502 1797 2538 sequendum
1814 2511 1871 2530 non

1047 2546 1160 2574 dubitet
1170 2546 1312 2573 irretirem
1324 2545 1407 2573 Hisce
1421 2548 1516 2573 autem
1533 2545 1677 2574 illecebris
1690 2554 1754 2574 sese
1767 2546 1871 2574 cessis-

1047 2599 1077 2618 se
1093 2591 1186 2627 ipsius
1203 2589 1333 2617 Hilduini
1349 2598 1446 2617 amore
1471 2590 1591 2625 indicat,
1607 2598 1674 2617 cum
1696 2593 1761 2626 post
1780 2599 1873 2626 pauca

1047 2635 1165 2671 subiicit
1177 2643 1202 2662 :a
1213 2634 1280 2662 Sola
1291 2643 1334 2666 ea,
1343 2642 1406 2670 quae
1422 2634 1506 2662 fortis
1517 2637 1561 2662 est
1571 2637 1604 2662 ut
1615 2643 1703 2669 mors,
1719 2634 1873 2663 dilectione

1047 2689 1078 2709 se
1094 2680 1210 2716 penitus
1224 2678 1354 2715 neglecto
1367 2678 1409 2706 illi
1423 2678 1558 2707 maluerit
1571 2679 1657 2707 etiam
1670 2687 1735 2707 cum
1749 2678 1813 2708 vita:
1829 2679 1873 2707 in-

1048 2724 1179 2753 numeris
1195 2723 1332 2760 periculis
1347 2731 1530 2757 succurrere,
1542 2725 1573 2751 ut
1583 2723 1704 2759 gloriam
1721 2726 1771 2752 aut
1785 2724 1873 2752 amis-

1046 2778 1121 2803 sam,
1134 2771 1183 2797 aut
1200 2768 1340 2804 potiorem
1354 2767 1462 2795 valeret
1478 2775 1658 2803 recuperare,
1668 2776 1756 2804 quam
1767 2769 1875 2796 suimet

1047 2822 1148 2844 curam
1160 2820 1269 2853 gerere,
1279 2814 1307 2842 et
1317 2811 1374 2842 sibi
1389 2812 1564 2848 necessaria,
1572 2819 1640 2842 cum
1651 2813 1752 2843 adesse
1762 2813 1873 2852 potuis-
