4086 6188
401 341 478 404 35
1362 334 1815 398 RATHERIUS
1859 332 2354 395 VERONENSIS
2402 332 2847 398 EPISCOPUS.
3736 339 3817 400 36

404 477 552 541 sent,
576 472 646 527 ad
675 474 808 527 vota
849 473 1101 542 captare.
1130 492 1156 518 ››
1179 470 1263 524 Ita
1294 467 1604 525 Ratherius
1632 467 1881 539 partibus
1925 466 2048 521 Hil-
2075 468 2127 532 Α
2162 483 2277 538 quo
2310 466 2619 523 Ratherius
2645 484 2779 523 cum
2814 466 3088 523 Hilduino
3118 468 3176 522 in
3209 467 3435 524 Italiam
3464 469 3643 539 venit,
3674 473 3815 529 tunc

402 564 563 618 duini
579 562 788 633 favens,
802 560 891 615 illi
910 558 1354 631 inseparabiliter
1372 557 1627 625 adhaesit,
1642 562 1708 612 ut
1730 555 2050 613 Fulcuinus

402 650 660 725 prodidit
691 650 850 722 (Gest.
885 649 953 704 ab
985 649 1111 703 Lob.
1142 665 1191 703 c.
1227 648 1336 718 19).

476 743 561 796 12.
588 738 826 796 Interim
866 738 1137 794 Notherio
1175 735 1492 792 Veronensi
1532 735 1805 808 episcopo
1843 751 1874 790 e
1904 733 2051 790 vivis

401 829 632 886 sublato
655 846 709 884 ιγ
733 828 867 883 Idus
885 825 1132 900 Augusti
1152 826 1386 894 an.928,
1414 825 1578 897 Hugo
1610 841 1709 879 rex
1732 822 2051 879 Veronensi

382 919 528 993 sedi
556 917 869 990 praeposuit
889 915 1251 982 Hilduinum,
1276 931 1378 970 seu
1406 915 1600 986 potius
1621 931 1689 970 ex
1710 915 1899 969 abusu
1921 913 2050 984 ejus
2094 974 2097 977 γ

402 1006 589 1063 aetatis
615 1006 725 1078 ipsi
748 1003 1034 1061 concessit
1056 1004 1322 1059 eamdem
1348 1001 1679 1071 ecclesiam,
1694 1004 1826 1075 jure
1842 1004 2047 1074 stipen-

400 1096 599 1162 diario,
629 1098 689 1149 ut
717 1093 922 1150 exinde
961 1092 1200 1149 haberet
1238 1092 1392 1147 unde
1420 1092 1653 1161 viveret,
1678 1091 1871 1164 quoad
1902 1090 2049 1146 insi-

399 1184 570 1257 gnior
588 1183 756 1239 sedes
778 1187 1007 1238 vacaret
1021 1182 1223 1250 (Rara.
1237 1197 1320 1253 ep.
1345 1182 1399 1247 5,
1417 1180 1489 1235 ad
1506 1181 1904 1252 Joan.papam,
1920 1181 2046 1246 n.3,

398 1277 456 1329 et
487 1273 721 1328 LIUTPR.
753 1271 793 1326 l.
826 1286 910 1338 ιιι,
944 1287 992 1326 c.
1029 1272 1138 1338 11).
1171 1270 1414 1325 Mortem
1453 1269 1712 1325 Notherii
1751 1286 1906 1325 anno
1944 1270 2050 1324 928

399 1361 716 1428 afﬁximus,
739 1376 852 1415 non
874 1375 1009 1415 vero
1036 1375 1193 1414 unno
1213 1359 1339 1425 929,
1365 1362 1430 1413 ut
1461 1375 1573 1413 non
1606 1357 1826 1413 nemini
1856 1357 2049 1413 visum

399 1455 508 1505 est.
530 1449 631 1505 Ille
652 1448 807 1505 enim
836 1465 1025 1503 annus
1056 1446 1355 1520 perspicue
1377 1445 1610 1502 elicitur
1638 1463 1705 1501 ex
1737 1446 2047 1518 sepulcrali

398 1540 527 1608 ejus
557 1537 874 1610 epitaphio,
909 1537 1060 1609 quod
1094 1537 1286 1592 adhuc
1316 1538 1502 1592 exstat
1531 1536 1587 1589 in
1621 1534 1959 1613 c‘athedrali,
1992 1539 2049 1592 et

398 1628 471 1683 ab
504 1625 767 1699 Ughellio
799 1627 1020 1681 editum
1052 1629 1140 1680 est
1167 1629 1322 1679 tome
1345 1624 1391 1677 V
1420 1623 1595 1678 Italize
1625 1641 1803 1678 sacrm
1834 1625 1893 1679 in
1925 1623 2045 1695 epi-

398 1715 592 1787 scopis
622 1714 1075 1777 Veronensibus,
1095 1711 1459 1780 col.733,ubi
1490 1729 1760 1785 expresse
1791 1711 2004 1784 legitur
2029 1729 2042 1766 :

396 1803 604 1860 «Obiit
630 1820 683 1859 IV
708 1802 844 1857 Idus
874 1802 1140 1875 Augusti,
1167 1819 1318 1857 anno
1341 1800 1655 1856 Dominicaa
1688 1801 2044 1856 lncarnatio-
2077 1835 2124 1900 Β

396 1892 487 1947 nis
539 1892 666 1957 928,
698 1891 904 1946 indict.
937 1909 1021 1945 ι.»
1049 1891 1214 1955 Quod
1256 1890 1305 1944 si
1346 1889 1595 1945 codicilli
1637 1888 1970 1944 Nothetiani
2012 1907 2047 1944 a

395 1980 756 2037 marcbiome
786 1979 1059 2051 Dionysio
1091 1978 1353 2049 ejusdem
1386 1977 1736 2033 cathedralis
1764 1979 2044 2034 canonico

396 2067 731 2141 nuperrime
759 2068 898 2123 editi
933 2062 1149 2123 habent
1179 2068 1273 2135 (De
1309 2067 1515 2122 duobus
1541 2069 1703 2138 episc.
1722 2083 1852 2139 pag.
1876 2068 1998 2135 103)
2029 2085 2041 2122 :

395 2182 423 2209 ‹‹
443 2158 742 2229 Regnante
764 2158 978 2212 domno
996 2156 1192 2228 Ugone
1218 2173 1350 2229 rege
1375 2154 1470 2212 hic
1501 2156 1559 2211 in
1585 2156 1748 2211 Italia
1772 2172 1924 2211 anno
1955 2173 2043 2213 se-

394 2247 585 2302 cundo
614 2247 725 2302 sub
756 2246 849 2302 die
881 2246 1085 2317 quinto
1117 2245 1340 2300 decimo
1373 2245 1444 2299 de
1482 2260 1682 2301 mense
1712 2245 2042 2315 Novembri,

395 2335 716 2390 indictione
746 2334 968 2406 prima;
988 2356 1015 2381 »
1043 2351 1112 2389 ne
1132 2333 1188 2387 hi
1222 2332 1496 2396 codicilli,
1518 2334 1572 2387 in
1594 2334 1809 2404 quibus
1832 2334 2045 2389 Nothe-

398 2423 522 2478 rius
552 2423 718 2478 vivus
748 2424 1052 2495 prrsl‘ertur
1071 2437 1254 2477 mense
1276 2422 1577 2488 Novembri,
1603 2422 1900 2478 indictione
1923 2425 2044 2494 pri-

394 2530 504 2578 ma,
528 2528 664 2567 cum
699 2510 993 2582 epitapllio
1038 2510 1352 2565 credantur
1380 2511 2043 2583 pugnarc,animaulver-

391 2602 631 2657 tendum
656 2605 763 2668 est,
785 2601 1031 2671 primam
1064 2599 1438 2654 indictioncm
1472 2602 1820 2655 sumendam
1852 2619 1980 2657 esse
2012 2620 2045 2657 a

393 2705 593 2762 mense
622 2688 945 2759 Septembri
984 2686 1121 2742 anni
1161 2687 1268 2741 927
1307 2704 1492 2759 usque
1531 2689 1600 2743 ad
1642 2690 2041 2760 Septembrem

392 2776 529 2832 anni
548 2778 685 2840 928;
712 2776 864 2830 unde
886 2774 1107 2829 laudati
1129 2775 1376 2829 codicilli
1400 2776 1741 2847 assignandi
1763 2782 1903 2831 sunt
1928 2795 2041 2832 non

393 2881 545 2920 anno
575 2864 701 2930 928,
717 2864 817 2919 sed
841 2865 1089 2935 927,quo
1119 2880 1259 2919 sane
1288 2880 1486 2918 mense
1514 2864 1820 2920 Novembri
1852 2867 2045 2938 prima

393 2953 634 3009 indictio
673 2942 1037 3018 decurrebat,
1079 2955 1141 3008 et
1165 2951 1381 3023 Ugonis
1425 2952 1575 3023 regis
1612 2970 1802 3009 annus
1831 2955 2042 3027 [xxxvu]

370 3042 715 3120 _secundus:
732 3040 876 3095 alias
901 3057 1093 3096 annus
1113 3040 1330 3112 Ugonis
1354 3040 1562 3096 tertius
1586 3043 1875 3099 notendus
1899 3044 2039 3100 fuis-

392 3134 498 3187 set.
514 3129 779 3186 Concinit
811 3128 985 3185 etiam
1007 3128 1421 3185 documentum
1455 3146 1522 3185 ex
1550 3130 1783 3187 archivo
1815 3134 2037 3189 monia-

2158 555 2442 612 dicendus
2473 557 2582 612 erit
2612 556 2924 612 Hilduinus
2955 557 3007 613 ei
3034 557 3220 614 fuisse
3250 555 3547 630 pollicitus
3579 575 3643 615 se
3673 576 3813 617 cum

2158 647 2400 717 Hugone
2430 663 2561 718 rege
2602 650 2871 701 acturum
2905 654 2968 701 ut
2994 646 3120 719 ipse
3150 662 3385 719 quoque
3432 648 3505 703 ad
3552 646 3812 721 aliquem

2160 733 2558 808 episcopatum
2600 739 3058 807 promoveretur.
3090 734 3256 792 Certe
3298 734 3360 791 in
3408 735 3810 810 Confessione,

2159 822 2257 879 ubi
2295 824 2714 879 monasterium
2755 828 2811 879 et
2854 824 3245 881 monasticum
3288 824 3651 898 propositum
3684 845 3719 883 a
3747 844 3812 885 se

2158 912 2453 968 desertum
2488 913 2680 978 deﬂet,
2711 930 2773 970 se
2804 915 2866 968 in
2908 922 3021 969 rete
3045 913 3127 986 (id
3159 917 3248 970 est
3278 913 3337 969 in
3385 914 3807 989 episcopatum)

2159 1003 2453 1057 immisisse
2489 1002 2683 1073 pedem
2727 1019 2909 1071 suum,
2942 1003 3335 1076 eumdemque
3383 1004 3618 1061 ambisse
3663 1006 3809 1063 satis

2159 1093 2357 1162 aperte
2395 1090 2725 1164 signiﬁcare
2771 1090 3007 1148 videtur
3044 1092 3305 1149 scribens
3337 1109 3394 1148 n.
3429 1093 3497 1148 19
3528 1110 3542 1149 :
3575 1088 3809 1152 Immisit

2157 1180 2419 1247 maxime,
2453 1180 2704 1250 immisit,
2734 1181 2786 1236 si
2815 1184 2866 1236 et
2890 1180 3139 1236 ambivit.
3528 1241 3532 1245 _

2233 1269 2317 1323 14.
2351 1270 2679 1341 Antequam
2729 1268 2977 1326 ulterius
3024 1269 3493 1343 progrediamur,
3525 1270 3631 1329 hoc
3678 1270 3811 1328 loco

2160 1356 2377 1413 mentio
2425 1357 2687 1413 facienda
2735 1362 2826 1414 est
2855 1359 3164 1429 cujusdam
3214 1359 3426 1432 operis,
3453 1360 3807 1434 cateroquin

2157 1445 2461 1516 deperditi,
2478 1463 2593 1518 quo
2612 1447 2922 1502 Ratherius
2938 1452 3071 1503 ante
3088 1448 3488 1521 episcopatum
3507 1448 3813 1508 nonnullis

2158 1534 2581 1606 quaestionibus
2598 1534 3122 1592 Mediolanensium
3142 1537 3587 1611 respondit.Huj
3596 1555 3665 1596 us
3676 1556 3809 1612 ope-

2156 1622 2236 1677 ris
2269 1621 2549 1678 indicium
2604 1624 2865 1696 suppetit
2911 1641 2980 1680 ex
3024 1625 3195 1697 epist.
3227 1627 3280 1692 3,
3315 1626 3387 1681 ad
3436 1626 3802 1697 Rotbertum,

2157 1728 2320 1766 num.
2347 1714 2371 1766 1
2406 1729 2465 1766 ;‹‹
2494 1712 2556 1766 In
2587 1710 2732 1784 ipsis
2762 1711 2966 1779 initiis,
2989 1713 3199 1785 inquit,
3224 1716 3616 1786 quorumdam
3649 1733 3807 1790 quaa-

2157 1799 2466 1854 stiunculis
2508 1799 3029 1857 Mediolanensium
3078 1802 3235 1857 haud
3283 1802 3486 1859 leviter
3514 1804 3804 1877 pulsatus,

2157 1888 2423 1960 qmedam
2447 1905 2513 1944 ex
2534 1888 2628 1945 bis
2647 1906 2773 1961 qua:
2795 1907 2895 1945 vos
2919 1891 3217 1963 requirere
3238 1908 3353 1946 non
3376 1893 3806 1966 ambigo,visus

2155 1993 2287 2030 sum
2322 1975 2657 2049 prmlibasse
2710 1979 2966 2049 [xxxvn].
2989 2002 3016 2028 ››
3054 1979 3202 2035 Dum
3233 1982 3293 2035 in
3330 1983 3464 2052 ipsis
3496 1983 3674 2039 initiis
3703 1984 3805 2056 ait,

2155 2065 2314 2121 istud
2346 2070 2579 2138 tempus
2606 2067 2842 2135 indicat,
2871 2085 3002 2123 cum
3038 2070 3227 2142 primo
3259 2069 3600 2127 llilduinum
3632 2089 3809 2128 secu-

2154 2159 2250 2210 tus
2300 2155 2358 2210 in
2411 2155 2633 2211 Italiam
2663 2157 2838 2225 venit,
2867 2163 2925 2213 et
2955 2159 3214 2214 nondum
3264 2160 3572 2232 episcopus
3615 2161 3808 2217 fuerat

2154 2248 2550 2307 consecratus,
2590 2248 2657 2299 ut
2707 2261 2774 2299 ex
2831 2244 3211 2317 sequentibus
3259 2244 3528 2319 colligere
3586 2245 3803 2305 licebit.

2153 2332 2429 2396 Quasnam
2461 2332 2673 2387 fuerint
2699 2333 2989 2404 ejusmodi
3022 2332 3396 2405 quaestiones,
3419 2334 3577 2391 latet.
3602 2335 3807 2395 Solum

2154 2421 2499 2477 scimuseas
2520 2422 2592 2477 ad
2618 2424 2861 2494 profana
2881 2422 3076 2478 studia
3095 2422 3467 2495 pertinuisse,
3495 2424 3556 2480 in
3587 2416 3804 2497 quibus

2154 2515 2437 2581 quantum
2459 2509 2695 2577 valeret,
2721 2511 3126 2583 pervulgatum
3154 2516 3298 2567 erat.
3321 2516 3464 2568 Cum
3485 2502 3641 2569 enim
3671 2520 3806 2587 post

2153 2617 2220 2654 ea
2260 2600 2483 2655 similes
2532 2600 2702 2671 plane
2729 2600 3078 2671 quaestiones
3126 2602 3314 2656 eidem
3355 2603 3478 2673 jam
3530 2603 3801 2676 episcopo

2152 2689 2555 2762 proposuisset
2599 2689 2931 2756 Rotbertus,
2955 2706 3024 2744 ea
3053 2689 3277 2745 ratione
3308 2706 3435 2746 sese
3482 2692 3798 2760 excusavit,

2151 2780 2290 2851 quia
2319 2778 2453 2833 licet
2492 2782 2624 2834 ante
2676 2778 3075 2850 episcopatum
3106 2795 3222 2834 non
3254 2784 3585 2837 recusasset
3631 2797 3800 2854 pares

2152 2865 2677 2922 Mediolanensium
2705 2865 3056 2937 quaestiones
3096 2866 3431 2936 dissolvere,
3455 2884 3570 2924 non
3602 2873 3801 2926 tamen

2150 2955 2393 3010 decebat
2422 2954 2477 3009 in
2508 2954 2580 3009 iis
2610 2954 2826 3009 versari
2856 2952 3214 3027 episcopum,
3235 2956 3333 3028 qui
3358 2968 3478 3010 non
3511 2957 3568 3010 in
3600 2959 3801 3028 profa-

2151 3043 2263 3105 nis.
2291 3044 2392 3100 sed
2425 3043 2484 3098 in
2516 3042 2728 3099 divinis
2752 3048 2809 3099 et
2837 3042 3020 3100 sacris
3064 3044 3274 3100 studiis
3303 3043 3471 3100 debet
3499 3047 3795 3117 occupari.

2151 3132 2294 3188 Huic
2326 3132 2567 3189 forsitan
2607 3133 2765 3206 operi
2804 3132 3024 3189 inserta
3054 3132 3163 3188 fuit
3195 3131 3295 3187 illa
3325 3132 3632 3205 cujusdam
3662 3134 3797 3208 phi-

391 3219 536 3275 lium
567 3219 626 3275 S.
661 3217 948 3275 Zachariae
980 3217 1140 3274 urbis
1170 3217 1545 3274 Venetiarum
1577 3237 1608 3275 a
1637 3219 1857 3277 Joanne
1888 3221 2035 3295 Bap-
2067 3200 2110 3269 (ἶ
2149 3221 2377 3294 Iosephi
2410 3200 2719 3289 sententia,
2748 3223 2916 3293 cujus
2962 3221 3230 3278 meminit
3275 3200 3423 3278 libro
3454 3226 3617 3280 sexto
3648 3200 3796 3279 Israe-

393 3311 531 3365 tista
560 3306 894 3364 Biancolino
925 3306 1224 3379 vulgatum
1258 3307 1369 3379 (De’
1398 3310 1604 3364 rescovi
1631 3309 1692 3363 di
1726 3311 1928 3366 Verona
1979 3329 2034 3384 p.

391 3398 539 3469 120),
568 3412 684 3468 quo
730 3395 1039 3452 Hilduinus
1067 3395 1325 3451 Notherii
1358 3414 1660 3453 successor
1687 3397 2038 3455 Veronensis

390 3485 698 3558 episcopus
720 3484 974 3539 traditur
994 3507 1022 3534 «
1038 3489 1316 3557 regnante
1337 3485 1550 3541 domno
1572 3485 1769 3559 Ugone
1793 3504 1923 3560 rege
1944 3489 2038 3546 hic

333 3600 345 3607 -
389 3574 448 3630 in
481 3574 648 3631 Italia
676 3591 830 3630 anno
869 3577 1076 3646 quarto
1126 3573 1235 3629 sub
1266 3573 1359 3629 die
1386 3590 1443 3630 x1
1475 3574 1545 3630 de
1577 3592 1776 3632 mense
1820 3575 2034 3645 Julius,

389 3664 704 3719 indictione
755 3663 1079 3719 secunda.»
1103 3662 1252 3720 Sunt
1305 3662 1445 3718 certi
1477 3662 1841 3721 characteres
1898 3667 2036 3722 anni

384 3752 510 3819 929,
546 3768 660 3823 quo
691 3750 911 3823 Ugonis
948 3751 1101 3824 regis
1138 3768 1330 3807 annus
1362 3757 1607 3823 quartus
1651 3770 1849 3810 mense
1878 3755 2035 3812 Julio

385 3840 480 3895 vix
509 3839 899 3905 inchoaverat,
913 3843 970 3895 et
1001 3840 1382 3895 concurrebat
1422 3856 1555 3896 cum
1599 3841 1912 3899 indictione
1943 3860 2034 3902 se-

386 3928 598 3984 cuuda.
613 3927 673 3983 Si
701 3931 897 3983 autem
926 3944 1124 3983 mense
1148 3926 1305 3982 Julio
1329 3929 1465 3983 anni
1498 3928 1603 3983 929
1631 3931 2033 4004 episcopatum

389 4014 777 4071 Veronensem
808 4013 1108 4070 obtinebat
1137 4012 1470 4079 Hilduinus,
1503 4031 1662 4071 mors
1691 4018 1891 4089 procul
1924 4020 2033 4076 du-

372 4090 480 4159 ‘bio
505 4102 901 4174 Notherii,qui
921 4102 1066 4158 obiit
1091 4118 1143 4158 ιν
1165 4102 1302 4157 Idus
1326 4103 1595 4175 Augusti,
1619 4104 1677 4159 in
1707 4107 2032 4178 Augustum

384 4192 523 4249 anni
558 4191 665 4248 929
712 4191 910 4247 referri
966 4191 1189 4263 nequit,
1222 4192 1322 4247 sed
1382 4194 1643 4266 Augusto
1674 4196 1808 4251 anni
1840 4198 1947 4252 928
1972 4198 2031 4255 in

383 4280 679 4354 epitapbio
711 4279 929 4352 optime
959 4279 1289 4336 ascribitur.

454 4372 539 4426 13.
563 4370 681 4428 Hac
701 4369 1025 4437 occasione,
1054 4386 1171 4441 qua
1200 4368 1514 4426 Hilduinus
1538 4372 1609 4426 ad
1635 4371 2027 4431 Veronensem

379 4461 576 4518 sedem
608 4465 912 4533 promotus
944 4458 1432 4525 fuit,Ratherium
1454 4477 1569 4515 non
1601 4461 1741 4516 levis
1772 4478 1906 4535 spes
1939 4464 2027 4519 in-

2146 3311 2502 3383 loquiorum,
2536 3328 2699 3367 num.
2729 3314 2784 3378 7,
2818 3312 3092 3383 inquiens
3119 3329 3132 3367 :
3158 3335 3186 3362 ‹‹
3221 3310 3496 3384 Exemplo
3526 3310 3796 3368 videlicet

2147 3401 2454 3474 cujusdam
2474 3399 2930 3473 philosophi,qui
2947 3416 3081 3455 cum
3101 3400 3173 3456 ad
3196 3398 3581 3470 iracundiam,
3598 3416 3671 3458 UT
3684 3417 3796 3457 JAM

2146 3508 2203 3545 1x
2234 3506 2362 3545 auo
2388 3506 2683 3545 VOLUMINE
2711 3490 3039 3555 retulimus,
3071 3490 3484 3558 concitaretur,
3517 3490 3729 3560 eidem,
3761 3507 3797 3547 a

2146 3595 2259 3651 quo
2290 3578 2665 3644 incitabatur,
2698 3577 2914 3633 dixisse
2945 3578 3126 3633 fertur
3161 3595 3174 3633 :
3203 3579 3328 3633 Jam
3355 3582 3409 3633 te
3432 3583 3791 3650 percuterem,

2141 3668 2256 3723 nisi
2280 3668 2455 3722 iratus
2485 3682 2675 3722 essem.
2705 3689 2733 3716 »
2763 3666 2927 3733 Quod
2961 3665 3009 3722 si
3041 3667 3100 3721 in
3132 3665 3349 3722 librum
3380 3684 3496 3739 quo
3530 3662 3800 3723 Mediola-

2145 3755 2417 3811 nensium
2451 3754 2874 3827 quaestionibus
2906 3754 3230 3827 respondit,
3254 3755 3545 3826 ejusmodi
3568 3760 3798 3813 senten-

2144 3845 2228 3901 tia
2254 3861 2367 3900 non
2400 3843 2511 3899 fuit
2557 3844 2796 3914 inserta,
2830 3842 2988 3898 aliud
3036 3843 3302 3917 ignotum
3332 3843 3606 3901 volumen
3659 3848 3794 3901 ante

2142 3932 2465 4006 Prmloquia
2485 3931 2768 4004 scriptum
2797 3949 2830 3988 a
2856 3931 3127 3988 Ratherio
3146 3932 3458 3989 dicendum
3481 3936 3654 3989 esset.
3676 3932 3792 3988 Nec

2141 4022 2481 4078 dubitamus
2512 4021 2750 4093 quidem
2783 4021 2926 4094 quin
2974 4020 3148 4077 homo
3178 4020 3357 4092 hujus
3388 4020 3490 4075 avi
3519 4020 3792 4078 doctissi-

2140 4128 2275 4168 mus
2308 4110 2422 4166 alia
2452 4109 2638 4165 multa
2676 4115 2811 4166 ante
2849 4110 3084 4166 eosdem
3119 4108 3575 4182 Przeloquiorum
3606 4106 3792 4167 libros

2139 4199 2551 4269 lucubraverit,
2576 4214 2827 4271 quorum
2859 4199 3143 4255 memoria
3174 4197 3414 4255 interiit.

2211 4292 2297 4345 15.
2318 4289 2453 4345 Post
2473 4288 2653 4344 ferme
2675 4287 2978 4344 biennium
3001 4305 3117 4361 quo
3138 4286 3452 4344 Hilduinus
3466 4287 3789 4344 Veronensi

2136 4378 2404 4434 Ecclesiae
2423 4377 2996 4450 praeerat,Lamberto
3018 4376 3463 4449 metropolitano
3478 4376 3784 4445 exstincto,

2134 4465 2356 4523 vacavit
2384 4464 2898 4539 archiepiscopalis
2941 4466 3110 4522 sedes
3162 4465 3784 4538 Mediolanensis,quae

378 4550 555 4607 cessit
596 4548 942 4605 succedendi
977 4547 1270 4616 Hilduino,
1302 4572 1330 4599 (ι
1363 4549 1651 4621 promisso
1702 4551 1853 4625 regis
1901 4571 2023 4609 ma-
2058 4565 2104 4631 ι)
2134 4572 2267 4611 eum
2300 4554 2384 4610 illi
2417 4554 2829 4628 congruentior
2857 4551 2981 4609 visa
3014 4559 3191 4619 esset,
3212 4556 3416 4612 eodem
3446 4573 3480 4612 a
3510 4555 3647 4612 sede
3676 4553 3786 4610 Ve-

378 4638 741 4709 nente,quod
768 4638 866 4693 ubi
897 4637 1064 4692 illum
1092 4636 1267 4693 altius
1298 4639 1670 4708 promovendi
1705 4648 2027 4715 emergeret

361 4732 631 4804 tempus,
654 4725 963 4781 Ratherius
984 4724 1417 4782 Veronensibus
1451 4726 1687 4781 daretur
1715 4728 2026 4802 episcopus

376 4814 573 4888 (FULC.
607 4829 657 4868 c.
692 4815 800 4882 19).
826 4836 852 4863 »
888 4811 1033 4869 Hinc
1066 4815 1121 4868 in
1164 4815 1455 4882 Quatitalis
1509 4818 1817 4886 conjectura
1858 4836 2020 4875 num.

377 4904 443 4959 13
468 4920 480 4959 :
504 4926 531 4952 «
561 4902 956 4974 Quadraginta
977 4903 1105 4973 jam
1138 4902 1254 4959 fere
1287 4908 1425 4959 sunt
1452 4904 1611 4972 anni,
1646 4907 1838 4978 inquit
1865 4907 2020 4964 idem

378 4991 710 5063 Ratherius,
737 5008 806 5048 ex
857 5007 972 5063 quo
1024 4990 1246 5045 ambire
1298 4990 1617 5063 potentiam
1648 4994 1822 5067 cmpi;
1859 5017 1887 5045 ››
1922 4996 2021 5052 ubi

366 5082 630 5155 potentiae
678 5080 913 5136 nomine
952 5079 1062 5135 hoc
1108 5077 1232 5136 loco
1280 5080 1679 5154 episcopatum
1714 5082 2017 5159 intelligit;

371 5170 526 5227 unde
557 5173 690 5242 post
720 5185 906 5241 pauca
924 5168 989 5224 de
1006 5168 1392 5226 administrata
1415 5171 1669 5242 nequiter
1695 5171 1912 5229 diutino
1927 5191 2020 5246 po-

367 5264 578 5316 tentatu
603 5273 802 5315 vocem
834 5261 1116 5331 potentatu
1152 5257 1353 5314 eodem
1397 5275 1573 5315 sensu
1609 5259 1837 5332 accipit.
1872 5260 2018 5316 Cum

370 5348 664 5418 Qualitatis
703 5348 1012 5420 conjectura
1060 5346 1279 5419 scripta
1324 5347 1498 5403 fuerit
1546 5364 1696 5404 anne
1724 5348 1850 5417 966,
1880 5367 2015 5422 qua—

366 5438 627 5508 draginta
639 5439 757 5509 fere
770 5434 1112 5502 anni,latius
1129 5436 1371 5509 sumpti,
1386 5454 1501 5493 non
1520 5437 1671 5494 male
1689 5443 2019 5511 congruunt

366 5543 520 5582 anno
549 5526 673 5580 928.
707 5524 868 5589 Quod
919 5524 969 5581 si
1023 5524 1287 5582 strictius
1328 5525 1649 5598 accipiendi
1679 5528 2012 5598 credantur,

364 5615 447 5679 ita
478 5619 544 5677 ut
568 5630 770 5678 eorum
811 5613 1044 5676 initium
1085 5614 1442 5676 sumendum
1481 5616 1560 5676 sit
1597 5615 1668 5674 ab
1703 5633 1856 5679 anno
1885 5618 2011 5699 926,

2136 4643 2367 4700 ronensi
2398 4644 2469 4699 ad
2502 4642 2992 4699 Mediolanensem
3022 4644 3310 4712 traducto,
3333 4643 3430 4700 ille
3459 4660 3631 4700 casus
3662 4659 3787 4699 eve-

2133 4737 2449 4804 nerat,quo
2483 4730 2793 4788 Ratherius
2824 4747 2893 4786 ex
2923 4730 3143 4805 Ugonis
3186 4732 3340 4806 regis
3372 4733 3680 4806 promissis
3711 4730 3784 4788 ad

2132 4826 2527 4877 Veronensem
2557 4819 2892 4876 cathedram
2934 4822 3365 4893 promovendus
3390 4826 3533 4878 erat.
3565 4821 3783 4877 Verum

2134 4932 2163 4962 ‹‹
2186 4914 2251 4966 ut
2281 4925 2409 4966 sese
2438 4907 2794 4965 instabilitas
2822 4911 3135 4967 mundanae
3166 4928 3318 4984 saepe
3347 4909 3606 4966 continet
3628 4906 3784 4962 volu-

2128 4998 2374 5055 bilitatis
2417 4998 2642 5071 (scribit
2670 4996 2766 5054 hic
2797 4997 2966 5071 epist.
2999 5000 3054 5069 5,
3088 5017 3252 5065 num,
3280 4999 3355 5072 3),
3389 4997 3563 5069 longe
3612 4993 3784 5050 aliter

2129 5105 2195 5144 ac
2225 5087 2594 5161 promiserat,
2620 5085 2741 5159 regi
2764 5085 3005 5159 placuit,
3018 5086 3275 5160 cupienti
3292 5086 3510 5160 potius,
3533 5086 3600 5138 ut
3626 5082 3783 5140 fama

2127 5182 2272 5242 erat,
2291 5193 2478 5232 unum
2498 5193 2529 5231 e
2549 5174 2757 5243 tribus,
2791 5178 2894 5232 aut
2920 5175 3235 5247 quemdam
3266 5172 3652 5246 Aquitanum,
3679 5174 3784 5229 aut

2127 5264 2518 5330 Garal'ridum,
2541 5268 2643 5321 aut
2684 5264 3013 5319 Manassem
3043 5261 3441 5320 Arelatensem
3494 5261 3783 5339 archiepi7

2127 5370 2392 5427 scopum,
2416 5356 2618 5410 contra
2659 5352 2762 5423 jus
2800 5350 2936 5407 licet
2963 5367 3326 5422 canonum,»
3343 5351 3780 5409 Veronensibus

2125 5444 2464 5518 episcopum
2487 5440 2793 5498 dare.Jam
2820 5440 3129 5500 Ratherius
3150 5442 3413 5500 Hilduini
3437 5443 3661 5501 domini
3688 5438 3782 5497 sui

2123 5549 2301 5590 causa
2334 5533 2577 5589 Romam
2618 5528 2933 5603 profectus,
2958 5535 3025 5592 ιι
3054 5533 3420 5606 pontiﬁcium
3452 5548 3557 5604 pro
3586 5547 3653 5588 eo
3686 5529 3781 5586 di-

2121 5621 2321 5712 ploma
2348 5639 2465 5683 una
2494 5635 2629 5706 cum
2658 5616 3141 5703 arohiepiscoPali
3173 5622 3350 5703 pallio
3379 5621 3640 5695 referret,
3671 5618 3783 5687 ibi-
