4100 6200
353 340 427 425 3’7
914 408 924 420 .
1366 338 1979 420 PROLEGOMENA.
2015 391 2094 405 —
2127 358 2499 421 ItA't‘HEltlI
2546 358 2754 424 VITA.
3684 374 3764 441 33

348 497 612 552 demnon
634 500 753 551 tam
769 493 1417 566 Hilduini,quamsuam
1441 508 1561 548 rem
1577 492 2001 565 agens(Ugonis
2032 493 2087 560 Α
2119 491 2248 547 aliis
2282 493 2503 549 chartis
2536 496 2643 551 sub
2679 497 2882 552 iisdem
2915 500 3278 573 principibus
3306 509 3554 564 exaratis
3583 510 3765 568 adno-

347 583 777 641 volubilitatem
815 583 1089 640 fortassis
1118 582 1544 654 praesenserat),
1578 581 1801 637 litteras
1833 580 2010 636 simul

348 673 550 730 retulit
578 672 801 729 domini
838 689 999 745 papae
1024 671 1270 727 Joannis
1300 670 1395 737 X1,
1434 693 1461 720 «
1494 670 1712 741 quibus
1751 669 2010 726 contine-

351 764 591 832 bantur,
630 785 658 812 »
691 763 883 835 inquit
923 762 1138 817 ibidem
1172 776 1337 815 num.
1364 760 1415 825 ll,
1465 783 1493 810 «
1518 776 1718 832 preces
1748 760 2011 831 ejusdem

356 852 660 925 totiusque
688 852 964 909 Romana:
994 850 1252 924 [xxxviii]
1285 848 1571 918 Ecclesiae,
1603 848 1689 904 uti
1719 866 1824 922 ego
1846 848 2015 906 Vero-

361 942 643 999 nensibus
659 942 831 997 darer
848 941 1177 1013 episcopus.
1205 937 1515 1011 Displicuit
1531 938 1639 994 hoc
1666 956 1781 993 non
1804 955 2012 1011 parum

364 1031 483 1104 regi
536 1030 831 1087 contraria
889 1029 1195 1097 molienti;
1228 1028 1332 1084 sed
1379 1026 1634 1084 obtinuit
1685 1026 2015 1100 deprecatio

366 1119 968 1193 apostolica,instante
993 1118 1253 1191 rogando
1273 1132 1403 1172 meo
1418 1116 1545 1187 jam
1569 1116 1724 1172 dicto
1747 1132 1877 1170 eum
1904 1116 2016 1187 pri—

366 1208 631 1267 moribus
663 1207 826 1280 regni
858 1207 1096 1263 domino
1128 1205 1425 1261 Ililduino.
1451 1228 1479 1256 ››
1504 1203 1633 1261 Alia
1659 1222 1794 1261 vero
1826 1205 2019 1277 potior

364 1297 515 1354 ratio
545 1297 806 1369 Ugonem
840 1295 912 1351 ad
962 1312 1272 1351 assensum
1301 1294 1544 1350 forsitan
1575 1294 1771 1350 movit.
1808 1294 2020 1349 Subdit

365 1386 529 1441 enim
562 1384 905 1440 Ratherius:
938 1406 966 1433 ‹‹
992 1384 1113 1455 Ego
1137 1382 1454 1438 semivivus
1480 1400 1626 1455 pene
1646 1384 1914 1455 jacebam
1938 1382 2021 1437 in-

362 1475 579 1529 ﬁrmus
610 1472 766 1545 (post
792 1473 1122 1528 Romanum
1143 1470 1367 1527 scilicet
1387 1470 1535 1543 iter).
1562 1472 1913 1525 Persuasum
1935 1475 2025 1525 est

365 1561 512 1634 regi,
545 1564 713 1632 puto,
747 1577 781 1616 a
813 1577 907 1615 me
938 1559 1341 1633 diligentibus,
1365 1559 1521 1631 quod
1553 1576 1669 1615 non
1700 1559 2021 1614 evaderem.

365 1654 485 1706 Hac
514 1664 620 1721 spe
638 1647 918 1721 pellectus
940 1648 1604 1714 consensit,satisfacerc
1622 1648 1883 1719 gestiens
1904 1651 2023 1702 tam

369 1738 609 1794 domino
663 1754 847 1810 papae,
907 1754 1086 1809 quam
1138 1736 1382 1802 cmteris,
1415 1752 1564 1807 quos
1614 1736 2025 1790 inconveniens

360 1826 679 1883 videbatur
719 1826 1012 1882 offendere
1048 1828 1339 1897 rogantes.
1375 1845 1403 1873 »
1432 1824 1715 1896 Sperabat
1743 1823 2019 1878 nimirum

379 1917 496 1974 fore
540 1920 604 1972 ut
630 1917 685 1970 vi
747 1915 933 1971 morbi
989 1930 1304 1986 oppressus
1363 1911 1647 1981 interiret,
1708 1916 1766 1968 et
1821 1911 2025 1968 electio

379 2005 718 2078 hujusmodi
766 2004 975 2061 etl'ectu
1004 2007 1245 2058 careret.
1276 2003 1382 2057 Sed
1418 2003 1718 2057 curatione
1766 2000 2027 2057 adhibita

380 2111 512 2151 cum
572 2094 886 2150 Ratherius
942 2092 1241 2158 evasisset,
1285 2091 1595 2163 episcopus
1656 2095 2026 2145 consecratus

366 2181 513 2238 fuit.

452 2272 538 2328 t6.
559 2273 766 2327 Annus
787 2270 967 2342 hujus
997 2269 1468 2337 consecrationis,
1501 2271 1599 2342 qui
1634 2272 1807 2326 rebus
1838 2269 2027 2342 pluri-

377 2360 491 2417 bus
545 2359 817 2431 deinceps
850 2357 1275 2415 constituendis
1323 2359 1457 2415 usui
1506 2359 1741 2415 futurus
1770 2365 1878 2427 est,
1913 2375 2028 2414 non

368 2448 619 2505 aliunde
641 2447 853 2504 melius
879 2464 1055 2519 quam
1079 2464 1148 2503 ex
1170 2446 1427 2503 Hilduini
1449 2447 1828 2504 translatione
1850 2449 1923 2504 ad
1946 2465 2031 2504 se-

380 2538 514 2594 dem
544 2535 1039 2594 Mediolanensem
1064 2536 1192 2592 elici
1216 2541 1427 2610 potest.
1451 2537 1881 2610 Papeprochius
1912 2536 2030 2592 Hil-

386 2626 553 2683 duini
571 2624 990 2698 archiepiscopi
1011 2624 1461 2681 Mcdiolaueusis
1480 2625 1649 2680 initia
1667 2626 1865 2679 tribuit
1880 2642 2033 2680 anno

368 2716 492 2771 932.
527 2713 735 2771 Melius
762 2731 896 2770 vero
925 2714 1060 2770 Josc
1076 2714 1152 2786 ph
1200 2714 1492 2770 Antonius
1521 2715 1729 2770 Sexius
1753 2714 1811 2768 in
1845 2713 2033 2769 archi-

383 2804 791 2876 episcoporum
820 2801 1347 2859 Mediolanensium
1371 2803 1529 2858 Serie
1558 2802 2034 2858 historico-chro-

389 2891 673 2966 nologica,
696 2895 840 2948 tom.
869 2892 940 2958 ll,
963 2907 1098 2964 pag.
1120 2890 1229 2947 340
1247 2896 1305 2947 et
1330 2891 1638 2959 34l,illum
1662 2893 1733 2947 ad
1761 2892 2034 2948 eumdem

386 2981 586 3039 sedem
617 2984 958 3053 promotum
993 2980 1198 3036 statuit
1226 2997 1378 3037 anno
1407 2981 1531 3048 93t,
1562 2981 1738 3037 Junio
1770 2984 2034 3037 exeunte.

392 3071 453 3130 Id
485 3069 868 3126 manifestum
901 3068 1042 3123 facit
1067 3069 1280 3140 partim
1307 3086 1375 3125 ex
1395 3069 1885 3141 praedecessorum
1911 3072 2039 3142 ejus

376 3159 562 3224 serie.
592 3157 806 3230 partim
832 3173 901 3212 ex
930 3155 1207 3231 catalogis
1233 3158 1513 3230 antiquis,
1539 3159 1639 3230 qui
1672 3159 2038 3232 singulorum

2120 586 2360 649 tavcrat,
2393 601 2525 639 cum
2560 586 2696 640 anni
2727 586 2937 642 Christi
2966 591 3065 660 qui
3113 592 3170 645 in
3203 591 3348 664 ipsis
3381 598 3770 667 praeferuntur

2121 687 2255 724 cum
2286 671 2509 727 caeteris
2537 674 2690 729 notis
2720 691 2833 730 non
2865 685 3207 749 congruant.
3259 681 3565 740 Enimvero
3610 684 3768 741 aliud

2122 759 2537 816 documentum
2573 761 2855 819 Comense
2877 766 3011 820 anni
3041 768 3144 822 937
3165 769 3236 823 ab
3264 769 3522 843 Ughellio
3547 778 3599 829 et
3621 791 3654 828 a
3676 775 3773 831 Pa-

2124 851 2208 903 tre
2237 849 2378 904 Tato
2409 848 2787 923 impressum,
2813 870 3016 911 omnes
3047 856 3351 914 chronicas
3382 865 3550 918 notas
3580 863 3771 920 eidem

2124 954 2276 993 anno
2306 945 2691 1011 congruentes
2721 941 2953 998 exhibet
2982 945 3093 1001 sic:
3136 964 3251 1002 xvu
3281 950 3407 1005 Kal.
3441 952 3554 1006 Jul.
3593 953 3773 1020 Ugoue

2122 1043 2180 1081 x1
2210 1036 2261 1082 et
2290 1028 2546 1084 Lotharz’o
2570 1047 2670 1095 vn,
2704 1031 2897 1087 indict.
2932 1050 2985 1088 x.
3010 1033 3287 1091 Nostrum
3322 1042 3518 1095 autem
3548 1040 3775 1112 privile-

2124 1115 2308 1187 gium,
2334 1117 2486 1188 quod
2522 1134 2638 1172 una
2670 1123 2900 1175 tantum
2929 1122 3021 1176 die
3042 1125 3332 1194 posterius
3354 1132 3772 1202 est,perperam

2125 1203 2333 1260 habet:
2371 1206 2548 1276 Egone
2583 1225 2612 1261 x
2643 1214 2695 1262 ct
2720 1208 2976 1265 Lothario
3007 1228 3060 1275 v,
3093 1211 3283 1269 indici.
3319 1232 3373 1269 x.
3427 1215 3568 1283 Quis
3616 1234 3775 1273 erro-

2100 1310 2249 1348 -rem
2284 1310 2399 1348 non
2428 1294 2587 1349 videt
2618 1296 2995 1353 manifestum
3020 1302 3045 1354 Ρ
3095 1300 3523 1359 Documentum
3577 1309 3776 1362 autem

2128 1382 2284 1454 quod
2313 1382 2370 1437 in
2399 1383 2690 1440 chronicis
2721 1385 2875 1440 notis
2901 1391 3020 1442 tam
3046 1395 3242 1461 aperte
3264 1395 3407 1463 erat,
3448 1392 3497 1448 ei
3531 1393 3776 1451 chrono-

2130 1469 2293 1543 logiue
2325 1488 2502 1542 quam
2539 1473 2746 1529 Sexius
2778 1478 2896 1529 tam
2928 1482 3123 1533 exacte
3154 1479 3477 1553 constituit,
3510 1482 3782 1554 praajudi-

2134 1557 2288 1613 eium
2320 1560 2522 1614 afferre
2553 1577 2667 1617 non
2701 1567 2907 1632 potest.

2207 1648 2274 1701 16
2301 1647 2397 1702 bis.
2431 1648 2630 1719 Neque
2669 1650 2880 1705 idcirco
2914 1651 3298 1710 Veronensem
3351 1657 3605 1714 Ratherii
3657 1659 3781 1732 epi-

2135 1741 2438 1807 scopatum
2464 1737 2651 1792 eidem
2667 1756 2818 1793 anno
2830 1742 2923 1793 931
2950 1742 3305 1813 alligandum
3326 1746 3783 1803 credimus.Post

2138 1823 2394 1879 Hilduini
2426 1826 2580 1880 enim
2601 1826 2941 1883 electionem
2969 1828 3065 1885 ille
3089 1832 3332 1888 Romam
3355 1834 3652 1905 profectus
3671 1840 3782 1906 est;

2136 1911 2272 1967 inde
2302 1917 2496 1968 autem
2556 1932 2821 1971 reversus
2850 1918 3010 1988 gravi
3042 1920 3245 1976 morbo
3302 1921 3609 1991 laboravit,
3668 1941 3786 1997 quo

2137 2001 2460 2056 moriturus
2505 2003 2867 2060 credebatur.
2912 2005 3032 2077 Ugo
3065 2017 3341 2078 praeterea
3369 2027 3401 2065 a
3432 2011 3607 2083 priori
3651 2030 3782 2069 sen-

2136 2088 2317 2145 tentia
2348 2090 2664 2157 deciscens,
2700 2092 2796 2146 alii
2826 2094 3226 2166 episcopatum
3256 2097 3487 2156 volebat
3514 2102 3783 2158 commit-

2136 2181 2277 2246 tere,
2301 2194 2405 2233 nec
2436 2178 2547 2234 nisi
2579 2180 2911 2252 apostolicis
2942 2182 3152 2241 litteris
3182 2189 3238 2240 et
3269 2186 3528 2244 Hilduini
3559 2207 3626 2246 ac
3661 2190 3787 2264 pri-

2139 2284 2368 2323 morum
2401 2269 2561 2341 regni
2588 2269 3083 2341 postulationibus
3113 2275 3345 2342 cedens,
3370 2276 3564 2350 ipsum
3592 2278 3787 2335 adhuc

2138 2356 2438 2412 infirmum
2458 2362 2513 2413 et
2526 2359 2640 2413 vita
2655 2359 3078 2430 periclitantem
3092 2363 3431 2437 episcopum
3452 2367 3783 2425 destinavit.

2142 2445 2203 2500 ld
2235 2463 2368 2500 cum
2401 2446 2799 2514 deliberassct,
2835 2454 2900 2502 ut
2951 2449 3088 2504 cleri
3122 2456 3178 2505 et
3209 2452 3408 2523 populi
3436 2454 3788 2510 Veronensis

2142 2534 2348 2588 electio
2380 2552 2447 2587 ex
2474 2551 2634 2589 more
2664 2535 2992 2603 haberetur,
3021 2537 3213 2608 ipsum
3236 2556 3473 2595 curasse
3495 2542 3641 2597 satis
3662 2559 3790 2613 pro-

2145 2621 2337 2675 babile
2369 2625 2479 2676 est.
2514 2622 2671 2676 llanc
2692 2624 2849 2678 enim
2875 2623 3052 2695 hujus
3083 2627 3362 2698 temporis
3382 2628 3789 2701 episcoporum

2144 2711 2548 2783 eligendorum
2582 2712 2919 2767 methodum
2954 2713 3155 2783 fuisse,
3199 2720 3261 2771 ut
3309 2733 3481 2789 quem
3521 2718 3791 2792 princeps

2144 2799 2334 2867 vellet,
2363 2800 2554 2855 clerus
2585 2806 2642 2856 et
2672 2801 2924 2874 populus
2971 2802 3229 2876 eligeret,
3270 2806 3668 2880 principisque
3697 2826 3791 2864 as-

2146 2906 2356 2944 sensus
2386 2890 2724 2967 postularet,
2758 2890 3026 2963 pluribus
3057 2893 3266 2949 decimi
3294 2895 3489 2951 saeculi
3510 2898 3791 2971 exemplis

2147 2980 2535 3035 demonstrari
2567 2985 2782 3052 posset.
2813 2982 2897 3036 Ad
2930 2981 3048 3037 haec
3068 2983 3380 3040 Ratherius
3411 2991 3544 3058 post
3568 2984 3795 3044 electio-

2150 3085 2282 3123 nem
2300 3085 2334 3123 a
2360 3068 2563 3123 morbo
2584 3075 2641 3124 et
2665 3069 2920 3141 periculo
2939 3072 3335 3129 convalescere
3356 3074 3647 3142 debuit,ut
3661 3093 3793 3134 con-

2151 3162 2492 3214 secraretur.
2531 3158 2729 3230 Neque
2777 3176 2908 3215 vero
2939 3160 3011 3215 ab
3063 3160 3337 3217 Ililduino
3376 3162 3793 3222 Mediolanensi

395 3226 965 3319 archiepiscoporum
994 3226 1179 3301 annos
1192 3226 1394 3302 etdies‘
1418 3226 1920 3320 quib—assederunt
1948 3256 2039 3306 at-
2071 3226 2114 3292 (ἶ
2152 3246 2457 3302 ordinatus
2483 3246 2593 3301 dici
2620 3226 2828 3319 potest,
2858 3265 2990 3303 cum
3012 3248 3241 3305 Verona
3261 3251 3332 3305 ad
3364 3252 3794 3324 metropolitam

396 3334 815 3408 queobierunt,
839 3336 1063 3389 notant.
1088 3334 1467 3406 Papeprochii
1478 3341 1674 3394 autem
1690 3339 2041 3397 sententiam

396 3425 759 3497 ingerentem
782 3438 1003 3479 annum
1029 3423 1136 3477 932
1155 3440 1224 3478 ex
1243 3441 1310 3479 eo
1333 3425 1524 3496 rejicit
1542 3426 1684 3497 quia
1712 3428 1762 3483 is
1794 3427 1850 3482 in
1880 3434 2041 3487 ante-

395 3512 728 3570 cessoribus
751 3510 1011 3567 Hilduini
1026 3516 1156 3584 post
1177 3512 1601 3580 Anselmumll,
1627 3531 1800 3588 quem
1828 3518 2043 3575 obiisse

394 3601 621 3675 putavit
638 3616 791 3656 anno
802 3601 910 3655 897
916 3617 1053 3669 ,uno
1066 3616 1217 3656 anno
1230 3601 1633 3659 erravit.Hune
1647 3621 1775 3660 vero
1787 3623 2041 3663 errorem

393 3696 549 3748 certo
566 3691 934 3746 demonstrat
961 3707 1031 3746 ex
1058 3688 1271 3762 placito
1302 3708 1671 3763 pergameno,
1691 3696 1847 3765 quod
1869 3695 1929 3750 in
1952 3714 2043 3751 ar-

395 3780 558 3836 chivo
578 3778 1004 3837 monachorum
1027 3778 1383 3835 S.Ambrosii
1403 3780 1745 3837 custoditur.
1756 3783 1870 3839 Hoc
1888 3786 2043 3840 enim

394 3868 675 3942 placitum
688 3866 827 3924 anni
841 3868 947 3922 896
960 3867 1467 3940 archiepiscopum
1485 3875 1768 3926 memorat
1786 3872 1943 3928 Land
1954 3890 1985 3931 u
1995 3872 2043 3928 l-

391 3954 539 4024 fum,
560 3956 661 4029 qui
683 3954 961 4012 Anselmo
976 3955 1024 4011 II
1049 3956 1402 4029 subrogatus
1417 3958 1545 4013 fuit.
1569 3957 1626 4014 Si
1646 3963 1842 4015 autem
1855 3977 2042 4016 emor-

390 4044 569 4102 tualis
585 4061 776 4101 annus
796 4043 978 4117 hujus
1002 4044 1269 4101 Anselmi
1287 4046 1562 4103 evehatur
1582 4048 1651 4103 ad
1674 4065 1895 4106 annum
1917 4051 2042 4119 896,

391 4150 461 4190 ac
475 4132 748 4190 similiter
761 4150 877 4189 uno
892 4150 1044 4190 anno
1059 4133 1229 4190 antici
1238 4140 1451 4207 pentur
1461 4138 1946 4208 subsequentium
1960 4157 2046 4196 ar-

392 4221 899 4294 chiepiscoporum
920 4221 1368 4295 initia,quorum
1391 4225 1525 4283 anni
1546 4230 1603 4282 et
1623 4226 1748 4283 dies
1768 4227 2044 4301 legitimis

394 4309 763 4373 documentis
794 4309 1201 4383 designantur,
1241 4311 1604 4384 exploratum
1656 4315 1753 4370 ﬁet
1787 4315 2045 4373 Hilduini

393 4398 630 4455 exordia
662 4398 940 4455 incidisse
967 4399 1024 4454 in
1050 4417 1272 4456 annum
1288 4402 1383 4456 931
1400 4445 1413 4471 ,
1439 4420 1554 4458 non
1578 4420 1707 4458 vero
1740 4404 1797 4458 in
1821 4422 2043 4461 annum

394 4485 519 4541 932.
546 4487 600 4542 Is
623 4504 794 4560 porro
805 4505 873 4544 ex
890 4487 1147 4560 antiquis
1170 4488 1690 4547 Mediolanensium
1710 4494 2043 4550 antistitum

2154 3334 2644 3392 Mediolanensem
2674 3354 2788 3393 non
2821 3337 3156 3410 pertineret.
3188 3341 3305 3396 Hac
3334 3342 3491 3397 enim
3517 3342 3590 3397 de
3618 3359 3796 3398 causa

2154 3424 2464 3482 Ratherius
2495 3425 2553 3480 in
2602 3425 2848 3497 epistola
2895 3428 2950 3492 5,
2982 3428 3054 3482 ad
3093 3429 3380 3484 Joannem
3434 3429 3791 3501 pontiﬁcem,

2153 3530 2317 3568 num.
2368 3516 2423 3578 6,
2487 3514 2858 3585 reprehendit
2908 3518 3236 3572 Manassem
3291 3516 3795 3589 archiepiscopum

2150 3602 2569 3667 Arelatensem,
2593 3602 2809 3674 quippe
2830 3603 2929 3673 qui
2953 3607 3114 3658 extra
3136 3604 3379 3675 propriae
3401 3604 3705 3674 provinciae
3726 3604 3795 3659 li-

2155 3692 2326 3746 mites
2359 3714 2385 3740 ‹‹
2421 3691 2781 3745 consecravit
2808 3689 3147 3761 episcopum
3183 3690 3496 3762 quemdam
3528 3692 3799 3747 suzedite-

2153 3780 2305 3835 cesis
2354 3779 2410 3833 in
2459 3778 2629 3834 titulo
2666 3778 2924 3835 ecclesia:
2954 3779 3327 3836 Veronensis.
3360 3802 3389 3831 »
3437 3766 3800 3855 QuaprOpter

2158 3870 2269 3943 [xc]
2305 3867 2398 3924 ille
2429 3867 2529 3942 qui
2576 3868 2999 3925 ecclesiasticos
3048 3885 3300 3925 canones
3329 3886 3395 3925 ac
3424 3869 3798 3943 disciplinam

2155 3958 2408 4014 maxime
2464 3956 2794 4021 custodivit,
2855 3957 3160 4014 ordinatus
3191 3957 3473 4014 dicendus
3510 3962 3600 4015 est
3629 3976 3663 4015 a
3690 3975 3800 4031 pa-

2152 4047 2410 4103 triarcha
2431 4045 2810 4119 Aquileiensi,
2844 4047 2936 4102 cui
2956 4047 3185 4103 Verona
3206 4047 3460 4104 suberat.
3482 4047 3586 4104 His
3603 4052 3798 4104 autem

2154 4136 2431 4193 omnibus
2487 4136 2832 4209 peragendis
2888 4141 3021 4209 post
3062 4135 3318 4192 Hilduini
3368 4135 3706 4193 electionem
3736 4140 3802 4192 ut

2153 4243 2475 4297 congruum
2490 4230 2723 4299 tempus
2739 4225 3236 4290 tribuatur,unius
3257 4230 3359 4282 aut
3377 4226 3627 4281 duorum
3642 4241 3802 4282 men-

2155 4314 2308 4369 sium
2342 4314 2600 4385 spatium
2628 4330 2742 4369 non
2774 4314 3009 4369 sufﬁcit.
3044 4315 3219 4369 Porro
3252 4314 3592 4369 Ratherium
3622 4312 3799 4368 Vero-

2155 4419 2394 4458 nensem
2426 4403 2626 4458 sedem
2658 4402 2873 4458 adiisse
2915 4418 3115 4457 mense
3143 4405 3408 4474 Augusto
3454 4418 3523 4456 ex
3569 4400 3802 4455 duobus

2154 4491 2577 4563 colligimus.ln
2602 4490 3055 4562 Praeloquiorum
3078 4489 3226 4544 libro
3247 4488 3523 4555 secundo,
3557 4503 3721 4542 num.
3747 4488 3798 4554 1,

390 4574 676 4649 catalogis
706 4592 740 4631 a
771 4576 1090 4632 Muratorio
1133 4578 1306 4634 editis
1329 4580 1469 4646 (Iter.
1497 4580 1625 4634 Ital.
1648 4584 1689 4635 t.
1725 4581 1767 4648 Ι,
1797 4586 1946 4654 part.
1980 4583 2044 4654 ιι)
2074 4593 2120 4657 Ι)
2152 4598 2319 4636 suam
2348 4580 2599 4652 primam
2633 4579 3029 4651 captivitatem
3055 4578 3111 4631 in
3136 4575 3514 4633 Februarium
3538 4591 3800 4632 mensem

393 4663 889 4720 Mediolanensem
923 4666 1119 4722 sedem
1152 4668 1338 4722 tenuit
1358 4668 1530 4723 annis
1552 4670 1810 4741 quinque
1828 4674 1896 4726 ‘et
1920 4670 2045 4726 dies

392 4752 754 4824 quindecim,
785 4753 899 4820 vel,
928 4759 994 4810 ut
1023 4772 1176 4810 unus
1212 4752 1512 4829 catalogus
1541 4758 1789 4828 praefert,
1842 4758 2043 4831 viginti

392 4840 700 4914 quinque;
733 4842 877 4898 obiit
925 4849 1121 4899 autem
1166 4862 1223 4900 1v
1256 4845 1383 4901 Kal.
1418 4846 1493 4900 al.
1551 4863 1609 4901 1x
1650 4847 1769 4902 Kal.
1798 4847 2043 4917 Augusti.

389 4929 635 4987 Initium
658 4947 795 5003 ergo
808 4931 1178 5004 episcopatus
1195 4933 1380 5006 ipsius
1398 4935 1456 4990 in
1470 4937 1607 4991 sede
1629 4934 2045 4993 Mediolanensi

392 5017 613 5091 optime
643 5018 859 5093 [χχχιχ]
891 5022 1169 5078 statuitur
1195 5028 1438 5080 exeunte
1486 5024 1661 5080 Junio
1708 5025 1845 5081 anni
1897 5027 1998 5083 931
2028 5044 2042 5082 :

396 5123 555 5164 mors
584 5125 722 5165 vero
750 5116 809 5164 Iv‘
835 5109 923 5165 vel
969 5128 1025 5167 IX
1068 5112 1188 5167 Kal.
1222 5114 1473 5185 Augusti
1504 5113 1641 5170 anni
1670 5116 1797 5170 936.
1852 5115 2044 5171 Unum

395 5201 724 5269 opponetur
753 5198 1125 5273 privilegium
1160 5200 1374 5274 Ugonis
1396 5202 1549 5274 regis
1577 5207 1635 5258 et
1657 5203 2041 5271 Lotbarii,da-

393 5288 521 5341 tum
547 5303 701 5343 anno
732 5288 862 5355 937,
886 5306 975 5343 xv:
1002 5289 1128 5345 Kal.
1151 5290 1294 5345 Julii
1326 5292 1481 5363 apud
1512 5290 1820 5347 laudatum
1848 5293 2041 5349 Mura-

390 5373 606 5429 torium
639 5374 703 5446 (t.
740 5376 788 5432 II
818 5378 999 5451 Antiq.
1042 5379 1217 5435 Italic.
1260 5395 1392 5453 pag.
1436 5380 1550 5452 57),
1584 5379 1641 5435 in
1675 5397 1789 5453 quo
1820 5398 2042 5438 memo-

385 5465 550 5517 ratur
597 5463 896 5522 Ililduinus
943 5468 1375 5541 archiepiscopus
1422 5469 1856 5526 Mediolanensis.
1930 5472 2041 5527 Sed

382 5550 592 5608 vitium
625 5551 862 5626 aliquod
882 5556 943 5611 in
968 5556 1259 5615 chronicis
1280 5558 1461 5631 hujus
1481 5558 1764 5633 privilegii
1785 5560 1938 5616 notis
1960 5560 2043 5616 in-

372 5654 509 5705 esse
526 5639 683 5703 idem
702 5642 1060 5705 Muratorius
1083 5647 1225 5719 scite
1268 5648 1516 5722 monuit,
1538 5648 1692 5709 sicut
1714 5647 1776 5707 in
1801 5649 2034 5712 duabus

2155 4670 2348 4724 refert.
2405 4667 2477 4723 Se
2528 4670 2720 4721 autem
2754 4670 2991 4738 captum
3046 4665 3255 4721 duobus
3302 4667 3544 4721 anniset
3572 4664 3801 4722 dimidio

2158 4762 2288 4828 post
2321 4757 2531 4810 initum
2591 4754 2992 4828 cpisc0patum
3052 4753 3467 4823 Veronensem,
3498 4753 3800 4827 perspicue

2155 4846 2411 4901 afﬁrmat
2437 4845 2495 4899 in
2528 4848 2851 4900 memorata
2895 4842 3143 4916 epistola
3171 4845 3227 4912 5,
3261 4860 3423 4900 num.
3455 4844 3509 4900 5.
3562 4842 3800 4898 Initium

2155 4952 2291 5009 ergo
2319 4933 2692 5007 episcopatus
2741 4934 2869 5006 ejus
2898 4932 2957 4988 in
2987 4935 3316 5006 Augustum
3366 4932 3595 4988 circiter
3623 4932 3797 4988 cadit.

2152 5029 2296 5080 Cum
2326 5040 2460 5080 vero
2491 5041 2559 5080 ex
2606 5023 2678 5079 iis
2709 5039 2835 5095 qua:
2867 5021 3259 5094 praemisimus
3289 5022 3398 5078 hoc
3427 5020 3664 5076 initium
3695 5036 3800 5075 ne-

2155 5117 2331 5186 queat
2364 5111 2653 5185 assignari
2683 5111 2873 5167 mensi
2902 5112 3166 5184 Augusto
3188 5111 3323 5167 anni
3346 5111 3473 5178 931,
3500 5108 3695 5183 palam
3717 5125 3803 5165 se-

2152 5202 2353 5275 quitur
2380 5218 2508 5258 esse
2538 5200 2897 5272 afﬁgendum
2929 5202 3189 5273 Augusto
3216 5200 3354 5256 anni
3382 5200 3505 5255 932.
3538 5198 3800 5270 Idipsum

2152 5292 2460 5348 conﬁrmat
2495 5306 2684 5345 annus
2726 5288 2977 5344 laudatae
3005 5288 3377 5361 captivitatis,
3412 5304 3587 5360 quem
3618 5286 3798 5343 fuisse

2149 5379 2482 5436 videbimus
2512 5395 2732 5434 annum
2753 5378 2931 5433 935A
2955 5376 3269 5432 Februario
3291 5381 3487 5433 autem
3511 5375 3647 5432 anni
3667 5375 3796 5441 935,

2152 5486 2267 5542 quo
2298 5466 2608 5524 Ratherius
2631 5471 2838 5539 captus
2868 5466 2997 5534 fuit,
3018 5465 3074 5522 si
3100 5483 3203 5539 per
3225 5466 3527 5523 biennium
3549 5468 3606 5521 et
3627 5463 3797 5519 dimi-

2153 5559 2317 5615 dium
2349 5556 2486 5612 anni
2513 5556 2812 5623 ascendas,
2845 5555 3145 5628 pervenies
3190 5556 3261 5611 ad
3292 5556 3625 5627 Augustum
3659 5552 3798 5609 anni

2151 5648 2277 5710 932.
2302 5647 2382 5706 Ex
2408 5645 2502 5707 his
2532 5660 2725 5706 errare
2753 5644 2937 5722 liquet
2963 5647 3091 5706 tum
3122 5643 3512 5721 Sigebertum,
3546 5642 3648 5720 qui
3680 5641 3799 5703 Ra-
