4100 6200
332 318 407 380 41
1346 319 1962 383 PROLEGOMENA.
1996 354 2076 367 -—
2106 319 2477 384 RATHERII
2523 322 2732 388 VITA.
3649 323 3742 384 ιιι

330 453 516 510 duxit.
548 475 577 503 »
610 452 738 526 Ipse
768 457 967 509 autem
998 459 1196 510 comes
1228 452 1363 510 Milo
1394 463 1530 510 cum
1563 454 1760 528 UgOne
1781 454 1974 511 conci-
2001 457 2059 525 Α
2087 460 2206 512 tem
2239 457 2312 512 ob
2334 456 2763 512 conniventiam
2795 456 3309 528 etobsequentiam
3336 473 3402 514 ac
3422 456 3742 514 necessita-

326 540 504 597 liatus
529 541 838 613 pristinam
866 542 1210 614 dignitatem
1240 542 1500 597 retinuit.

408 632 491 684 19.
521 630 647 685 Alia
678 648 920 702 prorsus
948 631 1056 686 fuit
1088 632 1342 687 Ratherii
1403 631 1658 704 episcopi
1719 633 1972 689 fortuna.

333 719 1168 792 «Quo(Arnoldo)discedente,
1204 721 1365 776 addit
1398 721 1977 794 Liutprandus,Ugo-

323 808 508 882 niregi
533 825 668 865 mox
698 809 902 864 civitas
940 810 1224 875 redditur,
1258 814 1316 865 et
1348 810 1662 866 Ratherius
1710 812 1973 882 ejusdem

323 896 574 953 civitatis
606 899 915 970 episcopus
946 899 1019 954 ab
1049 915 1115 954 eo
1150 903 1376 971 captus,
1417 899 1602 971 Papia:
1663 901 1719 955 in
1774 900 1974 956 exsilio

324 987 632 1060 relegatur.
668 1009 696 1036 »
732 988 874 1043 Hinc
906 987 964 1042 in
997 987 1245 1060 epistola
1266 989 1321 1054 5,
1354 989 1423 1044 ad
1441 988 1725 1044 Joannem
1748 990 1976 1060 pontiﬁ-

323 1092 470 1144 cem,
505 1093 667 1132 num.
702 1077 754 1143 4,
785 1076 1047 1149 aliquam
1079 1076 1315 1148 quidem
1348 1094 1514 1132 suam
1549 1077 1782 1150 culpam
1838 1078 1974 1134 huic

317 1165 637 1221 calamitati
652 1183 890 1222 causam
906 1166 1138 1222 dedisse
1151 1167 1252 1231 ait,
1270 1166 1544 1223 rebellem
1558 1184 1690 1223 vero
1707 1168 1971 1223 animum

315 1258 375 1310 et
410 1254 596 1328 Ugoni
626 1255 943 1323 infensum,
978 1272 1093 1327 quo
1108 1255 1415 1312 nominein
1436 1261 1660 1312 tantam
1674 1256 1972 1313 miseriam

311 1344 734 1410 deduceretur,
768 1343 878 1398 sibi
908 1345 1088 1399 fuisse
1119 1344 1363 1400 inficiari
1405 1345 1655 1401 videtur.
1707 1368 1734 1395 ‹‹
1793 1346 1974 1418 Coepit

306 1450 414 1488 me
448 1433 588 1505 Ugo,
622 1434 860 1489 retrusit
899 1433 956 1488 in
1015 1433 1342 1489 custodiam
1373 1434 1431 1488 in
1473 1435 1728 1506 quadam
1783 1435 1970 1506 Papia:

313 1521 622 1589 turricula,
657 1539 773 1577 non
804 1523 933 1578 dico
964 1523 1090 1579 sine
1122 1521 1237 1578 mei
1267 1523 1458 1595 culpa,
1492 1523 1594 1594 qui
1624 1523 1778 1578 enim
1802 1523 1976 1578 inter-

308 1611 453 1666 talia
483 1610 691 1666 saltem
723 1611 783 1665 in
818 1612 998 1666 verbo
1030 1629 1144 1668 non
1179 1613 1438 1680 offendit,
1474 1611 1568 1666 hic
1583 1613 1976 1684 perfectusest

309 1699 433 1769 vir;
469 1700 570 1756 sed
601 1705 804 1756 contra
835 1700 1023 1772 legem
1050 1699 1131 1755 ita
1163 1699 1285 1754 hinc
1315 1700 1453 1771 egit,
1484 1704 1541 1754 et
1571 1699 1699 1756 sine
1728 1701 1971 1755 audien—

312 1789 412 1845 tia.
446 1789 612 1845 Dicat
637 1789 732 1844 hic
763 1789 1013 1861 quisque
1045 1790 1198 1860 quod
1231 1786 1385 1844 volet
1413 1805 1427 1843 :
1463 1788 1788 1844 temerariis
1808 1789 1965 1843 enim
1995 1845 2000 1852 ,

301 1879 546 1950 judiciis
565 1879 738 1949 juxta
766 1879 1160 1951 Augustinum
1193 1877 1365 1949 plena
1393 1882 1532 1933 sunt
1560 1877 1970 1934 omnia.Conﬁ-

309 1974 436 2024 teor
464 1986 619 2037 vero,
645 1985 714 2024 ex
742 1985 856 2040 quo
885 1984 1020 2023 eum
1053 1966 1325 2040 primitus
1383 1967 1522 2032 vidi,
1584 1983 1768 2038 usque
1823 1967 1966 2021 dum

310 2058 609 2114 hominem
642 2058 819 2124 exuit,
860 2074 1090 2129 semper
1143 2073 1235 2112 me
1294 2056 1604 2112 Theodosii
1633 2055 1964 2112 felicitatem

311 2147 683 2220 imperatoris
705 2147 788 2202 illi
821 2150 1071 2218 optasse,
1103 2149 1159 2200 ct
1190 2145 1380 2200 adhuc
1410 2145 1538 2216 ejus
1570 2145 1965 2200 recordatione

311 2254 405 2292 me
437 2236 691 2310 graviter
721 2235 873 2291 affici
906 2233 1124 2290 dolore.
1159 2256 1186 2283 »
1216 2235 1343 2289 Haec
1366 2237 1586 2305 scrlpta
1605 2249 1718 2289 non
1741 2233 1966 2290 vivente

309 2327 529 2400 Ugone,
563 2327 660 2382 sed
695 2329 827 2398 post
857 2326 985 2396 ejus
1017 2327 1263 2378 mortem
1297 2323 1492 2395 magni
1527 2323 1960 2380 faciendasunt.

307 2411 650 2472 Temeritati
673 2413 1035 2486 judiciorum
1066 2413 1242 2468 refert
1273 2413 1620 2469 attributum
1652 2413 1762 2468 sibi
1817 2430 1963 2469 vera:

308 2503 648 2561 rebellionis
681 2504 900 2559 crimen
925 2503 982 2557 in
1000 2502 1280 2575 Ugonem,
1301 2519 1476 2574 quem
1489 2519 1721 2574 semper
1741 2501 1962 2569 dilexit,

307 2595 521 2667 cuique
552 2611 784 2666 semper
812 2592 1012 2650 omnia
1041 2609 1321 2665 prospera
1349 2592 1646 2664 appetivit.
1679 2591 1966 2655 Quaeritur

303 2683 534 2738 nullam
562 2682 672 2739 sibi
705 2683 901 2737 datam
930 2680 1312 2746 audientiam,
1347 2697 1464 2752 qua
1494 2697 1690 2736 rerum
1737 2681 1842 2737 abs
1903 2697 1966 2737 se

303 2777 607 2845 gestarum
643 2772 928 2826 rationem
958 2770 1244 2826 redderet.
1279 2768 1542 2840 Culpam,
1573 2786 1691 2841 qua
1731 2785 1793 2824 se
1847 2786 1964 2825 non

306 2861 468 2916 omni
500 2878 568 2916 ex
597 2863 985 2933 parte'carere
1009 2858 1291 2931 agnoscit,
1321 2858 1474 2914 inter
1503 2857 1654 2915 leves
1679 2862 1958 2928 recenset,

302 2951 378 3007 de
408 2949 623 3023 quibus
652 2950 905 3006 Jacobus
935 2949 1052 3004 ait:
1086 2950 1196 3018 Qui
1227 2965 1331 3003 non
1373 2946 1607 3020 ofendit
1661 2950 1724 3004 in
1779 2949 1958 3015 verba,

301 3043 394 3096 hic
423 3042 694 3113 perfectas
722 3048 798 3096 est
827 3041 914 3095 vir
945 3039 1080 3111 (Jac.
1131 3056 1212 3105 ιιι,
1246 3041 1323 3107 2).
1355 3042 1474 3093 Hac
1515 3038 1717 3093 eadem
1777 3038 1846 3094 de
1902 3055 1963 3094 re

299 3130 483 3186 latius
514 3130 809 3187 disserens
840 3128 988 3185 libro
1020 3145 1075 3183 Iv
1107 3128 1560 3200 Praeloquiorum
1594 3129 1767 3198 (nam.
1821 3129 1856 3182 5
1911 3135 1962 3183 ct

2083 550 2202 600 tem
2230 547 2547 618 quamdam
2559 545 2947 601 descendisse.
2968 545 3166 618 Neque
3179 550 3407 604 moveat
3432 545 3741 619 Liutpran-

2086 637 2324 708 dus,qui
2344 638 2483 692 dum
2506 636 2847 692 Ratherium
2869 651 3029 708 aeque
3051 647 3116 693 ac
3148 636 3424 696 Milonem
3465 636 3741 694 comitem

2085 725 2420 781 rebellionis
2439 726 2762 798 principem
2776 725 3357 798 prodidit,vulgatam
3373 725 3590 782 famam
3605 742 3742 784 secu

2074 818 2180 869 tus
2203 818 2496 887 est,quam
2519 815 2697 870 invidi
2719 815 3216 888 sparseruntllzec
3237 814 3480 886 quidem
3497 814 3669 887 culpa
3689 813 3740 870 si

2085 907 2242 960 certa
2259 905 2483 973 fuisset,
2521 905 2730 960 statim»
2745 909 2873 977 post
2890 904 3106 976 Ugoais
3135 903 3436 962 victoriam
3451 907 3662 975 captus
3683 905 3742 958 et

2081 992 2143 1047 in
2171 1010 2460 1050 carcerem
2497 995 2702 1050 fuisset
2734 995 3044 1050 deductus.
3075 993 3236 1050 Tunc
3262 1009 3417 1061 vero,
3449 979 3627 1049 omnis
3674 997 3740 1047 ut

2083 1091 2199 1138 erat
2228 1084 2390 1154 culpa
2421 1084 2679 1155 (Prmlop.
2715 1083 2754 1138 l.
2788 1101 2871 1150 ιιι,
2910 1100 2966 1137 ιι.
2999 1083 3111 1154 27),
3146 1094 3260 1139 nan
3278 1081 3338 1138 in
3371 1081 3734 1154 episcOpum‘,

2083 1173 2183 1228 sed
2215 1173 2273 1227 in
2297 1171 2518 1228 clerum
2549 1177 2606 1227 et
2637 1173 2958 1244 pn'ecipuos
2989 1171 3241 1230 civitatis
3262 1171 3478 1242 rejeota
3504 1175 3595 1227 est
3613 1186 3737 1239 ;nec

2081 1266 2201 1317 tota
2230 1263 2402 1317 ruina
2431 1262 2490 1317 in
2514 1261 2771 1317 Ratherii
2797 1265 2974 1332 caput
2993 1259 3230 1329 decidit,
3255 1260 3368 1316 nisi
3400 1264 3536 1332 post
3552 1259 3736 1333 scrip-

2081 1355 2202 1405 tam
2234 1351 2552 1422 quamdam
2574 1348 3082 1422 epistolam,cujus
3105 1349 3229 1421 ipse
3250 1351 3453 1405 auctor
3471 1352 3529 1404 et
3553 1349 3736 1405 totius

2083 1438 2407 1495 moliminis
2436 1441 2699 1496 incentor
2727 1439 3031 1495 traductus
3063 1438 3188 1494 mit.

2153 1530 2243 1581 20.
2268 1528 2385 1583 Hoc
2407 1527 2634 1600 insigne
2665 1529 2904 1596 factum,
2930 1545 2997 1584 ex
3013 1543 3128 1600 quo
3145 1525 3451 1586 calamitas
3473 1526 3732 1584 Ratherii

2084 1621 2397 1672 consecuta
2426 1621 2536 1683 est,
2571 1633 2639 1672 ex
2667 1617 2853 1689 ipsius
2883 1617 3182 1688 operibus,
3212 1617 3272 1672 in
3303 1617 3521 1689 quibus
3542 1615 3730 1689 plura,

2082 1709 2264 1760 tamet
2283 1705 2330 1760 si
2354 1704 2655 1777 aliquanto
2673 1705 3102 1771 obscurius,hio
3117 1705 3235 1761 illic
3247 1706 3500 1777 sparsim
3517 1704 3732 1777 attigit,

2080 1810 2210 1848 erue
2221 1811 2282 1849 re
2305 1811 2370 1850 ac
2398 1795 2456 1848 in
2490 1795 2829 1850 bistoricam
2853 1793 3063 1850 seriem
3085 1794 3346 1866 digerere
3364 1794 3729 1852 conabimur.

2075 1883 2462 1938 St'atuendum
2496 1884 2768 1956 inprimis
2824 1887 2914 1939 est
2969 1883 3388 1954 tempus,quod
3439 1881 3499 1938 in
3557 1882 3732 1938 rebus

2076 1971 2371 2028 historicis
2401 1973 2653 2029 mavime
2681 1971 3019 2044 requiritur.
3041 1970 3260 2044 Ugonis
3273 1970 3576 2028 victoriam
3598 1987 3730 2027 con-

2075 2065 2165 2116 tra
2195 2061 2516 2116 Arnoldum
2548 2061 2901 2133 afﬁgendam
2933 2077 3086 2116 anno
3129 2061 3237 2117 935
3293 2058 3561 2134 dubitare
3595 2072 3726 2116 ‘non

2075 2149 2215 2206 sinit
2244 2150 2723 2223 chronographus
2753 2149 3236 2223 Salisburgeusis,
3264 2158 3440 2221 Quem
3471 2150 3531 2206 P.
3556 2149 3728 2207 Ausi-

2071 2239 2196 2294 zius
2213 2239 2432 2296 laudat.
2458 2239 2754 2296 Udalberti
2776 2239 2931 2296 enim
2951 2238 3417 2311 Salisburgensis
3439 2237 3726 2311 archiepi-

2072 2329 2254 2402 scopi,
2289 2330 2387 2401 qui
2418 2329 2737 2385 Arnoldum
2762 2328 3036 2401 Bajoariaa
3060 2330 3269 2384 ducem
3293 2327 3352 2382 in
3375 2327 3575 2386 Italica
3596 2345 3726 2384 con-

2069 2423 2162 2474 tra
2192 2419 2452 2491 Ugonem
2506 2419 2871 2490 expeditione
2919 2422 3159 2474 secutus
3203 2418 3412 2483 fuerat,
3475 2421 3724 2474 mortem

2073 2507 2261 2563 eidem
2289 2525 2442 2562 anno
2465 2507 2669 2561 tribuit
2698 2507 2994 2562 scribens:
3025 2507 3138 2575 Qui
3163 2504 3526 2560 deiuvasionc
3545 2504 3727 2560 Italiae

2072 2596 2286 2650 rediens
2317 2597 2469 2650 obiit.
2503 2595 2564 2650 Si
2594 2611 2748 2650 anno
2779 2595 2884 2648 935
2912 2593 3056 2648 obiit
3085 2591 3451 2658 Udalbertus,
3478 2589 3579 2663 qui
3615 2593 3724 2647 Ar-

2074 2683 2234 2739 noldi
2266 2682 2560 2749 militiam,
2597 2683 2678 2738 uli
2711 2681 2957 2750 solebat,
3015 2683 3272 2747 secutus,
3329 2695 3466 2735 cum
3517 2679 3722 2736 eodem

2072 2774 2275 2845 utique
2305 2774 2368 2829 de
2391 2775 2670 2829 inuasione
2696 2772 2874 2828 ιιίιίιίςε
2897 2771 3077 2837 rediit,
3138 2769 3198 2826 in
3255 2768 3525 2826 eumdem
3589 2786 3722 2841 pro-

2071 2864 2218 2919 fecto
2251 2867 2398 2934 (xcv)
2425 2879 2646 2918 annum
2679 2860 2895 2933 Ugonis
2914 2856 3452 2916 victoria‘incidisse
3475 2857 3724 2936 dicenda

2070 2958 2176 3008 est.
2193 2952 2532 3009 Ratherium
2549 2969 2681 3007 vero
2704 2952 2778 3006 ab
2801 2950 2998 3023 Ugone
3017 2948 3233 3005 victare
3253 2951 3492 3020 captum
3514 2959 3720 3007 mense

2072 3043 2384 3098 Februario
2413 3042 2599 3113 liquet
2645 3059 2712 3096 ex
2744 3040 2890 3095 libro
2944 3038 3199 3095 secundo
3247 3035 3718 3108 ‘Prae‘lo‘quiorum

2069 3149 2233 3187 num.
2261 3133 2353 3199 24,
2373 3132 2468 3186 ubi
2485 3130 2800 3202 septimum
2817 3127 3164 3194 mensem,id
3187 3130 3277 3183 est
3292 3126 3716 3198 Septembrem,

297 3222 378 3287 7),
406 3235 583 3291 quem
625 3218 684 3273 in
718 3219 984 3291 Papiensi
1026 3234 1252 3273 carcere
1283 3215 1952 3289 scripsit,rebellionem,
1988 3201 2030 3269 C
2068 3228 2314 3274 octavum
2340 3223 2505 3274 vocat
2535 3219 2602 3273 ab
2633 3217 2815 3288 hujus,
2849 3231 2974 3289 quae
2995 3225 3082 3271 me
3108 3214 3384 3286 deprimit,
3420 3215 3530 3270 imo
3582 3229 3719 3269 eru-

297 3310 470 3380 cujus
498 3309 622 3380 ipse
635 3307 1204 3371 auctortradebatur,
1222 3306 1397 3361 meris
1415 3305 1744 3360 invidorum
1759 3305 1950 3362 calvil-

294 3397 619 3452 lationibus
649 3395 1088 3452 disseminatam
1122 3394 1334 3461 innuit,
1370 3394 1537 3467 eique
1570 3395 1948 3451 fundamento

296 3487 583 3551 innixam,
621 3485 810 3557 «quia
839 3501 972 3538 cum
1007 3483 1498 3550 malefactoribus,
1535 3505 1562 3532 »
1606 3484 1950 3556 inquiebant

295 3578 501 3630 num.7
533 3575 614 3644 (id
648 3579 755 3642 est,
787 3589 922 3628 cum
952 3573 1383 3628 Veronensibus
1413 3573 1950 3628 rebellionisaucto-

295 3667 482 3737 ribus)
513 3688 539 3715 ιι
573 3667 968 3729 conversatus,
1011 3667 1069 3717 et
1119 3662 1262 3717 dum
1320 3666 1623 3733 caperetur
1681 3662 1948 3716 inventus

293 3759 422 3810 est:
461 3777 488 3802 η
517 3753 758 3826 perinde
788 3769 855 3807 ac
887 3751 932 3807 si
968 3751 1372 3823 episcopus,ut
1402 3767 1636 3806 omnem
1671 3749 1951 3820 suspicio-

291 3859 428 3897 nem
459 3841 758 3906 eximeret,
792 3841 1060 3896 debuerit
1089 3840 1243 3895 exire
1273 3856 1341 3895 ex
1371 3840 1536 3904 urbe,
1569 3843 1626 3894 et
1656 3839 1725 3894 ad
1754 3854 1949 3910 regem

291 3931 692 4004 proficiscens,
729 3930 880 3986 ﬁlios
911 3929 1235 4001 proditores
1269 3928 1510 3984 deferre.
1557 3928 1717 3983 llanc
1777 3943 1946 3983 suam

290 4037 430 4076 cum
461 4019 778 4076 rebellibus
807 4019 980 4090 [κων]
1015 4034 1238 4073 moram
1271 4018 1426 4072 bona
1454 4017 1776 4072 intentione
1809 4035 1945 4088 pur-

289 4114 395 4183 gat
423 4109 686 4166 Jeremia
718 4107 999 4179 exemplo,
1038 4130 1064 4156 «
1097 4107 1197 4178 qui
1229 4123 1332 4178 per
1361 4105 1950 4170 charitatem,utdicit

291 4201 361 4254 B.
393 4198 724 4271 Gregorius,
759 4199 901 4253 dum
935 4197 1086 4252 cives
1123 4197 1194 4251 ab
1244 4197 1512 4268 ingressu
1545 4195 1771 4268 Egypti
1832 4212 1947 4250 non

293 4286 487 4360 potuit
507 4287 798 4365 cohibere,
821 4285 1047 4342 studuit
1067 4284 1207 4340 illuc
1229 4302 1363 4340 cum
1379 4285 1465 4340 eis
1487 4289 1543 4339 et
1563 4285 1686 4356 ipse
1708 4284 1948 4340 descen-

294 4379 459 4433 dere.
494 4401 519 4427 ››
553 4379 621 4432 Et
650 4381 783 4449 post
811 4375 1130 4431 nonnulla:
1169 4399 1195 4424 ‹‹
1229 4375 1481 4430 Cunctos
1514 4391 1583 4430 ne
1613 4390 1749 4446 ergo
1788 4373 1947 4445 judi-

292 4481 400 4522 cas
436 4467 829 4538 deponendos,
865 4464 967 4537 qui
999 4463 1242 4520 rebelles
1268 4463 1504 4536 regibus
1533 4463 1684 4518 cives
1715 4468 1772 4518 et
1798 4462 1949 4518 ﬁlios

2058 3309 2142 3364 dii
2167 3309 2501 3364 calamitatis
2526 3307 2847 3362 accessione.
2880 3303 3302 3377 Captivitatem,
3333 3319 3450 3375 qua
3487 3318 3713 3375 preme-

2059 3399 2232 3454 batur
2259 3396 2550 3469 intelligit,
2590 3401 2724 3467 post
2767 3411 2945 3467 quam
2997 3393 3048 3450 si
3095 3393 3442 3466 September
3489 3389 3712 3447 mensis

2059 3491 2182 3543 erat
2211 3495 2444 3552 octavus,
2478 3502 2544 3541 ea
2576 3484 2920 3558 praecedenti
2952 3483 3267 3539 Februario
3313 3482 3709 3538 inchoaverat.

2058 3576 2268 3632 Confer
2297 3575 2514 3630 ibidem
2547 3579 2734 3628 notas.
2769 3573 2930 3628 Diem
2953 3569 3468 3641 quoque'ejusdem
3491 3567 3714 3623 mensis

2057 3664 2288 3718 tertiam
2325 3679 2392 3717 ex
2423 3661 2570 3715 libro
2613 3659 3073 3729 Przeloquiorum
3123 3656 3326 3728 quinto
3381 3653 3714 3725 colligimus

2059 3769 2222 3807 num.
2259 3753 2344 3806 l2.
2377 3751 2448 3805 Se
2480 3749 2636 3804 enim
2668 3765 2734 3804 eo
2766 3749 3036 3815 tractatu,
3063 3745 3232 3817 cujus
3253 3757 3431 3800 causa
3451 3742 3715 3815 captivus

2059 3843 2269 3896 ductus
2302 3840 2431 3907 fuit,
2459 3839 2766 3911 deceptum
2780 3833 3321 3909 testaturpostridie
3348 3834 3476 3906 ejus
3496 3832 3625 3890 festi
3648 3831 3713 3889 B.

2058 3931 2271 3998 Mariis,
2297 3946 2413 4002 quo
2437 3928 2547 3986 sibi
2567 3929 2718 3984 inter
2730 3927 3047 3983 missarum
3065 3923 3352 3982 solemnia
3373 3922 3532 3997 pacis
3553 3939 3721 3980 oscu-

2057 4021 2181 4077 lum
2213 4022 2415 4076 datum
2447 4020 2651 4075 fuerat.
2688 4015 3120 4074 Puriﬁcationis
3150 4015 3212 4071 B.
3248 4013 3442 4071 Maria:
3496 4012 3716 4087 festivi-

2058 4116 2301 4182 tas,quae
2323 4109 2448 4165 sola
2471 4109 2526 4163 in
2548 4107 2929 4163 Februarium
2951 4121 3214 4162 mensem
3233 4103 3408 4170 ‘cadit‘,
3423 4103 3712 4159 innuitur.

2059 4199 2338 4255 Postridie
2370 4199 2549 4271 igitur
2579 4199 2708 4269 ejus
2734 4195 2885 4264 festi,
2918 4196 2975 4251 id
3007 4199 3116 4261 est,
3145 4194 3236 4250 die
3271 4192 3447 4249 tertia
3491 4190 3714 4248 mensis

2060 4289 2376 4354 Februarii,
2412 4287 2572 4354 anni,
2609 4292 2671 4342 ut
2703 4285 3101 4359 probavimus,
3133 4284 3260 4350 935,
3286 4281 3385 4338 ille
3429 4284 3712 4337 tractatus

2060 4382 2147 4432 est
2163 4377 2294 4432 habi
2307 4381 2466 4449 tus,q
2479 4393 2548 4431 uo
2567 4368 3712 4447 ipsedeceptusincaptivitatemi‘ncurrit.

2128 4469 2189 4521 2t
2205 4467 2286 4520 .ld
2309 4470 2505 4521 autem
2526 4469 2814 4536 quatenus
2835 4461 3290 4525 acciderit,nunc
3303 4454 3712 4526 explicandum

291 4572 430 4612 esse
461 4557 728 4623 scientes,
762 4573 874 4611 non
907 4560 1006 4610 eos
1039 4558 1101 4609 ut
1133 4553 1480 4626 punirentur
1524 4552 1904 4625 prodiderunt
1933 4571 1947 4619 ;
1982 4573 2029 4638 D
2061 4560 2167 4612 est,
2205 4561 2324 4610 Duo
2355 4553 2730 4626 potissimum
2762 4555 2953 4606 textus
2978 4547 3114 4604 huic
3143 4544 3226 4602 rei
3244 4545 3434 4600 lucem
3450 4542 3711 4598 ederent:

293 4644 404 4700 sed
436 4649 637 4700 contra
666 4646 880 4700 missas
914 4645 996 4700 eis
1028 4644 1308 4708 fecerunt,
1340 4641 1489 4697 ﬁlios
1529 4658 1730 4697 eorum
1762 4641 1952 4712 bapti-

293 4739 597 4802 zaverunt,
631 4735 1106 4808 praedicaverunt,
1136 4731 1620 4797 chrismaverunt,
1666 4729 1953 4801 pmniten-

291 4825 444 4879 tiam
477 4823 868 4891 indulserunt,
905 4819 1468 4879 reconciliaverunt?
1502 4842 1527 4869 ››
1561 4819 1822 4874 Tandem
1862 4836 1950 4874 ce-

292 4929 629 4985 sponsurus
651 4913 1061 4985 objicientibus
1079 4910 1400 4967 Arnoldum
1423 4927 1457 4964 a
1479 4926 1539 4964 se
1556 4908 1751 4980 palam
1774 4909 1954 4965 fuisse

294 5007 661 5076 susceptum,
695 5001 975 5074 exemplis
1023 5004 1363 5057 sanctorum
1422 4999 1668 5054 suadere
1723 4998 1953 5067 nititur,

296 5092 655 5163 quandoque
681 5091 852 5146 licere
880 5089 940 5144 in
972 5089 1175 5144 urbem
1216 5088 1416 5144 hostes
1446 5091 1503 5143 et
1532 5087 1830 5144 invasores
1859 5104 1953 5144 re-

295 5180 514 5251 cipere.
549 5181 699 5235 Dum
731 5196 864 5235 vero
896 5179 956 5235 in
985 5176 1380 5234 Confessionis
1412 5175 1580 5245 libro,
1614 5193 1777 5232 num.
1815 5181 1869 5248 2,
1895 5193 1958 5233 se

295 5267 491 5324 multa
519 5269 637 5341 pati
665 5267 869 5326 scribit
892 5283 992 5339 pro
1021 5269 1276 5339 abjurata
1308 5268 1479 5337 Ugoni
1512 5266 1636 5337 ﬁde,
1696 5267 1956 5339 aliquam

292 5373 469 5416 suam
503 5359 561 5413 in
590 5357 904 5415 rebellione
935 5357 1165 5431 culpam
1197 5357 1410 5412 iterum
1443 5355 1682 5412 faterur.
1731 5357 1864 5420 Quae
1892 5361 1958 5411 ut

289 5448 686 5504 concilientur
713 5464 847 5503 cum
881 5445 1361 5519 praecedentibus,
1395 5443 1542 5500 illud
1557 5442 1959 5501 dicendumvi-

287 5538 473 5592 detur
505 5537 849 5593 Ratherium
874 5553 988 5592 non
1014 5536 1192 5592 fuisse
1215 5535 1452 5608 quidem
1476 5533 1808 5590 rebellionis
1827 5551 1960 5590 auc-

287 5641 510 5700 torem,
544 5627 644 5683 sed
663 5625 979 5683 rebellione
989 5625 1115 5694 jam
1135 5625 1387 5680 conflata
1411 5623 1470 5679 in
1495 5620 1800 5680 rebellium
1824 5640 1956 5697 par-

622 5754 890 5819 PATBOL.
933 5749 1265 5817 CXXXVI.

2068 4645 2211 4700 alter
2239 4661 2308 4698 ex
2337 4641 2666 4714 epistolaad
2686 4640 2990 4706 Ursonem,
3006 4636 3227 4691 inserta
3248 4633 3306 4689 in
3330 4632 3548 4688 librum
3569 4631 3717 4688 Prae-

2061 4733 2390 4806 loquiorum
2418 4731 2654 4786 tertium
2687 4745 2850 4784 num.
2882 4729 2951 4782 27
2991 4743 3004 4793 ;
3039 4723 3184 4781 alter
3213 4739 3281 4780 ex
3309 4722 3460 4780 libro
3511 4719 3715 4794 quinto

2063 4842 2096 4878 n
2108 4822 2690 4892 um.tt.Recuperata
2709 4817 2936 4874 Verona
2952 4811 3346 4888 abUgone,di'e
3365 4810 3719 4868 festoPuriﬁ-

2062 4911 2307 4967 cationis
2339 4909 2597 4966 solemne
2628 4923 2858 4964 sacrum
2882 4904 3239 4962 celebratum
3278 4903 3408 4958 fuit.
3431 4905 3589 4958 Inter
3606 4900 3718 4956 hoe

2062 5001 2324 5074 quidam,
2347 5006 2407 5054 ut
2425 5000 2674 5066 videtur,
2693 4994 2951 5070 episcopi
2972 4994 3132 5067 pacis
3153 4991 3424 5049 osculum
3442 4988 3718 5046 Ratherio

2063 5092 2374 5158 dederunt,
2405 5112 2433 5139 «
2471 5091 2742 5161 putantes
2773 5102 2908 5142 eum
2939 5083 3211 5156 nonquia
3225 5078 3720 5155 peccatorem,sed

2066 5181 2206 5254 quia
2235 5181 2543 5252 deceptum
2574 5177 2941 5232 damnatum.
2977 5195 3004 5224 »
3040 5171 3150 5228 Alii
3181 5187 3313 5227 vero
3353 5169 3570 5241 placere
3599 5164 3723 5239 regi

2067 5270 2312 5326 forsitan
2344 5266 2614 5340 prmsenti
2644 5266 2964 5328 ambientes,
2999 5261 3128 5318 illos
3152 5259 3429 5332 quipacis
3451 5255 3723 5313 osculum

2067 5359 2347 5414 dederant
2377 5353 2743 5412 severissime
2761 5351 3281 5426 reprehenderunt.
3311 5365 3376 5404 ac
3407 5346 3458 5404 si
3481 5363 3615 5402 reus
3637 5360 3724 5402 es-

2071 5452 2158 5504 set
2178 5445 2529 5501 manifestus
2549 5448 2606 5500 et
2627 5443 2790 5517 pacis
2811 5441 3012 5498 osculo
3029 5437 3466 5512 indignus.ch
3487 5451 3557 5493 ex
3576 5434 3724 5490 libro

2066 5537 2290 5609 quinto,
2325 5552 2488 5590 num.
2525 5535 2610 5600 12,
2637 5533 2732 5589 ubi
2750 5529 3102 5590 consultatio
3117 5532 3290 5600 atque
3307 5528 3728 5583 tractatusera-

2065 5628 2211 5682 siina
2237 5626 2326 5682 die
2356 5624 2593 5680 habitus
2624 5617 3266 5697 additur,quiRatherio
3297 5615 3539 5674 exitium
3557 5616 3722 5678 attu-

3365 5745 3404 5809 2
