4046 6186
375 291 453 349 43

1337 279 1793 344 RATHEBIUS
1838 274 2338 343 VEBONENSIS
2383 281 2837 345 EPISCOPUS.

3720 274 3802 334 44

376 421 463 476 lit.
497 418 600 474 Hic
632 418 938 484 tractatus,
973 415 1273 472 Iucescente
1300 415 1390 471 die
1432 415 1722 487 peractus,
1754 409 1815 465 in
1846 408 2033 483 episto
2059 412 2118 479 Α
2148 429 2261 483 res,
2285 414 2535 471 maxime
2566 414 2615 471 si
2648 418 2747 471 aut
2778 419 2888 469 tum
2920 408 3177 468 ecclesia:
3237 406 3457 463 fuerint
3513 404 3638 473 ﬁlii,
3699 408 3808 461 aut

378 510 435 565 la
465 508 538 564 ad
569 506 852 563 Ursonem
882 503 1238 562 Veronensis
1263 503 1520 561 ecclesiae
1550 499 1826 558 clericum
1843 498 2034 555 fusius

376 596 706 670 exponitur.
738 595 1038 651 Tractatui
1070 610 1311 653 causam
1341 592 1503 649 dedit
1524 591 1581 646 id
1615 590 1769 664 quod
1822 587 2031 661 pridie,

377 703 482 745 seu
513 686 642 761 ipso
662 681 1092 741 Puriﬁcationis
1107 683 1220 750 die,
1239 682 1540 755 aliquanto
1560 684 1695 754 post
1715 678 2031 735 missarum

377 775 667 834 solemnia
692 773 1001 831 acciderat.
1034 773 1310 837 Quaedam
1327 771 1482 827 enim
1500 786 1639 844 gens
1655 768 1843 842 effera,
1870 770 1923 823 et
1938 780 2033 821 no-

379 868 462 922 bis
492 864 727 939 [melius
750 862 921 933 vobis]
953 862 1209 930 barbara,
1239 861 1298 916 id
1326 865 1414 917 est
1442 877 1558 917 non
1575 857 1759 916 Italici
1776 855 2028 930 generis,

377 972 507 1029 quas
536 954 599 1010 in
626 952 848 1026 Ugonis
875 951 1132 1007 exercitu
1162 949 1474 1017 militabat,
1502 951 1636 1022 post
1663 946 1917 1004 devictas
1973 947 2033 1000 et

282 1032 299 1043 ’
374 1044 435 1100 in
447 1039 994 1114 Bajoariampulsas
1008 1038 1247 1096 Arnoldi
1264 1039 1461 1112 copias
1474 1037 1762 1094 Veronam
1779 1052 2033 1103 reversa,

375 1146 511 1189 cum
540 1145 759 1188 omnem
788 1128 1120 1186 rebellionis
1148 1134 1211 1184 ut
1233 1137 1352 1185 erat
1379 1129 1598 1200 culpam
1628 1128 1689 1183 in
1734 1130 2031 1183 Veronen-

377 1222 457 1278 sis
484 1219 737 1278 ecclesiae
770 1217 1270 1284 archidiaconum,
1300 1221 1358 1274 ct
1385 1218 1444 1272 in
1477 1216 1761 1289 quosdam
1785 1215 2031 1271 honora-

372 1310 549 1366 tiores
576 1308 961 1375 Veronenses,
995 1308 1248 1364 maxime
1276 1323 1408 1363 vero
1435 1306 1496 1361 in
1526 1305 1748 1362 clerum
1798 1303 2027 1360 univer-

377 1415 509 1454 sum
529 1398 702 1470 [XLVI]
723 1395 1021 1455 retulisset
1045 1415 1103 1465 ;‹‹
1123 1412 1360 1454 omnem
1378 1396 1618 1452 domum
1638 1393 1740 1449 Dei
1760 1391 2027 1465 praedari,

376 1502 582 1544 omnes
611 1486 865 1559 majores
894 1486 1142 1543 civitatis
1173 1489 1275 1541 aut
1300 1483 1827 1551 exmembrare,aut
1856 1480 2030 1553 capti-

375 1590 476 1632 vos
506 1576 753 1645 ducere;
787 1575 983 1648 ipsum
1007 1590 1140 1630 vero
1164 1575 1293 1644 jam
1326 1574 1543 1629 factum
1576 1592 1605 1621 ››
1646 1570 2027 1643 (archidiaco-

376 1666 542 1734 num)
574 1670 630 1720 et
659 1664 789 1722 illos
819 1664 920 1736 qui
951 1667 1153 1736 postea
1182 1660 1475 1734 principes
1505 1660 1741 1716 fuerunt
1756 1656 2032 1732 proditio-

2147 505 2313 571 forte,
2346 504 2502 576 quod
2536 503 2709 571 absit,
2744 503 3009 576 ejusdem
3040 499 3210 571 cujus
3239 513 3303 553 es
3333 493 3533 551 officii.
3560 517 3587 544 ››
3623 494 3803 550 Porro

2145 593 2303 649 hunc
2324 610 2625 650 summum
2647 596 2705 650 et
2716 592 2981 664 ejusdem
2996 588 3172 646 officii
3191 586 3381 644 virum
3396 582 3809 640 fuisseHildui-

2145 698 2288 739 num
2320 682 2815 739 Mediolanensem
2845 678 3370 752 archiepiscopum,
3394 676 3452 730 in
3476 690 3591 747 quo
3618 677 3805 730 totam

2144 787 2284 829 sane
2306 772 2583 829 fiduciam
2612 772 2829 828 habere
2858 770 3106 827 debebat
3163 764 3495 830 Ratberius,
3532 780 3601 819 ex
3646 762 3805 818 libro

2143 861 2602 935 Przeloquiorum
2634 862 2824 934 primo
2866 858 3137 931 colligere
3178 856 3332 912 licet.
3392 853 3473 909 De
3521 851 3803 909 Hilduino

2141 952 2319 1022 enim,
2352 950 3082 1023 ut,credimus,suppresso
3101 944 3237 1002 licet
3252 942 3488 1000 nomiue
3508 940 3798 1009 scribens,

2142 1057 2317 1113 quem
2348 1058 2379 1097 e
2398 1040 2593 1114 Belgio
2623 1038 2682 1095 in
2711 1038 2935 1095 Italiam
2978 1039 3215 1093 secutus
3264 1034 3472 1098 fuerat,
3520 1030 3799 1085 eumdem

2140 1134 2437 1187 auctorem
2456 1129 2687 1203 przefert
2700 1128 2854 1184 sicut
2867 1126 3007 1184 olim
3029 1142 3146 1182 sua:
3168 1118 3554 1197 promotionis
3575 1118 3649 1173 ad
3672 1117 3800 1190 epi-

2139 1221 2553 1293 scopatum,ita
2565 1234 2721 1274 nunc
2740 1233 2943 1274 eorum
2965 1211 3388 1280 malorum,«ad
3411 1226 3539 1282 quae
3553 1209 3681 1280 jam
3700 1207 3799 1263 de-

2139 1314 2342 1381 ceptus
2369 1308 2462 1364 sui
2493 1324 2675 1365 causa
2697 1304 2929 1362 decidit.
2948 1303 3620 1370 Reminiscensnamque
3637 1294 3795 1369 quod

2139 1398 2406 1465 contutit,
2432 1396 2804 1453 obliviscitur
2827 1410 2953 1466 qua:
2985 1391 3229 1451 abstulit
3252 1407 3265 1445 :
3297 1388 3552 1445 recitans
3568 1386 3642 1443 ad
3663 1401 3794 1458 quas

2138 1486 2306 1542 illum
2338 1486 2561 1554 extulit,
2594 1489 2745 1541 tacet
2774 1502 2810 1540 a
2830 1482 3048 1555 quibus
3076 1479 3321 1553 dejecit;
3355 1482 3556 1534 tacens
3611 1476 3794 1531 decus

2138 1575 2329 1649 ipsius
2359 1574 2700 1642 nobilitalis,
2728 1577 2926 1630 notam
2957 1588 3134 1644 quam
3165 1570 3289 1641 ipse
3335 1566 3555 1632 intulit,
3616 1565 3796 1621 refert

2138 1665 2518 1737 paupertatis.
2544 1687 2572 1715 »
2596 1663 2739 1719 Vide
2760 1661 2978 1718 ibidem
3002 1666 3190 1717 notas.
3207 1659 3395 1730 Hujus
3411 1672 3547 1729 ergo
3564 1654 3794 1727 episco-

375 1754 467 1809 nis
498 1753 781 1821 Ratbcrii,
813 1754 978 1809 furca
1008 1751 1357 1808 moliebatur
1386 1749 1735 1823 appendere.
1770 1747 1915 1804 Hinc
1968 1749 2027 1804 in
2058 1783 2106 1848 Β
2138 1754 2317 1826 pi,cui
2350 1753 2602 1811 maxime
2632 1752 2850 1809 fidebat
2880 1745 3462 1816 Ratberius,consilio
3478 1746 3796 1845 obsecuta:

374 1842 524 1900 libro
554 1842 950 1900 Confessionis
977 1857 1141 1897 num.
1173 1844 1227 1907 2,
1261 1864 1289 1890 ‹‹
1323 1837 1658 1905 homicidia,
1681 1836 2027 1895 exoculatio-

374 1946 499 1998 nes,
532 1928 1088 1997 exmembrationes,
1106 1926 1353 2001 prmdas,
1376 1926 1668 1995 incendia,
1691 1926 2024 1982 vastitatem

373 2034 440 2074 ac
469 2016 1003 2092 depopulationem,
1035 2034 1163 2089 quas
1194 2032 1298 2089 pro
1327 2006 1596 2087 abjurata
1624 2014 1810 2089 Ugoni
1850 2015 2021 2072 ﬁde»

371 2107 762 2181 contigerunt,
796 2107 988 2162 deflet.
1024 2106 1237 2161 Eadem
1273 2122 1442 2177 porro
1471 2121 1617 2177 gens
1658 2122 1843 2160 unum
1901 2104 2025 2176 epi-

370 2212 641 2269 scopum,
672 2195 806 2253 licet
833 2212 968 2251 cum
985 2193 1299 2251 rebellibus
1318 2195 1639 2261 inventum,
1666 2194 2026 2250 «reservavit

320 2300 323 2301 '
370 2288 609 2358 propter
625 2284 1404 2359 consanguinitatem,quam
1418 2301 1549 2339 cum
1568 2281 2024 2357 illorum,inquit

370 2374 631 2447 (Ρνέειοᾳ.
665 2373 704 2429 1.
737 2373 844 2445 III),
876 2373 1165 2431 habebam
1197 2372 1574 2447 primoribus,
1630 2372 1896 2446 ipsoque,
1957 2375 2023 2428 ut

369 2461 620 2531 dicebat,
650 2462 914 2537 principe
944 2462 1162 2537 Ugone.
1198 2485 1227 2513 ››
1245 2461 1883 2535 Consanguinitascum
1900 2460 2021 2534 pri-

369 2550 635 2609 moribus
664 2553 715 2624 ej
725 2569 793 2608 us
821 2549 1015 2625 gentis
1035 2550 1813 2623 adsoluteafﬁrmatur,quia
1827 2550 2023 2623 reipsa

370 2657 506 2696 cum
532 2641 679 2713 ipsis
707 2641 991 2714 sanguine
1006 2645 1130 2698 erat
1145 2642 1514 2712 conjunctus.
1534 2639 2020 2712 Consanguinita-

370 2732 489 2785 tem
514 2746 647 2785 vero
679 2746 814 2786 cum
846 2745 978 2803 rege
1030 2730 1091 2785 in
1149 2728 1275 2786 sola
1321 2729 1595 2802 opinione
1650 2729 1780 2799 ejus
1829 2726 2020 2801 gentis

371 2817 546 2874 sitam
573 2820 889 2892 przeferunt
914 2818 1034 2887 illa,
1068 2826 1130 2875 ut
1154 2819 1365 2875 dicebat
1397 2860 1410 2874 .
1429 2818 1558 2874 Haec
1587 2834 1720 2874 vero
1741 2816 1935 2889 opinio
1952 2834 2021 2874 ea

370 2906 517 2963 forte
547 2908 620 2964 de
648 2924 827 2965 causa
853 2906 937 2963 illi
966 2907 1127 2981 genti
1158 2908 1490 2980 irrepserat,
1523 2907 1662 2979 quia
1683 2923 1817 2962 cum
1842 2905 2019 2962 sciret

366 3012 500 3052 eum
530 2995 807 3053 Hilduino
838 2996 1135 3065 intimum,
1168 2996 1345 3052 etiam
1377 2994 1879 3069 consanguineum
1893 3011 2016 3052 ere-

364 3084 548 3155 didit;
584 3085 901 3142 Hilduinus
931 3090 1127 3143 autem
1159 3101 1292 3141 cum
1328 3084 1529 3157 Ugone
1558 3084 1841 3141 affinitate
1870 3084 2013 3156 jun-

2137 1861 2258 1911 rus,
2294 1844 2366 1899 ab
2395 1844 2597 1899 eodem
2629 1842 2797 1915 petiit
2824 1846 2888 1896 ut
2917 1841 2990 1896 ad
3023 1856 3084 1896 se
3115 1838 3487 1893 mitterentur
3524 1832 3794 1907 primarii

2134 1933 2405 1990 civitatis.
2438 1932 2639 2005 Itaque
2669 1948 2803 1988 cum
2836 1931 2929 1987 his
2957 1934 3015 1986 et
3044 1945 3178 1984 cum
3204 1924 3503 1983 nonnullis
3532 1922 3791 1981 externis

2138 2044 2165 2072 «
2189 2021 2520 2079 Iucescente
2551 2021 2643 2078 die
2674 2045 2703 2073 ››
2736 2018 3047 2076 consilium
3078 2016 3343 2074 habitum
3371 2033 3385 2084 ;
3411 2030 3477 2070 ac
3506 2014 3566 2069 in
3597 2030 3664 2070 eo
3684 2013 3792 2067 de-

2133 2115 2354 2167 cretum
2390 2111 2517 2176 fuit,
2551 2114 2617 2166 ut
2647 2109 3001 2166 scriberetur
3031 2106 3300 2180 quaedam
3331 2102 3794 2177 epistols,quam

2133 2200 2181 2255 sl
2213 2199 2660 2256 archidiaconus
2691 2221 2719 2248 ‹‹
2748 2198 2985 2253 auderet
2999 2195 3249 2261 mittere,
3268 2193 3437 2265 quasi
3457 2191 3681 2249 inscius
3702 2189 3795 2245 di-

2133 2288 2461 2345 mitteretur
2485 2287 2751 2344 criminis
2780 2304 2792 2355 ;
2809 2286 2899 2342 sin
2918 2284 3085 2352 alias,
3105 2282 3457 2341 sententiam
3476 2279 3627 2336 illico
3641 2279 3792 2335 sub-

2130 2377 2242 2433 iret
2269 2377 2478 2450 capitis
2509 2375 2835 2449 (Praelqu.
2869 2391 2952 2441 III,
3002 2391 3063 2429 n.
3124 2374 3259 2445 27);
3322 2393 3349 2421 ››
3404 2374 3463 2427 et
3513 2367 3796 2427 similiter

2129 2465 2229 2523 alii
2258 2482 2327 2523 ea
2354 2465 2599 2538 epistola
2624 2466 2841 2537 scripta
2867 2479 3040 2520 omne
3056 2460 3384 2536 periculum
3397 2457 3790 2516 declinarent.

2127 2554 2375 2611 Cuinam
2404 2554 2623 2611 directa
2652 2553 2830 2609 fuerit
2857 2553 2978 2608 haec
2998 2550 3264 2625 epistola,
3289 2548 3499 2622 quidve
3518 2547 3793 2603 contine-

2128 2648 2215 2700 ret
2242 2645 2397 2700 unde
2427 2643 2875 2701 archidiaconus
2903 2645 2960 2697 et
2989 2640 3179 2697 caeteri
3199 2637 3537 2695 rebellionis
3559 2634 3788 2692 conscii

2126 2749 2157 2789 e
2185 2734 2316 2790 vitae
2334 2725 3572 2802 discriminesubducerentur,ignoratur.ld
3591 2742 3789 2781 unum

2125 2823 2348 2879 scimus
2378 2838 2507 2878 eam
2522 2821 2701 2878 fuisse
2716 2819 3205 2892 conviciisplenam
3231 2815 3603 2885 ;Ratberium
3642 2831 3787 2871 vero

2124 2911 2315 2968 eidem
2346 2911 2665 2968 scribendae
2697 2909 3064 2967 consensisse
3093 2925 3160 2965 eo
3191 2906 3454 2974 consilio,
3487 2909 3551 2960 ut
3598 2920 3788 2960 suum

2123 3016 2356 3075 gregem
2389 2999 2460 3056 ab
2490 2999 2965 3073 impendentibus
2989 2996 3161 3054 malis
3181 2995 3555 3054 erueret.Hoc
3577 2997 3787 3050 autem

2123 3106 2369 3146 assensu
2399 3089 2655 3162 praestilo
2687 3112 2714 3138 ‹‹
2748 3089 3041 3161 quemban
3082 3086 3252 3159 quasi
3300 3084 3577 3157 laqueum
3636 3082 3783 3152 sibi,

361 3178 491 3232 ctus
515 3178 658 3232 erat.
688 3172 998 3231 Ratherius
1027 3174 1262 3231 interim
1293 3156 1428 3230 licet
1450 3172 1560 3230 hac
1589 3173 1660 3230 de
1696 3189 1877 3230 causa
1924 3190 2010 3231 να·
2040 3156 2084 3225 C
2122 3195 2237 3251 quo
2268 3156 2582 3244 teneretur,
2612 3156 2811 3250 injecit
2840 3177 3021 3250 (Ibid.,
3056 3156 3173 3242 liv,
3211 3194 3268 3231 η.
3296 3156 3404 3244 12>ξ
3434 3174 3597 3229 ullae
3613 3172 3783 3229 enim

355 3272 620 3333 servatus,
653 3280 758 3322 seu
787 3281 822 3321 a
876 3268 1217 3320 casterorum
1277 3262 1608 3320 calamitate
1659 3263 2005 3330 subductus,

355 3357 664 3425 asportata:
690 3357 888 3409 tamen
921 3353 1033 3410 fuit
1062 3353 1123 3409 in
1154 3352 1410 3426 aliquem
1440 3352 1842 3409 tutumlocum
1868 3371 1881 3409 :
1906 3353 2007 3409 ubi

355 3458 491 3498 cum
523 3443 596 3500 de
625 3442 1043 3510 archidiaconi,
1075 3442 1421 3498 clericorum
1452 3458 1519 3497 ac
1546 3446 1886 3498 casterorum
1912 3459 2007 3500 ca-

352 3531 646 3603 ptivorum
676 3530 937 3606 periculo
964 3531 1217 3588 maxime
1240 3530 1559 3599 laboraret;
1592 3533 1770 3587 totam
1796 3532 2005 3588 subse-

352 3616 629 3690 quentem
652 3621 882 3675 noctem
913 3619 1246 3676 insomnem
1269 3618 1510 3687 ducens,
1530 3640 1559 3669 «
1578 3618 1872 3691 precibus,
1895 3618 2004 3674 hu-

351 3706 801 3776 miliationibus,
836 3706 1133 3781 lacrymis,
1161 3707 1489 3781 promissis,
1522 3706 2005 3780 amicumquein-

348 3798 613 3852 terventu
634 3812 767 3852 neos
796 3797 1019 3869 eripere
1049 3797 1180 3853 stud
1192 3796 1297 3852 uit.
1320 3796 1507 3853 Uursa
1525 3796 1584 3852 ni
1602 3796 2001 3854 intercazteros

345 3881 526 3940 vitam
562 3887 620 3940 et
646 3883 973 3941 libertatem
1004 3884 1273 3942 obtinuit.
1304 3885 1376 3942 Ut
1416 3889 1615 3942 autem
1670 3889 1727 3942 et
1780 3886 2001 3944 caeteris

346 3972 799 4044 prospiceretur,
830 3996 859 4024 «
888 3974 1143 4031 crastina
1170 3974 1265 4030 die
1298 3996 1348 4042 ››,
1382 3974 1441 4029 id
1471 3978 1578 4043 est,
1603 3974 1697 4031 die
1710 3973 1997 4031 tertiaFe-

344 4060 589 4130 bruarii,
621 4061 938 4134 primarius
969 4068 1026 4120 et
1054 4080 1325 4120 summus
1353 4063 1594 4135 quidam
1625 4063 1733 4131 vir,
1748 4087 1774 4113 «
1798 4063 1858 4119 in
1881 4081 1996 4136 quo

341 4152 465 4206 tota
484 4150 703 4207 fiducia
732 4151 869 4208 boni
901 4155 1024 4210 erat
1036 4157 1373 4225 proventus,
1393 4176 1421 4203 ‹‹
1447 4152 1650 4210 missis
1671 4152 1996 4226 saepissime

340 4237 726 4297 internuntiis
756 4240 1032 4298 Ratherio
1063 4242 1381 4311 mandavit,
1418 4264 1445 4293 «
1472 4256 1544 4296 ne
1566 4258 1601 4298 a
1620 4258 1727 4298 suo
1748 4242 1991 4300 consilio

339 4327 597 4385 deviaret
623 4329 684 4386 in
716 4328 934 4403 aliquo,
966 4331 1317 4404 promittens
1347 4330 1545 4387 omnia
1575 4347 1702 4388 sese
1724 4331 1838 4389 fine
1887 4350 1989 4405 pa-

336 4421 568 4475 cturum
599 4419 845 4492 optimo,
876 4423 1105 4477 tantum
1128 4419 1188 4475 in
1213 4424 1380 4493 pacto
1401 4421 1987 4493 perstaretpromisso

2119 3269 2364 3341 epistola
2391 3267 2781 3341 promulgata,
2810 3271 2874 3322 ut
2903 3266 3152 3333 videtur,
3185 3263 3313 3321 sine
3356 3262 3608 3320 auctoris
3667 3277 3782 3316 no-

2119 3357 2433 3425 mine,cum
2446 3356 2689 3430 quidam,
2710 3356 2803 3411 cui
2821 3356 2895 3412 ab
2918 3354 3329 3411 archidiacono
3353 3353 3534 3408 missa
3558 3351 3778 3419 fuerat,

2115 3447 2186 3502 de
2205 3450 2439 3502 auctore
2477 3445 2841 3518 inquireret;
2896 3444 3061 3511 Urso,
3124 3443 3294 3514 cujus
3352 3458 3528 3497 manu
3581 3440 3784 3496 fuerat

2114 3539 2366 3605 exarata,
2385 3536 2685 3607 professus
2702 3532 2939 3606 quidem
2962 3537 3052 3589 est
3072 3531 3311 3588 scillam
3331 3528 3780 3603 scripsisse,scd

2114 3623 2356 3693 cateris,
2386 3624 2485 3697 qui
2518 3624 2579 3679 in
2601 3639 2728 3679 eam
2761 3639 2999 3695 operam
3026 3620 3325 3687 dederant,
3352 3619 3581 3675 silentio
3622 3634 3779 3690 pra:-

2113 3712 2425 3779 termissis,
2448 3729 2633 3768 unum
2653 3711 2995 3768 Ratherium
3016 3714 3333 3777 auctorem,
3360 3726 3425 3764 ac
3442 3707 3623 3764 totius
3640 3723 3779 3763 mo-

2110 3799 2331 3857 liminis
2362 3801 2717 3858 incentorem
2748 3799 3003 3872 praetulit
3029 3798 3151 3871 (1b.,
3186 3798 3223 3853 Ι.
3257 3815 3339 3867 11:,
3385 3815 3444 3852 n.
3502 3796 3616 3867 27).
3680 3799 3778 3851 Ita

2109 3888 2231 3946 haec
2253 3890 2497 3962 epistola
2522 3887 2741 3945 cazteris
2764 3889 2836 3945 ab
2878 3888 3037 3944 omni
3095 3887 3351 3961 periculo
3404 3885 3641 3958 ereptis,
3703 3884 3770 3940 in

2107 3978 2283 4034 unius
2312 3978 2565 4035 Ratherii
2590 3978 2908 4050 perniciem
2932 3994 3210 4035 conversa
3224 3980 3313 4033 est
3337 3994 3350 4044 ;
3374 3993 3439 4031 ac
3457 3979 3775 4049 propterea

2105 4068 2165 4122 in
2180 4067 2440 4124 laudatis
2462 4067 2821 4124 adUrsonem
2840 4067 3050 4124 litteris
3071 4066 3307 4139 scripsit
3330 4063 3536 4137 (Ibid):
3555 4086 3583 4115 ‹‹
3607 4064 3769 4120 Dum

2100 4157 2264 4213 vobis
2286 4155 2553 4213 consului
2578 4178 2605 4206 ››
2630 4157 2681 4211 ei
2703 4155 2959 4229 epistolae
2982 4156 3307 4213 assentiens
3332 4153 3569 4224 [vam],
3605 4169 3763 4221 «me,

2102 4250 2166 4301 ut
2192 4246 2439 4318 videtur,
2473 4245 2737 4319 neglexi:
2772 4246 2912 4302 dum
2933 4244 3118 4313 vobis,
3143 4245 3278 4301 licet
3323 4247 3525 4300 vestrae
3568 4240 3762 4322 moli—

2096 4335 2274 4391 tionis
2304 4352 2373 4391 ex
2402 4339 2566 4408 parte
2596 4334 2888 4403 conscius,
2922 4334 3174 4407 peperci,
3210 4350 3301 4389 me
3324 4330 3574 4405 prodidi.
3600 4353 3628 4381 »
3653 4330 3767 4387 Mo-

2096 4425 2312 4480 litionis
2344 4424 2580 4481 nomine
2612 4422 3009 4490 rebellionem,
3037 4427 3101 4479 ut
3131 4427 3430 4496 putamus,
3449 4419 3755 4493 intelligit,

334 4505 592 4579 (Przloq.
624 4507 725 4565 lib.
757 4526 813 4578 v,
837 4527 895 4578 n,
931 4510 1041 4580 12).
1079 4532 1107 4559 ››
1138 4509 1305 4565 Hunc
1331 4508 1522 4565 virum
1567 4509 1913 4582 primarium
1931 4514 1988 4567 et
2014 4528 2063 4595 D
2095 4530 2271 4586 quam
2303 4514 2444 4569 dum
2475 4521 2728 4580 vestram,
2763 4529 2878 4568 non
2909 4529 3043 4568 vero
3066 4516 3311 4568 nostram
3333 4509 3758 4584 appellat,cum

331 4610 656 4665 summum,
689 4597 749 4652 in
776 4614 910 4669 quo,
942 4602 1001 4655 et
1016 4598 1065 4654 si
1082 4602 1204 4655 tota
1222 4597 1439 4654 fiducia
1453 4597 1588 4654 boni
1607 4601 1731 4654 erat
1750 4615 1986 4671 proven-

330 4685 448 4751 tus,
464 4685 593 4756 ejus
608 4688 802 4741 tamen
821 4686 1136 4743 consilium
1154 4686 1214 4743 in
1229 4686 1487 4744 Ratherii
1510 4686 1741 4744 ruinam
1760 4687 1980 4755 recidit,

329 4771 671 4845 episcopum
700 4773 883 4831 fuisse
910 4792 979 4832 ex
1002 4779 1274 4833 contextu
1315 4775 1695 4834 manifestum
1725 4782 1832 4835 est.
1868 4778 1983 4833 lbi-

290 4896 301 4903 -
328 4860 460 4917 dem
491 4861 648 4918 enim
663 4866 868 4919 auctor
885 4864 957 4920 de
975 4864 1263 4937 episcopis
1282 4866 1570 4938 queritur,
1589 4865 1689 4939 qui
1720 4883 1847 4923 sese
1865 4884 1980 4923 non

325 4949 517 5006 solum
549 4950 609 5006 in
642 4952 973 5025 reipublicae
1005 4953 1254 5027 negotiis
1284 4954 1717 5024 immiscebant,
1762 4956 1863 5012 sed
1916 4956 1976 5012 in

322 5038 453 5096 aliis
474 5040 649 5097 etiam
668 5041 1289 5116 pejoribus,suumque
1305 5060 1506 5100 casum
1529 5044 1780 5117 exempli
1801 5061 1980 5102 causa

321 5128 583 5201 subjicit.
618 5129 763 5186 Hinc
792 5147 1025 5203 quoque
1049 5148 1148 5188 eos
1178 5133 1276 5205 qui
1309 5150 1428 5189 sua:
1451 5132 1801 5190 calamitatis
1817 5134 1977 5191 fuere

294 5222 607 5288 auctores,
639 5236 755 5276 non
791 5220 984 5277 solum
1015 5238 1135 5277 sua":
1165 5220 1431 5278 Ecclesiae
1462 5221 1614 5279 filios
1646 5223 1849 5291 fuisse,
1873 5224 1974 5280 sed

318 5306 493 5363 etiam
525 5325 711 5365 unum
740 5309 978 5382 ejusdem
1007 5311 1198 5382 ofﬁcii,
1229 5311 1288 5365 id
1312 5314 1401 5367 est
1439 5311 1796 5385 episcopum,
1858 5329 1974 5369 non

315 5395 562 5453 obscure
590 5399 944 5465 tradit,dum
963 5398 1144 5455 alium
1168 5415 1367 5456 secum
1392 5399 1725 5473 loquentem
1749 5401 1976 5458 inducit

312 5482 408 5540 his
436 5485 661 5542 verbis:
697 5508 725 5538 ››
758 5487 884 5544 Non
917 5488 1282 5560 minusvero,
1302 5488 1448 5545 siita
1464 5493 1571 5557 est,
1590 5491 1968 5564 temetipsum

310 5572 531 5653 [XLVII],
563 5578 815 5652 tuosque
844 5593 1024 5653 quam
1042 5577 1204 5653 ipsos
1222 5576 1421 5654 lugere
1435 5580 1704 5638 convenit
1724 5579 1966 5640 tradito-

2092 4604 2222 4674 ejus
2243 4607 2508 4659 auctores
2530 4600 3362 4673 indicatVeronenses,quibus
3381 4616 3522 4656 sane
3537 4614 3763 4655 omnem

2092 4700 2152 4748 ut
2169 4700 2287 4748 erat
2313 4694 2531 4765 culpam
2546 4690 2841 4764 abUgonis
2861 4690 3148 4746 militibus
3168 4690 3448 4746 tributam
3469 4688 3756 4757 vidimus,

2091 4786 2217 4837 tum
2234 4798 2367 4837 vero
2394 4797 2455 4836 se
2487 4781 2558 4835 ab
2586 4796 2654 4836 ea
2671 4783 3001 4853 exemptum
3036 4779 3350 4853 significat.
3383 4777 3536 4833 Dum
3577 4794 3758 4850 porro

2089 4887 2150 4926 se
2183 4870 2447 4940 ejusdem
2474 4867 2807 4925 rebellionis
2838 4870 3113 4925 conscium
3142 4867 3287 4941 ipsis
3319 4866 3639 4924 rebellibus
3658 4882 3763 4938 pe-

2086 4950 2342 5023 percisse
2371 4953 2641 5015 testatur,
2667 4949 2724 5003 id
2756 4948 2998 5006 forsitan
3032 4948 3288 5022 respicit,
3316 4948 3473 5021 quod
3497 4965 3566 5004 ex
3586 4946 3740 5002 libro

2087 5043 2296 5112 quarto
2328 5037 2810 5110 Przcloquiorum,
2845 5056 3008 5094 num.
3040 5040 3095 5094 7.
3124 5038 3299 5111 paulo
3322 5043 3454 5095 ante
3490 5036 3747 5109 explica-

2084 5128 2309 5194 vimus;
2343 5145 2405 5185 se
2436 5127 2737 5195 nimirum,
2762 5133 2818 5183 et
2847 5128 2897 5183 si
2929 5127 3173 5184 rebelles
3193 5128 3315 5201 regi
3338 5127 3492 5183 cives
3513 5130 3571 5182 et
3592 5125 3749 5182 filios

2082 5236 2211 5275 esse
2233 5218 2430 5288 sciret,
2454 5234 2567 5274 non
2580 5220 2778 5273 tamen
2791 5220 2984 5286 eos,ut
2993 5217 3363 5290 punirentur,
3388 5216 3747 5289 prodidisse,

2083 5309 2164 5364 De
2185 5307 2295 5364 hac
2318 5305 2617 5362 molitione
2638 5304 2961 5378 inUgonem
2984 5306 3254 5363 fortassis
3274 5305 3482 5380 agebat
3500 5304 3752 5363 laudata

2081 5395 2346 5470 epistola,
2377 5395 2477 5452 sed
2514 5394 2592 5449 ita
2622 5399 2686 5449 ut
2716 5398 3022 5450 auctorum
3055 5394 3395 5451 nominibus
3452 5399 3739 5469 parceret.

2080 5487 2224 5543 Huic
2255 5500 2489 5559 quoque
2512 5480 2772 5554 epistola:
2799 5499 2933 5539 cum
2992 5483 3344 5540 assensisset
3400 5483 3745 5549 Ratberius,

2074 5576 2223 5652 ipsis
2244 5575 2361 5633 reis
2379 5571 2775 5647 exprimendis
2798 5572 3058 5648 pepercit
3080 5587 3094 5630 :
3120 5574 3220 5631 sed
3243 5571 3528 5632 cumUrso
3556 5572 3729 5649 inqui
