  <div class='ocr_page' id='page_1' title='image "/cluster/home/n/w/nwhite01/storage/ocr_20150623/136/hvd.32044054759964/032.png"; bbox 0 0 4100 6200; ppageno 0'>
   <div class='ocr_carea' id='block_1_1' title="bbox 358 379 444 443">
    <p class='ocr_par' dir='ltr' id='par_1_1' title="bbox 358 379 444 443">
     <span class='ocr_line' id='line_1_1' title="bbox 358 379 444 443; baseline -0.012 0"><span class='ocrx_word' id='word_1_1' title='bbox 358 379 444 443; x_wconf 67' lang='grc'>49·</span> 
     </span>
    </p>
   </div>
   <div class='ocr_carea' id='block_1_2' title="bbox 1386 373 2766 446">
    <p class='ocr_par' dir='ltr' id='par_1_2' title="bbox 1386 373 2766 446">
     <span class='ocr_line' id='line_1_2' title="bbox 1386 373 2766 446; baseline 0.002 -7"><span class='ocrx_word' id='word_1_2' title='bbox 1386 373 2004 442; x_wconf 77' lang='lat' dir='ltr'>PROLEGOMENA.</span> <span class='ocrx_word' id='word_1_3' title='bbox 2034 411 2109 426; x_wconf 92' lang='lat'><em>-</em></span> <span class='ocrx_word' id='word_1_4' title='bbox 2139 379 2516 444; x_wconf 80' lang='lat' dir='ltr'>RATHERII</span> <span class='ocrx_word' id='word_1_5' title='bbox 2561 380 2766 446; x_wconf 85' lang='lat' dir='ltr'><strong>VITA.</strong></span> 
     </span>
    </p>
   </div>
   <div class='ocr_carea' id='block_1_3' title="bbox 3709 381 3813 447">
    <p class='ocr_par' dir='ltr' id='par_1_3' title="bbox 3709 381 3813 447">
     <span class='ocr_line' id='line_1_3' title="bbox 3709 381 3813 447; baseline 0.019 -2"><span class='ocrx_word' id='word_1_6' title='bbox 3709 381 3813 447; x_wconf 69' lang='lat'>50—</span> 
     </span>
    </p>
   </div>
   <div class='ocr_carea' id='block_1_4' title="bbox 355 511 3790 591">
    <p class='ocr_par' dir='ltr' id='par_1_4' title="bbox 355 511 3790 591">
     <span class='ocr_line' id='line_1_4' title="bbox 355 511 3790 591; baseline -0 -17"><span class='ocrx_word' id='word_1_7' title='bbox 355 516 434 574; x_wconf 88' lang='lat' dir='ltr'>tis</span> <span class='ocrx_word' id='word_1_8' title='bbox 464 511 770 572; x_wconf 89' lang='lat' dir='ltr'>Lobiensis</span> <span class='ocrx_word' id='word_1_9' title='bbox 798 513 870 572; x_wconf 92' lang='lat' dir='ltr'>ab</span> <span class='ocrx_word' id='word_1_10' title='bbox 891 512 1124 571; x_wconf 84' lang='lat' dir='ltr'>Ausone</span> <span class='ocrx_word' id='word_1_11' title='bbox 1149 511 1356 571; x_wconf 80' lang='lat' dir='ltr'>abbate</span> <span class='ocrx_word' id='word_1_12' title='bbox 1379 513 1656 588; x_wconf 84' lang='lat' dir='ltr'>scriptam</span> <span class='ocrx_word' id='word_1_13' title='bbox 1687 513 1908 570; x_wconf 86' lang='lat' dir='ltr'>ibidem</span> <span class='ocrx_word' id='word_1_14' title='bbox 1939 513 2027 570; x_wconf 86' lang='lat' dir='ltr'>in-</span> <span class='ocrx_word' id='word_1_15' title='bbox 2053 513 2110 584; x_wconf 76' lang='grc' dir='ltr'>Α</span> <span class='ocrx_word' id='word_1_16' title='bbox 2137 517 2470 590; x_wconf 78' lang='lat' dir='ltr'>conjectura,</span> <span class='ocrx_word' id='word_1_17' title='bbox 2497 535 2658 574; x_wconf 91' lang='lat' dir='ltr'>num.</span> <span class='ocrx_word' id='word_1_18' title='bbox 2681 519 2714 574; x_wconf 89' lang='lat'>3</span> <span class='ocrx_word' id='word_1_19' title='bbox 2739 536 2752 575; x_wconf 90' lang='lat'><strong>:</strong></span> <span class='ocrx_word' id='word_1_20' title='bbox 2776 516 2926 575; x_wconf 89' lang='lat' dir='ltr'>Dum</span> <span class='ocrx_word' id='word_1_21' title='bbox 2958 513 3016 574; x_wconf 92' lang='lat' dir='ltr'>in</span> <span class='ocrx_word' id='word_1_22' title='bbox 3049 516 3248 591; x_wconf 86' lang='lat' dir='ltr'>aliqua</span> <span class='ocrx_word' id='word_1_23' title='bbox 3269 534 3336 574; x_wconf 81' lang='lat' dir='ltr'>ex</span> <span class='ocrx_word' id='word_1_24' title='bbox 3357 514 3451 574; x_wconf 91' lang='lat' dir='ltr'>his</span> <span class='ocrx_word' id='word_1_25' title='bbox 3473 513 3790 590; x_wconf 78' lang='lat' dir='ltr'>provinciis</span> 
     </span>
    </p>
   </div>
   <div class='ocr_carea' id='block_1_5' title="bbox 359 603 2020 678">
    <p class='ocr_par' dir='ltr' id='par_1_5' title="bbox 359 603 2020 678">
     <span class='ocr_line' id='line_1_5' title="bbox 359 603 2020 678; baseline -0.001 -17"><span class='ocrx_word' id='word_1_26' title='bbox 359 607 536 671; x_wconf 87' lang='lat' dir='ltr'>venit,</span> <span class='ocrx_word' id='word_1_27' title='bbox 561 607 662 661; x_wconf 92' lang='lat' dir='ltr'>sed</span> <span class='ocrx_word' id='word_1_28' title='bbox 705 605 854 678; x_wconf 76' lang='lat' dir='ltr'>stylo</span> <span class='ocrx_word' id='word_1_29' title='bbox 886 607 1029 662; x_wconf 88' lang='lat' dir='ltr'>adeo</span> <span class='ocrx_word' id='word_1_30' title='bbox 1059 604 1307 660; x_wconf 89' lang='lat' dir='ltr'>barbaro</span> <span class='ocrx_word' id='word_1_31' title='bbox 1339 619 1406 660; x_wconf 88' lang='lat' dir='ltr'>ac</span> <span class='ocrx_word' id='word_1_32' title='bbox 1446 604 1676 660; x_wconf 86' lang='lat' dir='ltr'>mendis</span> <span class='ocrx_word' id='word_1_33' title='bbox 1713 603 1932 675; x_wconf 88' lang='lat' dir='ltr'>vitiato,</span> <span class='ocrx_word' id='word_1_34' title='bbox 1955 609 2020 660; x_wconf 92' lang='lat' dir='ltr'>ut</span> 
     </span>
    </p>
   </div>
   <div class='ocr_carea' id='block_1_6' title="bbox 362 695 2018 766">
    <p class='ocr_par' dir='ltr' id='par_1_6' title="bbox 362 695 2018 766">
     <span class='ocr_line' id='line_1_6' title="bbox 362 695 2018 766; baseline 0 -14"><span class='ocrx_word' id='word_1_35' title='bbox 362 695 722 754; x_wconf 83' lang='lat' dir='ltr'>obscuritate</span> <span class='ocrx_word' id='word_1_36' title='bbox 754 697 881 766; x_wconf 90' lang='lat' dir='ltr'>ejus</span> <span class='ocrx_word' id='word_1_37' title='bbox 913 695 1190 762; x_wconf 76' lang='lat' dir='ltr'>offensus,</span> <span class='ocrx_word' id='word_1_38' title='bbox 1217 695 1484 750; x_wconf 80' lang='lat' dir='ltr'>eamdem</span> <span class='ocrx_word' id='word_1_39' title='bbox 1519 712 1634 750; x_wconf 90' lang='lat' dir='ltr'>nou</span> <span class='ocrx_word' id='word_1_40' title='bbox 1668 699 1788 750; x_wconf 87' lang='lat' dir='ltr'>tam</span> <span class='ocrx_word' id='word_1_41' title='bbox 1820 711 2018 752; x_wconf 84' lang='lat' dir='ltr'>emen-</span> 
     </span>
    </p>
   </div>
   <div class='ocr_carea' id='block_1_7' title="bbox 363 783 2020 858">
    <p class='ocr_par' dir='ltr' id='par_1_7' title="bbox 363 783 2020 858">
     <span class='ocr_line' id='line_1_7' title="bbox 363 783 2020 858; baseline -0.001 -16"><span class='ocrx_word' id='word_1_42' title='bbox 363 786 644 854; x_wconf 90' lang='lat' dir='ltr'>dandam,</span> <span class='ocrx_word' id='word_1_43' title='bbox 667 802 844 857; x_wconf 91' lang='lat' dir='ltr'>quam</span> <span class='ocrx_word' id='word_1_44' title='bbox 877 784 1106 840; x_wconf 87' lang='lat' dir='ltr'>clariori</span> <span class='ocrx_word' id='word_1_45' title='bbox 1132 783 1283 857; x_wconf 82' lang='lat' dir='ltr'>style</span> <span class='ocrx_word' id='word_1_46' title='bbox 1315 784 1759 840; x_wconf 84' lang='lat' dir='ltr'>describendam</span> <span class='ocrx_word' id='word_1_47' title='bbox 1785 789 2020 858; x_wconf 84' lang='lat' dir='ltr'>putave-</span> 
     </span>
    </p>
   </div>
   <div class='ocr_carea' id='block_1_8' title="bbox 363 874 2014 948">
    <p class='ocr_par' dir='ltr' id='par_1_8' title="bbox 363 874 2014 948">
     <span class='ocr_line' id='line_1_8' title="bbox 363 874 2014 948; baseline -0.002 -17"><span class='ocrx_word' id='word_1_48' title='bbox 363 876 458 931; x_wconf 89' lang='lat' dir='ltr'>rit.</span> <span class='ocrx_word' id='word_1_49' title='bbox 481 875 627 930; x_wconf 90' lang='lat' dir='ltr'>Hinc</span> <span class='ocrx_word' id='word_1_50' title='bbox 672 891 790 930; x_wconf 92' lang='lat' dir='ltr'>non</span> <span class='ocrx_word' id='word_1_51' title='bbox 829 874 1149 948; x_wconf 81' lang='lat' dir='ltr'>incongrue</span> <span class='ocrx_word' id='word_1_52' title='bbox 1181 874 1333 929; x_wconf 90' lang='lat' dir='ltr'>inter</span> <span class='ocrx_word' id='word_1_53' title='bbox 1388 874 1517 944; x_wconf 87' lang='lat' dir='ltr'>ejus</span> <span class='ocrx_word' id='word_1_54' title='bbox 1569 891 1745 946; x_wconf 84' lang='lat' dir='ltr'>opera</span> <span class='ocrx_word' id='word_1_55' title='bbox 1793 875 2014 930; x_wconf 89' lang='lat' dir='ltr'>edetur.</span> 
     </span>
    </p>
   </div>
   <div class='ocr_carea' id='block_1_9' title="bbox 361 963 2016 1037">
    <p class='ocr_par' dir='ltr' id='par_1_9' title="bbox 361 963 2016 1037">
     <span class='ocr_line' id='line_1_9' title="bbox 361 963 2016 1037; baseline -0.001 -17"><span class='ocrx_word' id='word_1_56' title='bbox 361 965 529 1020; x_wconf 87' lang='lat' dir='ltr'>Illam</span> <span class='ocrx_word' id='word_1_57' title='bbox 553 963 635 1020; x_wconf 90' lang='lat' dir='ltr'>sic</span> <span class='ocrx_word' id='word_1_58' title='bbox 660 968 1037 1037; x_wconf 88' lang='lat' dir='ltr'>expurgatam</span> <span class='ocrx_word' id='word_1_59' title='bbox 1060 968 1118 1019; x_wconf 91' lang='lat' dir='ltr'>et</span> <span class='ocrx_word' id='word_1_60' title='bbox 1144 963 1513 1020; x_wconf 90' lang='lat' dir='ltr'>lucubratam</span> <span class='ocrx_word' id='word_1_61' title='bbox 1537 966 1740 1020; x_wconf 82' lang='lat' dir='ltr'>auctor</span> <span class='ocrx_word' id='word_1_62' title='bbox 1760 963 1920 1020; x_wconf 85' lang='lat' dir='ltr'>misit</span> <span class='ocrx_word' id='word_1_63' title='bbox 1947 965 2016 1019; x_wconf 91' lang='lat' dir='ltr'>ad</span> 
     </span>
    </p>
   </div>
   <div class='ocr_carea' id='block_1_10' title="bbox 364 1038 2020 1126">
    <p class='ocr_par' dir='ltr' id='par_1_10' title="bbox 364 1038 2020 1126">
     <span class='ocr_line' id='line_1_10' title="bbox 364 1038 2020 1126; baseline -0.001 -16"><span class='ocrx_word' id='word_1_64' title='bbox 364 1047 678 1110; x_wconf 79' lang='lat' dir='ltr'>Lobienses</span> <span class='ocrx_word' id='word_1_65' title='bbox 712 1053 1050 1120; x_wconf 85' lang='lat' dir='ltr'>monachos,</span> <span class='ocrx_word' id='word_1_66' title='bbox 1078 1055 1176 1126; x_wconf 90' lang='lat' dir='ltr'>qui</span> <span class='ocrx_word' id='word_1_67' title='bbox 1201 1055 1259 1108; x_wconf 91' lang='lat' dir='ltr'>S.</span> <span class='ocrx_word' id='word_1_68' title='bbox 1281 1054 1624 1110; x_wconf 82' lang='lat' dir='ltr'>Ursniarum</span> <span class='ocrx_word' id='word_1_69' title='bbox 1653 1055 1742 1110; x_wconf 88' lang='lat' dir='ltr'>sui</span> <span class='ocrx_word' id='word_1_70' title='bbox 1772 1038 2020 1110; x_wconf 72' lang='lat' dir='ltr'>ccnnobii</span> 
     </span>
    </p>
   </div>
   <div class='ocr_carea' id='block_1_11' title="bbox 363 1145 1152 1216">
    <p class='ocr_par' dir='ltr' id='par_1_11' title="bbox 363 1145 1152 1216">
     <span class='ocr_line' id='line_1_11' title="bbox 363 1145 1152 1216; baseline -0.003 -17"><span class='ocrx_word' id='word_1_71' title='bbox 363 1149 675 1216; x_wconf 90' lang='lat' dir='ltr'>patronum</span> <span class='ocrx_word' id='word_1_72' title='bbox 704 1145 1152 1199; x_wconf 82' lang='lat' dir='ltr'>venerabantur.</span> 
     </span>
    </p>
   </div>
   <div class='ocr_carea' id='block_1_12' title="bbox 432 1232 2018 1306">
    <p class='ocr_par' dir='ltr' id='par_1_12' title="bbox 432 1232 2018 1306">
     <span class='ocr_line' id='line_1_12' title="bbox 432 1232 2018 1306; baseline 0 -18"><span class='ocrx_word' id='word_1_73' title='bbox 432 1237 523 1289; x_wconf 84' lang='lat'>28.</span> <span class='ocrx_word' id='word_1_74' title='bbox 555 1233 795 1288; x_wconf 87' lang='lat' dir='ltr'>Interim</span> <span class='ocrx_word' id='word_1_75' title='bbox 826 1234 884 1287; x_wconf 91' lang='lat' dir='ltr'>in</span> <span class='ocrx_word' id='word_1_76' title='bbox 919 1250 985 1288; x_wconf 91' lang='lat' dir='ltr'>ea</span> <span class='ocrx_word' id='word_1_77' title='bbox 1015 1232 1334 1288; x_wconf 86' lang='lat' dir='ltr'>Galliarum</span> <span class='ocrx_word' id='word_1_78' title='bbox 1380 1237 1563 1306; x_wconf 89' lang='lat' dir='ltr'>parte,</span> <span class='ocrx_word' id='word_1_79' title='bbox 1597 1250 1722 1306; x_wconf 64' lang='lat' dir='ltr'>qua:</span> <span class='ocrx_word' id='word_1_80' title='bbox 1751 1234 2018 1305; x_wconf 87' lang='lat' dir='ltr'>Burgun-</span> 
     </span>
    </p>
   </div>
   <div class='ocr_carea' id='block_1_13' title="bbox 363 1319 2020 1395">
    <p class='ocr_par' dir='ltr' id='par_1_13' title="bbox 363 1319 2020 1395">
     <span class='ocr_line' id='line_1_13' title="bbox 363 1319 2020 1395; baseline 0.001 -19"><span class='ocrx_word' id='word_1_81' title='bbox 363 1322 471 1377; x_wconf 70' lang='lat' dir='ltr'>diae</span> <span class='ocrx_word' id='word_1_82' title='bbox 504 1337 749 1393; x_wconf 82' lang='lat' dir='ltr'>regnum</span> <span class='ocrx_word' id='word_1_83' title='bbox 789 1324 929 1375; x_wconf 89' lang='lat' dir='ltr'>tunc</span> <span class='ocrx_word' id='word_1_84' title='bbox 969 1319 1288 1388; x_wconf 85' lang='lat' dir='ltr'>dicebatur,</span> <span class='ocrx_word' id='word_1_85' title='bbox 1323 1321 1728 1395; x_wconf 90' lang='lat' dir='ltr'>episcoporum</span> <span class='ocrx_word' id='word_1_86' title='bbox 1761 1323 2020 1394; x_wconf 77' lang='lat' dir='ltr'>synodus</span> 
     </span>
    </p>
   </div>
   <div class='ocr_carea' id='block_1_14' title="bbox 366 1410 2021 1484">
    <p class='ocr_par' dir='ltr' id='par_1_14' title="bbox 366 1410 2021 1484">
     <span class='ocr_line' id='line_1_14' title="bbox 366 1410 2021 1484; baseline -0.001 -16"><span class='ocrx_word' id='word_1_87' title='bbox 366 1413 630 1484; x_wconf 86' lang='lat' dir='ltr'>cogenda</span> <span class='ocrx_word' id='word_1_88' title='bbox 658 1414 798 1466; x_wconf 89' lang='lat' dir='ltr'>erat.</span> <span class='ocrx_word' id='word_1_89' title='bbox 821 1411 905 1465; x_wconf 85' lang='lat' dir='ltr'>Ad</span> <span class='ocrx_word' id='word_1_90' title='bbox 929 1411 1079 1465; x_wconf 88' lang='lat' dir='ltr'>hanc</span> <span class='ocrx_word' id='word_1_91' title='bbox 1099 1410 1271 1466; x_wconf 86' lang='lat' dir='ltr'>Wido</span> <span class='ocrx_word' id='word_1_92' title='bbox 1295 1411 1768 1483; x_wconf 85' lang='lat' dir='ltr'>archiepiscopus</span> <span class='ocrx_word' id='word_1_93' title='bbox 1791 1412 2021 1483; x_wconf 85' lang='lat' dir='ltr'>Lugdu-</span> 
     </span>
    </p>
   </div>
   <div class='ocr_carea' id='block_1_15' title="bbox 362 1499 2024 1571">
    <p class='ocr_par' dir='ltr' id='par_1_15' title="bbox 362 1499 2024 1571">
     <span class='ocr_line' id='line_1_15' title="bbox 362 1499 2024 1571; baseline -0.001 -16"><span class='ocrx_word' id='word_1_94' title='bbox 362 1500 589 1566; x_wconf 88' lang='lat' dir='ltr'>nensis,</span> <span class='ocrx_word' id='word_1_95' title='bbox 631 1505 687 1555; x_wconf 90' lang='lat' dir='ltr'>et</span> <span class='ocrx_word' id='word_1_96' title='bbox 719 1500 910 1555; x_wconf 89' lang='lat' dir='ltr'>Sobbo</span> <span class='ocrx_word' id='word_1_97' title='bbox 949 1499 1345 1568; x_wconf 84' lang='lat' dir='ltr'>Vienniensis,</span> <span class='ocrx_word' id='word_1_98' title='bbox 1380 1500 1770 1556; x_wconf 89' lang='lat' dir='ltr'>Godescalcus</span> <span class='ocrx_word' id='word_1_99' title='bbox 1802 1501 1933 1571; x_wconf 69' lang='lat' dir='ltr'>[Liv]</span> <span class='ocrx_word' id='word_1_100' title='bbox 1967 1504 2024 1555; x_wconf 90' lang='lat' dir='ltr'>et</span> 
     </span>
    </p>
   </div>
   <div class='ocr_carea' id='block_1_16' title="bbox 363 1587 2021 1661">
    <p class='ocr_par' dir='ltr' id='par_1_16' title="bbox 363 1587 2021 1661">
     <span class='ocr_line' id='line_1_16' title="bbox 363 1587 2021 1661; baseline -0.001 -15"><span class='ocrx_word' id='word_1_101' title='bbox 363 1588 635 1646; x_wconf 88' lang='lat' dir='ltr'>Aurelius</span> <span class='ocrx_word' id='word_1_102' title='bbox 657 1588 910 1660; x_wconf 88' lang='lat' dir='ltr'>episcopi</span> <span class='ocrx_word' id='word_1_103' title='bbox 933 1587 1261 1643; x_wconf 80' lang='lat' dir='ltr'>invitarunt</span> <span class='ocrx_word' id='word_1_104' title='bbox 1280 1589 1454 1644; x_wconf 90' lang='lat' dir='ltr'>etiam</span> <span class='ocrx_word' id='word_1_105' title='bbox 1479 1589 2021 1661; x_wconf 81' lang='lat' dir='ltr'>Ratherium,quem</span> 
     </span>
    </p>
   </div>
   <div class='ocr_carea' id='block_1_17' title="bbox 365 1676 2025 1746">
    <p class='ocr_par' dir='ltr' id='par_1_17' title="bbox 365 1676 2025 1746">
     <span class='ocr_line' id='line_1_17' title="bbox 365 1676 2025 1746; baseline -0.001 -12"><span class='ocrx_word' id='word_1_106' title='bbox 365 1695 497 1734; x_wconf 91' lang='lat' dir='ltr'>cum</span> <span class='ocrx_word' id='word_1_107' title='bbox 519 1679 590 1733; x_wconf 93' lang='lat' dir='ltr'>ob</span> <span class='ocrx_word' id='word_1_108' title='bbox 613 1676 1007 1732; x_wconf 84' lang='lat' dir='ltr'>celebritatem</span> <span class='ocrx_word' id='word_1_109' title='bbox 1033 1677 1290 1732; x_wconf 88' lang='lat' dir='ltr'>nominis</span> <span class='ocrx_word' id='word_1_110' title='bbox 1315 1679 1551 1733; x_wconf 83' lang='lat' dir='ltr'>maximi</span> <span class='ocrx_word' id='word_1_111' title='bbox 1578 1678 2025 1746; x_wconf 85' lang='lat' dir='ltr'>facerent,eum-</span> 
     </span>
    </p>
   </div>
   <div class='ocr_carea' id='block_1_18' title="bbox 367 1767 2021 1839">
    <p class='ocr_par' dir='ltr' id='par_1_18' title="bbox 367 1767 2021 1839">
     <span class='ocr_line' id='line_1_18' title="bbox 367 1767 2021 1839; baseline -0.001 -15"><span class='ocrx_word' id='word_1_112' title='bbox 367 1769 497 1824; x_wconf 88' lang='lat' dir='ltr'>dem</span> <span class='ocrx_word' id='word_1_113' title='bbox 530 1785 725 1823; x_wconf 90' lang='lat' dir='ltr'>coram</span> <span class='ocrx_word' id='word_1_114' title='bbox 757 1784 1090 1839; x_wconf 83' lang='lat' dir='ltr'>agnoscere,</span> <span class='ocrx_word' id='word_1_115' title='bbox 1116 1771 1172 1822; x_wconf 90' lang='lat' dir='ltr'>et</span> <span class='ocrx_word' id='word_1_116' title='bbox 1209 1783 1341 1821; x_wconf 90' lang='lat' dir='ltr'>cum</span> <span class='ocrx_word' id='word_1_117' title='bbox 1387 1784 1452 1823; x_wconf 91' lang='lat' dir='ltr'>eo</span> <span class='ocrx_word' id='word_1_118' title='bbox 1486 1767 1543 1821; x_wconf 90' lang='lat' dir='ltr'>in</span> <span class='ocrx_word' id='word_1_119' title='bbox 1579 1767 1822 1822; x_wconf 90' lang='lat' dir='ltr'>concilio</span> <span class='ocrx_word' id='word_1_120' title='bbox 1852 1785 2021 1839; x_wconf 88' lang='lat' dir='ltr'>agere</span> 
     </span>
    </p>
   </div>
   <div class='ocr_carea' id='block_1_19' title="bbox 2130 607 3789 680">
    <p class='ocr_par' dir='ltr' id='par_1_19' title="bbox 2130 607 3789 680">
     <span class='ocr_line' id='line_1_19' title="bbox 2130 607 3789 680; baseline -0.001 -17"><span class='ocrx_word' id='word_1_121' title='bbox 2130 609 2387 680; x_wconf 85' lang='lat' dir='ltr'>degeret,</span> <span class='ocrx_word' id='word_1_122' title='bbox 2403 608 2626 666; x_wconf 83' lang='lat' dir='ltr'>litteras</span> <span class='ocrx_word' id='word_1_123' title='bbox 2649 626 2683 665; x_wconf 91' lang='lat' dir='ltr'>a</span> <span class='ocrx_word' id='word_1_124' title='bbox 2704 609 2975 665; x_wconf 82' lang='lat' dir='ltr'>Rotberto</span> <span class='ocrx_word' id='word_1_125' title='bbox 2998 607 3324 664; x_wconf 88' lang='lat' dir='ltr'>Trevirensi</span> <span class='ocrx_word' id='word_1_126' title='bbox 3353 607 3789 680; x_wconf 84' lang='lat' dir='ltr'>archiepiscopo</span> 
     </span>
    </p>
   </div>
   <div class='ocr_carea' id='block_1_20' title="bbox 2131 697 3790 771">
    <p class='ocr_par' dir='ltr' id='par_1_20' title="bbox 2131 697 3790 771">
     <span class='ocr_line' id='line_1_20' title="bbox 2131 697 3790 771; baseline -0.002 -18"><span class='ocrx_word' id='word_1_127' title='bbox 2131 699 2375 771; x_wconf 87' lang='lat' dir='ltr'>accepit,</span> <span class='ocrx_word' id='word_1_128' title='bbox 2428 698 2529 770; x_wconf 87' lang='lat' dir='ltr'>qui</span> <span class='ocrx_word' id='word_1_129' title='bbox 2587 698 2810 770; x_wconf 91' lang='lat' dir='ltr'>aliquot</span> <span class='ocrx_word' id='word_1_130' title='bbox 2866 697 3327 769; x_wconf 68' lang='lat' dir='ltr'>quaestiunculas</span> <span class='ocrx_word' id='word_1_131' title='bbox 3374 697 3425 752; x_wconf 89' lang='lat' dir='ltr'>ei</span> <span class='ocrx_word' id='word_1_132' title='bbox 3481 697 3790 752; x_wconf 84' lang='lat' dir='ltr'>solvendas</span> 
     </span>
    </p>
   </div>
   <div class='ocr_carea' id='block_1_21' title="bbox 2129 786 3789 860">
    <p class='ocr_par' dir='ltr' id='par_1_21' title="bbox 2129 786 3789 860">
     <span class='ocr_line' id='line_1_21' title="bbox 2129 786 3789 860; baseline -0.002 -18"><span class='ocrx_word' id='word_1_133' title='bbox 2129 789 2454 860; x_wconf 88' lang='lat' dir='ltr'>proposuit.</span> <span class='ocrx_word' id='word_1_134' title='bbox 2481 789 2542 844; x_wconf 91' lang='lat' dir='ltr'>In</span> <span class='ocrx_word' id='word_1_135' title='bbox 2575 788 2976 860; x_wconf 87' lang='lat' dir='ltr'>responsione,</span> <span class='ocrx_word' id='word_1_136' title='bbox 2997 804 3174 858; x_wconf 89' lang='lat' dir='ltr'>quam</span> <span class='ocrx_word' id='word_1_137' title='bbox 3202 787 3250 842; x_wconf 90' lang='lat' dir='ltr'>ei</span> <span class='ocrx_word' id='word_1_138' title='bbox 3285 787 3446 841; x_wconf 91' lang='lat' dir='ltr'>dedit</span> <span class='ocrx_word' id='word_1_139' title='bbox 3475 786 3789 842; x_wconf 80' lang='lat' dir='ltr'>Ratherius</span> 
     </span>
    </p>
   </div>
   <div class='ocr_carea' id='block_1_22' title="bbox 2130 873 3790 950">
    <p class='ocr_par' dir='ltr' id='par_1_22' title="bbox 2130 873 3790 950">
     <span class='ocr_line' id='line_1_22' title="bbox 2130 873 3790 950; baseline -0.001 -19"><span class='ocrx_word' id='word_1_140' title='bbox 2130 877 2300 949; x_wconf 87' lang='lat' dir='ltr'>epist.</span> <span class='ocrx_word' id='word_1_141' title='bbox 2325 878 2378 944; x_wconf 90' lang='lat'>3,</span> <span class='ocrx_word' id='word_1_142' title='bbox 2407 879 2598 950; x_wconf 92' lang='lat' dir='ltr'>ipsum</span> <span class='ocrx_word' id='word_1_143' title='bbox 2626 902 2651 926; x_wconf 91' lang='grc'>‹‹</span> <span class='ocrx_word' id='word_1_144' title='bbox 2680 875 3160 948; x_wconf 75' lang='lat' dir='ltr'>archiprzcsulum</span> <span class='ocrx_word' id='word_1_145' title='bbox 3185 873 3621 930; x_wconf 91' lang='lat' dir='ltr'>nobilissimum</span> <span class='ocrx_word' id='word_1_146' title='bbox 3647 896 3674 922; x_wconf 87' lang='grc'><strong>››</strong></span> <span class='ocrx_word' id='word_1_147' title='bbox 3695 889 3790 930; x_wconf 88' lang='lat' dir='ltr'>vo-</span> 
     </span>
    </p>
   </div>
   <div class='ocr_carea' id='block_1_23' title="bbox 2129 962 3792 1039">
    <p class='ocr_par' dir='ltr' id='par_1_23' title="bbox 2129 962 3792 1039">
     <span class='ocr_line' id='line_1_23' title="bbox 2129 962 3792 1039; baseline -0.002 -18"><span class='ocrx_word' id='word_1_148' title='bbox 2129 971 2240 1034; x_wconf 89' lang='lat' dir='ltr'>cat,</span> <span class='ocrx_word' id='word_1_149' title='bbox 2267 967 2484 1039; x_wconf 89' lang='lat' dir='ltr'>quippe</span> <span class='ocrx_word' id='word_1_150' title='bbox 2511 967 2611 1039; x_wconf 90' lang='lat' dir='ltr'>qui</span> <span class='ocrx_word' id='word_1_151' title='bbox 2636 985 2668 1022; x_wconf 93' lang='lat' dir='ltr'>a</span> <span class='ocrx_word' id='word_1_152' title='bbox 2690 967 3048 1023; x_wconf 85' lang='lat' dir='ltr'>Theoderico</span> <span class='ocrx_word' id='word_1_153' title='bbox 3071 965 3330 1022; x_wconf 75' lang='lat' dir='ltr'>Saxonica</span> <span class='ocrx_word' id='word_1_154' title='bbox 3355 965 3501 1020; x_wconf 90' lang='lat' dir='ltr'>duce</span> <span class='ocrx_word' id='word_1_155' title='bbox 3526 962 3792 1036; x_wconf 75' lang='lat' dir='ltr'>progeni‘</span> 
     </span>
    </p>
   </div>
   <div class='ocr_carea' id='block_1_24' title="bbox 2127 1052 3789 1123">
    <p class='ocr_par' dir='ltr' id='par_1_24' title="bbox 2127 1052 3789 1123">
     <span class='ocr_line' id='line_1_24' title="bbox 2127 1052 3789 1123; baseline -0.002 -13"><span class='ocrx_word' id='word_1_156' title='bbox 2127 1061 2244 1123; x_wconf 86' lang='lat' dir='ltr'>tus,</span> <span class='ocrx_word' id='word_1_157' title='bbox 2271 1073 2530 1112; x_wconf 86' lang='lat' dir='ltr'>sororem</span> <span class='ocrx_word' id='word_1_158' title='bbox 2577 1057 2829 1111; x_wconf 82' lang='lat' dir='ltr'>habebat</span> <span class='ocrx_word' id='word_1_159' title='bbox 2861 1061 3126 1111; x_wconf 88' lang='lat' dir='ltr'>sanctam</span> <span class='ocrx_word' id='word_1_160' title='bbox 3159 1054 3518 1121; x_wconf 82' lang='lat' dir='ltr'>Mathildem,</span> <span class='ocrx_word' id='word_1_161' title='bbox 3559 1052 3789 1109; x_wconf 86' lang='lat' dir='ltr'>Ottonis</span> 
     </span>
    </p>
   </div>
   <div class='ocr_carea' id='block_1_25' title="bbox 2128 1141 3810 1218">
    <p class='ocr_par' dir='ltr' id='par_1_25' title="bbox 2128 1141 3810 1218">
     <span class='ocr_line' id='line_1_25' title="bbox 2128 1141 3810 1218; baseline -0.003 -18"><span class='ocrx_word' id='word_1_162' title='bbox 2128 1146 2450 1201; x_wconf 65' lang='lat' dir='ltr'>Germaniae</span> <span class='ocrx_word' id='word_1_163' title='bbox 2475 1145 2648 1218; x_wconf 89' lang='lat' dir='ltr'>regis,</span> <span class='ocrx_word' id='word_1_164' title='bbox 2666 1162 2732 1200; x_wconf 91' lang='lat' dir='ltr'>ac</span> <span class='ocrx_word' id='word_1_165' title='bbox 2756 1149 2956 1216; x_wconf 89' lang='lat' dir='ltr'>postea</span> <span class='ocrx_word' id='word_1_166' title='bbox 2978 1143 3347 1215; x_wconf 85' lang='lat' dir='ltr'>imperatoris</span> <span class='ocrx_word' id='word_1_167' title='bbox 3365 1141 3810 1198; x_wconf 85' lang='lat' dir='ltr'>matrem.Cum&#39;</span> 
     </span>
    </p>
   </div>
   <div class='ocr_carea' id='block_1_26' title="bbox 2129 1231 3790 1307">
    <p class='ocr_par' dir='ltr' id='par_1_26' title="bbox 2129 1231 3790 1307">
     <span class='ocr_line' id='line_1_26' title="bbox 2129 1231 3790 1307; baseline -0.003 -18"><span class='ocrx_word' id='word_1_168' title='bbox 2129 1235 2480 1307; x_wconf 79' lang='lat' dir='ltr'>quaestiones</span> <span class='ocrx_word' id='word_1_169' title='bbox 2528 1233 2838 1306; x_wconf 68' lang='lat' dir='ltr'>propositae</span> <span class='ocrx_word' id='word_1_170' title='bbox 2880 1233 2948 1288; x_wconf 92' lang='lat' dir='ltr'>ad</span> <span class='ocrx_word' id='word_1_171' title='bbox 2983 1233 3229 1304; x_wconf 90' lang='lat' dir='ltr'>profana</span> <span class='ocrx_word' id='word_1_172' title='bbox 3284 1231 3483 1287; x_wconf 90' lang='lat' dir='ltr'>studia</span> <span class='ocrx_word' id='word_1_173' title='bbox 3537 1231 3790 1303; x_wconf 87' lang='lat' dir='ltr'>pertine-</span> 
     </span>
    </p>
   </div>
   <div class='ocr_carea' id='block_1_27' title="bbox 2130 1319 3790 1397">
    <p class='ocr_par' dir='ltr' id='par_1_27' title="bbox 2130 1319 3790 1397">
     <span class='ocr_line' id='line_1_27' title="bbox 2130 1319 3790 1397; baseline -0.005 -15"><span class='ocrx_word' id='word_1_174' title='bbox 2130 1330 2276 1387; x_wconf 87' lang='lat' dir='ltr'>rent.</span> <span class='ocrx_word' id='word_1_175' title='bbox 2308 1325 2691 1397; x_wconf 84' lang='lat' dir='ltr'>ejusdemque</span> <span class='ocrx_word' id='word_1_176' title='bbox 2723 1325 2920 1379; x_wconf 86' lang='lat' dir='ltr'>essent</span> <span class='ocrx_word' id='word_1_177' title='bbox 2950 1322 3180 1395; x_wconf 88' lang='lat' dir='ltr'>generis</span> <span class='ocrx_word' id='word_1_178' title='bbox 3221 1337 3288 1377; x_wconf 90' lang='lat' dir='ltr'>ac</span> <span class='ocrx_word' id='word_1_179' title='bbox 3329 1319 3439 1375; x_wconf 72' lang='lat' dir='ltr'>illa:</span> <span class='ocrx_word' id='word_1_180' title='bbox 3477 1335 3625 1392; x_wconf 89' lang='lat' dir='ltr'>quas</span> <span class='ocrx_word' id='word_1_181' title='bbox 3657 1322 3790 1374; x_wconf 85' lang='lat' dir='ltr'>ante</span> 
     </span>
    </p>
   </div>
   <div class='ocr_carea' id='block_1_28' title="bbox 2131 1408 3790 1485">
    <p class='ocr_par' dir='ltr' id='par_1_28' title="bbox 2131 1408 3790 1485">
     <span class='ocr_line' id='line_1_28' title="bbox 2131 1408 3790 1485; baseline -0.003 -17"><span class='ocrx_word' id='word_1_182' title='bbox 2131 1415 2529 1485; x_wconf 86' lang='lat' dir='ltr'>episcopatum</span> <span class='ocrx_word' id='word_1_183' title='bbox 2550 1411 2858 1468; x_wconf 82' lang='lat' dir='ltr'>selvendas</span> <span class='ocrx_word' id='word_1_184' title='bbox 2871 1430 2903 1466; x_wconf 90' lang='lat' dir='ltr'>a</span> <span class='ocrx_word' id='word_1_185' title='bbox 2920 1408 3453 1468; x_wconf 86' lang='lat' dir='ltr'>Mediolanensibus</span> <span class='ocrx_word' id='word_1_186' title='bbox 3469 1411 3790 1480; x_wconf 87' lang='lat' dir='ltr'>acceperat,</span> 
     </span>
    </p>
   </div>
   <div class='ocr_carea' id='block_1_29' title="bbox 2132 1497 3793 1569">
    <p class='ocr_par' dir='ltr' id='par_1_29' title="bbox 2132 1497 3793 1569">
     <span class='ocr_line' id='line_1_29' title="bbox 2132 1497 3793 1569; baseline -0.004 -12"><span class='ocrx_word' id='word_1_187' title='bbox 2132 1519 2198 1558; x_wconf 91' lang='lat' dir='ltr'>eo</span> <span class='ocrx_word' id='word_1_188' title='bbox 2230 1520 2290 1557; x_wconf 91' lang='lat' dir='ltr'>se</span> <span class='ocrx_word' id='word_1_189' title='bbox 2322 1502 2557 1557; x_wconf 90' lang='lat' dir='ltr'>nomine</span> <span class='ocrx_word' id='word_1_190' title='bbox 2589 1503 2660 1557; x_wconf 92' lang='lat' dir='ltr'>ab</span> <span class='ocrx_word' id='word_1_191' title='bbox 2695 1501 2766 1556; x_wconf 90' lang='lat' dir='ltr'>iis</span> <span class='ocrx_word' id='word_1_192' title='bbox 2797 1500 3185 1557; x_wconf 89' lang='lat' dir='ltr'>dissolvendis</span> <span class='ocrx_word' id='word_1_193' title='bbox 3216 1502 3475 1564; x_wconf 82' lang='lat' dir='ltr'>excusat,</span> <span class='ocrx_word' id='word_1_194' title='bbox 3502 1497 3643 1569; x_wconf 85' lang='lat' dir='ltr'>quia</span> <span class='ocrx_word' id='word_1_195' title='bbox 3671 1500 3793 1552; x_wconf 82' lang='lat' dir='ltr'>stu-</span> 
     </span>
    </p>
   </div>
   <div class='ocr_carea' id='block_1_30' title="bbox 2134 1585 3787 1662">
    <p class='ocr_par' dir='ltr' id='par_1_30' title="bbox 2134 1585 3787 1662">
     <span class='ocr_line' id='line_1_30' title="bbox 2134 1585 3787 1662; baseline -0.004 -16"><span class='ocrx_word' id='word_1_196' title='bbox 2134 1591 2248 1646; x_wconf 92' lang='lat' dir='ltr'>diis</span> <span class='ocrx_word' id='word_1_197' title='bbox 2282 1590 2569 1662; x_wconf 88' lang='lat' dir='ltr'>ejusmodi</span> <span class='ocrx_word' id='word_1_198' title='bbox 2601 1595 2733 1662; x_wconf 90' lang='lat' dir='ltr'>post</span> <span class='ocrx_word' id='word_1_199' title='bbox 2760 1589 3150 1662; x_wconf 87' lang='lat' dir='ltr'>episcopalem</span> <span class='ocrx_word' id='word_1_200' title='bbox 3177 1589 3444 1644; x_wconf 89' lang='lat' dir='ltr'>ordinem</span> <span class='ocrx_word' id='word_1_201' title='bbox 3469 1585 3748 1642; x_wconf 74' lang='lat' dir='ltr'>valedixit</span> <span class='ocrx_word' id='word_1_202' title='bbox 3772 1600 3787 1640; x_wconf 87' lang='lat'><strong>:</strong></span> 
     </span>
    </p>
   </div>
   <div class='ocr_carea' id='block_1_31' title="bbox 2134 1676 3791 1750">
    <p class='ocr_par' dir='ltr' id='par_1_31' title="bbox 2134 1676 3791 1750">
     <span class='ocr_line' id='line_1_31' title="bbox 2134 1676 3791 1750; baseline -0.004 -14"><span class='ocrx_word' id='word_1_203' title='bbox 2134 1705 2158 1729; x_wconf 89' lang='grc'>‹‹</span> <span class='ocrx_word' id='word_1_204' title='bbox 2189 1679 2499 1747; x_wconf 89' lang='lat' dir='ltr'>Infulatus,</span> <span class='ocrx_word' id='word_1_205' title='bbox 2522 1703 2540 1728; x_wconf 73' lang='grc' dir='ltr'>ι</span> <span class='ocrx_word' id='word_1_206' title='bbox 2572 1680 2716 1747; x_wconf 82' lang='lat' dir='ltr'>ait,&lt;&lt;</span> <span class='ocrx_word' id='word_1_207' title='bbox 2745 1679 2852 1734; x_wconf 90' lang='lat' dir='ltr'>hac</span> <span class='ocrx_word' id='word_1_208' title='bbox 2885 1696 3000 1750; x_wconf 89' lang='lat' dir='ltr'>qua</span> <span class='ocrx_word' id='word_1_209' title='bbox 3024 1678 3123 1734; x_wconf 90' lang='lat' dir='ltr'>Dei</span> <span class='ocrx_word' id='word_1_210' title='bbox 3155 1677 3555 1733; x_wconf 88' lang='lat' dir='ltr'>misericordia</span> <span class='ocrx_word' id='word_1_211' title='bbox 3577 1676 3791 1747; x_wconf 86' lang='lat' dir='ltr'>fungor</span> 
     </span>
    </p>
   </div>
   <div class='ocr_carea' id='block_1_32' title="bbox 2133 1763 3790 1838">
    <p class='ocr_par' dir='ltr' id='par_1_32' title="bbox 2133 1763 3790 1838">
     <span class='ocr_line' id='line_1_32' title="bbox 2133 1763 3790 1838; baseline -0.005 -12"><span class='ocrx_word' id='word_1_212' title='bbox 2133 1769 2384 1836; x_wconf 87' lang='lat' dir='ltr'>sarcina,</span> <span class='ocrx_word' id='word_1_213' title='bbox 2412 1769 2554 1824; x_wconf 90' lang='lat' dir='ltr'>illud</span> <span class='ocrx_word' id='word_1_214' title='bbox 2589 1768 2788 1824; x_wconf 87' lang='lat' dir='ltr'>statim</span> <span class='ocrx_word' id='word_1_215' title='bbox 2821 1767 2967 1824; x_wconf 88' lang='lat' dir='ltr'>desii</span> <span class='ocrx_word' id='word_1_216' title='bbox 2991 1783 3182 1838; x_wconf 90' lang='lat' dir='ltr'>agere,</span> <span class='ocrx_word' id='word_1_217' title='bbox 3205 1766 3538 1837; x_wconf 89' lang='lat' dir='ltr'>injunctum</span> <span class='ocrx_word' id='word_1_218' title='bbox 3559 1764 3703 1819; x_wconf 90' lang='lat' dir='ltr'>mihi</span> <span class='ocrx_word' id='word_1_219' title='bbox 3730 1763 3790 1818; x_wconf 89' lang='lat' dir='ltr'>in</span> 
     </span>
    </p>
   </div>
   <div class='ocr_carea' id='block_1_33' title="bbox 368 1855 3793 1959">
    <p class='ocr_par' dir='ltr' id='par_1_33' title="bbox 368 1855 3793 1959">
     <span class='ocr_line' id='line_1_33' title="bbox 368 1855 3793 1959; baseline -0.002 -46"><span class='ocrx_word' id='word_1_220' title='bbox 368 1858 770 1930; x_wconf 89' lang='lat' dir='ltr'>peroptabant.</span> <span class='ocrx_word' id='word_1_221' title='bbox 810 1857 1007 1929; x_wconf 88' lang='lat' dir='ltr'>Ipsum</span> <span class='ocrx_word' id='word_1_222' title='bbox 1041 1857 1187 1911; x_wconf 87' lang='lat' dir='ltr'>forte</span> <span class='ocrx_word' id='word_1_223' title='bbox 1218 1871 1247 1911; x_wconf 93' lang='lat' dir='ltr'>e</span> <span class='ocrx_word' id='word_1_224' title='bbox 1279 1873 1506 1911; x_wconf 87' lang='lat' dir='ltr'>carcere</span> <span class='ocrx_word' id='word_1_225' title='bbox 1538 1856 1853 1912; x_wconf 89' lang='lat' dir='ltr'>dimissum</span> <span class='ocrx_word' id='word_1_226' title='bbox 1881 1855 2022 1912; x_wconf 89' lang='lat' dir='ltr'>scie—</span> <span class='ocrx_word' id='word_1_227' title='bbox 2054 1893 2102 1959; x_wconf 79' lang='grc' dir='ltr'><strong>Β</strong></span> <span class='ocrx_word' id='word_1_228' title='bbox 2137 1859 2246 1914; x_wconf 90' lang='lat' dir='ltr'>hoc</span> <span class='ocrx_word' id='word_1_229' title='bbox 2278 1859 2468 1913; x_wconf 91' lang='lat' dir='ltr'>ofﬁcio</span> <span class='ocrx_word' id='word_1_230' title='bbox 2501 1858 2785 1930; x_wconf 88' lang='lat' dir='ltr'>cogitans,</span> <span class='ocrx_word' id='word_1_231' title='bbox 2817 1858 2876 1911; x_wconf 91' lang='lat' dir='ltr'>in</span> <span class='ocrx_word' id='word_1_232' title='bbox 2901 1856 3000 1912; x_wconf 90' lang='lat' dir='ltr'>Dei</span> <span class='ocrx_word' id='word_1_233' title='bbox 3032 1855 3228 1928; x_wconf 88' lang='lat' dir='ltr'>potius</span> <span class='ocrx_word' id='word_1_234' title='bbox 3258 1855 3594 1926; x_wconf 78' lang='lat' dir='ltr'>legedie&#39;ac</span> <span class='ocrx_word' id='word_1_235' title='bbox 3623 1855 3793 1907; x_wconf 85' lang='lat' dir='ltr'>nocte</span> 
     </span>
    </p>
   </div>
   <div class='ocr_carea' id='block_1_34' title="bbox 365 1944 2013 2017">
    <p class='ocr_par' dir='ltr' id='par_1_34' title="bbox 365 1944 2013 2017">
     <span class='ocr_line' id='line_1_34' title="bbox 365 1944 2013 2017; baseline -0.002 -14"><span class='ocrx_word' id='word_1_236' title='bbox 365 1948 542 2003; x_wconf 88' lang='lat' dir='ltr'>bant:</span> <span class='ocrx_word' id='word_1_237' title='bbox 569 1950 627 2001; x_wconf 90' lang='lat' dir='ltr'>at</span> <span class='ocrx_word' id='word_1_238' title='bbox 657 1944 860 2002; x_wconf 90' lang='lat' dir='ltr'>exsilio</span> <span class='ocrx_word' id='word_1_239' title='bbox 893 1944 1054 2000; x_wconf 89' lang='lat' dir='ltr'>Comi</span> <span class='ocrx_word' id='word_1_240' title='bbox 1087 1945 1278 2000; x_wconf 89' lang='lat' dir='ltr'>adhuc</span> <span class='ocrx_word' id='word_1_241' title='bbox 1311 1946 1612 2000; x_wconf 86' lang='lat' dir='ltr'>detentum</span> <span class='ocrx_word' id='word_1_242' title='bbox 1646 1945 2013 2017; x_wconf 87' lang='lat' dir='ltr'>ignorabant.</span> 
     </span>
    </p>
   </div>
   <div class='ocr_carea' id='block_1_35' title="bbox 367 2034 2014 2108">
    <p class='ocr_par' dir='ltr' id='par_1_35' title="bbox 367 2034 2014 2108">
     <span class='ocr_line' id='line_1_35' title="bbox 367 2034 2014 2108; baseline 0 -17"><span class='ocrx_word' id='word_1_243' title='bbox 367 2037 450 2092; x_wconf 86' lang='lat' dir='ltr'>Ad</span> <span class='ocrx_word' id='word_1_244' title='bbox 481 2037 588 2091; x_wconf 89' lang='lat' dir='ltr'>hos</span> <span class='ocrx_word' id='word_1_245' title='bbox 636 2035 834 2108; x_wconf 83' lang='lat' dir='ltr'>itaque</span> <span class='ocrx_word' id='word_1_246' title='bbox 866 2034 1026 2090; x_wconf 88' lang='lat' dir='ltr'>dedit</span> <span class='ocrx_word' id='word_1_247' title='bbox 1056 2034 1383 2107; x_wconf 88' lang='lat' dir='ltr'>epistolam,</span> <span class='ocrx_word' id='word_1_248' title='bbox 1412 2037 1468 2090; x_wconf 89' lang='lat' dir='ltr'>et</span> <span class='ocrx_word' id='word_1_249' title='bbox 1498 2052 1633 2090; x_wconf 88' lang='lat' dir='ltr'>cum</span> <span class='ocrx_word' id='word_1_250' title='bbox 1673 2035 1732 2091; x_wconf 93' lang='lat' dir='ltr'>in</span> <span class='ocrx_word' id='word_1_251' title='bbox 1766 2036 1893 2108; x_wconf 89' lang='lat' dir='ltr'>ipsa</span> <span class='ocrx_word' id='word_1_252' title='bbox 1923 2035 2014 2091; x_wconf 90' lang='lat' dir='ltr'>in-</span> 
     </span>
    </p>
   </div>
   <div class='ocr_carea' id='block_1_36' title="bbox 365 2124 2017 2197">
    <p class='ocr_par' dir='ltr' id='par_1_36' title="bbox 365 2124 2017 2197">
     <span class='ocr_line' id='line_1_36' title="bbox 365 2124 2017 2197; baseline 0 -15"><span class='ocrx_word' id='word_1_253' title='bbox 365 2125 682 2197; x_wconf 88' lang='lat' dir='ltr'>scriptione</span> <span class='ocrx_word' id='word_1_254' title='bbox 722 2140 783 2180; x_wconf 91' lang='lat' dir='ltr'>se</span> <span class='ocrx_word' id='word_1_255' title='bbox 823 2125 1067 2180; x_wconf 65' lang='lat' dir='ltr'>exsulem</span> <span class='ocrx_word' id='word_1_256' title='bbox 1116 2124 1368 2196; x_wconf 81' lang='lat' dir='ltr'>praefert,</span> <span class='ocrx_word' id='word_1_257' title='bbox 1402 2129 1528 2179; x_wconf 89' lang='lat' dir='ltr'>tum</span> <span class='ocrx_word' id='word_1_258' title='bbox 1560 2142 1690 2181; x_wconf 87' lang='lat' dir='ltr'>vero</span> <span class='ocrx_word' id='word_1_259' title='bbox 1723 2125 1925 2181; x_wconf 91' lang='lat' dir='ltr'>exsilio</span> <span class='ocrx_word' id='word_1_260' title='bbox 1955 2143 2017 2182; x_wconf 89' lang='lat' dir='ltr'>se</span> 
     </span>
    </p>
   </div>
   <div class='ocr_carea' id='block_1_37' title="bbox 365 2213 2018 2287">
    <p class='ocr_par' dir='ltr' id='par_1_37' title="bbox 365 2213 2018 2287">
     <span class='ocr_line' id='line_1_37' title="bbox 365 2213 2018 2287; baseline 0.001 -17"><span class='ocrx_word' id='word_1_261' title='bbox 365 2214 638 2287; x_wconf 88' lang='lat' dir='ltr'>impediri</span> <span class='ocrx_word' id='word_1_262' title='bbox 669 2213 942 2282; x_wconf 87' lang='lat' dir='ltr'>afﬁrmat,</span> <span class='ocrx_word' id='word_1_263' title='bbox 970 2231 1039 2269; x_wconf 89' lang='lat' dir='ltr'>ne</span> <span class='ocrx_word' id='word_1_264' title='bbox 1066 2215 1136 2268; x_wconf 89' lang='lat' dir='ltr'>ad</span> <span class='ocrx_word' id='word_1_265' title='bbox 1164 2213 1452 2286; x_wconf 82' lang='lat' dir='ltr'>synodum</span> <span class='ocrx_word' id='word_1_266' title='bbox 1485 2214 1766 2270; x_wconf 88' lang='lat' dir='ltr'>invitatus</span> <span class='ocrx_word' id='word_1_267' title='bbox 1787 2217 2018 2272; x_wconf 87' lang='lat' dir='ltr'>accede-</span> 
     </span>
    </p>
   </div>
   <div class='ocr_carea' id='block_1_38' title="bbox 365 2302 2013 2375">
    <p class='ocr_par' dir='ltr' id='par_1_38' title="bbox 365 2302 2013 2375">
     <span class='ocr_line' id='line_1_38' title="bbox 365 2302 2013 2375; baseline -0.001 -15"><span class='ocrx_word' id='word_1_268' title='bbox 365 2309 472 2360; x_wconf 85' lang='lat' dir='ltr'>ret.</span> <span class='ocrx_word' id='word_1_269' title='bbox 501 2326 528 2354; x_wconf 86' lang='lat'><strong>«</strong></span> <span class='ocrx_word' id='word_1_270' title='bbox 560 2305 660 2367; x_wconf 89' lang='lat' dir='ltr'>Ea,</span> <span class='ocrx_word' id='word_1_271' title='bbox 686 2304 896 2375; x_wconf 88' lang='lat' dir='ltr'>inquit,</span> <span class='ocrx_word' id='word_1_272' title='bbox 923 2303 1175 2369; x_wconf 88' lang='lat' dir='ltr'>Domini,</span> <span class='ocrx_word' id='word_1_273' title='bbox 1207 2320 1383 2374; x_wconf 86' lang='lat' dir='ltr'>quam</span> <span class='ocrx_word' id='word_1_274' title='bbox 1419 2302 1668 2359; x_wconf 88' lang='lat' dir='ltr'>maxime</span> <span class='ocrx_word' id='word_1_275' title='bbox 1699 2321 1878 2360; x_wconf 91' lang='lat' dir='ltr'>causa</span> <span class='ocrx_word' id='word_1_276' title='bbox 1907 2309 2013 2372; x_wconf 89' lang='lat' dir='ltr'>cst,</span> 
     </span>
    </p>
   </div>
   <div class='ocr_carea' id='block_1_39' title="bbox 367 2391 2017 2466">
    <p class='ocr_par' dir='ltr' id='par_1_39' title="bbox 367 2391 2017 2466">
     <span class='ocr_line' id='line_1_39' title="bbox 367 2391 2017 2466; baseline -0.001 -18"><span class='ocrx_word' id='word_1_277' title='bbox 367 2393 522 2466; x_wconf 89' lang='lat' dir='ltr'>quod</span> <span class='ocrx_word' id='word_1_278' title='bbox 538 2393 708 2464; x_wconf 80' lang='lat' dir='ltr'>juxta</span> <span class='ocrx_word' id='word_1_279' title='bbox 728 2396 986 2448; x_wconf 89' lang='lat' dir='ltr'>vestrum</span> <span class='ocrx_word' id='word_1_280' title='bbox 1017 2409 1131 2447; x_wconf 92' lang='lat' dir='ltr'>non</span> <span class='ocrx_word' id='word_1_281' title='bbox 1158 2391 1382 2447; x_wconf 92' lang='lat' dir='ltr'>occurri</span> <span class='ocrx_word' id='word_1_282' title='bbox 1406 2397 1607 2448; x_wconf 69' lang='lat' dir='ltr'>vestrae</span> <span class='ocrx_word' id='word_1_283' title='bbox 1634 2394 2017 2450; x_wconf 89' lang='lat' dir='ltr'>dominationi</span> 
     </span>
    </p>
   </div>
   <div class='ocr_carea' id='block_1_40' title="bbox 367 2481 2020 2556">
    <p class='ocr_par' dir='ltr' id='par_1_40' title="bbox 367 2481 2020 2556">
     <span class='ocr_line' id='line_1_40' title="bbox 367 2481 2020 2556; baseline -0.001 -18"><span class='ocrx_word' id='word_1_284' title='bbox 367 2486 724 2556; x_wconf 63' lang='lat' dir='ltr'>praeceptum</span> <span class='ocrx_word' id='word_1_285' title='bbox 753 2481 906 2554; x_wconf 90' lang='lat' dir='ltr'>quod</span> <span class='ocrx_word' id='word_1_286' title='bbox 929 2481 1083 2553; x_wconf 85' lang='lat' dir='ltr'>juris</span> <span class='ocrx_word' id='word_1_287' title='bbox 1123 2482 1246 2554; x_wconf 85' lang='lat' dir='ltr'>ipse</span> <span class='ocrx_word' id='word_1_288' title='bbox 1279 2500 1393 2538; x_wconf 88' lang='lat' dir='ltr'>non</span> <span class='ocrx_word' id='word_1_289' title='bbox 1427 2499 1558 2538; x_wconf 86' lang='lat' dir='ltr'>sum</span> <span class='ocrx_word' id='word_1_290' title='bbox 1593 2484 1829 2556; x_wconf 88' lang='lat' dir='ltr'>proprii.</span> <span class='ocrx_word' id='word_1_291' title='bbox 1859 2506 1885 2532; x_wconf 87' lang='grc'><strong>››</strong></span> <span class='ocrx_word' id='word_1_292' title='bbox 1910 2484 2020 2538; x_wconf 86' lang='lat' dir='ltr'>Fa-</span> 
     </span>
    </p>
   </div>
   <div class='ocr_carea' id='block_1_41' title="bbox 366 2570 2018 2643">
    <p class='ocr_par' dir='ltr' id='par_1_41' title="bbox 366 2570 2018 2643">
     <span class='ocr_line' id='line_1_41' title="bbox 366 2570 2018 2643; baseline 0 -16"><span class='ocrx_word' id='word_1_293' title='bbox 366 2588 548 2640; x_wconf 91' lang='lat' dir='ltr'>mam,</span> <span class='ocrx_word' id='word_1_294' title='bbox 577 2587 704 2642; x_wconf 70' lang='lat' dir='ltr'>qua:</span> <span class='ocrx_word' id='word_1_295' title='bbox 749 2571 819 2626; x_wconf 89' lang='lat' dir='ltr'>de</span> <span class='ocrx_word' id='word_1_296' title='bbox 869 2587 932 2626; x_wconf 90' lang='lat' dir='ltr'>se</span> <span class='ocrx_word' id='word_1_297' title='bbox 971 2575 1094 2626; x_wconf 91' lang='lat' dir='ltr'>erat</span> <span class='ocrx_word' id='word_1_298' title='bbox 1123 2570 1376 2643; x_wconf 88' lang='lat' dir='ltr'>vulgata,</span> <span class='ocrx_word' id='word_1_299' title='bbox 1412 2573 1671 2628; x_wconf 88' lang='lat' dir='ltr'>modeste</span> <span class='ocrx_word' id='word_1_300' title='bbox 1727 2576 2018 2628; x_wconf 76' lang='lat' dir='ltr'>extenuat.</span> 
     </span>
    </p>
   </div>
   <div class='ocr_carea' id='block_1_42' title="bbox 370 2660 2025 2732">
    <p class='ocr_par' dir='ltr' id='par_1_42' title="bbox 370 2660 2025 2732">
     <span class='ocr_line' id='line_1_42' title="bbox 370 2660 2025 2732; baseline 0 -16"><span class='ocrx_word' id='word_1_301' title='bbox 370 2660 690 2731; x_wconf 87' lang='lat' dir='ltr'>Miseriam,</span> <span class='ocrx_word' id='word_1_302' title='bbox 705 2678 822 2732; x_wconf 90' lang='lat' dir='ltr'>qua</span> <span class='ocrx_word' id='word_1_303' title='bbox 851 2660 1028 2714; x_wconf 89' lang='lat' dir='ltr'>etiam</span> <span class='ocrx_word' id='word_1_304' title='bbox 1059 2664 1221 2715; x_wconf 80' lang='lat' dir='ltr'>extra</span> <span class='ocrx_word' id='word_1_305' title='bbox 1249 2677 1534 2715; x_wconf 87' lang='lat' dir='ltr'>carcerem</span> <span class='ocrx_word' id='word_1_306' title='bbox 1565 2661 1622 2715; x_wconf 93' lang='lat' dir='ltr'>in</span> <span class='ocrx_word' id='word_1_307' title='bbox 1655 2660 1856 2716; x_wconf 85' lang='lat' dir='ltr'>exsilio</span> <span class='ocrx_word' id='word_1_308' title='bbox 1889 2677 2025 2732; x_wconf 86' lang='lat' dir='ltr'>pre-</span> 
     </span>
    </p>
   </div>
   <div class='ocr_carea' id='block_1_43' title="bbox 370 2748 2023 2821">
    <p class='ocr_par' dir='ltr' id='par_1_43' title="bbox 370 2748 2023 2821">
     <span class='ocr_line' id='line_1_43' title="bbox 370 2748 2023 2821; baseline -0.001 -16"><span class='ocrx_word' id='word_1_309' title='bbox 370 2749 660 2818; x_wconf 88' lang='lat' dir='ltr'>mebatur,</span> <span class='ocrx_word' id='word_1_310' title='bbox 686 2748 888 2804; x_wconf 85' lang='lat' dir='ltr'>leviter</span> <span class='ocrx_word' id='word_1_311' title='bbox 917 2748 1126 2821; x_wconf 88' lang='lat' dir='ltr'>tangit,</span> <span class='ocrx_word' id='word_1_312' title='bbox 1155 2748 1401 2821; x_wconf 87' lang='lat' dir='ltr'>ejusque</span> <span class='ocrx_word' id='word_1_313' title='bbox 1437 2750 1593 2804; x_wconf 90' lang='lat' dir='ltr'>istud</span> <span class='ocrx_word' id='word_1_314' title='bbox 1627 2750 1904 2805; x_wconf 91' lang='lat' dir='ltr'>indicium</span> <span class='ocrx_word' id='word_1_315' title='bbox 1939 2750 2023 2806; x_wconf 87' lang='lat' dir='ltr'>af-</span> 
     </span>
    </p>
   </div>
   <div class='ocr_carea' id='block_1_44' title="bbox 376 2837 2026 2911">
    <p class='ocr_par' dir='ltr' id='par_1_44' title="bbox 376 2837 2026 2911">
     <span class='ocr_line' id='line_1_44' title="bbox 376 2837 2026 2911; baseline 0.001 -19"><span class='ocrx_word' id='word_1_316' title='bbox 376 2839 502 2905; x_wconf 81' lang='lat' dir='ltr'>fert,</span> <span class='ocrx_word' id='word_1_317' title='bbox 526 2838 727 2894; x_wconf 88' lang='lat' dir='ltr'>deesse</span> <span class='ocrx_word' id='word_1_318' title='bbox 749 2837 861 2894; x_wconf 88' lang='lat' dir='ltr'>sibi</span> <span class='ocrx_word' id='word_1_319' title='bbox 881 2837 1166 2906; x_wconf 88' lang='lat' dir='ltr'>chartam,</span> <span class='ocrx_word' id='word_1_320' title='bbox 1189 2855 1305 2909; x_wconf 90' lang='lat' dir='ltr'>qua</span> <span class='ocrx_word' id='word_1_321' title='bbox 1327 2837 1647 2910; x_wconf 88' lang='lat' dir='ltr'>longiorem</span> <span class='ocrx_word' id='word_1_322' title='bbox 1670 2838 2026 2911; x_wconf 87' lang='lat' dir='ltr'>digniorem-</span> 
     </span>
    </p>
   </div>
   <div class='ocr_carea' id='block_1_45' title="bbox 376 2925 2028 3000">
    <p class='ocr_par' dir='ltr' id='par_1_45' title="bbox 376 2925 2028 3000">
     <span class='ocr_line' id='line_1_45' title="bbox 376 2925 2028 3000; baseline 0 -18"><span class='ocrx_word' id='word_1_323' title='bbox 376 2942 487 3000; x_wconf 87' lang='lat' dir='ltr'>que</span> <span class='ocrx_word' id='word_1_324' title='bbox 517 2925 823 2999; x_wconf 90' lang='lat' dir='ltr'>epistolam</span> <span class='ocrx_word' id='word_1_325' title='bbox 858 2927 1152 2982; x_wconf 89' lang='lat' dir='ltr'>scriberet.</span> <span class='ocrx_word' id='word_1_326' title='bbox 1179 2927 1518 2983; x_wconf 90' lang='lat' dir='ltr'>Subsidium</span> <span class='ocrx_word' id='word_1_327' title='bbox 1551 2927 1784 2999; x_wconf 90' lang='lat' dir='ltr'>aliquod</span> <span class='ocrx_word' id='word_1_328' title='bbox 1826 2933 2028 3000; x_wconf 89' lang='lat' dir='ltr'>postu-</span> 
     </span>
    </p>
   </div>
   <div class='ocr_carea' id='block_1_46' title="bbox 372 3016 2030 3089">
    <p class='ocr_par' dir='ltr' id='par_1_46' title="bbox 372 3016 2030 3089">
     <span class='ocr_line' id='line_1_46' title="bbox 372 3016 2030 3089; baseline 0.001 -18"><span class='ocrx_word' id='word_1_329' title='bbox 372 3016 456 3072; x_wconf 90' lang='lat' dir='ltr'>lat</span> <span class='ocrx_word' id='word_1_330' title='bbox 482 3035 494 3072; x_wconf 90' lang='lat'><strong>:</strong></span> <span class='ocrx_word' id='word_1_331' title='bbox 519 3021 576 3070; x_wconf 90' lang='lat' dir='ltr'>et</span> <span class='ocrx_word' id='word_1_332' title='bbox 606 3034 738 3071; x_wconf 92' lang='lat' dir='ltr'>cum</span> <span class='ocrx_word' id='word_1_333' title='bbox 774 3017 900 3088; x_wconf 92' lang='lat' dir='ltr'>ipse</span> <span class='ocrx_word' id='word_1_334' title='bbox 930 3017 1000 3071; x_wconf 90' lang='lat' dir='ltr'>ad</span> <span class='ocrx_word' id='word_1_335' title='bbox 1043 3033 1141 3072; x_wconf 90' lang='lat' dir='ltr'>eos</span> <span class='ocrx_word' id='word_1_336' title='bbox 1182 3034 1295 3071; x_wconf 91' lang='lat' dir='ltr'>non</span> <span class='ocrx_word' id='word_1_337' title='bbox 1349 3022 1543 3088; x_wconf 87' lang='lat' dir='ltr'>posset</span> <span class='ocrx_word' id='word_1_338' title='bbox 1585 3016 1898 3089; x_wconf 89' lang='lat' dir='ltr'>proﬁcisci,</span> <span class='ocrx_word' id='word_1_339' title='bbox 1931 3034 2030 3072; x_wconf 88' lang='lat' dir='ltr'>sex</span> 
     </span>
    </p>
   </div>
   <div class='ocr_carea' id='block_1_47' title="bbox 379 3104 2032 3177">
    <p class='ocr_par' dir='ltr' id='par_1_47' title="bbox 379 3104 2032 3177">
     <span class='ocr_line' id='line_1_47' title="bbox 379 3104 2032 3177; baseline 0.001 -16"><span class='ocrx_word' id='word_1_340' title='bbox 379 3105 564 3162; x_wconf 90' lang='lat' dir='ltr'>libros</span> <span class='ocrx_word' id='word_1_341' title='bbox 583 3104 1060 3177; x_wconf 69' lang='lat' dir='ltr'>Praaloquiorum,</span> <span class='ocrx_word' id='word_1_342' title='bbox 1077 3122 1223 3177; x_wconf 87' lang='lat' dir='ltr'>quos</span> <span class='ocrx_word' id='word_1_343' title='bbox 1247 3105 1303 3160; x_wconf 92' lang='lat' dir='ltr'>in</span> <span class='ocrx_word' id='word_1_344' title='bbox 1327 3105 1617 3162; x_wconf 90' lang='lat' dir='ltr'>Ticinensi</span> <span class='ocrx_word' id='word_1_345' title='bbox 1641 3106 1922 3162; x_wconf 89' lang='lat' dir='ltr'>turricula</span> <span class='ocrx_word' id='word_1_346' title='bbox 1948 3109 2032 3162; x_wconf 86' lang='lat' dir='ltr'>lu-</span> 
     </span>
    </p>
   </div>
   <div class='ocr_carea' id='block_1_48' title="bbox 380 3194 2030 3269">
    <p class='ocr_par' dir='ltr' id='par_1_48' title="bbox 380 3194 2030 3269">
     <span class='ocr_line' id='line_1_48' title="bbox 380 3194 2030 3269; baseline 0.001 -19"><span class='ocrx_word' id='word_1_347' title='bbox 380 3194 1328 3266; x_wconf 63' lang='lat' dir='ltr'>cubraverat(Vid.Praeloquior.1.</span> <span class='ocrx_word' id='word_1_348' title='bbox 1344 3211 1396 3260; x_wconf 84' lang='grc' dir='ltr'>ν,</span> <span class='ocrx_word' id='word_1_349' title='bbox 1415 3209 1532 3250; x_wconf 67' lang='lat' dir='ltr'>non.</span> <span class='ocrx_word' id='word_1_350' title='bbox 1547 3195 1644 3262; x_wconf 90' lang='lat'>38;</span> <span class='ocrx_word' id='word_1_351' title='bbox 1668 3197 1836 3251; x_wconf 66' lang='lat' dir='ltr'>Fuac.</span> <span class='ocrx_word' id='word_1_352' title='bbox 1854 3214 1903 3251; x_wconf 92' lang='lat' dir='ltr'>c.</span> <span class='ocrx_word' id='word_1_353' title='bbox 1918 3197 2030 3269; x_wconf 87' lang='lat'>20),</span> 
     </span>
    </p>
   </div>
   <div class='ocr_carea' id='block_1_49' title="bbox 2136 1937 3791 2017">
    <p class='ocr_par' dir='ltr' id='par_1_49' title="bbox 2136 1937 3791 2017">
     <span class='ocr_line' id='line_1_49' title="bbox 2136 1937 3791 2017; baseline -0.005 -15"><span class='ocrx_word' id='word_1_354' title='bbox 2136 1947 2405 2003; x_wconf 86' lang='lat' dir='ltr'>meditari</span> <span class='ocrx_word' id='word_1_355' title='bbox 2438 1947 2668 2002; x_wconf 88' lang='lat' dir='ltr'>debere.</span> <span class='ocrx_word' id='word_1_356' title='bbox 2698 1968 2718 1993; x_wconf 80' lang='grc' dir='ltr'>ιι</span> <span class='ocrx_word' id='word_1_357' title='bbox 2751 1945 2874 2000; x_wconf 87' lang='lat' dir='ltr'>Non</span> <span class='ocrx_word' id='word_1_358' title='bbox 2909 1948 3084 2017; x_wconf 87' lang='lat' dir='ltr'>negat</span> <span class='ocrx_word' id='word_1_359' title='bbox 3111 1959 3178 1999; x_wconf 88' lang='lat' dir='ltr'>ea</span> <span class='ocrx_word' id='word_1_360' title='bbox 3208 1937 3654 2013; x_wconf 70' lang='lat' dir='ltr'>studia‘aliquid</span> <span class='ocrx_word' id='word_1_361' title='bbox 3688 1940 3791 1994; x_wconf 46' lang='lat' dir='ltr'>ad:</span> 
     </span>
    </p>
   </div>
   <div class='ocr_carea' id='block_1_50' title="bbox 2123 2030 3787 2108">
    <p class='ocr_par' dir='ltr' id='par_1_50' title="bbox 2123 2030 3787 2108">
     <span class='ocr_line' id='line_1_50' title="bbox 2123 2030 3787 2108; baseline -0.005 -16"><span class='ocrx_word' id='word_1_362' title='bbox 2123 2037 2382 2108; x_wconf 86' lang='lat' dir='ltr'>jumenti</span> <span class='ocrx_word' id='word_1_363' title='bbox 2415 2036 2688 2108; x_wconf 89' lang='lat' dir='ltr'>episcopo</span> <span class='ocrx_word' id='word_1_364' title='bbox 2731 2050 2900 2107; x_wconf 87' lang='lat' dir='ltr'>posse</span> <span class='ocrx_word' id='word_1_365' title='bbox 2935 2034 3158 2101; x_wconf 74' lang='lat' dir='ltr'>afferre,</span> <span class='ocrx_word' id='word_1_366' title='bbox 3195 2032 3242 2087; x_wconf 89' lang='lat' dir='ltr'>si</span> <span class='ocrx_word' id='word_1_367' title='bbox 3275 2031 3403 2104; x_wconf 88' lang='lat' dir='ltr'>ipsa</span> <span class='ocrx_word' id='word_1_368' title='bbox 3443 2030 3503 2085; x_wconf 90' lang='lat' dir='ltr'>in</span> <span class='ocrx_word' id='word_1_369' title='bbox 3553 2039 3787 2086; x_wconf 87' lang='lat' dir='ltr'>sacrum</span> 
     </span>
    </p>
   </div>
   <div class='ocr_carea' id='block_1_51' title="bbox 2129 2113 3789 2192">
    <p class='ocr_par' dir='ltr' id='par_1_51' title="bbox 2129 2113 3789 2192">
     <span class='ocr_line' id='line_1_51' title="bbox 2129 2113 3789 2192; baseline -0.006 -11"><span class='ocrx_word' id='word_1_370' title='bbox 2129 2143 2304 2181; x_wconf 91' lang='lat' dir='ltr'>usum</span> <span class='ocrx_word' id='word_1_371' title='bbox 2338 2126 2607 2181; x_wconf 86' lang='lat' dir='ltr'>traducat</span> <span class='ocrx_word' id='word_1_372' title='bbox 2633 2141 2690 2179; x_wconf 86' lang='grc'>;‹‹</span> <span class='ocrx_word' id='word_1_373' title='bbox 2718 2125 2931 2179; x_wconf 89' lang='lat' dir='ltr'>Servus</span> <span class='ocrx_word' id='word_1_374' title='bbox 2961 2139 3094 2178; x_wconf 89' lang='lat' dir='ltr'>vero</span> <span class='ocrx_word' id='word_1_375' title='bbox 3120 2121 3217 2177; x_wconf 88' lang='lat' dir='ltr'>ille</span> <span class='ocrx_word' id='word_1_376' title='bbox 3247 2135 3522 2192; x_wconf 87' lang='lat' dir='ltr'>nequam,</span> <span class='ocrx_word' id='word_1_377' title='bbox 3549 2141 3578 2170; x_wconf 84' lang='lat'>»</span> <span class='ocrx_word' id='word_1_378' title='bbox 3602 2113 3789 2185; x_wconf 84' lang='lat' dir='ltr'>addit,</span> 
     </span>
    </p>
   </div>
   <div class='ocr_carea' id='block_1_52' title="bbox 2138 2205 3794 2286">
    <p class='ocr_par' dir='ltr' id='par_1_52' title="bbox 2138 2205 3794 2286">
     <span class='ocr_line' id='line_1_52' title="bbox 2138 2205 3794 2286; baseline -0.005 -16"><span class='ocrx_word' id='word_1_379' title='bbox 2138 2236 2158 2262; x_wconf 76' lang='grc' dir='ltr'>ι</span> <span class='ocrx_word' id='word_1_380' title='bbox 2179 2217 2249 2270; x_wconf 93' lang='lat' dir='ltr'>de</span> <span class='ocrx_word' id='word_1_381' title='bbox 2268 2213 2576 2286; x_wconf 88' lang='lat' dir='ltr'>Evangelio</span> <span class='ocrx_word' id='word_1_382' title='bbox 2603 2213 2731 2268; x_wconf 90' lang='lat' dir='ltr'>ideo</span> <span class='ocrx_word' id='word_1_383' title='bbox 2757 2211 3155 2267; x_wconf 88' lang='lat' dir='ltr'>damnationis</span> <span class='ocrx_word' id='word_1_384' title='bbox 3173 2213 3399 2265; x_wconf 64' lang='lat' dir='ltr'>aeternas</span> <span class='ocrx_word' id='word_1_385' title='bbox 3417 2205 3686 2264; x_wconf 83' lang='lat' dir='ltr'>addictus</span> <span class='ocrx_word' id='word_1_386' title='bbox 3699 2210 3794 2262; x_wconf 88' lang='lat' dir='ltr'>est</span> 
     </span>
    </p>
   </div>
   <div class='ocr_carea' id='block_1_53' title="bbox 2127 2296 3794 2376">
    <p class='ocr_par' dir='ltr' id='par_1_53' title="bbox 2127 2296 3794 2376">
     <span class='ocr_line' id='line_1_53' title="bbox 2127 2296 3794 2376; baseline -0.006 -17"><span class='ocrx_word' id='word_1_387' title='bbox 2127 2304 2381 2376; x_wconf 89' lang='lat' dir='ltr'>eloquio,</span> <span class='ocrx_word' id='word_1_388' title='bbox 2398 2303 2538 2375; x_wconf 88' lang='lat' dir='ltr'>quia</span> <span class='ocrx_word' id='word_1_389' title='bbox 2562 2301 2843 2358; x_wconf 84' lang='lat' dir='ltr'>talentum</span> <span class='ocrx_word' id='word_1_390' title='bbox 2868 2299 3200 2356; x_wconf 84' lang='lat' dir='ltr'>intellectus</span> <span class='ocrx_word' id='word_1_391' title='bbox 3221 2296 3432 2353; x_wconf 90' lang='lat' dir='ltr'>maluit</span> <span class='ocrx_word' id='word_1_392' title='bbox 3445 2300 3611 2352; x_wconf 69' lang='lat' dir='ltr'>terra:</span> <span class='ocrx_word' id='word_1_393' title='bbox 3629 2309 3794 2350; x_wconf 79' lang='lat' dir='ltr'>man-</span> 
     </span>
    </p>
   </div>
   <div class='ocr_carea' id='block_1_54' title="bbox 2128 2376 3788 2464">
    <p class='ocr_par' dir='ltr' id='par_1_54' title="bbox 2128 2376 3788 2464">
     <span class='ocr_line' id='line_1_54' title="bbox 2128 2376 3788 2464; baseline -0.006 -16"><span class='ocrx_word' id='word_1_394' title='bbox 2128 2395 2480 2464; x_wconf 89' lang='lat' dir='ltr'>dare,quam</span> <span class='ocrx_word' id='word_1_395' title='bbox 2516 2390 2658 2447; x_wconf 82' lang='lat' dir='ltr'>coelo</span> <span class='ocrx_word' id='word_1_396' title='bbox 2691 2389 2926 2462; x_wconf 86' lang='lat' dir='ltr'>penitus</span> <span class='ocrx_word' id='word_1_397' title='bbox 2955 2387 3417 2450; x_wconf 74' lang='lat' dir='ltr'>destinare.Qua:</span> <span class='ocrx_word' id='word_1_398' title='bbox 3439 2376 3788 2451; x_wconf 78' lang='lat' dir='ltr'>similitudo,</span> 
     </span>
    </p>
   </div>
   <div class='ocr_carea' id='block_1_55' title="bbox 2135 2471 3794 2548">
    <p class='ocr_par' dir='ltr' id='par_1_55' title="bbox 2135 2471 3794 2548">
     <span class='ocr_line' id='line_1_55' title="bbox 2135 2471 3794 2548; baseline -0.008 -10"><span class='ocrx_word' id='word_1_399' title='bbox 2135 2488 2199 2537; x_wconf 88' lang='lat' dir='ltr'>ut</span> <span class='ocrx_word' id='word_1_400' title='bbox 2229 2500 2376 2548; x_wconf 89' lang='lat' dir='ltr'>reor,</span> <span class='ocrx_word' id='word_1_401' title='bbox 2404 2486 2602 2536; x_wconf 90' lang='lat' dir='ltr'>monet</span> <span class='ocrx_word' id='word_1_402' title='bbox 2633 2480 2783 2534; x_wconf 87' lang='lat' dir='ltr'>inter</span> <span class='ocrx_word' id='word_1_403' title='bbox 2813 2482 3019 2533; x_wconf 73' lang='lat' dir='ltr'>caztera</span> <span class='ocrx_word' id='word_1_404' title='bbox 3047 2493 3140 2532; x_wconf 90' lang='lat' dir='ltr'>me</span> <span class='ocrx_word' id='word_1_405' title='bbox 3173 2479 3560 2547; x_wconf 78' lang='lat' dir='ltr'>peceatomm,</span> <span class='ocrx_word' id='word_1_406' title='bbox 3586 2471 3794 2527; x_wconf 80' lang='lat' dir='ltr'>tantil-</span> 
     </span>
    </p>
   </div>
   <div class='ocr_carea' id='block_1_56' title="bbox 2130 2559 3789 2642">
    <p class='ocr_par' dir='ltr' id='par_1_56' title="bbox 2130 2559 3789 2642">
     <span class='ocr_line' id='line_1_56' title="bbox 2130 2559 3789 2642; baseline -0.007 -16"><span class='ocrx_word' id='word_1_407' title='bbox 2130 2572 2254 2626; x_wconf 91' lang='lat' dir='ltr'>lum</span> <span class='ocrx_word' id='word_1_408' title='bbox 2287 2568 2587 2642; x_wconf 90' lang='lat' dir='ltr'>ingenioli,</span> <span class='ocrx_word' id='word_1_409' title='bbox 2607 2568 2762 2638; x_wconf 90' lang='lat' dir='ltr'>quod</span> <span class='ocrx_word' id='word_1_410' title='bbox 2813 2567 2928 2620; x_wconf 93' lang='lat' dir='ltr'>Deo</span> <span class='ocrx_word' id='word_1_411' title='bbox 2959 2581 3094 2620; x_wconf 89' lang='lat' dir='ltr'>sum</span> <span class='ocrx_word' id='word_1_412' title='bbox 3141 2567 3450 2618; x_wconf 86' lang='lat' dir='ltr'>assecutus</span> <span class='ocrx_word' id='word_1_413' title='bbox 3479 2559 3789 2630; x_wconf 84' lang='lat' dir='ltr'>largiente,</span> 
     </span>
    </p>
   </div>
   <div class='ocr_carea' id='block_1_57' title="bbox 2132 2648 3794 2731">
    <p class='ocr_par' dir='ltr' id='par_1_57' title="bbox 2132 2648 3794 2731">
     <span class='ocr_line' id='line_1_57' title="bbox 2132 2648 3794 2731; baseline -0.008 -16"><span class='ocrx_word' id='word_1_414' title='bbox 2132 2661 2232 2716; x_wconf 88' lang='lat' dir='ltr'>illo</span> <span class='ocrx_word' id='word_1_415' title='bbox 2260 2659 2455 2731; x_wconf 90' lang='lat' dir='ltr'>potius</span> <span class='ocrx_word' id='word_1_416' title='bbox 2483 2657 2612 2712; x_wconf 90' lang='lat' dir='ltr'>acui</span> <span class='ocrx_word' id='word_1_417' title='bbox 2637 2659 2920 2728; x_wconf 90' lang='lat' dir='ltr'>oportere,</span> <span class='ocrx_word' id='word_1_418' title='bbox 2947 2653 3045 2708; x_wconf 89' lang='lat' dir='ltr'>ubi</span> <span class='ocrx_word' id='word_1_419' title='bbox 3068 2651 3335 2708; x_wconf 87' lang='lat' dir='ltr'>Christus</span> <span class='ocrx_word' id='word_1_420' title='bbox 3359 2653 3448 2706; x_wconf 88' lang='lat' dir='ltr'>est</span> <span class='ocrx_word' id='word_1_421' title='bbox 3475 2649 3535 2704; x_wconf 88' lang='lat' dir='ltr'>in</span> <span class='ocrx_word' id='word_1_422' title='bbox 3558 2648 3794 2704; x_wconf 86' lang='lat' dir='ltr'>dextera</span> 
     </span>
    </p>
   </div>
   <div class='ocr_carea' id='block_1_58' title="bbox 2134 2735 3790 2818">
    <p class='ocr_par' dir='ltr' id='par_1_58' title="bbox 2134 2735 3790 2818">
     <span class='ocr_line' id='line_1_58' title="bbox 2134 2735 3790 2818; baseline -0.01 -12"><span class='ocrx_word' id='word_1_423' title='bbox 2134 2750 2232 2806; x_wconf 88' lang='lat' dir='ltr'>Dei</span> <span class='ocrx_word' id='word_1_424' title='bbox 2248 2749 2662 2818; x_wconf 85' lang='lat' dir='ltr'>sedens,quam</span> <span class='ocrx_word' id='word_1_425' title='bbox 2679 2750 2918 2800; x_wconf 74' lang='lat' dir='ltr'>terrenaa</span> <span class='ocrx_word' id='word_1_426' title='bbox 2934 2741 3173 2798; x_wconf 87' lang='lat' dir='ltr'>vanitati</span> <span class='ocrx_word' id='word_1_427' title='bbox 3188 2738 3634 2806; x_wconf 87' lang='lat' dir='ltr'>committere,et</span> <span class='ocrx_word' id='word_1_428' title='bbox 3645 2735 3790 2792; x_wconf 89' lang='lat' dir='ltr'>nihil</span> 
     </span>
    </p>
   </div>
   <div class='ocr_carea' id='block_1_59' title="bbox 2135 2827 3789 2897">
    <p class='ocr_par' dir='ltr' id='par_1_59' title="bbox 2135 2827 3789 2897">
     <span class='ocr_line' id='line_1_59' title="bbox 2135 2827 3789 2897; baseline -0.008 -2"><span class='ocrx_word' id='word_1_429' title='bbox 2135 2839 2292 2896; x_wconf 90' lang='lat' dir='ltr'>aliud</span> <span class='ocrx_word' id='word_1_430' title='bbox 2325 2837 2531 2894; x_wconf 87' lang='lat' dir='ltr'>exinde</span> <span class='ocrx_word' id='word_1_431' title='bbox 2580 2835 2693 2892; x_wconf 88' lang='lat' dir='ltr'>nisi</span> <span class='ocrx_word' id='word_1_432' title='bbox 2738 2838 2976 2890; x_wconf 85' lang='lat' dir='ltr'>ventum</span> <span class='ocrx_word' id='word_1_433' title='bbox 3011 2834 3266 2897; x_wconf 89' lang='lat' dir='ltr'>inanem,</span> <span class='ocrx_word' id='word_1_434' title='bbox 3299 2846 3405 2886; x_wconf 87' lang='lat' dir='ltr'>nec</span> <span class='ocrx_word' id='word_1_435' title='bbox 3450 2829 3578 2886; x_wconf 88' lang='lat' dir='ltr'>sine</span> <span class='ocrx_word' id='word_1_436' title='bbox 3610 2827 3789 2884; x_wconf 81' lang='lat' dir='ltr'>detri-</span> 
     </span>
    </p>
   </div>
   <div class='ocr_carea' id='block_1_60' title="bbox 2138 2917 3790 2996">
    <p class='ocr_par' dir='ltr' id='par_1_60' title="bbox 2138 2917 3790 2996">
     <span class='ocr_line' id='line_1_60' title="bbox 2138 2917 3790 2996; baseline -0.007 -12"><span class='ocrx_word' id='word_1_437' title='bbox 2138 2933 2332 2984; x_wconf 88' lang='lat' dir='ltr'>mento</span> <span class='ocrx_word' id='word_1_438' title='bbox 2365 2926 2568 2981; x_wconf 71' lang='lat' dir='ltr'>anima:</span> <span class='ocrx_word' id='word_1_439' title='bbox 2599 2925 2853 2980; x_wconf 86' lang='lat' dir='ltr'>maximo</span> <span class='ocrx_word' id='word_1_440' title='bbox 2884 2927 3172 2996; x_wconf 83' lang='lat' dir='ltr'>captare.»</span> <span class='ocrx_word' id='word_1_441' title='bbox 3189 2922 3335 2976; x_wconf 89' lang='lat' dir='ltr'>Cum</span> <span class='ocrx_word' id='word_1_442' title='bbox 3368 2935 3538 2992; x_wconf 83' lang='lat' dir='ltr'>porro</span> <span class='ocrx_word' id='word_1_443' title='bbox 3568 2917 3790 2988; x_wconf 88' lang='lat' dir='ltr'>aliquid</span> 
     </span>
    </p>
   </div>
   <div class='ocr_carea' id='block_1_61' title="bbox 2140 3004 3792 3084">
    <p class='ocr_par' dir='ltr' id='par_1_61' title="bbox 2140 3004 3792 3084">
     <span class='ocr_line' id='line_1_61' title="bbox 2140 3004 3792 3084; baseline -0.008 -11"><span class='ocrx_word' id='word_1_444' title='bbox 2140 3016 2389 3074; x_wconf 88' lang='lat' dir='ltr'>subsidii</span> <span class='ocrx_word' id='word_1_445' title='bbox 2414 3016 2524 3070; x_wconf 90' lang='lat' dir='ltr'>sibi</span> <span class='ocrx_word' id='word_1_446' title='bbox 2550 3016 2862 3070; x_wconf 81' lang='lat' dir='ltr'>Rotbertus</span> <span class='ocrx_word' id='word_1_447' title='bbox 2892 3011 3278 3084; x_wconf 88' lang='lat' dir='ltr'>promisisset,</span> <span class='ocrx_word' id='word_1_448' title='bbox 3302 3007 3521 3082; x_wconf 83' lang='lat' dir='ltr'>gratias</span> <span class='ocrx_word' id='word_1_449' title='bbox 3542 3007 3683 3078; x_wconf 86' lang='lat' dir='ltr'>agit,</span> <span class='ocrx_word' id='word_1_450' title='bbox 3702 3004 3792 3060; x_wconf 85' lang='lat' dir='ltr'>id-</span> 
     </span>
    </p>
   </div>
   <div class='ocr_carea' id='block_1_62' title="bbox 2142 3095 3792 3180">
    <p class='ocr_par' dir='ltr' id='par_1_62' title="bbox 2142 3095 3792 3180">
     <span class='ocr_line' id='line_1_62' title="bbox 2142 3095 3792 3180; baseline -0.008 -18"><span class='ocrx_word' id='word_1_451' title='bbox 2142 3125 2253 3180; x_wconf 91' lang='lat' dir='ltr'>que</span> <span class='ocrx_word' id='word_1_452' title='bbox 2275 3107 2332 3161; x_wconf 91' lang='lat' dir='ltr'>in</span> <span class='ocrx_word' id='word_1_453' title='bbox 2352 3103 2622 3178; x_wconf 66' lang='lat' dir='ltr'>prmscnti</span> <span class='ocrx_word' id='word_1_454' title='bbox 2642 3103 2983 3159; x_wconf 88' lang='lat' dir='ltr'>necessitate</span> <span class='ocrx_word' id='word_1_455' title='bbox 3002 3116 3179 3173; x_wconf 88' lang='lat' dir='ltr'>quam</span> <span class='ocrx_word' id='word_1_456' title='bbox 3197 3099 3374 3154; x_wconf 90' lang='lat' dir='ltr'>citius</span> <span class='ocrx_word' id='word_1_457' title='bbox 3393 3095 3792 3170; x_wconf 63' lang='lat' dir='ltr'>prestandum</span> 
     </span>
    </p>
   </div>
   <div class='ocr_carea' id='block_1_63' title="bbox 2145 3181 3800 3269">
    <p class='ocr_par' dir='ltr' id='par_1_63' title="bbox 2145 3181 3800 3269">
     <span class='ocr_line' id='line_1_63' title="bbox 2145 3181 3800 3269; baseline -0.01 -16"><span class='ocrx_word' id='word_1_458' title='bbox 2145 3198 2510 3269; x_wconf 89' lang='lat' dir='ltr'>deprecatur.</span> <span class='ocrx_word' id='word_1_459' title='bbox 2529 3193 2767 3249; x_wconf 90' lang='lat' dir='ltr'>Librum</span> <span class='ocrx_word' id='word_1_460' title='bbox 2786 3190 3042 3262; x_wconf 89' lang='lat' dir='ltr'>aliquem</span> <span class='ocrx_word' id='word_1_461' title='bbox 3061 3187 3316 3245; x_wconf 79' lang='lat' dir='ltr'>Ratberii</span> <span class='ocrx_word' id='word_1_462' title='bbox 3340 3187 3496 3242; x_wconf 88' lang='lat' dir='ltr'>idem</span> <span class='ocrx_word' id='word_1_463' title='bbox 3519 3181 3800 3254; x_wconf 65' lang='lat' dir='ltr'>archiepi-</span> 
     </span>
    </p>
   </div>
   <div class='ocr_carea' id='block_1_64' title="bbox 382 3268 3796 3358">
    <p class='ocr_par' dir='ltr' id='par_1_64' title="bbox 382 3268 3796 3358">
     <span class='ocr_line' id='line_1_64' title="bbox 382 3268 3796 3358; baseline -0.004 -18"><span class='ocrx_word' id='word_1_464' title='bbox 382 3283 476 3340; x_wconf 91' lang='lat' dir='ltr'>sui</span> <span class='ocrx_word' id='word_1_465' title='bbox 502 3282 627 3338; x_wconf 91' lang='lat' dir='ltr'>loco</span> <span class='ocrx_word' id='word_1_466' title='bbox 649 3283 719 3337; x_wconf 84' lang='lat' dir='ltr'>ad</span> <span class='ocrx_word' id='word_1_467' title='bbox 744 3283 902 3354; x_wconf 91' lang='lat' dir='ltr'>ipsos</span> <span class='ocrx_word' id='word_1_468' title='bbox 928 3282 1145 3354; x_wconf 88' lang='lat' dir='ltr'>dirigit,</span> <span class='ocrx_word' id='word_1_469' title='bbox 1163 3288 1227 3337; x_wconf 93' lang='lat' dir='ltr'>ut</span> <span class='ocrx_word' id='word_1_470' title='bbox 1252 3282 1571 3340; x_wconf 84' lang='lat' dir='ltr'>Fulcuinus</span> <span class='ocrx_word' id='word_1_471' title='bbox 1592 3285 1766 3339; x_wconf 89' lang='lat' dir='ltr'>etiam</span> <span class='ocrx_word' id='word_1_472' title='bbox 1793 3268 2029 3341; x_wconf 88' lang='lat' dir='ltr'>notavit.</span> <span class='ocrx_word' id='word_1_473' title='bbox 2063 3268 2107 3333; x_wconf 85' lang='lat' dir='ltr'><strong>C</strong></span> <span class='ocrx_word' id='word_1_474' title='bbox 2147 3268 2360 3358; x_wconf 87' lang='lat' dir='ltr'>scopus</span> <span class='ocrx_word' id='word_1_475' title='bbox 2397 3285 2628 3339; x_wconf 91' lang='lat' dir='ltr'>videtur</span> <span class='ocrx_word' id='word_1_476' title='bbox 2658 3281 2958 3354; x_wconf 75' lang='lat' dir='ltr'>quaesisse.</span> <span class='ocrx_word' id='word_1_477' title='bbox 2980 3279 3266 3335; x_wconf 86' lang='lat' dir='ltr'>Volumen</span> <span class='ocrx_word' id='word_1_478' title='bbox 3317 3273 3796 3346; x_wconf 66' lang='lat' dir='ltr'>Prasloquiorum,</span> 
     </span>
    </p>
   </div>
   <div class='ocr_carea' id='block_1_65' title="bbox 381 3371 2039 3446">
    <p class='ocr_par' dir='ltr' id='par_1_65' title="bbox 381 3371 2039 3446">
     <span class='ocr_line' id='line_1_65' title="bbox 381 3371 2039 3446; baseline 0.001 -18"><span class='ocrx_word' id='word_1_479' title='bbox 381 3371 572 3428; x_wconf 84' lang='lat' dir='ltr'>Aliam</span> <span class='ocrx_word' id='word_1_480' title='bbox 610 3388 842 3444; x_wconf 89' lang='lat' dir='ltr'>quoque</span> <span class='ocrx_word' id='word_1_481' title='bbox 870 3372 1206 3443; x_wconf 83' lang='lat' dir='ltr'>perbrcvem</span> <span class='ocrx_word' id='word_1_482' title='bbox 1233 3372 1560 3444; x_wconf 89' lang='lat' dir='ltr'>epistolam,</span> <span class='ocrx_word' id='word_1_483' title='bbox 1589 3391 1687 3429; x_wconf 91' lang='lat' dir='ltr'>seu</span> <span class='ocrx_word' id='word_1_484' title='bbox 1723 3375 1918 3446; x_wconf 90' lang='lat' dir='ltr'>potius</span> <span class='ocrx_word' id='word_1_485' title='bbox 1941 3376 2039 3430; x_wconf 93' lang='lat' dir='ltr'>ad-</span> 
     </span>
    </p>
   </div>
   <div class='ocr_carea' id='block_1_66' title="bbox 385 3460 2037 3532">
    <p class='ocr_par' dir='ltr' id='par_1_66' title="bbox 385 3460 2037 3532">
     <span class='ocr_line' id='line_1_66' title="bbox 385 3460 2037 3532; baseline 0.001 -14"><span class='ocrx_word' id='word_1_486' title='bbox 385 3461 743 3518; x_wconf 88' lang='lat' dir='ltr'>notationem</span> <span class='ocrx_word' id='word_1_487' title='bbox 773 3460 832 3515; x_wconf 91' lang='lat' dir='ltr'>in</span> <span class='ocrx_word' id='word_1_488' title='bbox 867 3460 1120 3532; x_wconf 66' lang='lat' dir='ltr'>epistolae</span> <span class='ocrx_word' id='word_1_489' title='bbox 1155 3461 1403 3518; x_wconf 85' lang='lat' dir='ltr'>formam</span> <span class='ocrx_word' id='word_1_490' title='bbox 1425 3463 1644 3520; x_wconf 89' lang='lat' dir='ltr'>eisdem</span> <span class='ocrx_word' id='word_1_491' title='bbox 1675 3465 1855 3532; x_wconf 89' lang='lat' dir='ltr'>dedit,</span> <span class='ocrx_word' id='word_1_492' title='bbox 1880 3482 1946 3520; x_wconf 91' lang='lat' dir='ltr'>ac</span> <span class='ocrx_word' id='word_1_493' title='bbox 1977 3466 2037 3520; x_wconf 92' lang='lat' dir='ltr'>in</span> 
     </span>
    </p>
   </div>
   <div class='ocr_carea' id='block_1_67' title="bbox 386 3549 2037 3627">
    <p class='ocr_par' dir='ltr' id='par_1_67' title="bbox 386 3549 2037 3627">
     <span class='ocr_line' id='line_1_67' title="bbox 386 3549 2037 3627; baseline 0.002 -22"><span class='ocrx_word' id='word_1_494' title='bbox 386 3552 659 3622; x_wconf 89' lang='lat' dir='ltr'>quintum</span> <span class='ocrx_word' id='word_1_495' title='bbox 674 3549 1132 3622; x_wconf 66' lang='lat' dir='ltr'>Praaloquiorum</span> <span class='ocrx_word' id='word_1_496' title='bbox 1152 3549 1366 3605; x_wconf 90' lang='lat' dir='ltr'>librum</span> <span class='ocrx_word' id='word_1_497' title='bbox 1388 3551 2037 3627; x_wconf 83' lang='lat' dir='ltr'>inscruit,uum13,quae</span> 
     </span>
    </p>
   </div>
   <div class='ocr_carea' id='block_1_68' title="bbox 386 3638 2035 3714">
    <p class='ocr_par' dir='ltr' id='par_1_68' title="bbox 386 3638 2035 3714">
     <span class='ocr_line' id='line_1_68' title="bbox 386 3638 2035 3714; baseline 0.002 -20"><span class='ocrx_word' id='word_1_498' title='bbox 386 3639 445 3695; x_wconf 90' lang='lat' dir='ltr'>in</span> <span class='ocrx_word' id='word_1_499' title='bbox 478 3638 797 3711; x_wconf 87' lang='lat' dir='ltr'>epigraphe</span> <span class='ocrx_word' id='word_1_500' title='bbox 834 3656 933 3694; x_wconf 89' lang='lat' dir='ltr'>eos</span> <span class='ocrx_word' id='word_1_501' title='bbox 985 3638 1045 3693; x_wconf 91' lang='lat' dir='ltr'>in</span> <span class='ocrx_word' id='word_1_502' title='bbox 1101 3639 1347 3695; x_wconf 88' lang='lat' dir='ltr'>concilio</span> <span class='ocrx_word' id='word_1_503' title='bbox 1389 3646 1730 3696; x_wconf 88' lang='lat' dir='ltr'>convocatos</span> <span class='ocrx_word' id='word_1_504' title='bbox 1785 3645 2035 3714; x_wconf 77' lang='lat' dir='ltr'>praefert.</span> 
     </span>
    </p>
   </div>
   <div class='ocr_carea' id='block_1_69' title="bbox 394 3727 2038 3802">
    <p class='ocr_par' dir='ltr' id='par_1_69' title="bbox 394 3727 2038 3802">
     <span class='ocr_line' id='line_1_69' title="bbox 394 3727 2038 3802; baseline 0.005 -25"><span class='ocrx_word' id='word_1_505' title='bbox 394 3753 414 3776; x_wconf 81' lang='grc' dir='ltr'>ι</span> <span class='ocrx_word' id='word_1_506' title='bbox 443 3728 754 3782; x_wconf 79' lang='lat' dir='ltr'>Ratherius</span> <span class='ocrx_word' id='word_1_507' title='bbox 784 3727 945 3783; x_wconf 82' lang='lat' dir='ltr'>exsul</span> <span class='ocrx_word' id='word_1_508' title='bbox 967 3727 1204 3782; x_wconf 83' lang='lat' dir='ltr'>Widoni</span> <span class='ocrx_word' id='word_1_509' title='bbox 1233 3733 1407 3800; x_wconf 91' lang='lat' dir='ltr'>atque</span> <span class='ocrx_word' id='word_1_510' title='bbox 1438 3730 1692 3784; x_wconf 87' lang='lat' dir='ltr'>Sobboni</span> <span class='ocrx_word' id='word_1_511' title='bbox 1723 3731 2038 3802; x_wconf 88' lang='lat' dir='ltr'>archiepis-</span> 
     </span>
    </p>
   </div>
   <div class='ocr_carea' id='block_1_70' title="bbox 392 3816 2040 3889">
    <p class='ocr_par' dir='ltr' id='par_1_70' title="bbox 392 3816 2040 3889">
     <span class='ocr_line' id='line_1_70' title="bbox 392 3816 2040 3889; baseline 0.001 -17"><span class='ocrx_word' id='word_1_512' title='bbox 392 3817 550 3889; x_wconf 90' lang='lat' dir='ltr'>copis</span> <span class='ocrx_word' id='word_1_513' title='bbox 581 3816 920 3888; x_wconf 71' lang='lat' dir='ltr'>c-zeterisque</span> <span class='ocrx_word' id='word_1_514' title='bbox 964 3816 1325 3889; x_wconf 91' lang='lat' dir='ltr'>coepiscopis</span> <span class='ocrx_word' id='word_1_515' title='bbox 1363 3816 1420 3871; x_wconf 90' lang='lat' dir='ltr'>in</span> <span class='ocrx_word' id='word_1_516' title='bbox 1455 3817 1696 3874; x_wconf 90' lang='lat' dir='ltr'>concilie</span> <span class='ocrx_word' id='word_1_517' title='bbox 1729 3819 2040 3875; x_wconf 88' lang='lat' dir='ltr'>residenti-</span> 
     </span>
    </p>
   </div>
   <div class='ocr_carea' id='block_1_71' title="bbox 393 3905 2042 3979">
    <p class='ocr_par' dir='ltr' id='par_1_71' title="bbox 393 3905 2042 3979">
     <span class='ocr_line' id='line_1_71' title="bbox 393 3905 2042 3979; baseline 0.002 -18"><span class='ocrx_word' id='word_1_518' title='bbox 393 3906 720 3962; x_wconf 79' lang='lat' dir='ltr'>bus.nEum</span> <span class='ocrx_word' id='word_1_519' title='bbox 745 3909 940 3961; x_wconf 89' lang='lat' dir='ltr'>autem</span> <span class='ocrx_word' id='word_1_520' title='bbox 965 3905 1020 3961; x_wconf 92' lang='lat' dir='ltr'>in</span> <span class='ocrx_word' id='word_1_521' title='bbox 1050 3905 1244 3962; x_wconf 90' lang='lat' dir='ltr'>locum</span> <span class='ocrx_word' id='word_1_522' title='bbox 1268 3905 1489 3962; x_wconf 91' lang='lat' dir='ltr'>laudati</span> <span class='ocrx_word' id='word_1_523' title='bbox 1514 3906 1888 3964; x_wconf 76' lang='lat' dir='ltr'>libriinserta</span> <span class='ocrx_word' id='word_1_524' title='bbox 1909 3910 2042 3979; x_wconf 85' lang='lat' dir='ltr'>fuit,</span> 
     </span>
    </p>
   </div>
   <div class='ocr_carea' id='block_1_72' title="bbox 395 3994 2042 4072">
    <p class='ocr_par' dir='ltr' id='par_1_72' title="bbox 395 3994 2042 4072">
     <span class='ocr_line' id='line_1_72' title="bbox 395 3994 2042 4072; baseline 0.004 -23"><span class='ocrx_word' id='word_1_525' title='bbox 395 3994 492 4049; x_wconf 92' lang='lat' dir='ltr'>ubi</span> <span class='ocrx_word' id='word_1_526' title='bbox 525 3996 921 4067; x_wconf 88' lang='lat' dir='ltr'>conqueritur,</span> <span class='ocrx_word' id='word_1_527' title='bbox 954 3995 1248 4051; x_wconf 90' lang='lat' dir='ltr'>neminem</span> <span class='ocrx_word' id='word_1_528' title='bbox 1280 3995 1546 4065; x_wconf 89' lang='lat' dir='ltr'>inveniri,</span> <span class='ocrx_word' id='word_1_529' title='bbox 1567 4023 1593 4048; x_wconf 84' lang='lat'><strong>«</strong></span> <span class='ocrx_word' id='word_1_530' title='bbox 1623 3998 1722 4070; x_wconf 87' lang='lat' dir='ltr'>qui</span> <span class='ocrx_word' id='word_1_531' title='bbox 1755 4017 1860 4072; x_wconf 94' lang='lat' dir='ltr'>pro</span> <span class='ocrx_word' id='word_1_532' title='bbox 1892 4000 2042 4055; x_wconf 88' lang='lat' dir='ltr'>indi-</span> 
     </span>
    </p>
   </div>
   <div class='ocr_carea' id='block_1_73' title="bbox 393 4084 2042 4157">
    <p class='ocr_par' dir='ltr' id='par_1_73' title="bbox 393 4084 2042 4157">
     <span class='ocr_line' id='line_1_73' title="bbox 393 4084 2042 4157; baseline 0.004 -18"><span class='ocrx_word' id='word_1_533' title='bbox 393 4084 666 4157; x_wconf 90' lang='lat' dir='ltr'>gentibus</span> <span class='ocrx_word' id='word_1_534' title='bbox 717 4085 1082 4150; x_wconf 89' lang='lat' dir='ltr'>interveniat,</span> <span class='ocrx_word' id='word_1_535' title='bbox 1117 4102 1220 4156; x_wconf 92' lang='lat' dir='ltr'>pro</span> <span class='ocrx_word' id='word_1_536' title='bbox 1267 4087 1562 4142; x_wconf 89' lang='lat' dir='ltr'>damnatis</span> <span class='ocrx_word' id='word_1_537' title='bbox 1610 4094 1839 4145; x_wconf 82' lang='lat' dir='ltr'>exoret:</span> <span class='ocrx_word' id='word_1_538' title='bbox 1867 4106 2042 4146; x_wconf 72' lang='lat' dir='ltr'>neos-</span> 
     </span>
    </p>
   </div>
   <div class='ocr_carea' id='block_1_74' title="bbox 394 4172 2046 4252">
    <p class='ocr_par' dir='ltr' id='par_1_74' title="bbox 394 4172 2046 4252">
     <span class='ocr_line' id='line_1_74' title="bbox 394 4172 2046 4252; baseline 0.004 -24"><span class='ocrx_word' id='word_1_539' title='bbox 394 4173 647 4244; x_wconf 86' lang='lat' dir='ltr'>demque</span> <span class='ocrx_word' id='word_1_540' title='bbox 667 4173 739 4228; x_wconf 90' lang='lat' dir='ltr'>ad</span> <span class='ocrx_word' id='word_1_541' title='bbox 767 4189 834 4228; x_wconf 89' lang='lat' dir='ltr'>ea</span> <span class='ocrx_word' id='word_1_542' title='bbox 858 4172 1164 4246; x_wconf 86' lang='lat' dir='ltr'>relegenda</span> <span class='ocrx_word' id='word_1_543' title='bbox 1193 4178 1249 4230; x_wconf 91' lang='lat' dir='ltr'>et</span> <span class='ocrx_word' id='word_1_544' title='bbox 1274 4177 1650 4248; x_wconf 88' lang='lat' dir='ltr'>expendenda</span> <span class='ocrx_word' id='word_1_545' title='bbox 1669 4178 1899 4247; x_wconf 84' lang='lat' dir='ltr'>excitat,</span> <span class='ocrx_word' id='word_1_546' title='bbox 1921 4180 2046 4252; x_wconf 90' lang='lat' dir='ltr'>qui-</span> 
     </span>
    </p>
   </div>
   <div class='ocr_carea' id='block_1_75' title="bbox 396 4261 2046 4338">
    <p class='ocr_par' dir='ltr' id='par_1_75' title="bbox 396 4261 2046 4338">
     <span class='ocr_line' id='line_1_75' title="bbox 396 4261 2046 4338; baseline 0.005 -22"><span class='ocrx_word' id='word_1_547' title='bbox 396 4261 507 4318; x_wconf 90' lang='lat' dir='ltr'>bus</span> <span class='ocrx_word' id='word_1_548' title='bbox 536 4263 608 4318; x_wconf 91' lang='lat' dir='ltr'>ad</span> <span class='ocrx_word' id='word_1_549' title='bbox 637 4262 725 4317; x_wconf 90' lang='lat' dir='ltr'>sui</span> <span class='ocrx_word' id='word_1_550' title='bbox 751 4263 1320 4319; x_wconf 90' lang='lat' dir='ltr'>commiserationem</span> <span class='ocrx_word' id='word_1_551' title='bbox 1345 4282 1630 4338; x_wconf 90' lang='lat' dir='ltr'>opemque</span> <span class='ocrx_word' id='word_1_552' title='bbox 1654 4268 2046 4334; x_wconf 83' lang='lat' dir='ltr'>terendam,et</span> 
     </span>
    </p>
   </div>
   <div class='ocr_carea' id='block_1_76' title="bbox 397 4351 2046 4428">
    <p class='ocr_par' dir='ltr' id='par_1_76' title="bbox 397 4351 2046 4428">
     <span class='ocr_line' id='line_1_76' title="bbox 397 4351 2046 4428; baseline 0.005 -22"><span class='ocrx_word' id='word_1_553' title='bbox 397 4351 469 4407; x_wconf 83' lang='lat' dir='ltr'>ad</span> <span class='ocrx_word' id='word_1_554' title='bbox 501 4351 893 4423; x_wconf 90' lang='lat' dir='ltr'>patrocinium</span> <span class='ocrx_word' id='word_1_555' title='bbox 913 4369 1017 4424; x_wconf 90' lang='lat' dir='ltr'>pro</span> <span class='ocrx_word' id='word_1_556' title='bbox 1040 4369 1100 4408; x_wconf 90' lang='lat' dir='ltr'>se</span> <span class='ocrx_word' id='word_1_557' title='bbox 1122 4353 1610 4426; x_wconf 89' lang='lat' dir='ltr'>interponendum</span> <span class='ocrx_word' id='word_1_558' title='bbox 1643 4373 2046 4428; x_wconf 90' lang='lat' dir='ltr'>permoveren-</span> 
     </span>
    </p>
   </div>
   <div class='ocr_carea' id='block_1_77' title="bbox 399 4441 2045 4520">
    <p class='ocr_par' dir='ltr' id='par_1_77' title="bbox 399 4441 2045 4520">
     <span class='ocr_line' id='line_1_77' title="bbox 399 4441 2045 4520; baseline 0.007 -27"><span class='ocrx_word' id='word_1_559' title='bbox 399 4444 521 4502; x_wconf 84' lang='lat' dir='ltr'>tur;</span> <span class='ocrx_word' id='word_1_560' title='bbox 554 4457 690 4495; x_wconf 91' lang='lat' dir='ltr'>cum</span> <span class='ocrx_word' id='word_1_561' title='bbox 715 4441 1037 4512; x_wconf 72' lang='lat' dir='ltr'>praesertim</span> <span class='ocrx_word' id='word_1_562' title='bbox 1061 4443 1212 4514; x_wconf 91' lang='lat' dir='ltr'>apud</span> <span class='ocrx_word' id='word_1_563' title='bbox 1243 4443 1503 4516; x_wconf 91' lang='lat' dir='ltr'>Ugonem</span> <span class='ocrx_word' id='word_1_564' title='bbox 1530 4461 1722 4518; x_wconf 90' lang='lat' dir='ltr'>regem</span> <span class='ocrx_word' id='word_1_565' title='bbox 1747 4449 2045 4520; x_wconf 89' lang='lat' dir='ltr'>conregio-</span> 
     </span>
    </p>
   </div>
   <div class='ocr_carea' id='block_1_78' title="bbox 399 4528 1865 4602">
    <p class='ocr_par' dir='ltr' id='par_1_78' title="bbox 399 4528 1865 4602">
     <span class='ocr_line' id='line_1_78' title="bbox 399 4528 1865 4602; baseline 0.005 -18"><span class='ocrx_word' id='word_1_566' title='bbox 399 4528 592 4584; x_wconf 87' lang='lat' dir='ltr'>nalem</span> <span class='ocrx_word' id='word_1_567' title='bbox 625 4546 800 4584; x_wconf 90' lang='lat' dir='ltr'>suum</span> <span class='ocrx_word' id='word_1_568' title='bbox 831 4547 930 4586; x_wconf 90' lang='lat' dir='ltr'>eos</span> <span class='ocrx_word' id='word_1_569' title='bbox 961 4530 1282 4602; x_wconf 90' lang='lat' dir='ltr'>plurimum</span> <span class='ocrx_word' id='word_1_570' title='bbox 1313 4533 1503 4590; x_wconf 89' lang='lat' dir='ltr'>valere</span> <span class='ocrx_word' id='word_1_571' title='bbox 1533 4536 1865 4592; x_wconf 81' lang='lat' dir='ltr'>conﬁderet.</span> 
     </span>
    </p>
   </div>
   <div class='ocr_carea' id='block_1_79' title="bbox 2148 3361 3801 3448">
    <p class='ocr_par' dir='ltr' id='par_1_79' title="bbox 2148 3361 3801 3448">
     <span class='ocr_line' id='line_1_79' title="bbox 2148 3361 3801 3448; baseline -0.01 -18"><span class='ocrx_word' id='word_1_572' title='bbox 2148 3375 2300 3448; x_wconf 92' lang='lat' dir='ltr'>quod</span> <span class='ocrx_word' id='word_1_573' title='bbox 2332 3390 2518 3429; x_wconf 91' lang='lat' dir='ltr'>unum</span> <span class='ocrx_word' id='word_1_574' title='bbox 2550 3372 2805 3427; x_wconf 88' lang='lat' dir='ltr'>habebat</span> <span class='ocrx_word' id='word_1_575' title='bbox 2837 3371 2894 3424; x_wconf 93' lang='lat' dir='ltr'>in</span> <span class='ocrx_word' id='word_1_576' title='bbox 2937 3370 3234 3441; x_wconf 89' lang='lat' dir='ltr'>promptu,</span> <span class='ocrx_word' id='word_1_577' title='bbox 3255 3365 3446 3420; x_wconf 90' lang='lat' dir='ltr'>eidem</span> <span class='ocrx_word' id='word_1_578' title='bbox 3494 3361 3704 3417; x_wconf 83' lang='lat' dir='ltr'>direxit</span> <span class='ocrx_word' id='word_1_579' title='bbox 3733 3377 3801 3415; x_wconf 88' lang='lat' dir='ltr'>ea</span> 
     </span>
    </p>
   </div>
   <div class='ocr_carea' id='block_1_80' title="bbox 2148 3451 3800 3528">
    <p class='ocr_par' dir='ltr' id='par_1_80' title="bbox 2148 3451 3800 3528">
     <span class='ocr_line' id='line_1_80' title="bbox 2148 3451 3800 3528; baseline -0.01 -8"><span class='ocrx_word' id='word_1_580' title='bbox 2148 3463 2501 3528; x_wconf 90' lang='lat' dir='ltr'>conditione,</span> <span class='ocrx_word' id='word_1_581' title='bbox 2541 3467 2605 3517; x_wconf 92' lang='lat' dir='ltr'>ut</span> <span class='ocrx_word' id='word_1_582' title='bbox 2637 3460 2780 3516; x_wconf 90' lang='lat' dir='ltr'>illud</span> <span class='ocrx_word' id='word_1_583' title='bbox 2814 3458 2925 3514; x_wconf 91' lang='lat' dir='ltr'>sibi</span> <span class='ocrx_word' id='word_1_584' title='bbox 2959 3457 3122 3512; x_wconf 87' lang='lat' dir='ltr'>ocius</span> <span class='ocrx_word' id='word_1_585' title='bbox 3153 3451 3668 3510; x_wconf 87' lang='lat' dir='ltr'>remitteret.Hanc</span> <span class='ocrx_word' id='word_1_586' title='bbox 3697 3466 3800 3504; x_wconf 90' lang='lat' dir='ltr'>au-</span> 
     </span>
    </p>
   </div>
   <div class='ocr_carea' id='block_1_81' title="bbox 2149 3537 3800 3624">
    <p class='ocr_par' dir='ltr' id='par_1_81' title="bbox 2149 3537 3800 3624">
     <span class='ocr_line' id='line_1_81' title="bbox 2149 3537 3800 3624; baseline -0.014 -14"><span class='ocrx_word' id='word_1_587' title='bbox 2149 3560 2267 3610; x_wconf 90' lang='lat' dir='ltr'>tem</span> <span class='ocrx_word' id='word_1_588' title='bbox 2299 3551 2607 3624; x_wconf 85' lang='lat' dir='ltr'>epistolam</span> <span class='ocrx_word' id='word_1_589' title='bbox 2640 3553 2771 3620; x_wconf 91' lang='lat' dir='ltr'>post</span> <span class='ocrx_word' id='word_1_590' title='bbox 2798 3546 3034 3601; x_wconf 90' lang='lat' dir='ltr'>initium</span> <span class='ocrx_word' id='word_1_591' title='bbox 3068 3543 3204 3598; x_wconf 90' lang='lat' dir='ltr'>anni</span> <span class='ocrx_word' id='word_1_592' title='bbox 3234 3542 3341 3596; x_wconf 78' lang='grc'>940</span> <span class='ocrx_word' id='word_1_593' title='bbox 3371 3540 3443 3595; x_wconf 91' lang='lat' dir='ltr'>ab</span> <span class='ocrx_word' id='word_1_594' title='bbox 3474 3537 3676 3624; x_wconf 81' lang='lat' dir='ltr'>exsilio</span> <span class='ocrx_word' id='word_1_595' title='bbox 3697 3538 3800 3624; x_wconf 75' lang='lat' dir='ltr'>Cc-</span> 
     </span>
    </p>
   </div>
   <div class='ocr_carea' id='block_1_82' title="bbox 2151 3621 3806 3704">
    <p class='ocr_par' dir='ltr' id='par_1_82' title="bbox 2151 3621 3806 3704">
     <span class='ocr_line' id='line_1_82' title="bbox 2151 3621 3806 3704; baseline -0.013 -7"><span class='ocrx_word' id='word_1_596' title='bbox 2151 3621 2352 3697; x_wconf 37' lang='lat' dir='ltr'>mensi&#39;</span> <span class='ocrx_word' id='word_1_597' title='bbox 2383 3638 2708 3694; x_wconf 88' lang='lat' dir='ltr'>dissolutus</span> <span class='ocrx_word' id='word_1_598' title='bbox 2739 3633 2994 3704; x_wconf 86' lang='lat' dir='ltr'>scripsit,</span> <span class='ocrx_word' id='word_1_599' title='bbox 3029 3636 3344 3700; x_wconf 89' lang='lat' dir='ltr'>antequam</span> <span class='ocrx_word' id='word_1_600' title='bbox 3393 3626 3450 3680; x_wconf 91' lang='lat' dir='ltr'>in</span> <span class='ocrx_word' id='word_1_601' title='bbox 3502 3621 3806 3678; x_wconf 84' lang='lat' dir='ltr'>Provincia</span> 
     </span>
    </p>
   </div>
   <div class='ocr_carea' id='block_1_83' title="bbox 2152 3711 3804 3800">
    <p class='ocr_par' dir='ltr' id='par_1_83' title="bbox 2152 3711 3804 3800">
     <span class='ocr_line' id='line_1_83' title="bbox 2152 3711 3804 3800; baseline -0.013 -14"><span class='ocrx_word' id='word_1_602' title='bbox 2152 3728 2506 3800; x_wconf 84' lang='lat' dir='ltr'>Roestangni</span> <span class='ocrx_word' id='word_1_603' title='bbox 2551 3721 2904 3780; x_wconf 86' lang='lat' dir='ltr'>institutioni</span> <span class='ocrx_word' id='word_1_604' title='bbox 2957 3735 3084 3776; x_wconf 90' lang='lat' dir='ltr'>sese</span> <span class='ocrx_word' id='word_1_605' title='bbox 3138 3716 3452 3773; x_wconf 89' lang='lat' dir='ltr'>addiceret.</span> <span class='ocrx_word' id='word_1_606' title='bbox 3477 3711 3620 3768; x_wconf 82' lang='lat' dir='ltr'>Hinc</span> <span class='ocrx_word' id='word_1_607' title='bbox 3668 3725 3804 3766; x_wconf 88' lang='lat' dir='ltr'>cum</span> 
     </span>
    </p>
   </div>
   <div class='ocr_carea' id='block_1_84' title="bbox 2152 3804 3805 3887">
    <p class='ocr_par' dir='ltr' id='par_1_84' title="bbox 2152 3804 3805 3887">
     <span class='ocr_line' id='line_1_84' title="bbox 2152 3804 3805 3887; baseline -0.013 -11"><span class='ocrx_word' id='word_1_608' title='bbox 2152 3819 2293 3876; x_wconf 91' lang='lat' dir='ltr'>nulli</span> <span class='ocrx_word' id='word_1_609' title='bbox 2321 3822 2474 3874; x_wconf 90' lang='lat' dir='ltr'>esset</span> <span class='ocrx_word' id='word_1_610' title='bbox 2495 3814 2803 3887; x_wconf 82' lang='lat' dir='ltr'>obligatus,</span> <span class='ocrx_word' id='word_1_611' title='bbox 2830 3808 3089 3868; x_wconf 83' lang='lat' dir='ltr'>Rotberti</span> <span class='ocrx_word' id='word_1_612' title='bbox 3121 3804 3354 3863; x_wconf 79' lang='lat' dir='ltr'>servitio</span> <span class='ocrx_word' id='word_1_613' title='bbox 3378 3817 3505 3860; x_wconf 91' lang='lat' dir='ltr'>sese</span> <span class='ocrx_word' id='word_1_614' title='bbox 3533 3805 3805 3874; x_wconf 84' lang='lat' dir='ltr'>paratum</span> 
     </span>
    </p>
   </div>
   <div class='ocr_carea' id='block_1_85' title="bbox 2151 3890 3806 3977">
    <p class='ocr_par' dir='ltr' id='par_1_85' title="bbox 2151 3890 3806 3977">
     <span class='ocr_line' id='line_1_85' title="bbox 2151 3890 3806 3977; baseline -0.013 -11"><span class='ocrx_word' id='word_1_615' title='bbox 2151 3908 2402 3974; x_wconf 86' lang='lat' dir='ltr'>exhibet,</span> <span class='ocrx_word' id='word_1_616' title='bbox 2427 3911 2492 3962; x_wconf 92' lang='lat' dir='ltr'>ut</span> <span class='ocrx_word' id='word_1_617' title='bbox 2531 3906 2588 3961; x_wconf 92' lang='lat' dir='ltr'>in</span> <span class='ocrx_word' id='word_1_618' title='bbox 2622 3903 2812 3977; x_wconf 88' lang='lat' dir='ltr'>prima</span> <span class='ocrx_word' id='word_1_619' title='bbox 2841 3898 3218 3956; x_wconf 84' lang='lat' dir='ltr'>adnotatione</span> <span class='ocrx_word' id='word_1_620' title='bbox 3249 3895 3320 3951; x_wconf 91' lang='lat' dir='ltr'>ad</span> <span class='ocrx_word' id='word_1_621' title='bbox 3353 3891 3619 3950; x_wconf 88' lang='lat' dir='ltr'>eamdem</span> <span class='ocrx_word' id='word_1_622' title='bbox 3651 3890 3806 3963; x_wconf 86' lang='lat' dir='ltr'>epis-</span> 
     </span>
    </p>
   </div>
   <div class='ocr_carea' id='block_1_86' title="bbox 2152 3991 3092 4070">
    <p class='ocr_par' dir='ltr' id='par_1_86' title="bbox 2152 3991 3092 4070">
     <span class='ocr_line' id='line_1_86' title="bbox 2152 3991 3092 4070; baseline -0.015 -14"><span class='ocrx_word' id='word_1_623' title='bbox 2152 3999 2326 4056; x_wconf 89' lang='lat' dir='ltr'>tolam</span> <span class='ocrx_word' id='word_1_624' title='bbox 2362 3995 2630 4070; x_wconf 89' lang='lat' dir='ltr'>pluribus</span> <span class='ocrx_word' id='word_1_625' title='bbox 2655 3991 3092 4048; x_wconf 88' lang='lat' dir='ltr'>constituimus.</span> 
     </span>
    </p>
   </div>
   <div class='ocr_carea' id='block_1_87' title="bbox 2220 4067 3808 4150">
    <p class='ocr_par' dir='ltr' id='par_1_87' title="bbox 2220 4067 3808 4150">
     <span class='ocr_line' id='line_1_87' title="bbox 2220 4067 3808 4150; baseline -0.015 -5"><span class='ocrx_word' id='word_1_626' title='bbox 2220 4067 2571 4145; x_wconf 81' lang='lat' dir='ltr'>30.1nterim</span> <span class='ocrx_word' id='word_1_627' title='bbox 2612 4081 2888 4138; x_wconf 90' lang='lat' dir='ltr'>omnibus</span> <span class='ocrx_word' id='word_1_628' title='bbox 2931 4092 3130 4150; x_wconf 89' lang='lat' dir='ltr'>egens,</span> <span class='ocrx_word' id='word_1_629' title='bbox 3161 4075 3219 4129; x_wconf 89' lang='lat' dir='ltr'>in</span> <span class='ocrx_word' id='word_1_630' title='bbox 3253 4069 3575 4137; x_wconf 87' lang='lat' dir='ltr'>Provincia,</span> <span class='ocrx_word' id='word_1_631' title='bbox 3599 4073 3669 4125; x_wconf 86' lang='lat' dir='ltr'>ut</span> <span class='ocrx_word' id='word_1_632' title='bbox 3694 4067 3808 4122; x_wconf 89' lang='lat' dir='ltr'>sibi</span> 
     </span>
    </p>
   </div>
   <div class='ocr_carea' id='block_1_88' title="bbox 2152 4158 3806 4248">
    <p class='ocr_par' dir='ltr' id='par_1_88' title="bbox 2152 4158 3806 4248">
     <span class='ocr_line' id='line_1_88' title="bbox 2152 4158 3806 4248; baseline -0.014 -14"><span class='ocrx_word' id='word_1_633' title='bbox 2152 4179 2370 4234; x_wconf 85' lang='lat' dir='ltr'>victum</span> <span class='ocrx_word' id='word_1_634' title='bbox 2393 4167 3027 4248; x_wconf 87' lang='lat' dir='ltr'>compararet,docendi</span> <span class='ocrx_word' id='word_1_635' title='bbox 3047 4163 3306 4221; x_wconf 81' lang='lat' dir='ltr'>officium</span> <span class='ocrx_word' id='word_1_636' title='bbox 3331 4159 3646 4232; x_wconf 83' lang='lat' dir='ltr'>suscepit.«</span> <span class='ocrx_word' id='word_1_637' title='bbox 3662 4158 3806 4212; x_wconf 90' lang='lat' dir='ltr'>Cum</span> 
     </span>
    </p>
   </div>
   <div class='ocr_carea' id='block_1_89' title="bbox 2156 4249 3808 4338">
    <p class='ocr_par' dir='ltr' id='par_1_89' title="bbox 2156 4249 3808 4338">
     <span class='ocr_line' id='line_1_89' title="bbox 2156 4249 3808 4338; baseline -0.016 -13"><span class='ocrx_word' id='word_1_638' title='bbox 2156 4271 2215 4324; x_wconf 92' lang='lat' dir='ltr'>in</span> <span class='ocrx_word' id='word_1_639' title='bbox 2240 4285 2306 4324; x_wconf 90' lang='lat' dir='ltr'>ea</span> <span class='ocrx_word' id='word_1_640' title='bbox 2327 4271 2488 4338; x_wconf 89' lang='lat' dir='ltr'>parte</span> <span class='ocrx_word' id='word_1_641' title='bbox 2511 4259 2916 4335; x_wconf 72' lang='lat' dir='ltr'>Burgundiae,»</span> <span class='ocrx_word' id='word_1_642' title='bbox 2931 4255 3124 4328; x_wconf 91' lang='lat' dir='ltr'>inquit</span> <span class='ocrx_word' id='word_1_643' title='bbox 3136 4251 3457 4310; x_wconf 87' lang='lat' dir='ltr'>Fulcuinus</span> <span class='ocrx_word' id='word_1_644' title='bbox 3475 4249 3665 4338; x_wconf 60' lang='lat' dir='ltr'>c.20,«</span> <span class='ocrx_word' id='word_1_645' title='bbox 3681 4261 3808 4338; x_wconf 70' lang='lat' dir='ltr'>quas</span> 
     </span>
    </p>
   </div>
   <div class='ocr_carea' id='block_1_90' title="bbox 2156 4333 3812 4413">
    <p class='ocr_par' dir='ltr' id='par_1_90' title="bbox 2156 4333 3812 4413">
     <span class='ocr_line' id='line_1_90' title="bbox 2156 4333 3812 4413; baseline -0.017 0"><span class='ocrx_word' id='word_1_646' title='bbox 2156 4333 2459 4412; x_wconf 79' lang='lat' dir='ltr'>Provincia</span> <span class='ocrx_word' id='word_1_647' title='bbox 2489 4333 2721 4413; x_wconf 77' lang='lat' dir='ltr'>dicitur,</span> <span class='ocrx_word' id='word_1_648' title='bbox 2751 4346 3119 4409; x_wconf 89' lang='lat' dir='ltr'>mansitaret,</span> <span class='ocrx_word' id='word_1_649' title='bbox 3142 4341 3330 4396; x_wconf 90' lang='lat' dir='ltr'>ﬁlium</span> <span class='ocrx_word' id='word_1_650' title='bbox 3363 4337 3672 4407; x_wconf 87' lang='lat' dir='ltr'>cujusdam</span> <span class='ocrx_word' id='word_1_651' title='bbox 3701 4333 3812 4394; x_wconf 83' lang='lat' dir='ltr'>viri</span> 
     </span>
    </p>
   </div>
   <div class='ocr_carea' id='block_1_91' title="bbox 2157 4419 3814 4505">
    <p class='ocr_par' dir='ltr' id='par_1_91' title="bbox 2157 4419 3814 4505">
     <span class='ocr_line' id='line_1_91' title="bbox 2157 4419 3814 4505; baseline -0.019 -2"><span class='ocrx_word' id='word_1_652' title='bbox 2157 4444 2432 4504; x_wconf 88' lang='lat' dir='ltr'>ditissimi</span> <span class='ocrx_word' id='word_1_653' title='bbox 2463 4441 2698 4498; x_wconf 90' lang='lat' dir='ltr'>nomine</span> <span class='ocrx_word' id='word_1_654' title='bbox 2731 4439 3126 4505; x_wconf 83' lang='lat' dir='ltr'>Roestangum</span> <span class='ocrx_word' id='word_1_655' title='bbox 3153 4431 3225 4484; x_wconf 91' lang='lat' dir='ltr'>ad</span> <span class='ocrx_word' id='word_1_656' title='bbox 3257 4424 3643 4481; x_wconf 84' lang='lat' dir='ltr'>imbuendum</span> <span class='ocrx_word' id='word_1_657' title='bbox 3664 4419 3814 4474; x_wconf 88' lang='lat' dir='ltr'>litte-</span> 
     </span>
    </p>
   </div>
   <div class='ocr_carea' id='block_1_92' title="bbox 2160 4509 3811 4606">
    <p class='ocr_par' dir='ltr' id='par_1_92' title="bbox 2160 4509 3811 4606">
     <span class='ocr_line' id='line_1_92' title="bbox 2160 4509 3811 4606; baseline -0.019 -14"><span class='ocrx_word' id='word_1_658' title='bbox 2160 4537 2240 4591; x_wconf 87' lang='lat' dir='ltr'>ris</span> <span class='ocrx_word' id='word_1_659' title='bbox 2261 4532 2592 4606; x_wconf 87' lang='lat' dir='ltr'>postulatus</span> <span class='ocrx_word' id='word_1_660' title='bbox 2625 4525 2906 4599; x_wconf 78' lang='lat' dir='ltr'>recepit.»</span> <span class='ocrx_word' id='word_1_661' title='bbox 2932 4523 3050 4576; x_wconf 83' lang='lat' dir='ltr'>Hoc</span> <span class='ocrx_word' id='word_1_662' title='bbox 3081 4520 3138 4573; x_wconf 90' lang='lat' dir='ltr'>in</span> <span class='ocrx_word' id='word_1_663' title='bbox 3167 4516 3296 4585; x_wconf 73' lang='lat' dir='ltr'>[va]</span> <span class='ocrx_word' id='word_1_664' title='bbox 3320 4509 3811 4606; x_wconf 43' lang='lat' dir='ltr'>munere-librum</span> 
     </span>
    </p>
   </div>
   <div class='ocr_carea' id='block_1_93' title="bbox 470 4595 3814 4698">
    <p class='ocr_par' dir='ltr' id='par_1_93' title="bbox 470 4595 3814 4698">
     <span class='ocr_line' id='line_1_93' title="bbox 470 4595 3814 4698; baseline 0.002 -27"><span class='ocrx_word' id='word_1_665' title='bbox 470 4618 842 4674; x_wconf 82' lang='lat' dir='ltr'>20.Totidem</span> <span class='ocrx_word' id='word_1_666' title='bbox 876 4595 1061 4676; x_wconf 78' lang='lat' dir='ltr'>annos</span> <span class='ocrx_word' id='word_1_667' title='bbox 1092 4623 1282 4695; x_wconf 81' lang='lat' dir='ltr'>exegit</span> <span class='ocrx_word' id='word_1_668' title='bbox 1311 4622 1370 4677; x_wconf 90' lang='lat' dir='ltr'>in</span> <span class='ocrx_word' id='word_1_669' title='bbox 1395 4624 1663 4680; x_wconf 86' lang='lat' dir='ltr'>Comensi</span> <span class='ocrx_word' id='word_1_670' title='bbox 1689 4624 2062 4698; x_wconf 85' lang='lat' dir='ltr'>exsilio,quot</span> <span class='ocrx_word' id='word_1_671' title='bbox 2090 4633 2136 4698; x_wconf 87' lang='lat'>1)</span> <span class='ocrx_word' id='word_1_672' title='bbox 2167 4595 2425 4682; x_wconf 38' lang='lat' dir='ltr'>con‘didit</span> <span class='ocrx_word' id='word_1_673' title='bbox 2448 4643 2473 4669; x_wconf 83' lang='lat'>«</span> <span class='ocrx_word' id='word_1_674' title='bbox 2508 4621 2579 4674; x_wconf 89' lang='lat' dir='ltr'>de</span> <span class='ocrx_word' id='word_1_675' title='bbox 2609 4621 2732 4673; x_wconf 90' lang='lat' dir='ltr'>arte</span> <span class='ocrx_word' id='word_1_676' title='bbox 2758 4595 3194 4686; x_wconf 66' lang='lat' dir='ltr'>grammaticae,</span> <span class='ocrx_word' id='word_1_677' title='bbox 3219 4619 3394 4698; x_wconf 65' lang='lat' dir='ltr'>quem</span> <span class='ocrx_word' id='word_1_678' title='bbox 3444 4596 3690 4698; x_wconf 41' lang='lat' dir='ltr'>seruilio.</span> <span class='ocrx_word' id='word_1_679' title='bbox 3729 4595 3814 4698; x_wconf 64' lang='grc' dir='ltr'>Ῑοξ</span> 
     </span>
    </p>
   </div>
   <div class='ocr_carea' id='block_1_94' title="bbox 401 4707 2056 4780">
    <p class='ocr_par' dir='ltr' id='par_1_94' title="bbox 401 4707 2056 4780">
     <span class='ocr_line' id='line_1_94' title="bbox 401 4707 2056 4780; baseline 0.006 -19"><span class='ocrx_word' id='word_1_680' title='bbox 401 4707 460 4762; x_wconf 91' lang='lat' dir='ltr'>in</span> <span class='ocrx_word' id='word_1_681' title='bbox 496 4707 763 4780; x_wconf 86' lang='lat' dir='ltr'>Papiensi</span> <span class='ocrx_word' id='word_1_682' title='bbox 811 4725 1058 4780; x_wconf 88' lang='lat' dir='ltr'>carcere,</span> <span class='ocrx_word' id='word_1_683' title='bbox 1093 4710 1149 4765; x_wconf 92' lang='lat' dir='ltr'>id</span> <span class='ocrx_word' id='word_1_684' title='bbox 1179 4716 1267 4767; x_wconf 89' lang='lat' dir='ltr'>est</span> <span class='ocrx_word' id='word_1_685' title='bbox 1298 4729 1483 4768; x_wconf 90' lang='lat' dir='ltr'>annos</span> <span class='ocrx_word' id='word_1_686' title='bbox 1536 4713 1683 4769; x_wconf 89' lang='lat' dir='ltr'>duos</span> <span class='ocrx_word' id='word_1_687' title='bbox 1713 4731 1848 4770; x_wconf 91' lang='lat' dir='ltr'>cum</span> <span class='ocrx_word' id='word_1_688' title='bbox 1882 4717 2056 4771; x_wconf 92' lang='lat' dir='ltr'>dimi-</span> 
     </span>
    </p>
   </div>
   <div class='ocr_carea' id='block_1_95' title="bbox 401 4796 2057 4872">
    <p class='ocr_par' dir='ltr' id='par_1_95' title="bbox 401 4796 2057 4872">
     <span class='ocr_line' id='line_1_95' title="bbox 401 4796 2057 4872; baseline 0.007 -22"><span class='ocrx_word' id='word_1_689' title='bbox 401 4796 498 4852; x_wconf 91' lang='lat' dir='ltr'>dio</span> <span class='ocrx_word' id='word_1_690' title='bbox 532 4797 705 4868; x_wconf 79' lang='lat' dir='ltr'>(epist.</span> <span class='ocrx_word' id='word_1_691' title='bbox 733 4798 768 4850; x_wconf 85' lang='lat'>5</span> <span class='ocrx_word' id='word_1_692' title='bbox 795 4798 864 4852; x_wconf 85' lang='lat' dir='ltr'>ad</span> <span class='ocrx_word' id='word_1_693' title='bbox 889 4800 998 4866; x_wconf 73' lang='lat'>10.,</span> <span class='ocrx_word' id='word_1_694' title='bbox 1020 4816 1078 4853; x_wconf 93' lang='lat' dir='ltr'>n.</span> <span class='ocrx_word' id='word_1_695' title='bbox 1111 4802 1187 4867; x_wconf 84' lang='lat'>5).</span> <span class='ocrx_word' id='word_1_696' title='bbox 1209 4801 1337 4855; x_wconf 85' lang='lat' dir='ltr'>Fuit</span> <span class='ocrx_word' id='word_1_697' title='bbox 1378 4801 1558 4872; x_wconf 86' lang='lat' dir='ltr'>igitur</span> <span class='ocrx_word' id='word_1_698' title='bbox 1595 4802 1759 4857; x_wconf 86' lang='lat' dir='ltr'>exsul</span> <span class='ocrx_word' id='word_1_699' title='bbox 1793 4803 1951 4860; x_wconf 90' lang='lat' dir='ltr'>Comi</span> <span class='ocrx_word' id='word_1_700' title='bbox 1985 4807 2057 4861; x_wconf 91' lang='lat' dir='ltr'>ab</span> 
     </span>
    </p>
   </div>
   <div class='ocr_carea' id='block_1_96' title="bbox 403 4886 2060 4960">
    <p class='ocr_par' dir='ltr' id='par_1_96' title="bbox 403 4886 2060 4960">
     <span class='ocr_line' id='line_1_96' title="bbox 403 4886 2060 4960; baseline 0.005 -19"><span class='ocrx_word' id='word_1_701' title='bbox 403 4887 668 4958; x_wconf 85' lang='lat' dir='ltr'>Augusto</span> <span class='ocrx_word' id='word_1_702' title='bbox 717 4886 854 4941; x_wconf 90' lang='lat' dir='ltr'>anni</span> <span class='ocrx_word' id='word_1_703' title='bbox 887 4887 992 4941; x_wconf 84' lang='lat'>937</span> <span class='ocrx_word' id='word_1_704' title='bbox 1025 4905 1210 4960; x_wconf 89' lang='lat' dir='ltr'>usque</span> <span class='ocrx_word' id='word_1_705' title='bbox 1242 4891 1310 4944; x_wconf 92' lang='lat' dir='ltr'>ad</span> <span class='ocrx_word' id='word_1_706' title='bbox 1353 4890 1588 4946; x_wconf 89' lang='lat' dir='ltr'>initium</span> <span class='ocrx_word' id='word_1_707' title='bbox 1637 4891 1867 4948; x_wconf 91' lang='lat' dir='ltr'>circiter</span> <span class='ocrx_word' id='word_1_708' title='bbox 1920 4894 2060 4950; x_wconf 90' lang='lat' dir='ltr'>anni</span> 
     </span>
    </p>
   </div>
   <div class='ocr_carea' id='block_1_97' title="bbox 402 4976 2058 5050">
    <p class='ocr_par' dir='ltr' id='par_1_97' title="bbox 402 4976 2058 5050">
     <span class='ocr_line' id='line_1_97' title="bbox 402 4976 2058 5050; baseline 0.005 -20"><span class='ocrx_word' id='word_1_709' title='bbox 402 4976 528 5030; x_wconf 71' lang='grc'>940.</span> <span class='ocrx_word' id='word_1_710' title='bbox 560 4976 704 5031; x_wconf 89' lang='lat' dir='ltr'>Cum</span> <span class='ocrx_word' id='word_1_711' title='bbox 737 4981 930 5032; x_wconf 88' lang='lat' dir='ltr'>autem</span> <span class='ocrx_word' id='word_1_712' title='bbox 965 4976 1162 5050; x_wconf 89' lang='lat' dir='ltr'>Ugone</span> <span class='ocrx_word' id='word_1_713' title='bbox 1192 4981 1363 5036; x_wconf 74' lang='lat' dir='ltr'>invito</span> <span class='ocrx_word' id='word_1_714' title='bbox 1393 4996 1455 5035; x_wconf 91' lang='lat' dir='ltr'>se</span> <span class='ocrx_word' id='word_1_715' title='bbox 1502 4982 1575 5036; x_wconf 88' lang='lat' dir='ltr'>ab</span> <span class='ocrx_word' id='word_1_716' title='bbox 1606 4981 1712 5037; x_wconf 94' lang='lat' dir='ltr'>hoc</span> <span class='ocrx_word' id='word_1_717' title='bbox 1758 4983 1958 5039; x_wconf 89' lang='lat' dir='ltr'>exsilio</span> <span class='ocrx_word' id='word_1_718' title='bbox 1989 4984 2058 5038; x_wconf 90' lang='lat' dir='ltr'>li-</span> 
     </span>
    </p>
   </div>
   <div class='ocr_carea' id='block_1_98' title="bbox 406 5065 2060 5146">
    <p class='ocr_par' dir='ltr' id='par_1_98' title="bbox 406 5065 2060 5146">
     <span class='ocr_line' id='line_1_98' title="bbox 406 5065 2060 5146; baseline 0.005 -27"><span class='ocrx_word' id='word_1_719' title='bbox 406 5065 677 5121; x_wconf 90' lang='lat' dir='ltr'>beratum</span> <span class='ocrx_word' id='word_1_720' title='bbox 713 5066 995 5134; x_wconf 87' lang='lat' dir='ltr'>afﬁrmet;</span> <span class='ocrx_word' id='word_1_721' title='bbox 1024 5067 1110 5123; x_wconf 85' lang='lat' dir='ltr'>vel</span> <span class='ocrx_word' id='word_1_722' title='bbox 1143 5067 1293 5124; x_wconf 91' lang='lat' dir='ltr'>clam</span> <span class='ocrx_word' id='word_1_723' title='bbox 1317 5069 1494 5126; x_wconf 88' lang='lat' dir='ltr'>Como</span> <span class='ocrx_word' id='word_1_724' title='bbox 1520 5072 1842 5144; x_wconf 82' lang='lat' dir='ltr'>eﬁ&#39;ugit,vel</span> <span class='ocrx_word' id='word_1_725' title='bbox 1866 5090 2060 5146; x_wconf 88' lang='lat' dir='ltr'>regem</span> 
     </span>
    </p>
   </div>
   <div class='ocr_carea' id='block_1_99' title="bbox 407 5155 2064 5232">
    <p class='ocr_par' dir='ltr' id='par_1_99' title="bbox 407 5155 2064 5232">
     <span class='ocr_line' id='line_1_99' title="bbox 407 5155 2064 5232; baseline 0.006 -25"><span class='ocrx_word' id='word_1_726' title='bbox 407 5155 639 5209; x_wconf 79' lang='lat' dir='ltr'>invitum</span> <span class='ocrx_word' id='word_1_727' title='bbox 673 5171 740 5209; x_wconf 89' lang='lat' dir='ltr'>eo</span> <span class='ocrx_word' id='word_1_728' title='bbox 771 5172 949 5210; x_wconf 84' lang='lat' dir='ltr'>sensu</span> <span class='ocrx_word' id='word_1_729' title='bbox 976 5157 1139 5224; x_wconf 85' lang='lat' dir='ltr'>dixit,</span> <span class='ocrx_word' id='word_1_730' title='bbox 1164 5158 1301 5229; x_wconf 91' lang='lat' dir='ltr'>quia</span> <span class='ocrx_word' id='word_1_731' title='bbox 1335 5176 1451 5214; x_wconf 92' lang='lat' dir='ltr'>non</span> <span class='ocrx_word' id='word_1_732' title='bbox 1485 5165 1710 5232; x_wconf 87' lang='lat' dir='ltr'>sponte,</span> <span class='ocrx_word' id='word_1_733' title='bbox 1735 5162 1836 5216; x_wconf 90' lang='lat' dir='ltr'>sed</span> <span class='ocrx_word' id='word_1_734' title='bbox 1867 5161 2064 5217; x_wconf 86' lang='lat' dir='ltr'>lauda-</span> 
     </span>
    </p>
   </div>
   <div class='ocr_carea' id='block_1_100' title="bbox 409 5242 2060 5318">
    <p class='ocr_par' dir='ltr' id='par_1_100' title="bbox 409 5242 2060 5318">
     <span class='ocr_line' id='line_1_100' title="bbox 409 5242 2060 5318; baseline 0.007 -22"><span class='ocrx_word' id='word_1_735' title='bbox 409 5242 486 5297; x_wconf 90' lang='lat' dir='ltr'>tis</span> <span class='ocrx_word' id='word_1_736' title='bbox 509 5243 654 5298; x_wconf 86' lang='lat' dir='ltr'>forte</span> <span class='ocrx_word' id='word_1_737' title='bbox 676 5243 966 5316; x_wconf 88' lang='lat' dir='ltr'>episcopis</span> <span class='ocrx_word' id='word_1_738' title='bbox 992 5247 1303 5318; x_wconf 90' lang='lat' dir='ltr'>agentibus</span> <span class='ocrx_word' id='word_1_739' title='bbox 1326 5249 1576 5303; x_wconf 89' lang='lat' dir='ltr'>abeundi</span> <span class='ocrx_word' id='word_1_740' title='bbox 1603 5249 1847 5306; x_wconf 84' lang='lat' dir='ltr'>facultas</span> <span class='ocrx_word' id='word_1_741' title='bbox 1871 5251 2060 5307; x_wconf 90' lang='lat' dir='ltr'>eidem</span> 
     </span>
    </p>
   </div>
   <div class='ocr_carea' id='block_1_101' title="bbox 410 5331 2064 5412">
    <p class='ocr_par' dir='ltr' id='par_1_101' title="bbox 410 5331 2064 5412">
     <span class='ocr_line' id='line_1_101' title="bbox 410 5331 2064 5412; baseline 0.005 -27"><span class='ocrx_word' id='word_1_742' title='bbox 410 5331 530 5402; x_wconf 89' lang='lat' dir='ltr'>regi</span> <span class='ocrx_word' id='word_1_743' title='bbox 564 5335 785 5387; x_wconf 88' lang='lat' dir='ltr'>extorta</span> <span class='ocrx_word' id='word_1_744' title='bbox 835 5333 962 5388; x_wconf 84' lang='lat' dir='ltr'>fuit.</span> <span class='ocrx_word' id='word_1_745' title='bbox 987 5336 1161 5391; x_wconf 88' lang='lat' dir='ltr'>Como</span> <span class='ocrx_word' id='word_1_746' title='bbox 1211 5337 1269 5392; x_wconf 91' lang='lat' dir='ltr'>in</span> <span class='ocrx_word' id='word_1_747' title='bbox 1301 5337 1515 5394; x_wconf 84' lang='lat' dir='ltr'>Gallias</span> <span class='ocrx_word' id='word_1_748' title='bbox 1563 5355 1689 5394; x_wconf 87' lang='lat' dir='ltr'>sese</span> <span class='ocrx_word' id='word_1_749' title='bbox 1737 5340 1973 5412; x_wconf 89' lang='lat' dir='ltr'>recepit,</span> <span class='ocrx_word' id='word_1_750' title='bbox 2007 5344 2064 5395; x_wconf 91' lang='lat' dir='ltr'>et</span> 
     </span>
    </p>
   </div>
   <div class='ocr_carea' id='block_1_102' title="bbox 412 5419 2062 5497">
    <p class='ocr_par' dir='ltr' id='par_1_102' title="bbox 412 5419 2062 5497">
     <span class='ocr_line' id='line_1_102' title="bbox 412 5419 2062 5497; baseline 0.006 -25"><span class='ocrx_word' id='word_1_751' title='bbox 412 5419 677 5474; x_wconf 87' lang='lat' dir='ltr'>fortassis</span> <span class='ocrx_word' id='word_1_752' title='bbox 721 5422 876 5492; x_wconf 88' lang='lat' dir='ltr'>apud</span> <span class='ocrx_word' id='word_1_753' title='bbox 910 5422 1218 5480; x_wconf 80' lang='lat' dir='ltr'>Widoncm</span> <span class='ocrx_word' id='word_1_754' title='bbox 1270 5432 1372 5481; x_wconf 86' lang='lat' dir='ltr'>aut</span> <span class='ocrx_word' id='word_1_755' title='bbox 1416 5428 1770 5493; x_wconf 83' lang='lat' dir='ltr'>Sobboncm,</span> <span class='ocrx_word' id='word_1_756' title='bbox 1795 5428 1893 5497; x_wconf 90' lang='lat' dir='ltr'>qui</span> <span class='ocrx_word' id='word_1_757' title='bbox 1927 5445 2062 5482; x_wconf 90' lang='lat' dir='ltr'>eum</span> 
     </span>
    </p>
   </div>
   <div class='ocr_carea' id='block_1_103' title="bbox 409 5507 2066 5589">
    <p class='ocr_par' dir='ltr' id='par_1_103' title="bbox 409 5507 2066 5589">
     <span class='ocr_line' id='line_1_103' title="bbox 409 5507 2066 5589; baseline 0.006 -29"><span class='ocrx_word' id='word_1_758' title='bbox 409 5507 604 5562; x_wconf 87' lang='lat' dir='ltr'>videre</span> <span class='ocrx_word' id='word_1_759' title='bbox 635 5511 998 5580; x_wconf 84' lang='lat' dir='ltr'>expetebant.</span> <span class='ocrx_word' id='word_1_760' title='bbox 1030 5513 1145 5568; x_wconf 84' lang='lat' dir='ltr'>lloc</span> <span class='ocrx_word' id='word_1_761' title='bbox 1179 5520 1436 5587; x_wconf 85' lang='lat' dir='ltr'>tempore</span> <span class='ocrx_word' id='word_1_762' title='bbox 1466 5533 1807 5589; x_wconf 87' lang='lat' dir='ltr'>peragrasse</span> <span class='ocrx_word' id='word_1_763' title='bbox 1839 5517 2066 5571; x_wconf 87' lang='lat' dir='ltr'>videtur</span> 
     </span>
    </p>
   </div>
   <div class='ocr_carea' id='block_1_104' title="bbox 409 5597 2066 5679">
    <p class='ocr_par' dir='ltr' id='par_1_104' title="bbox 409 5597 2066 5679">
     <span class='ocr_line' id='line_1_104' title="bbox 409 5597 2066 5679; baseline 0.006 -28"><span class='ocrx_word' id='word_1_764' title='bbox 409 5600 529 5652; x_wconf 88' lang='lat' dir='ltr'>tres</span> <span class='ocrx_word' id='word_1_765' title='bbox 549 5597 869 5654; x_wconf 88' lang='lat' dir='ltr'>Galliarum</span> <span class='ocrx_word' id='word_1_766' title='bbox 894 5601 1242 5672; x_wconf 90' lang='lat' dir='ltr'>provincias,</span> <span class='ocrx_word' id='word_1_767' title='bbox 1267 5605 2066 5679; x_wconf 88' lang='lat' dir='ltr'>Burgundiam,Provinciam</span> 
     </span>
    </p>
   </div>
   <div class='ocr_carea' id='block_1_105' title="bbox 413 5686 2067 5764">
    <p class='ocr_par' dir='ltr' id='par_1_105' title="bbox 413 5686 2067 5764">
     <span class='ocr_line' id='line_1_105' title="bbox 413 5686 2067 5764; baseline 0.007 -24"><span class='ocrx_word' id='word_1_768' title='bbox 413 5686 524 5758; x_wconf 81' lang='lat' dir='ltr'><strong>[LV]</strong></span> <span class='ocrx_word' id='word_1_769' title='bbox 549 5689 606 5742; x_wconf 86' lang='lat' dir='ltr'>et</span> <span class='ocrx_word' id='word_1_770' title='bbox 633 5687 1079 5760; x_wconf 87' lang='lat' dir='ltr'>Septimaniam,</span> <span class='ocrx_word' id='word_1_771' title='bbox 1107 5709 1353 5762; x_wconf 84' lang='lat' dir='ltr'>quarum</span> <span class='ocrx_word' id='word_1_772' title='bbox 1385 5696 1652 5752; x_wconf 91' lang='lat' dir='ltr'>meminit</span> <span class='ocrx_word' id='word_1_773' title='bbox 1681 5695 1742 5751; x_wconf 93' lang='lat' dir='ltr'>in</span> <span class='ocrx_word' id='word_1_774' title='bbox 1771 5697 2067 5764; x_wconf 79' lang='lat' dir='ltr'>Qualitatis</span> 
     </span>
    </p>
   </div>
   <div class='ocr_carea' id='block_1_106' title="bbox 2169 4685 3816 4786">
    <p class='ocr_par' dir='ltr' id='par_1_106' title="bbox 2169 4685 3816 4786">
     <span class='ocr_line' id='line_1_106' title="bbox 2169 4685 3816 4786; baseline -0.018 -17"><span class='ocrx_word' id='word_1_775' title='bbox 2169 4711 2384 4786; x_wconf 89' lang='lat' dir='ltr'>quendi</span> <span class='ocrx_word' id='word_1_776' title='bbox 2416 4725 2574 4764; x_wconf 90' lang='lat' dir='ltr'>more</span> <span class='ocrx_word' id='word_1_777' title='bbox 2598 4704 3024 4777; x_wconf 90' lang='lat' dir='ltr'>Sparadorsum</span> <span class='ocrx_word' id='word_1_778' title='bbox 3048 4694 3293 4762; x_wconf 88' lang='lat' dir='ltr'>vocavit,</span> <span class='ocrx_word' id='word_1_779' title='bbox 3321 4709 3426 4765; x_wconf 91' lang='lat' dir='ltr'>pro</span> <span class='ocrx_word' id='word_1_780' title='bbox 3450 4705 3518 4786; x_wconf 64' lang='lat' dir='ltr'>ep</span> <span class='ocrx_word' id='word_1_781' title='bbox 3539 4687 3695 4786; x_wconf 67' lang='lat' dir='ltr'>qupd</span> <span class='ocrx_word' id='word_1_782' title='bbox 3712 4685 3816 4758; x_wconf 88' lang='lat' dir='ltr'>qui</span> 
     </span>
    </p>
   </div>
   <div class='ocr_carea' id='block_1_107' title="bbox 2167 4777 3818 4862">
    <p class='ocr_par' dir='ltr' id='par_1_107' title="bbox 2167 4777 3818 4862">
     <span class='ocr_line' id='line_1_107' title="bbox 2167 4777 3818 4862; baseline -0.018 -2"><span class='ocrx_word' id='word_1_783' title='bbox 2167 4777 2384 4860; x_wconf 74' lang='lat' dir='ltr'>scholis</span> <span class='ocrx_word' id='word_1_784' title='bbox 2416 4798 2774 4854; x_wconf 76' lang='lat' dir='ltr'>assuesceret</span> <span class='ocrx_word' id='word_1_785' title='bbox 2807 4788 3108 4862; x_wconf 89' lang='lat' dir='ltr'>puerulus,</span> <span class='ocrx_word' id='word_1_786' title='bbox 3132 4785 3374 4840; x_wconf 91' lang='lat' dir='ltr'>dorsum</span> <span class='ocrx_word' id='word_1_787' title='bbox 3407 4799 3441 4835; x_wconf 91' lang='lat' dir='ltr'>a</span> <span class='ocrx_word' id='word_1_788' title='bbox 3471 4777 3670 4850; x_wconf 80' lang='lat' dir='ltr'>ﬂagris</span> <span class='ocrx_word' id='word_1_789' title='bbox 3700 4791 3818 4832; x_wconf 82' lang='lat' dir='ltr'>ser-</span> 
     </span>
    </p>
   </div>
   <div class='ocr_carea' id='block_1_108' title="bbox 2165 4868 3812 4962">
    <p class='ocr_par' dir='ltr' id='par_1_108' title="bbox 2165 4868 3812 4962">
     <span class='ocr_line' id='line_1_108' title="bbox 2165 4868 3812 4962; baseline -0.019 -13"><span class='ocrx_word' id='word_1_790' title='bbox 2165 4908 2300 4949; x_wconf 90' lang='lat' dir='ltr'>vare</span> <span class='ocrx_word' id='word_1_791' title='bbox 2322 4893 2582 4962; x_wconf 84' lang='lat' dir='ltr'>posset.»</span> <span class='ocrx_word' id='word_1_792' title='bbox 2605 4883 2815 4940; x_wconf 90' lang='lat' dir='ltr'>Confer</span> <span class='ocrx_word' id='word_1_793' title='bbox 2847 4877 3238 4952; x_wconf 65' lang='lat' dir='ltr'>praefationem</span> <span class='ocrx_word' id='word_1_794' title='bbox 3272 4868 3624 4962; x_wconf 77' lang='lat' dir='ltr'>generalem,</span> <span class='ocrx_word' id='word_1_795' title='bbox 3647 4881 3812 4962; x_wconf 80' lang='lat' dir='ltr'>num.</span> 
     </span>
    </p>
   </div>
   <div class='ocr_carea' id='block_1_109' title="bbox 2170 4955 3818 5051">
    <p class='ocr_par' dir='ltr' id='par_1_109' title="bbox 2170 4955 3818 5051">
     <span class='ocr_line' id='line_1_109' title="bbox 2170 4955 3818 5051; baseline -0.019 -13"><span class='ocrx_word' id='word_1_796' title='bbox 2170 4984 2256 5038; x_wconf 85' lang='grc'>19.</span> <span class='ocrx_word' id='word_1_797' title='bbox 2278 4955 2526 5051; x_wconf 79' lang='lat' dir='ltr'>Aliquod</span> <span class='ocrx_word' id='word_1_798' title='bbox 2548 4993 2660 5030; x_wconf 91' lang='lat' dir='ltr'>non</span> <span class='ocrx_word' id='word_1_799' title='bbox 2684 4974 2855 5028; x_wconf 90' lang='lat' dir='ltr'>breve</span> <span class='ocrx_word' id='word_1_800' title='bbox 2873 4975 3105 5040; x_wconf 89' lang='lat' dir='ltr'>tempus</span> <span class='ocrx_word' id='word_1_801' title='bbox 3127 4964 3187 5020; x_wconf 90' lang='lat' dir='ltr'>in</span> <span class='ocrx_word' id='word_1_802' title='bbox 3204 4957 3560 5051; x_wconf 80' lang='lat' dir='ltr'>Roestangni</span> <span class='ocrx_word' id='word_1_803' title='bbox 3579 4955 3818 5051; x_wconf 80' lang='lat' dir='ltr'>nstitu-</span> 
     </span>
    </p>
   </div>
   <div class='ocr_carea' id='block_1_110' title="bbox 2169 5043 3817 5137">
    <p class='ocr_par' dir='ltr' id='par_1_110' title="bbox 2169 5043 3817 5137">
     <span class='ocr_line' id='line_1_110' title="bbox 2169 5043 3817 5137; baseline -0.019 -10"><span class='ocrx_word' id='word_1_804' title='bbox 2169 5074 2325 5127; x_wconf 89' lang='lat' dir='ltr'>tione</span> <span class='ocrx_word' id='word_1_805' title='bbox 2354 5043 2640 5137; x_wconf 76' lang='lat' dir='ltr'>transegit</span> <span class='ocrx_word' id='word_1_806' title='bbox 2663 5081 2674 5118; x_wconf 92' lang='lat'>:</span> <span class='ocrx_word' id='word_1_807' title='bbox 2701 5062 2870 5131; x_wconf 86' lang='lat' dir='ltr'>cujus</span> <span class='ocrx_word' id='word_1_808' title='bbox 2901 5073 3080 5113; x_wconf 88' lang='lat' dir='ltr'>causa</span> <span class='ocrx_word' id='word_1_809' title='bbox 3102 5079 3129 5105; x_wconf 88' lang='lat'><strong>«</strong></span> <span class='ocrx_word' id='word_1_810' title='bbox 3155 5051 3235 5108; x_wconf 92' lang='lat' dir='ltr'>ibi</span> <span class='ocrx_word' id='word_1_811' title='bbox 3255 5052 3338 5121; x_wconf 88' lang='lat' dir='ltr'>(id</span> <span class='ocrx_word' id='word_1_812' title='bbox 3374 5053 3464 5105; x_wconf 89' lang='lat' dir='ltr'>est</span> <span class='ocrx_word' id='word_1_813' title='bbox 3489 5047 3549 5102; x_wconf 91' lang='lat' dir='ltr'>in</span> <span class='ocrx_word' id='word_1_814' title='bbox 3579 5043 3817 5137; x_wconf 82' lang='lat' dir='ltr'>Provin-</span> 
     </span>
    </p>
   </div>
   <div class='ocr_carea' id='block_1_111' title="bbox 2171 5134 3818 5232">
    <p class='ocr_par' dir='ltr' id='par_1_111' title="bbox 2171 5134 3818 5232">
     <span class='ocr_line' id='line_1_111' title="bbox 2171 5134 3818 5232; baseline -0.019 -16"><span class='ocrx_word' id='word_1_815' title='bbox 2171 5162 2281 5232; x_wconf 80' lang='lat' dir='ltr'>cia)</span> <span class='ocrx_word' id='word_1_816' title='bbox 2304 5159 2352 5214; x_wconf 91' lang='lat' dir='ltr'>ei</span> <span class='ocrx_word' id='word_1_817' title='bbox 2377 5134 2747 5229; x_wconf 75' lang='lat' dir='ltr'>episcopatus</span> <span class='ocrx_word' id='word_1_818' title='bbox 2769 5150 2942 5203; x_wconf 88' lang='lat' dir='ltr'>datus</span> <span class='ocrx_word' id='word_1_819' title='bbox 2973 5149 3079 5210; x_wconf 90' lang='lat' dir='ltr'>est,</span> <span class='ocrx_word' id='word_1_820' title='bbox 3095 5158 3268 5232; x_wconf 79' lang='lat' dir='ltr'>quem</span> <span class='ocrx_word' id='word_1_821' title='bbox 3299 5139 3636 5232; x_wconf 70' lang='lat' dir='ltr'>relinquens</span> <span class='ocrx_word' id='word_1_822' title='bbox 3668 5134 3818 5231; x_wconf 60' lang='lat' dir='ltr'>Dau-</span> 
     </span>
    </p>
   </div>
   <div class='ocr_carea' id='block_1_112' title="bbox 2171 5221 3821 5312">
    <p class='ocr_par' dir='ltr' id='par_1_112' title="bbox 2171 5221 3821 5312">
     <span class='ocr_line' id='line_1_112' title="bbox 2171 5221 3821 5312; baseline -0.019 -7"><span class='ocrx_word' id='word_1_823' title='bbox 2171 5221 2299 5306; x_wconf 45' lang='lat' dir='ltr'>bials</span> <span class='ocrx_word' id='word_1_824' title='bbox 2316 5221 2674 5309; x_wconf 75' lang='lat' dir='ltr'>revertitur,»</span> <span class='ocrx_word' id='word_1_825' title='bbox 2691 5233 3188 5312; x_wconf 88' lang='lat' dir='ltr'>quemadmodum</span> <span class='ocrx_word' id='word_1_826' title='bbox 3204 5228 3482 5284; x_wconf 89' lang='lat' dir='ltr'>laudatus</span> <span class='ocrx_word' id='word_1_827' title='bbox 3502 5221 3821 5312; x_wconf 82' lang='lat' dir='ltr'>Fulcuinus</span> 
     </span>
    </p>
   </div>
   <div class='ocr_carea' id='block_1_113' title="bbox 2175 5311 3822 5410">
    <p class='ocr_par' dir='ltr' id='par_1_113' title="bbox 2175 5311 3822 5410">
     <span class='ocr_line' id='line_1_113' title="bbox 2175 5311 3822 5410; baseline -0.018 -17"><span class='ocrx_word' id='word_1_828' title='bbox 2175 5336 2446 5410; x_wconf 85' lang='lat' dir='ltr'>prodidit.</span> <span class='ocrx_word' id='word_1_829' title='bbox 2463 5333 2525 5388; x_wconf 90' lang='lat' dir='ltr'>In</span> <span class='ocrx_word' id='word_1_830' title='bbox 2540 5311 2934 5386; x_wconf 83' lang='lat' dir='ltr'>Confessionis</span> <span class='ocrx_word' id='word_1_831' title='bbox 2951 5323 3100 5379; x_wconf 92' lang='lat' dir='ltr'>libro</span> <span class='ocrx_word' id='word_1_832' title='bbox 3123 5317 3414 5410; x_wconf 76' lang='lat' dir='ltr'>posterius</span> <span class='ocrx_word' id='word_1_833' title='bbox 3436 5311 3822 5410; x_wconf 80' lang='lat' dir='ltr'>scriptoduos</span> 
     </span>
    </p>
   </div>
   <div class='ocr_carea' id='block_1_114' title="bbox 2174 5401 3822 5493">
    <p class='ocr_par' dir='ltr' id='par_1_114' title="bbox 2174 5401 3822 5493">
     <span class='ocr_line' id='line_1_114' title="bbox 2174 5401 3822 5493; baseline -0.018 -12"><span class='ocrx_word' id='word_1_834' title='bbox 2174 5401 2399 5482; x_wconf 74' lang='lat' dir='ltr'>tantum</span> <span class='ocrx_word' id='word_1_835' title='bbox 2433 5422 2802 5493; x_wconf 82' lang='lat' dir='ltr'>episcopatus</span> <span class='ocrx_word' id='word_1_836' title='bbox 2851 5414 2963 5469; x_wconf 86' lang='lat' dir='ltr'>sibi</span> <span class='ocrx_word' id='word_1_837' title='bbox 3003 5411 3243 5466; x_wconf 90' lang='lat' dir='ltr'>collatos</span> <span class='ocrx_word' id='word_1_838' title='bbox 3292 5404 3508 5470; x_wconf 89' lang='lat' dir='ltr'>innuit,</span> <span class='ocrx_word' id='word_1_839' title='bbox 3539 5401 3822 5457; x_wconf 89' lang='lat' dir='ltr'>nimirum</span> 
     </span>
    </p>
   </div>
   <div class='ocr_carea' id='block_1_115' title="bbox 2174 5495 3824 5571">
    <p class='ocr_par' dir='ltr' id='par_1_115' title="bbox 2174 5495 3824 5571">
     <span class='ocr_line' id='line_1_115' title="bbox 2174 5495 3824 5571; baseline -0.018 -2"><span class='ocrx_word' id='word_1_840' title='bbox 2174 5517 2565 5571; x_wconf 84' lang='lat' dir='ltr'>Veronensem</span> <span class='ocrx_word' id='word_1_841' title='bbox 2607 5514 2663 5563; x_wconf 90' lang='lat' dir='ltr'>et</span> <span class='ocrx_word' id='word_1_842' title='bbox 2708 5503 3140 5567; x_wconf 86' lang='lat' dir='ltr'>Leodicensem,</span> <span class='ocrx_word' id='word_1_843' title='bbox 3173 5515 3203 5553; x_wconf 89' lang='lat' dir='ltr'>c</span> <span class='ocrx_word' id='word_1_844' title='bbox 3234 5495 3450 5569; x_wconf 88' lang='lat' dir='ltr'>quibus</span> <span class='ocrx_word' id='word_1_845' title='bbox 3497 5507 3633 5547; x_wconf 90' lang='lat' dir='ltr'>cum</span> <span class='ocrx_word' id='word_1_846' title='bbox 3665 5501 3824 5559; x_wconf 65' lang='lat' dir='ltr'>asque</span> 
     </span>
    </p>
   </div>
   <div class='ocr_carea' id='block_1_116' title="bbox 2174 5576 3825 5676">
    <p class='ocr_par' dir='ltr' id='par_1_116' title="bbox 2174 5576 3825 5676">
     <span class='ocr_line' id='line_1_116' title="bbox 2174 5576 3825 5676; baseline -0.019 -15"><span class='ocrx_word' id='word_1_847' title='bbox 2174 5605 2383 5662; x_wconf 86' lang='lat' dir='ltr'>fuisset</span> <span class='ocrx_word' id='word_1_848' title='bbox 2408 5599 2635 5674; x_wconf 91' lang='lat' dir='ltr'>pulsus,</span> <span class='ocrx_word' id='word_1_849' title='bbox 2665 5598 2722 5652; x_wconf 90' lang='lat' dir='ltr'>in</span> <span class='ocrx_word' id='word_1_850' title='bbox 2755 5595 2959 5650; x_wconf 89' lang='lat' dir='ltr'>eodem</span> <span class='ocrx_word' id='word_1_851' title='bbox 2990 5591 3139 5646; x_wconf 89' lang='lat' dir='ltr'>libro</span> <span class='ocrx_word' id='word_1_852' title='bbox 3167 5589 3401 5644; x_wconf 83' lang='lat' dir='ltr'>exarato</span> <span class='ocrx_word' id='word_1_853' title='bbox 3431 5584 3566 5676; x_wconf 81' lang='lat' dir='ltr'>post</span> <span class='ocrx_word' id='word_1_854' title='bbox 3593 5576 3825 5676; x_wconf 65' lang='lat' dir='ltr'>ejectio-</span> 
     </span>
    </p>
   </div>
   <div class='ocr_carea' id='block_1_117' title="bbox 2176 5664 3825 5752">
    <p class='ocr_par' dir='ltr' id='par_1_117' title="bbox 2176 5664 3825 5752">
     <span class='ocr_line' id='line_1_117' title="bbox 2176 5664 3825 5752; baseline -0.023 0"><span class='ocrx_word' id='word_1_855' title='bbox 2176 5711 2312 5752; x_wconf 90' lang='lat' dir='ltr'>nem</span> <span class='ocrx_word' id='word_1_856' title='bbox 2344 5664 2518 5749; x_wconf 76' lang='lat' dir='ltr'>etiam</span> <span class='ocrx_word' id='word_1_857' title='bbox 2549 5664 2630 5745; x_wconf 18' lang='lat' dir='ltr'>dei</span> <span class='ocrx_word' id='word_1_858' title='bbox 2656 5685 2794 5743; x_wconf 88' lang='lat' dir='ltr'>sede</span> <span class='ocrx_word' id='word_1_859' title='bbox 2833 5678 3192 5746; x_wconf 89' lang='lat' dir='ltr'>Leodicensi,</span> <span class='ocrx_word' id='word_1_860' title='bbox 3227 5689 3390 5732; x_wconf 89' lang='lat' dir='ltr'>num.</span> <span class='ocrx_word' id='word_1_861' title='bbox 3422 5673 3478 5738; x_wconf 86' lang='lat'>2,</span> <span class='ocrx_word' id='word_1_862' title='bbox 3501 5670 3621 5726; x_wconf 81' lang='lat' dir='ltr'>haec</span> <span class='ocrx_word' id='word_1_863' title='bbox 3650 5664 3762 5722; x_wconf 89' lang='lat' dir='ltr'>sibi</span> <span class='ocrx_word' id='word_1_864' title='bbox 3791 5677 3825 5716; x_wconf 89' lang='lat' dir='ltr'>a</span> 
     </span>
    </p>
   </div>
  </div>
