4086 6188
214 241 290 312 BI
1178 245 1634 314 RATHERIUS
1679 246 2173 313 VERONENSIS
2217 243 2675 313 EPISGOPUS.
3563 235 3642 301 52
3682 302 3689 309 .
3736 246 3743 251 ’

215 367 575 437 δοηΐθεεωιῖο
602 377 758 437 dicta
784 380 961 438 refert
992 396 1006 436 :
1036 403 1064 432 ‹‹
1098 382 1178 438 Te
1210 382 1325 438 duo
1355 380 1649 454 episcopis
1676 381 1866 454 perdi-
1894 382 1951 453 Α
1977 381 2155 440 binde
2181 382 2618 445 accedentibus.
2641 397 2707 437 ac
2729 376 3052 452 praesertim
3073 372 3639 448 Mediolanensibus,

223 469 454 526 derunt.
479 489 509 518 »
531 468 591 525 Si
621 470 770 525 duos
812 473 1045 526 tantum
1072 470 1443 543 episcopatus
1474 469 1691 540 amisit,
1725 471 1875 527 duos
1984 489 2086 529 rex
2116 472 2257 549 Ugo,
2283 488 2421 545 erga
2442 487 2618 545 quem
2651 469 2779 527 Itali
2815 467 2965 525 male
2991 468 3157 523 erant
3188 464 3399 532 atl‘ecti,
3426 464 3644 521 Medio-

220 559 454 613 tantum
478 562 835 631 susceperat.
859 557 964 614 Hie
985 558 1163 631 igitur
1186 559 1394 614 tertius
1419 558 1788 632 episcopatus
1816 560 1874 614 in
1985 563 2191 618 Ianum
2214 562 2379 618 misit
2398 561 2610 616 Filium
2639 558 3003 625 Lotharium,
3019 559 3225 629 petens
3251 572 3284 610 a
3303 554 3647 626 Berengario

224 644 545 715 Provincia,
577 646 693 718 ipsi
741 647 919 716 datus,
957 648 1015 703 id
1056 652 1165 716 est,
1198 648 1427 704 oblatus
1473 648 1712 721 quidem
1761 648 1877 705 dici
1988 655 2046 707 et
2076 651 2299 708 caeteris
2333 650 2509 707 Italia:
2544 648 2918 725 primatibus,
2945 651 3011 702 ut
3059 645 3107 701 si
3158 661 3219 702 se
3267 645 3328 700 in
3362 642 3525 700 Italia
3556 660 3649 699 re-

228 737 445 808 potest,
478 732 727 791 collatus
756 751 890 791 vero
916 752 1032 791 non
1062 735 1223 793 item.

2031 757 2170 796 nare
2197 739 2452 814 amplius
2493 737 2737 810 nollent,
2769 735 2959 793 filium
3005 734 3213 792 saltem
3247 750 3421 790 suum
3453 730 3649 790 adole-

301 824 392 879 31.
424 824 629 896 Itaque
658 828 790 897 post
837 824 1175 881 institutum
1216 826 1680 899 Roestangnum,
1717 843 1883 883 recu-
1993 829 2348 898 scentulum,
2383 828 2481 901 qui
2514 827 2594 884 nil
2626 829 2684 882 in
2720 843 2820 883 eos
2851 825 3201 897 deliquerat,
3232 827 3290 879 et
3316 839 3386 878 ex
3414 827 3543 879 voto
3570 823 3653 894 ip-

232 916 360 968 sato
382 912 721 985 episcOpatu
750 912 863 985 ipsi
883 913 1076 970 oblato
1106 914 1167 970 in
1188 914 1510 983 Provincia,
1536 916 1791 972 Laubias
1813 917 1885 972 ad
1996 935 2194 975 eorum
2240 917 2476 974 educari
2523 921 2769 990 poterat,
2795 931 2991 988 regem
3042 911 3649 986 agnoscerent'avm).

233 1017 377 1058 suos
397 998 716 1058 monachos
737 1002 1245 1077 rediit.Tempusa
1264 1004 1546 1061 Fulcuino
1572 1005 1885 1062 indicatur.
1996 1008 2085 1064 Illi
2117 1007 2519 1064 misericordia
2546 1006 2837 1073 inclinati,
2866 1005 3065 1078 ipsum
3098 1001 3437 1059 Lotharium
3471 1002 3532 1056 in
3562 1017 3654 1056 ec-

239 1110 270 1140 «
292 1088 663 1158 Richarius,»
691 1090 904 1163 inquit,
934 1113 955 1141 ι
982 1096 1124 1148 tunc
1159 1092 1350 1147 adhuc
1379 1097 1701 1165 supererat,
1721 1111 1755 1149 a
1775 1112 1890 1167 quo
1999 1096 2177 1152 clesia
2206 1101 2339 1153 ante
2372 1112 2604 1152 crucem
2637 1098 2996 1167 prostratum
3027 1093 3355 1159 erexerunt,
3372 1093 3431 1147 et
3458 1106 3654 1164 regem

235 1177 628 1235 favorabiliter
655 1182 946 1252 receptus,
971 1180 1210 1236 Laubiis
1235 1184 1324 1236 est
1353 1181 1619 1239 habitare
1644 1183 1892 1256 permis-
2002 1186 2459 1258 proclamarunt.
2494 1186 2557 1241 Id
2590 1184 2951 1257 afﬁgendum
2979 1198 3130 1238 anno
3154 1182 3263 1236 945
3292 1179 3657 1236 Frodoardus

236 1282 502 1334 sus;nec
520 1265 707 1323 multo
728 1271 863 1339 post
880 1266 1187 1324 Richarius
1208 1269 1477 1337 decessit,
1498 1276 1809 1344 postquam
1834 1272 1894 1328 in
2006 1290 2230 1330 coaevus
2273 1279 2473 1330 auctor
2520 1291 2626 1330 nos
2674 1272 2945 1328 dubitare
2977 1287 3096 1327 non
3143 1268 3312 1337 sinit;
3344 1268 3455 1325 hoc
3503 1268 3659 1324 enim

240 1355 585 1428 episcopatu
610 1355 820 1429 viginti
851 1357 999 1413 duos
1038 1374 1222 1414 annos
1266 1359 1507 1431 peregit.
1537 1382 1565 1409 »
1589 1360 1895 1417 Richarius
2008 1362 2161 1417 anno
2190 1362 2393 1417 scribit
2442 1362 2500 1416 in
2549 1360 2831 1416 Chronico
2866 1376 2917 1414 ες(
2949 1359 3071 1431 Ugo
3111 1375 3211 1413 rex
3259 1356 3435 1413 Italiae
3484 1372 3662 1430 regno

246 1443 1068 1518 Leodicensisepiscopus,qui
1085 1446 1262 1502 simul
1280 1452 1405 1503 erat
1420 1448 1602 1504 abbas
1616 1449 1899 1506 Laubien-
2008 1449 2291 1522 depulsus
2312 1467 2345 1506 a
2367 1449 2510 1517 suis,
2537 1454 2592 1505 et
2612 1448 2770 1505 ﬁlius
2792 1448 2980 1522 ipsius
3002 1447 3061 1503 in
3084 1462 3331 1520 regnum
3354 1449 3664 1518 susceptus

249 1532 354 1601 sis,
377 1537 681 1606 promotus
707 1534 895 1591 fuerat
922 1551 1074 1591 anno
1098 1537 1302 1603 922,ut
1330 1537 1584 1593 vidimus
1617 1555 1780 1594 num.
1811 1542 1899 1595 10.
2011 1543 2120 1596 est.
2146 1560 2174 1589 »
2198 1539 2437 1596 Interim
2480 1543 2602 1612 Ugo
2652 1555 2770 1594 sum
2822 1537 2949 1593 vitae
2997 1535 3325 1609 periculum
3374 1538 3660 1602 metuens,

245 1621 307 1678 Si
328 1624 526 1679 autem
539 1646 567 1673 «
589 1621 647 1677 in
669 1622 1009 1695 episcopatu
1022 1624 1226 1698 viginti
1249 1626 1395 1681 duos
1413 1643 1598 1683 annos
1620 1628 1902 1700 peregit,»

243 1725 275 1766 e
302 1709 448 1767 vivis
474 1710 744 1769 sublatus
770 1711 880 1767 fuit
901 1716 1147 1770 exeunte
1170 1731 1322 1770 anno
1350 1716 1476 1783 944,
1495 1715 1584 1771 vel
1607 1715 1801 1788 potius
1823 1717 1907 1772 in“

1932 1759 1981 1825 B

2014 1629 2193 1702 Papia
2223 1645 2355 1684 cum
2387 1645 2603 1701 magna
2630 1627 2758 1683 auri
2796 1632 2854 1683 et
2895 1627 3119 1699 argenti
3160 1625 3329 1698 copia
3356 1624 3662 1691 excedens,

2017 1717 2129 1774 iter
2157 1722 2494 1789 susceperat
2520 1717 2692 1790 Alpes
2719 1732 2923 1773 versus
2947 1716 3288 1772 deserturus
3317 1713 3565 1771 Italiam.
3599 1715 3665 1770 In

243 1802 421 1855 eunte
468 1816 622 1855 anno
668 1800 794 1870 945,
827 1817 945 1872 quo
977 1803 1106 1872 ejus
1136 1807 1384 1858 mortem
1436 1807 1492 1859 et
1523 1804 1762 1878 Ogonis,
1797 1822 1902 1862 seu
1932 1800 1981 1825 ”
2010 1806 2217 1862 itinere
2247 1806 2491 1863 nuntius
2520 1805 2736 1873 retulit,
2764 1805 2940 1861 Italos
2974 1822 3090 1860 non
3119 1820 3412 1871 recusare,
3435 1802 3664 1876 quomi-

244 1887 509 1961 Hugonis
539 1890 668 1960 ejus
698 1891 1058 1947 successoris
1101 1890 1442 1947 electionem
1473 1893 1588 1949 duo
1618 1893 1905 1952 Chronica

245 1976 566 2034 Leodiense
603 1980 662 2032 et
701 1978 988 2035 Lobiense
1037 1996 1172 2036 cum
1222 1981 1553 2038 Frodoardo
1602 1988 1901 2041 notarunt.

251 2065 562 2123 Ratherius
588 2064 770 2138 igitur
789 2083 825 2124 a
844 2066 1114 2124 Tichario
1130 2069 1402 2141 episcopo
1423 2070 1600 2127 simul
1622 2077 1679 2129 et
1698 2073 1907 2130 abbate

251 2153 429 2228 paulo
459 2157 591 2214 ante
616 2153 803 2228 ipsius
822 2160 1070 2213 mortem
1098 2156 1157 2212 in
1182 2158 1465 2216 Lobiense
1483 2162 1904 2218 monasterium

255 2247 525 2315 receptus
556 2260 709 2300 anno
757 2245 861 2299 944
892 2261 923 2300 e
950 2244 1249 2302 Provincia
1298 2249 1548 2306 Laubias
1596 2253 1904 2309 concessit.

256 2331 343 2392 Ibi
371 2336 569 2390 tamen
598 2333 895 2390 modicum
927 2333 1277 2393 immoratus
1306 2341 1424 2407 est;
1449 2356 1586 2396 nam
1615 2357 1766 2396 anno
1804 2342 1911 2397 946

254 2420 651 2479 Veronensem
671 2421 1071 2496 episcopatum
1102 2431 1554 2498 recuperaturus
1580 2429 1805 2485 Italiam
1830 2447 1912 2487 re-

259 2509 472 2583 petiit;
491 2513 559 2566 ut
587 2526 657 2567 ex
684 2512 1069 2583 sequentibus
1099 2515 1338 2586 patebit.

262 2597 420 2671 [Lvn]
438 2598 471 2670 §
488 2597 695 2654 VII.—-
713 2600 1004 2675 Ratherg'us
1030 2602 1171 2675 redit
1199 2604 1259 2658 in
1303 2605 1526 2661 Italiam
1557 2607 1792 2675 Ugonem
1822 2623 1911 2663 re-

334 2677 878 2748 gemhconventams.
904 2672 1130 2748 Capitur
1170 2691 1207 2729 a
1250 2672 1671 2748 BerengariofA
1719 2678 1916 2735 Milone

330 2740 527 2823 comite
573 2741 636 2794 in
663 2740 1031 2823 epiacopatum
1083 2740 1447 2823 Veroaensem'
1479 2751 1915 2823 revocamrtUgo

332 2827 435 2889 rex
458 2810 714 2889 deserta?
740 2810 959 2867 Italiam
982 2815 1281 2889 annoQ/ﬂ,
1311 2834 1423 2873 non
1451 2835 1574 2874 vero
1603 2836 1748 2875 anno
1777 2810 1912 2889 943;

503 2886 687 2955 autem
713 2897 1029 2955 supremum
1056 2886 1193 2941 obiit
1222 2888 1279 2942 in
1312 2889 1605 2945 Prouincia
1630 2906 1741 2946 non
1771 2881 1916 2947 anno

332 2952 460 3022 947,
491 2952 584 3009 sed
611 2952 738 3010 948.

332 3042 423 3097 32.
457 3040 845 3116 Berengarius
899 3042 1194 3118 Eporediae
1251 3048 1536 3117 marcbio,
1587 3051 1915 3124 Berengarii

2013 1912 2125 1951 nus
2168 1896 2292 1968 ipse
2323 1912 2556 1969 quoque
2600 1894 2778 1954 Italia:
2827 1912 2927 1951 rex
2974 1897 3156 1961 esset;
3191 1894 3347 1949 unde
3392 1893 3667 1951 laudatus

2014 1985 2384 2042 Frodoardus
2415 1985 2590 2041 refert
2636 1986 2709 2041 ad
2759 2001 2979 2040 annum
3004 1984 3175 2039 946.‹‹
3206 1982 3329 2055 Ugo
3360 1998 3461 2040 rex
3488 1980 3666 2038 Italiae

2014 2072 2204 2129 asuis
2258 2072 2320 2128 in
2378 2089 2624 2146 regnum
2684 2072 3034 2145 recipitur.»
3063 2070 3125 2126 Id
3157 2067 3490 2142 Berengarii
3546 2071 3667 2123 arte

2015 2162 2235 2218 factum
2268 2166 2381 2229 est,
2400 2178 2472 2217 ne
2501 2161 2655 2217 ultra
2680 2166 2905 2217 montes
2935 2163 3020 2216 tot
3052 2159 3359 2215 thesauros
3389 2158 3668 2214 transfer-

2016 2256 2125 2319 ret,
2172 2250 2388 2323 quibus
2435 2250 2921 2324 Burgundionum
2970 2247 3339 2319 aliorumque
3369 2245 3667 2303 Gallorum

2018 2340 2270 2396 exercitu
2304 2342 2636 2412 comparato
2667 2338 2930 2394 Italicum
2959 2353 3206 2410 regnum
3237 2351 3515 2408 recuparc
3543 2350 3670 2407 pos-

2019 2432 2127 2485 set.
2151 2433 2295 2483 Cum
2326 2432 2687 2483 memoratus
2729 2426 3097 2483 Frodoardus
3135 2425 3194 2479 id
3228 2423 3489 2496 assignet
3517 2439 3668 2478 anno

2019 2519 2148 2585 946,
2179 2517 2578 2590 Liutprandys
2628 2521 2822 2573 autem
2870 2520 3184 2587 utramque
3229 2512 3335 2568 ﬁlii
3389 2511 3667 2584 primum,

2022 2611 2079 2662 et
2107 2606 2240 2662 dein
2273 2605 2458 2678 patris
2506 2605 2895 2677 receptionem
2940 2604 3022 2659 ita
3051 2601 3365 2672 describat,
3395 2604 3461 2656 ut
3490 2598 3673 2657 altera

2023 2696 2096 2752 ab
2128 2696 2306 2752 altera
2337 2712 2452 2751 non
2494 2695 2748 2750 multum
2787 2694 3065 2761 abfuerit;
3099 2691 3353 2764 priorem
3383 2689 3544 2745 illam
3576 2705 3669 2745 ac-

2024 2784 2237 2840 cidisse
2267 2784 2561 2840 credimus
2610 2784 2720 2839 sub
2768 2783 2945 2840 ﬁnem
2991 2781 3131 2838 anni
3176 2780 3303 2848 945,
3333 2779 3508 2836 istam
3538 2793 3672 2834 vero

2026 2872 2268 2928 alteram
2302 2873 2414 2928 sub
2439 2870 2672 2927 initium
2699 2871 2836 2927 anni
2857 2872 2982 2927 946.
3007 2872 3289 2928 Caeterum
3323 2867 3452 2923 Itali
3482 2867 3676 2940 reipsa

2026 2962 2253 3017 nudum
2284 2961 2437 3035 regis
2485 2959 2722 3016 titulum
2752 2960 2935 3033 Ugoni
2968 2964 3025 3016 et
3061 2958 3184 3015 ﬁlio
3228 2958 3358 3029 ejus
3407 2955 3675 3012 Lothario

2027 3050 2413 3123 reliquerunt,
2436 3049 2782 3122 Berengario
2808 3048 2989 3104 totius
3018 3047 3182 3121 regni
3214 3063 3450 3104 summa
3480 3062 3545 3101 ac
3577 3060 3677 3118 po-

258 3130 631 3202 imperatoris
669 3149 739 3189 ex
768 3131 929 3190 Gisla
985 3150 1187 3208 nepos,
1220 3137 1321 3209 qui
1381 3155 1535 3194 anno
1565 3139 1670 3196 930
1700 3140 1918 3214 Ugonis
1949 3128 1992 3195 C
2028 3143 2237 3197 testate
2265 3139 2479 3195 delata.

259 3218 510 3276 insidias
567 3219 993 3292 declinaturus,
1050 3226 1204 3296 apud
1263 3226 1640 3284 Etimannum
1697 3230 1915 3287 Suevim

260 3308 472 3364 ducem
522 3309 881 3382 confugerat,
934 3329 1086 3369 anno
1141 3315 1249 3370 945
1303 3332 1438 3371 cum
1495 3316 1605 3373 levi
1658 3318 1915 3375 militum

260 3394 496 3469 agmine
549 3414 653 3470 per
679 3398 1002 3458 Venustam
1034 3401 1244 3459 vallem
1287 3403 1348 3459 in
1396 3405 1625 3462 Italiam
1679 3411 1917 3465 conten-

258 3485 427 3555 dens,
457 3490 651 3543 castra
696 3487 983 3561 applicuit
1029 3492 1101 3547 ad
1147 3493 1540 3551 munitionem
1591 3496 1918 3553 Tridentini

261 3575 408 3647 agri,
422 3590 553 3647 quis
569 3576 889 3634 vocabatur
908 3579 1281 3638 Formicaria.
1307 3583 1611 3641 Manasses
1638 3585 1926 3659 archiepi-

262 3680 477 3735 scopus
506 3664 884 3735 Arelatensis,
906 3672 963 3724 et
984 3668 1203 3742 Ugonis
1233 3672 1388 3744 regis
1420 3674 1917 3748 consanguineus,

262 3751 357 3807 eui
392 3751 548 3808 idem
579 3768 680 3809 rex
713 3757 831 3811 tres
880 3757 971 3814 sui
1026 3758 1190 3831 regni
1239 3759 1525 3817 Ecelesias
1575 3762 1918 3832 tradiderat,

263 3861 294 3889 «
318 3855 445 3909 seu,
469 3841 624 3913 quod
644 3842 840 3899 verius
860 3848 970 3912 est,
986 3868 1015 3895 »
1037 3846 1232 3918 inquit
1258 3848 1680 3921 Liutprandus,
1698 3850 1811 3906 «in
1840 3869 1927 3907 es-

262 3944 393 3984 cam
424 3928 665 3987 dederat
693 3932 983 4004 (LIUTPR.,
1015 3933 1056 3989 1.
1087 3952 1161 4002 IV,
1197 3952 1246 3990 c.
1271 3935 1349 4005 3),
1376 3957 1404 3984 ››
1432 3934 1715 3993 nimirum
1745 3939 1922 3996 Vero-

260 4032 529 4086 nensem,
553 4017 958 4077 Tridentinam
985 4026 1042 4078 et
1071 4023 1483 4091 Mantuanam;
1510 4040 1645 4080 cum
1678 4026 1924 4083 Triden—

260 4104 448 4162 tinam
479 4124 713 4180 quoque
759 4110 1086 4167 marchiam
1137 4111 1597 4183 administraret,
1624 4114 1926 4172 laudatam

263 4194 655 4255 munitionem
685 4197 973 4255 Adelardo
1002 4198 1214 4256 clerico
1263 4218 1370 4257 suo
1419 4196 1931 4262 commendaverat

264 4282 470 4381 glb.,_l.
494 4302 550 4352 v,
576 4287 760 4381 12).
786 4287 1087 4381 Cum-hoc
1137 4289 1523 4363 Berengarius
1573 4291 1929 4381 collocutus:

253 4372 643 4445 jurejurando
672 4376 1009 4448 spopondit,
1037 4393 1101 4433 se
1128 4377 1386 4435 Manassi
1408 4379 1683 4436 daturum
1708 4382 1903 4441 Medio

262 4459 567 4519 lanensem
597 4463 939 4534 Ecclesiam,
979 4466 1026 4522 si
1061 4483 1180 4523 suae
1211 4468 1361 4541 parti
1392 4485 1561 4542 Opem
1593 4470 1785 4527 ferret.
1817 4472 1922 4530 Hic
1952 4496 2001 4561 D

264 4566 370 4622 spe
401 4550 744 4623 hujusmodi
790 4553 1042 4625 illectus,
1071 4573 1187 4613 non
1219 4556 1411 4614 solum
1459 4576 1588 4616 eam
1642 4562 1919 4619 munitio;

265 4654 403 4694 nem
443 4642 794 4713 Berengario
833 4644 1102 4714 tradidit;
1135 4663 1340 4703 verum
1371 4648 1549 4704 etiam
1591 4653 1773 4705 totam
1812 4651 1922 4707 Ita-

265 4725 415 4783 lium
450 4727 563 4801 ipsi
599 4729 909 4789 conciliare
931 4735 1174 4792 studuit.
1202 4737 1380 4792 Fama
1410 4737 1588 4809 hujus
1619 4737 1699 4794 rei
1750 4738 1923 4795 citius

269 4815 528 4890 vulgata,
549 4825 848 4892 coeperunt
872 4838 1005 4878 mox
1025 4823 1313 4893 nonnulli,
1330 4825 1527 4899 Ugone
1550 4827 1799 4895 deserto,
1825 4828 1927 4884 Be-

267 4906 540 4980 rengario
570 4908 885 4968 adhaerere.
935 4912 1092 4969 Inter
1118 4913 1227 4971 hos
1258 4914 1416 4981 Milo,
1457 4932 1653 4971 comes
1681 4914 1922 4972 Veronae

267 5000 614 5068 praepotens,
639 5000 869 5072 primus
900 5001 1010 5056 fuit
1042 5019 1054 5057 :
1091 5002 1193 5074 qui
1221 5004 1363 5059 dum
1396 5004 1580 5076 Ugoni
1612 5011 1922 5078 suspectus

268 5082 509 5156 Papiam
527 5085 737 5144 fuisset
751 5095 1042 5159 evocatus,
1059 5091 1257 5164 ibique
1274 5093 1558 5165 appositis
1576 5093 1723 5149 clam
1740 5099 1930 5151 custo'
1956 5090 1961 5095 ’

268 5172 891 5247 dibusobservaretur;
909 5180 1368 5252 productaccena
1383 5198 1570 5254 usque
1584 5183 1654 5238 ad
1671 5183 1924 5240 mediam

270 5266 986 5340 noctem,custodibusque
1001 5268 1133 5326 vino
1150 5274 1208 5326 et
1221 5287 1427 5327 somno
1444 5273 1762 5345 consopitis
1787 5275 1926 5347 fuga

270 5366 334 5406 se
356 5352 658 5425 subduxit,
685 5358 743 5412 ct
763 5373 880 5412 uno
902 5362 1131 5415 tantum
1155 5359 1468 5417 comitante
1488 5361 1776 5419 Veronam
1801 5379 1925 5435 per-

270 5441 450 5509 venit,
476 5442 575 5498 ubi
619 5443 1037 5518 Berengarium
1078 5448 1279 5504 statim
1318 5448 1523 5507 accivit
1560 5455 1736 5525 atque
1766 5465 1921 5506 rece-

272 5530 377 5603 pit.
395 5529 541 5588 Aliis
571 5536 766 5590 autem
800 5539 976 5606 atque
995 5536 1127 5594 aliis
1145 5537 1218 5594 ad
1248 5537 1579 5613 Berengarii
1604 5546 1797 5616 partes
1822 5556 1920 5597 su-

2096 3229 2185 3283 33.
2218 3228 2281 3283 In
2311 3226 2474 3283 hisce
2520 3243 2715 3283 rerum
2740 3230 2741 3235 “
2766 3225 3056 3299 angustiis
3095 3224 3217 3298 Ugo
3262 3223 3552 3297 paenitens
3581 3239 3676 3278 eo—

2027 3334 2183 3384 rum,
2210 3332 2335 3389 quae
2383 3318 2584 3372 contra
2614 3313 2954 3371 Ratherium
3002 3316 3280 3387 gesserat,
3305 3316 3363 3368 et
3412 3310 3680 3366 fortassis

2028 3405 2203 3461 etiam
2236 3404 2543 3476 pmnitens,
2570 3420 2630 3460 se
2652 3403 2711 3458 in
2735 3403 2995 3459 Ratherii
3019 3400 3357 3457 cathedram
3381 3398 3681 3455 suffecisse

2030 3494 2383 3561 Manassen),
2417 3493 2518 3565 qui
2558 3496 2680 3548 tam
2713 3496 2907 3564 aperte
2954 3490 3259 3557 defecerat,
3289 3489 3417 3560 ejus
3445 3487 3681 3543 videndi

2029 3587 2085 3640 et
2116 3581 2479 3651 restituendi,
2510 3581 2559 3638 si
2600 3585 2815 3654 posset,
2840 3578 3195 3636 desiderium
3238 3577 3458 3651 pluries
3485 3574 3682 3632 decla-

2031 3672 2180 3728 ravit
2202 3671 2378 3744 (epist.
2405 3673 2441 3727 5
2469 3671 2539 3727 ad
2559 3672 2664 3739 10.,
2699 3688 2757 3726 n.
2780 3670 2858 3743 5).
2884 3669 2945 3726 Id
2977 3672 3042 3724 ut
3081 3667 3304 3740 accepit
3344 3665 3677 3732 Ratherius,

2033 3778 2184 3816 anno
2234 3761 2608 3837 scilicet_946,
2634 3785 2663 3812 ‹‹
2692 3759 2842 3816 sedit
2889 3758 3106 3824 animo,
3135 3780 3162 3807 »
3190 3755 3383 3829 inquit
3421 3754 3590 3827 epist.
3624 3755 3678 3821 5,

2033 3872 2062 3900 ‹‹
2096 3849 2263 3904 illum
2295 3850 2474 3917 adire,
2498 3850 2744 3921 ejusque
2764 3847 3158 3904 calamitatem
3180 3845 3455 3901 omnibus
3475 3843 3684 3899 diebus

2035 3937 2313 4009 obsequio
2354 3937 2529 3994 solari
2565 3954 2578 3994 :
2610 3952 2748 3992 nam
2789 3952 2893 3991 nec
2931 3935 3212 4003 defuerat,
3230 3933 3330 4006 qui
3360 3932 3679 3998 intimaret,

2035 4042 2165 4082 sero
2195 4025 2350 4094 licet,
2375 4029 2440 4079 ut
2477 4024 2675 4091 timeo,
2710 4023 2983 4096 quodque
3025 4022 3180 4078 Deus
3212 4020 3285 4076 ab
3317 4018 3414 4074 illo
3464 4020 3685 4073 avertat

2036 4113 2289 4187 postulo,
2325 4114 2479 4187 quod
2540 4112 2822 4186 paenitens
2876 4128 3027 4185 saepe
3083 4112 3363 4182 optasset,
3414 4111 3478 4162 ut
3520 4105 3687 4162 daret

2036 4206 2213 4271 Deus,
2245 4194 2360 4276 quo
2409 4203 2480 4258 ad
2529 4218 2665 4258 eum
2694 4201 2974 4263 venirem.
3007 4205 3065 4255 et
3093 4199 3143 4256 si
3174 4199 3412 4265 valeret,
3446 4197 3685 4252 restitu-

2036 4292 2257 4349 tionem
2290 4290 2435 4346 mihi
2466 4291 2830 4362 impetraret;
2867 4284 2965 4345 sin
3011 4287 3175 4358 alias,
3209 4288 3374 4343 daret
3424 4285 3683 4358 pecunia:

2035 4384 2369 4449 tantum,ut
2399 4378 2651 4452 amplius
2681 4394 2797 4434 non
2826 4394 3121 4452 egerem.»
3147 4375 3459 4432 Ratherius
3487 4373 3686 4447 itaque

2036 4470 2296 4543 Ugonem
2318 4472 2708 4526 conventurus
2730 4466 2967 4524 Laubiis
2988 4464 3275 4521 discessit.
3297 4467 3370 4520 At
3396 4463 3455 4520 in
3480 4462 3686 4519 itinere

2030 4559 2417 4632 Berengarius
2446 4558 2644 4631 ipsum
2668 4555 3125 4629 comprehendit.
3152 4555 3209 4610 Id
3238 4552 3529 4610 Manassis
3560 4556 3683 4608 stu-

2033 4649 2130 4705 dio
2166 4648 2384 4704 factum
2417 4652 2525 4719 est,
2553 4647 2767 4720 quippe
2806 4645 2907 4718 qui
2933 4644 3327 4700 Veronensem
3362 4640 3683 4699 Ecclesiam

2032 4736 2145 4794 sibi
2177 4736 2248 4793 ab
2280 4753 2346 4794 eo
2393 4736 2762 4792 adimendam
2799 4737 3105 4791 metueret.
3138 4733 3354 4790 Tribus
3403 4735 3460 4789 et
3504 4732 3684 4789 semis

2033 4825 2337 4883 mensibus
2368 4823 2680 4881 Ratherius
2734 4824 2846 4879 fuit
2895 4824 3005 4880 sub
3062 4821 3332 4880 custodia
3388 4825 3680 4889 retentus;

2033 4916 2167 4972 inde
2197 4920 2394 4971 autem
2421 4914 2696 4981 emissus,
2718 4912 3038 4969 Veronensi
3061 4911 3325 4967 Ecclesiae
3353 4910 3573 4965 reditus
3595 4911 3686 4963 est

2033 5004 2268 5063 Milonis
2320 5003 2551 5060 comitis
2600 5019 2793 5075 opera,
2823 5005 2890 5057 ut
2937 5000 3162 5058 scilicet
3212 4999 3542 5055 Manassem
3585 5011 3681 5049 ex-

2035 5094 2312 5168 pelleret:
2337 5093 2469 5165 [nx]
2499 5091 2741 5162 timebat
2771 5091 2949 5158 enim,
2975 5106 3046 5146 ne
3077 5089 3147 5156 is,
3171 5087 3271 5162 qui
3302 5081 3561 5158 potentia
3582 5098 3681 5138 va-

2033 5183 2190 5241 lebat
2220 5181 2564 5255 plurimum,
2594 5178 2932 5253 pcsnitentia
2979 5180 3212 5247 ductus,
3256 5193 3291 5231 a
3336 5171 3684 5245 Berengario

2033 5274 2330 5336 deﬁciens,
2356 5269 2827 5326 rcconciliaretur
2856 5286 2990 5324 cum
3012 5268 3207 5341 Ugone
3228 5261 3520 5321 avunculo
3553 5278 3682 5331 suo,

2032 5360 2262 5431 sibique
2293 5360 2504 5415 iterum
2554 5356 2752 5413 rebelli
2791 5356 3033 5413 exitium
3081 5358 3328 5429 pareret.
3360 5354 3492 5410 Haec
3524 5356 3687 5426 gesta

2031 5465 2163 5506 esse
2190 5465 2343 5504 anno
2372 5449 2478 5504 946
2508 5446 2883 5518 perspicuum
2935 5447 3000 5500 ﬁt
3050 5462 3120 5502 ex
3164 5445 3536 5508 documento,
3570 5458 3686 5513 quo

2032 5536 2343 5595 Ratherius
2385 5537 2443 5593 in
2487 5533 2839 5592 Veronensis
2887 5533 3258 5609 epiSCOpatus
3315 5529 3685 5604 possessione
