4100 6200
326 291 411 364 53
472 354 482 362 .
1348 293 1963 362 PROLEGOMENA.
1999 328 2079 345 ς·-
2108 292 2486 405 RA'I‘HERII
2529 304 2739 372 VITA.

3673 280 3861 415 Μ’.

322 432 633 508 praefertur
658 430 940 492 Januario
975 448 1179 491 mense
1210 432 1349 489 anni
1379 432 1505 491 947.
1526 432 1645 490 Hoc
1666 432 1990 491 documen-
2017 432 2077 504 Α
2104 435 2331 496 Italiam
2362 440 2693 500 deseruisse
2715 441 3002 499 dicendus
3032 445 3139 501 est.
3159 441 3220 501 Id
3243 445 3473 502 tantum
3492 440 3748 503 innuunt

319 526 451 580 tum
481 541 670 597 nuper
697 523 1005 598 vulgatum
1031 542 1066 579 a
1094 523 1430 580 marchione
1461 523 1534 579 de
1563 521 1856 596 Dionysiis
1887 538 1987 578 ca-

321 614 535 670 nonico
564 618 782 670 nostra:
814 613 1168 671 cathedralis
1200 613 1477 679 ecclesiae,
1512 617 1601 668 est
1628 612 1985 669 instrumen-

319 707 453 760 tum
486 703 770 777 originale
805 701 1285 759 commutationis
1343 707 1540 759 actum
1575 724 1604 753 «
1637 701 1697 756 in
1754 700 1986 757 civitate

320 791 555 849 Verona
588 792 743 848 inter
768 791 1053 849 domuum
1085 791 1428 847 Ratherium
1460 789 1849 848 venerabilem
1871 790 1986 862 epi-

325 897 573 953 scopum
630 885 847 937 sanctae
905 879 1259 936 Veronensis
1308 879 1595 945 Ecclesiae,
1628 896 1736 936 nec
1781 896 1897 935 non
1928 882 1986 934 et

326 968 483 1025 inter
511 971 700 1026 Leone
732 970 888 1026 ﬁlius
918 970 1217 1042 quondam
1250 968 1621 1025 Theudelavo
1651 970 1722 1024 de
1766 971 1982 1041 Arega-

324 1071 438 1135 sta,
456 1088 484 1117 »
498 1067 591 1123 cui
613 1071 671 1123 et
685 1066 812 1140 ipsc
834 1066 1147 1123 Ratherius
1171 1066 1406 1140 propria
1423 1083 1601 1122 manu
1630 1064 1983 1137 subscripsit

322 1173 462 1212 cum
514 1155 738 1212 caeteris
791 1153 1145 1211 cathedralis
1204 1155 1458 1213 ecclesia)
1514 1155 1762 1221 clericis,
1801 1176 1829 1206 ιι
1888 1171 1977 1210 re-

317 1249 543 1318 gnante
572 1244 788 1299 domno
819 1247 1017 1299 nostro
1044 1244 1211 1316 Hugo
1240 1261 1374 1317 rege
1404 1243 1497 1299 hic
1522 1243 1582 1299 in
1610 1244 1777 1301 Italia
1823 1259 1978 1300 anno

307 1333 598 1390 vicesimo
629 1332 841 1404 primo,
877 1335 935 1387 et
962 1333 1178 1387 domno
1206 1333 1478 1389 Lothario
1511 1333 1631 1388 {ilio
1663 1334 1790 1403 ejus
1844 1338 1977 1404 rege

314 1438 476 1478 anno
508 1420 901 1477 sextodecimo
929 1421 1041 1477 sub
1072 1420 1164 1477 die
1195 1420 1267 1476 de
1321 1437 1523 1477 mense
1578 1421 1841 1477 Januarii
1890 1421 1976 1475 in-

312 1510 573 1567 dictione
600 1526 655 1575 v,
685 1530 713 1557 »
746 1513 887 1565 sunt
915 1509 1284 1566 characteres
1345 1509 1484 1565 anni
1530 1510 1658 1566 947.
1691 1510 1751 1565 Si
1781 1514 1976 1565 autem

311 1598 596 1658 Januario
626 1613 830 1653 mense
859 1598 998 1654 anni
1023 1598 1130 1653 947
1153 1598 1469 1654 Ratherius
1497 1599 1737 1670 paciﬁce
1758 1598 1978 1671 episco-

315 1692 459 1761 patu
492 1687 818 1755 fruebatur,
850 1686 1037 1742 tribus
1095 1691 1290 1743 autem
1323 1690 1381 1742 et
1430 1687 1609 1743 semis
1668 1687 1974 1742 mensibus

2096 526 2341 587 alterius
2371 531 2769 589 adnotationis
2798 533 2972 590 verba
2993 556 3020 583 «
3055 538 3189 606 post
3218 535 3526 592 decessum
3558 535 3745 609 ipsius

2095 616 2332 691 Ugonis,
2369 642 2396 669 »
2431 621 2489 676 id
2521 625 2629 694 est,
2652 627 2962 695 postquam
2993 622 3116 696 Ugo
3148 640 3217 679 ex
3247 623 3416 679 Italia
3440 625 3691 682 decessit
3724 641 3737 680 :

2093 720 2151 772 et
2209 717 2531 774 decessisse
2587 720 2825 792 quidem
2878 737 3079 777 mense
3108 720 3288 795 Aprili
3346 721 3485 776 anni
3511 723 3638 791 947,
3673 738 3741 779 ex

2092 805 2384 863 chronicis
2415 808 2569 863 notis
2628 809 2845 865 ibidem
2895 810 3234 882 designatis,
3267 810 3641 885 agnoscitur;
3674 828 3739 868 ac

2091 900 2396 968 propterea
2419 898 2553 968 jure
2574 897 2913 969 Sigebertus
2944 903 3001 954 et
3030 899 3323 956 annalista
3349 900 3497 955 Saxo
3529 922 3558 951 «
3587 899 3737 972 Ugo-

2091 1002 2223 1041 nem
2254 985 2573 1052 Arelatum,
2596 988 2750 1042 unde
2772 992 3025 1055 venerat,
3045 987 3289 1044 rediisse
3313 1010 3341 1038 »
3364 989 3566 1044 eodem
3584 1005 3738 1043 anno

2088 1082 2366 1139 referunt.
2400 1084 2708 1140 Enimvero
2740 1084 3201 1142 instrumentum
3262 1086 3738 1147 commutationis

2087 1172 2262 1246 paulo
2289 1177 2423 1229 ante
2450 1171 2755 1229 laudatum
2785 1191 2919 1230 cum
2946 1196 2974 1226 «
3006 1175 3267 1247 Ugonem
3298 1192 3495 1247 regem
3526 1175 3621 1231 hic
3678 1174 3738 1230 in

2088 1262 2251 1319 Italia
2272 1285 2300 1312 »
2327 1262 2638 1318 exhibebat
2666 1279 2869 1319 mense
2896 1263 3177 1320 Januario
3206 1262 3345 1320 anni
3367 1265 3514 1331 947;
3538 1264 3737 1335 ipsum

2085 1351 2196 1407 hoc
2224 1355 2487 1425 tempore
2542 1350 2735 1407 adhuc
2780 1352 2840 1406 in
2899 1351 3065 1408 Italia
3116 1352 3297 1411 fuisse
3329 1352 3733 1409 demonstrat:

2086 1465 2276 1521 neque
2331 1449 2487 1504 enim
2539 1453 2670 1522 post
2726 1449 3034 1507 dimissam
3092 1450 3320 1507 Italiam
3352 1472 3380 1501 «
3413 1467 3512 1505 rex
3540 1449 3635 1505 hic
3673 1449 3732 1505 in

2087 1537 2257 1593 Italia
2277 1558 2305 1587 »
2329 1537 2605 1609 appellari
2629 1539 2936 1609 potuisset.
2970 1539 3223 1612 Opponit
3248 1538 3601 1596 Muratorius
3625 1538 3731 1595 Lo-

2083 1625 2260 1682 tharii
2291 1625 2551 1698 diploma
2599 1644 2702 1698 pro
2754 1627 3010 1684 Ecclesia
3066 1628 3336 1700 Regiensi
3392 1629 3598 1684 datum
3639 1645 3731 1684 xlv

2081 1717 2205 1771 Kal.
2235 1717 2395 1771 Junii
2421 1732 2567 1771 anno
2594 1717 2897 1774 Domitiij
2930 1718 3204 1772 Incarnat.
3237 1716 3365 1786 946,
3397 1733 3542 1773 anno
3570 1718 3732 1774 Dom-

318 1779 491 1878 Ἧλιιίῗδ
520 1774 1042 1878 θερίίνυὶξιξθναὲῖ
1067 1774 1373 1878 θδξῐίγξξξλθ
1400 1776 1658 1878 P’9f°°‘°
1678 1774 1972 1878 ejuﬁnﬁi'
2003 1806 2052 1873 Β
2080 1806 2145 1861 m’
2199 1804 2453 1861 Lotharii
2515 1808 2573 1859 17
2628 1822 2729 1877 per
2781 1806 2971 1861 indz'ct.
2996 1806 3029 1861 4
3060 1806 3305 1878 (Annal.,
3338 1774 3432 1861 an.
3491 1806 3638 1878 946),
3671 1806 3731 1861 in

319 1865 411 1921 dit
437 1865 497 1920 in
528 1881 750 1921 annum
781 1864 886 1920 946
914 1882 928 1934 ;
960 1868 1018 1921 et
1041 1863 1401 1937 probabilius
1448 1863 1625 1921 etiam
1682 1864 1972 1920 restitutio

321 1954 591 2026 ejusdem
623 1953 681 2009 in
705 1954 1108 2027 episcopatum
1134 1956 1267 2009 ante
1297 1951 1642 2009 Januarium
1673 1954 1812 2009 anni
1867 1952 1971 2007 947

318 2044 642 2100 astruenda
667 2044 861 2099 videtu
872 2061 917 2098 r.

392 2177 483 2231 34.
517 2176 598 2232 De
627 2193 780 2232 anno
808 2176 936 2247 946,
970 2176 1063 2232 cui
1111 2176 1508 2247 captivitatem
1541 2180 1599 2231 et
1650 2175 1970 2230 restitutio-

315 2281 454 2322 nem
487 2264 746 2321 Ratherii
774 2264 832 2320 in
863 2282 1039 2322 suum
1065 2265 1465 2337 episcopatum
1516 2263 1968 2339 assignavimus,

311 2370 491 2414 nemo
522 2354 797 2426 ambiget.
831 2353 1083 2419 Quaestio
1133 2353 1325 2409 solum
1385 2353 1598 2408 moveri
1652 2356 1844 2425 potest
1899 2353 1969 2408 de

311 2442 462 2514 loco,
496 2442 557 2499 in
586 2460 702 2516 quo
732 2442 830 2500 ille
877 2460 911 2498 a
939 2442 1285 2515 Berengario
1318 2446 1525 2515 captus
1584 2442 1695 2497 fuit
1727 2459 1741 2497 :
1771 2458 1966 2498 recen-

312 2532 432 2588 tior
479 2533 636 2588 enim
695 2533 1045 2604 ceteroquin
1106 2532 1486 2587 doctissimus
1538 2535 1741 2587 auctor
1807 2535 1969 2585 ratus

310 2620 580 2695 Ugonem
639 2637 794 2676 anno
823 2620 929 2676 946
959 2620 1293 2677 deseruisse
1342 2620 1582 2675 tandem
1632 2618 1879 2685 Italiam,
1914 2622 1972 2674 et

314 2710 380 2767 in
412 2710 770 2782 provinciam
803 2726 931 2767 sese
960 2708 1266 2782 recepisse,
1293 2709 1392 2765 ubi
1425 2724 1766 2781 supremum
1812 2708 1967 2763 diem

318 2798 532 2856 clausit
588 2799 882 2873 (FLORIUS,
940 2799 1004 2855 de
1050 2799 1311 2871 privileg.
1365 2798 1580 2854 dissert.
1642 2800 1694 2865 2,
1741 2798 1964 2869 p.77):

316 2889 663 2946 Ratherium
695 2888 931 2944 Laubiis
963 2888 1021 2943 in
1056 2888 1413 2961 provinciam
1446 2888 1556 2943 iter
1614 2886 1963 2958 suscepisse,

314 2991 385 3043 ut
417 2985 675 3059 Ugonem
725 2985 1079 3051 conveniret,
1111 2990 1167 3040 et
1216 2985 1326 3041 hoc
1374 2986 1434 3040 in
1466 2985 1671 3041 itinere
1701 3000 1968 3057 compre-

312 3076 569 3133 hensum
601 3075 1004 3131 existimat.At
1032 3092 1187 3141 eum,
1218 3075 1360 3130 dum
1392 3074 1463 3129 ad
1495 3073 1753 3147 Ugonem
1779 3073 1968 3129 adhuc

2081 1920 2198 1975 quo
2222 1919 2359 1958 cum
2393 1919 2506 1958 non
2540 1906 2898 1958 memoretur
2928 1920 3028 1959 rex
3053 1903 3194 1976 Ugo,
3227 1920 3363 1959 eum
3390 1908 3526 1959 ante
3573 1903 3731 1959 diem

2082 1992 2150 2048 19
2182 1991 2317 2048 Maii
2349 1992 2485 2046 anni
2517 1992 2623 2047 946
2653 2008 2723 2047 ex
2754 1990 2921 2048 Italia
2942 1992 3071 2064 jam
3104 1992 3315 2049 exiisse
3345 1990 3585 2065 colligit.
3614 1992 3732 2048 Hoc

2077 2098 2213 2138 vero
2271 2085 2685 2153 argumentum
2743 2080 2973 2136 minimi
3031 2080 3369 2138 habendum
3422 2085 3529 2149 est,
3585 2098 3722 2138 cum

2080 2170 2365 2227 cbronicze
2393 2175 2543 2227 nota:
2575 2172 2705 2242 ejus
2752 2170 3090 2242 diplomatis
3150 2175 3415 2243 apertum
3474 2186 3729 2229 errorem

2079 2259 2433 2315 contineant.
2456 2262 2660 2315 Annus
2683 2259 2841 2315 enim
2872 2260 3137 2317 decimus
3160 2260 3447 2333 septimus
3471 2260 3727 2317 Lotharii

2078 2364 2184 2404 nec
2210 2365 2343 2403 cum
2376 2348 2691 2404 indictione
2713 2348 2743 2402 4
2767 2349 3101 2417 concordat,
3125 2365 3231 2405 nec
3260 2365 3395 2404 cum
3428 2366 3580 2405 anno
3599 2351 3724 2404 946.

2077 2437 2222 2492 Cum
2256 2436 2567 2493 Lotharius
2598 2453 2845 2509 regnum
2878 2436 3235 2492 inchoaverit
3285 2440 3527 2493 exeunte
3576 2438 3727 2492 Maio

2079 2533 2216 2589 anni
2246 2534 2345 2588 931
2386 2551 2399 2601 ;
2432 2550 2623 2589 annus
2652 2533 2917 2588 decimus
2948 2531 3238 2604 septimus
3267 2532 3431 2603 regni
3460 2532 3726 2603 ejusdem

2076 2623 2316 2694 incoepit
2337 2625 2581 2677 exeunte
2606 2621 2757 2677 Maio
2776 2620 3050 2688 anni947,
3065 2620 3239 2677 desiit
3257 2623 3453 2677 autem
3482 2624 3727 2677 exeunte

2078 2711 2230 2768 Maio
2262 2710 2399 2767 anni
2449 2711 2577 2765 948.
2612 2710 2759 2765 Hine
2813 2710 2863 2764 si
2915 2708 3176 2783 diploma
3230 2708 3559 2783 legitimum
3615 2712 3725 2774 est,

2077 2801 2203 2857 dies
2235 2800 2302 2855 19
2330 2799 2467 2856 Maii
2493 2799 2632 2855 anni
2694 2799 2903 2855 decimi
2963 2798 3199 2871 septimi
3257 2798 3412 2873 regis
3468 2798 3726 2855 Lotharii

2076 2889 2328 2963 pertinet
2357 2889 2428 2945 ad
2458 2905 2682 2945 annum
2712 2888 2842 2957 948,
2873 2904 3056 2961 eaque
3082 2888 3302 2945 notatio
3335 2888 3612 2946 chronica
3641 2888 3728 2946 sic

2077 2988 2447 3044 emendanda
2476 2992 2564 3042 est
2592 3004 2689 3044 xxv
2718 2988 2836 3043 Kal.
2868 2988 3027 3045 Junii
3054 2966 3200 3042 anno
3214 2988 3729 3045 Dominicaelncar-

2078 3077 2323 3133 nationis
2352 3076 2479 3144 948,
2510 3093 2656 3132 anno
2687 3077 2885 3132 Domni
2908 3076 3161 3132 Lotharii
3214 3076 3283 3131 17
3328 3092 3427 3148 per
3454 3076 3732 3145 indicl.6,-

314 3164 376 3220 in
410 3163 576 3221 Italia
606 3165 912 3237 degentem
941 3163 1501 3236 proﬁcisceretur,in
1536 3161 1704 3218 Italia
1733 3178 1966 3234 quoque
1997 3172 2041 3240 ρ
2079 3165 2583 3241 [Lnjquoquidem
2617 3163 3053 3237 temporesolus
3081 3164 3394 3222 Lotharius
3415 3181 3516 3222 rex
3541 3166 3730 3221 nomi-

312 3253 500 3309 fuisse
530 3257 769 3325 captum
801 3270 836 3309 a
886 3252 1255 3326 Berengario,
1287 3252 1377 3308 vel
1407 3270 1476 3308 ex
1522 3269 1587 3308 eo
1619 3255 1845 3307 certum
1879 3252 1961 3319 ﬁt,

315 3343 457 3415 quia
486 3342 873 3415 Berengarius
905 3343 964 3397 in
998 3341 1122 3398 sola
1150 3342 1317 3398 Italia
1345 3346 1629 3414 potestate
1660 3341 1819 3414 regia
1840 3345 1963 3396 ute-

309 3431 508 3488 batur.
541 3430 776 3489 Accedit
802 3448 938 3487 vcro
970 3434 1027 3488 et
1054 3430 1219 3500 illud,
1244 3432 1398 3503 quod
1431 3431 1552 3503 Ugo
1576 3448 1645 3487 ex
1662 3428 1829 3485 Italia
1850 3446 1962 3486 non

312 3519 457 3577 abiit
486 3519 600 3576 nisi
633 3537 786 3576 anno
814 3522 942 3590 947,
968 3526 1281 3594 postquam
1314 3520 1626 3577 Ratherius
1674 3537 1791 3575 suae
1842 3519 1966 3575 sedi

310 3610 624 3666 restitutus
655 3610 862 3666 fuerat'
897 3614 963 3664 In
989 3609 1152 3665 brevi
1183 3610 1463 3666 Chronico
1511 3624 1715 3681 regum
1766 3607 1964 3675 Italiae,

315 3699 473 3772 quod
502 3699 686 3754 edidit
716 3698 1093 3766 Muratorius,
1127 3699 1255 3755 dua:
1287 3698 1615 3754 notationes
1670 3697 1965 3769 leguntur,

315 3814 444 3869 quae
464 3795 523 3853 id
548 3794 912 3868 exploratum
938 3796 1155 3853 facient
1178 3797 1264 3866 (T.
1290 3795 1364 3851 IV
1389 3797 1509 3851 Iter.
1543 3795 1690 3861 Ital,
1722 3811 1780 3866 p.
1818 3793 1965 3865 149).

314 3886 445 3942 Una
472 3886 546 3942 de
575 3890 777 3959 Ugone
807 3903 969 3959 rege:
1002 3909 1029 3936 «
1066 3886 1348 3959 Regnavit
1375 3902 1560 3940 annos
1589 3885 1652 3939 21
1687 3883 1966 3956 expletos,

315 3978 374 4031 et
427 3992 659 4031 menses
713 3975 771 4041 9,
827 3981 885 4031 et
935 3976 1059 4031 dies
1115 3975 1169 4030 3.
1206 3995 1234 4023 »
1264 3973 1464 4030 Altera
1520 3974 1591 4029 de
1648 3972 1965 4055 Lothario:

314 4088 344 4114 ‹‹
376 4065 515 4120 Post
543 4064 849 4120 decessum
876 4065 1064 4136 ipsius
1096 4062 1322 4137 Ughoni
1356 4062 1619 4136 regnavit
1649 4063 1774 4136 ipse
1817 4062 1967 4117 Lau-

313 4152 545 4209 tharius
603 4169 788 4209 annos
824 4153 859 4209 3
889 4152 1169 4225 expletos,
1200 4156 1259 4208 et
1288 4167 1520 4208 menses
1550 4153 1605 4219 7,
1640 4154 1698 4206 et
1757 4151 1882 4207 dies
1910 4154 1966 4206 2.

315 4241 571 4299 Obitavit
590 4242 703 4313 [nx]
722 4240 815 4297 die
832 4241 1095 4309 Veneris,
1116 4241 1216 4313 qui
1233 4244 1324 4296 est
1347 4241 1571 4297 decimo
1593 4239 1718 4295 Kal.
1736 4241 1969 4297 Decem-

312 4330 440 4386 bris
461 4330 600 4386 anni
629 4330 757 4385 950.
790 4352 818 4381 »
854 4330 1045 4387 Verba
1073 4330 1251 4402 hujus
1275 4330 1544 4386 secundae
1576 4328 1968 4385 adnotationis

313 4442 345 4471 «
368 4423 503 4492 post
525 4420 833 4475 decessum
858 4442 885 4468 »
908 4419 1265 4475 Muratorius
1286 4419 1356 4474 de
1374 4417 1593 4491 Ugonis
1616 4422 1801 4474 morte
1818 4418 1968 4474 acci-

2078 3259 2270 3321 natur,
2305 3253 2443 3325 quia
2471 3258 2609 3309 tunc
2640 3254 2839 3326 Ugone
2862 3253 3096 3325 jamdiu
3127 3256 3261 3309 ante
3290 3269 3361 3310 ex
3391 3253 3562 3310 Italia
3588 3270 3727 3327 pro-

2076 3345 2247 3408 fecto.
2277 3343 2399 3399 ima
2427 3342 2602 3399 etiam
2636 3346 2888 3409 mortuo,
2916 3342 3077 3400 solus
3107 3342 3168 3398 in
3198 3342 3364 3400 Italia
3402 3343 3560 3417 regio
3612 3361 3723 3401 no-

2075 3443 2233 3500 mine
2264 3442 2583 3498 fruebatur.
2603 3443 2738 3508 Quas
2768 3440 3099 3497 emendatio
3133 3442 3516 3497 conﬁrmatur
3542 3441 3718 3498 etiam

2077 3532 2192 3589 alio
2204 3532 2551 3587 documento
2564 3530 2856 3601 originali,
2875 3531 3031 3601 quod
3042 3530 3103 3585 in
3118 3530 3350 3585 archivo
3361 3528 3718 3585 Veronensis

2078 3619 2420 3677 monasterii
2444 3621 2657 3673 sancta:
2688 3617 2881 3671 Mariae
2904 3617 2964 3672 in
2987 3616 3235 3683 Organis
3264 3615 3722 3681 custoditur,ubi

2076 3710 2165 3765 haa
2213 3705 2498 3762 chronicae
2560 3708 2707 3761 notae
2738 3704 3015 3776 leguntur
3048 3721 3060 3760 :
3095 3727 3124 3753 «
3158 3705 3458 3777 Regnante
3507 3703 3724 3762 domno

2079 3801 2278 3853 nostro
2311 3794 2583 3851 Lothario
2616 3809 2749 3866 rege
2781 3792 2873 3848 hic
2903 3792 2961 3848 in
2996 3793 3162 3849 Italia
3190 3809 3345 3849 anno
3401 3794 3565 3867 regni
3597 3795 3728 3867 ejus

2078 3894 2332 3969 septimo
2364 3893 2591 3949 decimo
2649 3892 2760 3948 sub
2791 3891 2883 3947 die
2914 3893 2987 3948 de
3016 3908 3218 3948 mense
3271 3891 3570 3949 Februarii
3634 3892 3732 3949 In-

2079 3984 2331 4042 dictione
2385 3987 2567 4039 sexta.
2629 4005 2657 4033 »
2714 3981 2912 4053 Neque
2968 3998 3104 4038 vero
3160 3981 3463 4038 sententiae
3522 3986 3735 4039 nostra:

2079 4076 2419 4132 adversatur
2449 4071 2711 4145 diploma
2739 4072 3005 4142 ejusdem
3061 4069 3318 4127 Lotharii
3350 4088 3384 4127 a
3413 4070 3731 4127 Muratorio

2076 4164 2380 4237 vulgatum
2400 4165 2559 4217 tomo
2590 4160 2639 4214 V
2667 4159 3096 4233 Antiquitatum
3125 4159 3301 4217 Italiae
3351 4175 3485 4233 pag.
3515 4160 3642 4229 357,
3673 4159 3732 4216 in

2079 4271 2196 4327 quo
2226 4252 2410 4308 solius
2442 4250 2697 4307 Lotharii
2728 4250 2881 4322 regis
2913 4250 2978 4305 ﬁt
3026 4250 3245 4305 mentio
3298 4248 3391 4305 his
3440 4247 3731 4305 chronicis

2078 4342 2235 4399 notis
2247 4340 2609 4413 subsignatis
2627 4355 2640 4394 ε
2658 4362 2685 4389 ‹‹
2703 4338 3198 4404 Quatuordebimo
3220 4336 3612 4392 Kalendarum
3628 4337 3729 4391 Fe-

2078 4431 2447 4487 bruariarum
2470 4444 2621 4484 anno
2646 4427 2957 4482 Dominicoe
2980 4423 3400 4480 incarnationis
3415 4424 3543 4488 947,
3575 4439 3727 4479 anno

315 4516 505 4590 piens,
538 4515 895 4589 computatis
919 4516 1113 4585 annis,
1142 4516 1358 4589 quibus
1390 4520 1521 4588 post
1541 4532 1675 4571 eum
1707 4516 1969 4589 regnavit

2082 4545 2209 4585 vero
2223 4525 2647 4597 Lothariiregis
2671 4526 2756 4592 17,
2774 4523 3089 4579 indictione
3111 4521 3164 4576 6.
3192 4544 3220 4570 »
3245 4519 3560 4576 Januarius
3571 4518 3727 4576 enim

317 4605 650 4673 Lotharius,
704 4605 865 4661 illius
924 4610 1172 4661 mortem
1225 4605 1411 4661 afﬁxit
1464 4603 1579 4659 diei
1636 4607 1704 4659 24
1754 4604 1971 4676 Aprilis

316 4696 457 4751 anni
486 4694 594 4750 949
621 4696 847 4763 (Annal.
876 4696 949 4751 ad
982 4712 1076 4750 an.
1108 4695 1259 4763 947).
1293 4694 1508 4749 Verum
1542 4694 1700 4766 prior
1728 4694 1972 4748 adnota-

320 4783 401 4839 tio
434 4783 1001 4840 animadversionem
1034 4785 1163 4855 ejus
1193 4783 1571 4856 eﬂ‘ugit.Cum
1594 4782 1750 4838 enim
1768 4782 1971 4838 eodem

319 4872 640 4930 Muratorio
672 4873 955 4946 probante
978 4873 1100 4947 Ugo
1130 4888 1373 4945 regnare
1404 4872 1642 4946 cmperit
1672 4872 1824 4928 circa
1863 4872 1971 4928 Ju-

320 4963 488 5018 nium
546 4963 686 5018 anni
737 4963 844 5018 926
873 4983 886 5033 ς
914 4963 1268 5034 computatis
1301 4961 1494 5028 annis,
1549 4961 1872 5029 mensibus,
1906 4978 1972 5017 ac

321 5051 528 5107 diebus
557 5050 618 5106 in
648 5068 717 5107 ea
756 5051 1131 5107 adnotatione
1164 5050 1457 5118 indicatis,
1492 5067 1650 5106 mors
1706 5051 1971 5122 ejusdem

318 5147 527 5205 incidit
553 5150 614 5204 in
642 5150 1027 5205 Februarium
1058 5148 1147 5206 vel
1182 5149 1458 5205 Martium
1490 5149 1627 5205 anni
1650 5149 1776 5219 948,
1796 5167 1971 5223 quem

322 5238 706 5295 emortualem
761 5239 1001 5311 quidem
1060 5238 1278 5312 Ugonis
1333 5256 1555 5294 annum
1614 5238 1971 5312 Sigebertus,

319 5329 449 5382 tum
480 5326 773 5384 annalista
800 5328 950 5384 Saxo
981 5327 1052 5383 ab
1074 5328 1328 5383 Eccardo
1371 5327 1567 5383 editus
1598 5329 1970 5384 conﬁrmant.

320 5416 467 5472 Cum
519 5433 689 5490 porro
748 5418 903 5474 idem
945 5418 1064 5491 Ugo
1122 5418 1599 5493 in.provinciam
1658 5418 1973 5489 profectus.

326 5529 350 5557 ι
388 5506 555 5563 Brevi
587 5508 666 5563 sit
690 5508 846 5564 viam
879 5508 1164 5563 universae
1195 5508 1388 5564 carnis
1427 5507 1752 5587 ingressus,
1788 5531 1817 5558 »
1849 5509 1980 5565 Liut

323 5597 552 5668 prande
609 5600 757 5654 teste
814 5597 936 5669 (lib.
973 5614 1012 5663 ι,
1042 5613 1092 5651 c.
1137 5599 1265 5667 14);
1300 5615 1450 5655 anno
1510 5598 1857 5671 praecedenti
1908 5602 1977 5656 94

2082 4617 2561 4685 mensisjunclus
2592 4630 2725 4667 cum
2752 4628 2903 4667 anno
2932 4610 3187 4666 Lotharii
3216 4610 3302 4678 17,
3335 4613 3393 4666 et
3447 4626 3582 4666 cum
3641 4609 3731 4665 in-

2083 4706 2335 4761 dictione
2364 4706 2418 4770 6,
2448 4701 2715 4756 convenit
2747 4717 2901 4755 anno
2949 4717 3072 4755 aera:
3128 4698 3388 4773 vulgaris
3436 4698 3543 4755 948
3576 4718 3590 4767 ;
3624 4716 3732 4755 nec

2084 4791 2353 4865 componi
2381 4796 2570 4864 potest
2602 4808 2733 4846 cum
2767 4807 2920 4846 anno
2949 4791 3077 4859 947,
3110 4788 3223 4845 nisi
3254 4789 3364 4845 hoc
3413 4788 3733 4861 diplomate

2083 4900 2277 4940 annus
2297 4881 2611 4939 Dominicae
2636 4878 3057 4936 Incarnationis
3080 4881 3452 4952 computatus
3464 4879 3738 4934 credatur

2085 4989 2245 5028 more
2278 4970 2609 5027 Florentino
2642 4986 2708 5024 ac
2739 4968 2977 5037 Veneto,
3002 4967 3085 5023 ita
3109 4973 3175 5024 ut
3197 4968 3437 5042 incipiat
3465 4985 3500 5024 a
3530 4966 3736 5023 Kalen-

2084 5062 2175 5118 dis
2216 5059 2404 5117 Martii
2433 5076 2585 5131 :qua
2619 5058 2841 5114 ratione
2871 5058 3191 5113 Januarius
3220 5057 3359 5113 anni
3380 5058 3488 5112 947
3518 5056 3736 5113 coinci-

2083 5159 2170 5215 dit
2198 5176 2331 5214 cum
2360 5157 2643 5214 Januario
2685 5155 3019 5212 communis
3048 5173 3171 5211 terte
3200 5157 3326 5212 948.
3360 5155 3478 5212 Hoc
3534 5158 3732 5211 autem
3808 5176 3809 5179 η

2086 5254 2344 5321 tempore
2374 5247 2535 5302 solus
2568 5246 2879 5302 Lotharius
2911 5262 3009 5302 rex
3038 5249 3181 5317 erat,
3212 5245 3377 5302 Italia
3405 5245 3476 5301 ab
3534 5245 3733 5319 Ugone

2084 5336 2286 5394 relicta
2315 5352 2514 5392 mense
2533 5334 2712 5407 Aprili
2730 5334 3522 5407 anni947.0mnibusitaque
3553 5335 3730 5391 docu-

2089 5426 2325 5492 mentis,
2357 5424 2447 5479 vel
2478 5424 2824 5492 emendatis,
2856 5424 2946 5480 vel
2978 5423 3303 5480 conciliatis
3331 5427 3486 5481 stare
3538 5423 3729 5480 debet.

2089 5516 2346 5589 Ugonem
2374 5517 2493 5569 toto
2507 5531 2659 5569 anno
2678 5514 2877 5583 946,et
2901 5531 3091 5587 usque
3113 5513 3186 5569 ad
3206 5512 3465 5587 Aprilem
3480 5514 3735 5569 anni947

2091 5602 2427 5663 substitisse
2458 5603 2518 5659 in
2548 5601 2733 5673 Italia,
2768 5602 2965 5677 ibique
2996 5603 3338 5661 Ratherium
3396 5619 3551 5660 anno
3607 5602 3732 5667 946,
