4100 6200
256 354 337 419 37
368 418 373 421 ,

1278 350 1890 425 PRDLEGOMENA.
1921 386 2000 399 -
2030 350 2413 425 ΒΛΤΗΕΗΙΙ
2456 352 2662 421 νιτΑ.

3600 348 3684 417 58

261 487 561 565 colligitur
587 504 657 549 ex
685 504 915 551 canone
938 485 1169 546 concilii
1219 487 1711 562 Rothomagensis
1760 489 1914 562 apud
1943 488 2209 564 Aquam
2242 513 2271 541 «
2305 488 2545 557 milites,
2576 488 2809 547 colonos
2831 491 2889 546 et
2917 485 3194 557 famulos,
3230 511 3260 539 »
3282 486 3336 544 id
3369 490 3459 546 est
3475 484 3677 559 laicos,

263 577 625 650 Reginonem
654 577 757 633 lib.
789 594 853 646 II,
889 594 937 633 c.
978 579 1029 645 1,
1055 580 1111 633 et
1140 577 1296 649 apud
1317 576 1726 633 Burchardum
1753 577 1855 633 lib.
1880 595 1921 646 1,

266 685 319 724 c.
348 668 439 734 90,
474 666 574 723 ubi
603 666 837 739 legitur:
863 690 892 718 «
925 670 1067 722 Cum
1083 666 1396 739 episcopu‘s
1422 683 1591 722 suam
1626 667 1924 724 dimcesim

267 756 496 824 circuit,
531 755 979 813 archidiaconus
998 754 1087 811 vel
1117 754 1603 828 archipresbyter
1629 773 1764 813 eum
1786 774 1927 830 pras-

266 846 353 901 ire
384 846 555 903 debet
577 861 694 902 uno
715 849 816 901 aut
837 844 1067 907 duobus
1084 843 1292 901 diebus
1318 844 1925 919 perjparochias,quas

264 934 608 997 visitaturus
640 938 748 1001 est,
781 937 839 990 et
857 933 1024 1007 plebe
1049 938 1364 990 convocata
1383 936 1734 991 annuntiare
1754 937 1928 991 debet

269 1023 493 1096 proprii
519 1023 773 1095 pastoris
793 1023 1195 1089 adventum,et
1225 1028 1290 1079 ut
1319 1040 1546 1092 omnes,
1570 1025 1823 1097 exceptis
1846 1026 1929 1081 in-

268 1112 487 1179 ﬁrmis,
510 1113 749 1184 adrejus
780 1128 1055 1168 SYNODUM
1084 1112 1178 1168 die
1208 1113 1587 1170 denominata
1609 1113 1928 1187 impraeter-

274 1202 463 1260 misse
494 1205 823 1265 occurrant.
854 1223 883 1252 ››
916 1200 1059 1257 Dein
1110 1206 1545 1258 sacramentum
1594 1202 1923 1274 subjicitur,

274 1291 435 1363 quod
454 1289 811 1361 :«episcopus
830 1289 890 1344 in
912 1305 1135 1344 smono
1154 1290 1418 1346 residens
1443 1296 1577 1362 post
1606 1307 1926 1364 congruam

265 1379 693 1436 allocutionem
726 1395 793 1432 »a
815 1377 1234 1433 maturioribus
1256 1383 1313 1434 et
1335 1378 1768 1436 honestioribus
1787 1381 1929 1437 viris

266 1466 559 1540 exigebat,
585 1482 651 1521 ac
676 1466 913 1522 tandem
936 1465 1419 1538 interrogationes
1439 1469 1930 1540 subduntur,quae

268 1555 419 1635 ipsis
452 1558 620 1615 erant
650 1555 1063 1627 proponenda.
1099 1556 1161 1610 ld
1189 1556 1498 1613 confirmat
1526 1556 1701 1613 etiam
1734 1558 1937 1614 Gerar—

272 1646 384 1704 dus
416 1645 473 1698 in
506 1643 627 1705 vita
651 1642 970 1701 S.Udalrici
994 1643 1253 1716 episcopi
1281 1646 1740 1719 Augustani,qui
1759 1647 1933 1703 ambo

278 1733 551 1793 Ratherio
581 1733 757 1788 eomvi
787 1733 1156 1788 exstiterunt.
1192 1733 1273 1788 De
1313 1733 1746 1790 visitationibus
1775 1735 1932 1791 enim

273 1823 556 1881 dimcesos
584 1837 765 1895 agens
797 1838 924 1894 cap.
956 1823 1009 1889 6,
1045 1843 1072 1871 ‹‹
1102 1821 1416 1878 concilium
1451 1846 1478 1872 »
1514 1838 1725 1880 vocans
1775 1826 1930 1897 quod

269 1913 335 1970 in
365 1911 708 1985 praecedenti
728 1911 1064 1969 testimonio
1102 1913 1392 1985 «synodus
1426 1936 1453 1962 ››
1480 1913 1929 1985 appellatur,his

270 2000 678 2061 verbisntitur
703 2000 1048 2068 (MABILLON.
1071 2001 1186 2057 Act.
1207 2000 1303 2058 SS.
1326 2002 1462 2059 0rd.
1494 2002 1709 2058 Bened.
1735 2007 1778 2057 t.
1801 2003 1924 2059 VII.

272 2108 343 2164 p.
369 2089 521 2161 1128):
554 2110 582 2139 «
610 2089 696 2146 Ad
726 2088 854 2145 loca
885 2093 1079 2149 autem
1128 2089 1229 2145 illa
1257 2106 1392 2145 cum
1452 2092 1599 2163 μιν]
1631 2092 1927 2164 pervenis-

272 2183 389 2246 set,
416 2178 517 2237 ubi
548 2177 796 2237 concilia
824 2195 942 2234 sua
962 2178 1550 2237 denuntiatafuerant
1627 2221 1641 2235 .
1722 2223 1734 2236 .
1816 2222 1830 2235 .
1910 2223 1923 2236 .

274 2270 349 2327 in
369 2284 630 2327 (δοκεωο
658 2268 973 2331 considens
1004 2268 1287 2341 populum
1306 2272 1440 2326 ante
1466 2286 1529 2326 se
1557 2269 1748 2326 vocari
1773 2269 1924 2337 fecit,

271 2357 804 2432 prudentioresque
849 2361 907 2412 et
952 2357 1273 2415 veraciores
1302 2364 1668 2415 sacramento
1689 2359 1929 2416 interm-

273 2464 421 2522 gare
434 2436 738 2520 .‘praacepit,
765 2468 793 2495 ››
824 2450 932 2502 etc.
966 2447 1035 2502 Et
1066 2451 1284 2519 postea:
1320 2470 1349 2497 «
1381 2447 1680 2521 Completo
1728 2465 1927 2504 conel-

271 2553 367 2595 L10
398 2534 945 2595 admansiunculas
966 2535 1160 2591 rediit.
1197 2559 1224 2585 »
1248 2537 1332 2592 Ad
1356 2537 1509 2593 hanc
1539 2537 1828 2610 synodum
1849 2537 1930 2592 vi-

274 2625 623 2685 sitationum
642 2624 946 2693 occasione
970 2624 1321 2681 celebratam
1339 2626 1643 2683 referenda
1657 2630 1797 2682 sunt
1817 2627 1928 2683 Ra-

273 2714 452 2771 therii
502 2714 683 2773 verba
738 2714 797 2770 in
829 2713 1133 2773 Itinerario
1166 2716 1409 2773 num.5:
1470 2737 1498 2765 ι(
1534 2716 1716 2779 Quem
1773 2714 1929 2772 enim

277 2802 563 2861 laicorum
594 2803 667 2859 de
691 2801 979 2861 adulterio
1007 2804 1317 2860 convenire
1364 2821 1544 2860 ausus
1594 2805 1838 2864 fuissem
1869 2804 1929 2861 in

281 2891 527 2965 synodo,
564 2915 586 2942 ιι
622 2895 757 2961 etc.,
790 2895 856 2946 ut
877 2890 1096 2948 ibidem
1128 2891 1550 2965 explicabimus
1581 2893 1641 2949 in
1675 2898 1791 2950 not.

352 2980 732 3054 38.-Capilula
759 2997 893 3037 vero
921 2982 1247 3038 clericorum
1277 2998 1345 3038 ea
1382 2982 1567 3039 fuisse
1616 2982 1930 3056 appellata,

276 3071 499 3144 quibus
530 3075 662 3143 post
680 3070 1141 3143 synodumtotius
1154 3071 1339 3143 plebis
1360 3072 1707 3130 celebratam
1728 3090 1933 3131 omnes

276 3159 544 3232 ejusdem
592 3159 782 3232 plebis
837 3158 1051 3229 clerici,
1107 3162 1343 3233 quando
1374 3178 1522 3234 opus
1579 3167 1723 3233 erat,
1754 3162 1932 3219 simul

2030 579 2242 635 horum
2275 583 2470 637 autem
2501 596 2686 636 causae
2707 584 3198 652 cognoscerentur
3212 595 3329 634 non
3351 579 3410 634 in
3444 578 3682 651 synodis

2033 667 2396 725 dimcesanis.
2461 670 2560 725 sed
2620 670 2680 724 in
2737 668 2856 725 illis
2903 668 3306 724 visitationum
3381 668 3684 724 occasione

2033 758 2270 826 coactis;
2305 758 2441 815 hinc
2470 760 2667 831 synodi
2713 775 2926 816 nomen
2957 757 3065 814 hoc
3117 757 3241 814 loco
3269 758 3341 813 de
3389 755 3682 827 ejusmodi

2035 848 2273 920 synodis
2304 848 2707 920 accipiendum
2739 847 3111 905 credidimus.

2103 938 2191 992 30.
2226 937 2416 993 Verba
2433 955 2604 1009 porro
2629 961 2657 989 ‹‹
2682 938 2821 993 dum
2839 936 3262 994 ecclesiasticos
3286 936 3522 993 ordines
3546 951 3683 1009 age-

2034 1043 2178 1082 rem.
2217 1048 2245 1077 »
2278 1028 2348 1083 de
2374 1044 2677 1083 sacrorum
2696 1027 2971 1083 ordinum
2993 1025 3298 1083 collatione
3317 1024 3489 1098 [LXVI]
3510 1023 3682 1080 intel-

2033 1115 2270 1189 ligenda
2299 1116 2438 1172 olim
2472 1133 2604 1172 cum
2638 1116 2768 1173 aliis
2814 1115 3297 1172 existimavimus.
3347 1115 3514 1170 Nunc
3550 1130 3684 1169 vero

2036 1206 2339 1263 maturiori
2370 1204 2833 1262 consideratione
2862 1205 3082 1269 habita,
3110 1204 3203 1259 his
3232 1203 3425 1259 verbis
3472 1201 3686 1259 solem-

2035 1311 2171 1351 nem
2204 1293 2459 1367 aliquam
2493 1294 2947 1351 ecclesiasticam
2979 1294 3337 1350 functionem
3366 1291 3685 1364 signiﬁcari

2037 1384 2409 1440 arbitramur.
2445 1383 2633 1441 Simili
2663 1384 2819 1440 enim
2844 1382 3095 1439 formula
3114 1382 3430 1438 Ratherius
3446 1380 3617 1453 epist.
3642 1397 3681 1436 1:

2041 1473 2375 1529 «Conradus
2393 1473 2628 1529 ordines
2643 1473 2901 1529 exercuit
2920 1470 3375 1529 ecclesiasticos»
3397 1468 3683 1537 scribens,

2042 1578 2268 1617 sacram
2300 1561 2558 1632 aliquam
2589 1562 2967 1629 functionem,
3001 1578 3116 1616 non
3144 1574 3279 1615 vero
3305 1575 3534 1615 sacram
3588 1574 3685 1615 or-

2042 1650 2403 1706 dinationem
2435 1650 2755 1706 aConrado
2813 1653 3108 1722 peractam
3157 1649 3461 1720 expressit,
3510 1651 3575 1703 ut
3624 1648 3682 1702 in

2042 1740 2309 1794 eamdem
2340 1739 2646 1812 epistolam
2678 1739 2972 1794 notatione
3029 1737 3200 1793 tertia
3226 1736 3683 1792 observavimus.

2042 1827 2211 1882 Enim
2234 1844 2367 1883 vero
2397 1826 2446 1883 si
2477 1827 2662 1883 sacris
2692 1826 2997 1883 ordinibus
3030 1825 3397 1882 conferendis
3425 1827 3689 1880 vacasset

2012 1904 2013 1907 “
2038 1916 2479 1989 Ratherius;qui
2510 1916 2636 1972 fieri
2670 1916 3050 1988 potnisset,ut
3077 1932 3259 1970 omnes
3289 1912 3482 1969 clerici
3503 1913 3681 1969 etiam

2036 2006 2367 2071 ordinandi,
2402 2006 2502 2077 qui
2533 2006 2604 2060 de
2634 2005 2996 2078 promotione
3024 2021 3134 2060 sua
3163 2002 3401 2061 solliciti
3427 2018 3557 2058 esse
3585 2018 3685 2058 so-

2035 2095 2176 2164 lent,
2209 2095 2404 2167 ipsum
2433 2095 2788 2161 deserentes,
2814 2092 2992 2150 solum
3022 2092 3081 2147 in
3113 2089 3682 2163 Ecclesiarelinque-

2035 2185 2192 2243 rent?
2217 2184 2277 2240 Si
2308 2184 2379 2240 de
2420 2182 2564 2240 solis
2610 2182 2914 2239 ordinibus
2961 2168 3330 2237 conferendis
3379 2180 3682 2252 agebatur,

2036 2273 2184 2331 nihil
2217 2277 2362 2341 erat,
2416 2274 2509 2328 cui
2569 2271 2692 2328 solo
2752 2272 3023 2345 episcopo
3077 2270 3276 2327 relicto
3306 2270 3366 2325 in
3418 2269 3680 2336 ecclesia,

2036 2388 2063 2415 ‹‹
2093 2363 2543 2419 archidiaconus
2585 2378 2719 2416 cum
2775 2361 2934 2417 omni
2992 2359 3144 2416 clero
3175 2360 3393 2426 exiens,
3442 2357 3684 2414 alteram

2036 2453 2150 2508 sibi
2181 2451 2488 2507 ecclesiam
2521 2455 2722 2506 contra
2746 2450 3085 2521 episcopum
3116 2448 3455 2505 vindicaret.
3492 2468 3519 2495 ››
3553 2446 3685 2501 Haec

2038 2545 2232 2614 aperte
2263 2539 2525 2594 indicant
2554 2538 2876 2593 solemnem
2916 2536 3171 2609 aliquam
3222 2534 3580 2590 functionem
3612 2534 3687 2589 ab

2039 2629 2309 2702 episcopo
2341 2626 2690 2683 celebratam
2722 2626 2781 2681 in
2814 2624 3152 2690 cathedrali,
3181 2624 3272 2679 cui
3296 2626 3451 2679 totus
3495 2621 3687 2678 clerus

2038 2719 2257 2785 aderat;
2292 2715 2567 2773 derelicto
2599 2720 2796 2773 autem
2826 2715 3099 2789 episcopo
3130 2715 3325 2787 ipsum
3346 2711 3573 2783 clerum
3588 2729 3685 2767 ar-

2037 2806 2378 2864 chidiacono
2408 2806 2829 2863 duceeamdem
2849 2804 3203 2860 iunctionem
3227 2803 3285 2858 in
3317 2799 3687 2859 aliameccle-

2038 2898 2187 2954 siam
2219 2896 2539 2953 cathedrali
2568 2894 2890 2969 proximam
2936 2892 3329 2959 transtulisse,
3368 2908 3458 2947 ex.
3503 2908 3590 2964 gr.
3624 2890 3685 2946 in

2038 2986 2342 3044 ecclesiam
2374 2988 2432 3041 S.
2468 2986 2721 3058 Georgii,
2753 2983 2841 3040 vel
2871 2988 2929 3039 S.
2971 2983 3216 3039 Joannis
3248 2982 3309 3036 in
3356 2981 3532 3038 fonte.
3585 2982 3686 3036 Ar-

2039 3074 2744 3133 chidiaconusAdelardus
2765 3073 3133 3146 subscriptus
3150 3071 3364 3145 legitur
3384 3069 3446 3126 in
3468 3071 3686 3126 instru-

2039 3168 2237 3221 mento
2263 3164 2739 3220 commutationis
2754 3181 2789 3219 a
2817 3163 3090 3218 Ratherio
3112 3166 3245 3234 post
3258 3159 3688 3219 restitutionem

278 3250 489 3317 coacti,
522 3265 718 3306 coram
750 3248 1023 3322 episcopo
1051 3248 1583 3323 interrogabantur,
1640 3251 1835 3325 palam
1865 3252 1932 3308 ﬁt
1960 3234 2003 3303 α
2040 3256 2284 3311 firmatae
2317 3271 2517 3310 mense
2538 3253 2818 3309 Januario
2848 3252 2988 3308 anni
3002 3251 3307 3323 947,cujus
3328 3248 3686 3305 mentionem

274 3338 583 3397 excedam
611 3339 894 3412 Gerardo,
926 3338 1027 3411 qui
1057 3343 1193 3412 post
1218 3340 1511 3414 descripta
1534 3340 1772 3401 laudata
1792 3357 1900 3399 con

275 3428 413 3487 cilia
442 3445 481 3484 a
502 3429 571 3485 S.
599 3425 869 3485 Udalrico
900 3428 1259 3500 inplebibus
1299 3428 1503 3486 habita
1549 3429 1769 3488 subdit:
1803 3454 1830 3481 ‹‹
1865 3431 1930 3488 In

275 3518 635 3591 quibusdam
664 3520 862 3573 autem
894 3516 1104 3574 diebus
1123 3534 1401 3575 camena
1423 3536 1559 3576 cum
1583 3519 1812 3576 clericis
1832 3520 1933 3576 ha-

272 3606 413 3664 bere
440 3605 734 3679 disposuit
762 3606 822 3662 in
852 3606 946 3662 his
975 3605 1139 3675 locis,
1174 3606 1274 3662 ubi
1303 3606 1423 3665 haec
1455 3608 1759 3681 aptissime
1805 3609 1935 3667 ﬁeri

273 3695 762 3770 archipresbyteri
820 3699 1194 3768 putaverunt,
1226 3700 1285 3752 et
1352 3697 1451 3754 ubi
1512 3714 1649 3753 eum
1696 3698 1768 3753 ab
1799 3697 1929 3753 aliis

273 3784 595 3845 mundanis
624 3782 892 3842 conciliis
922 3806 949 3835 ››
976 3786 1129 3856 (quae
1158 3784 1381 3842 scilicet
1402 3788 1576 3841 antea
1607 3790 1931 3843 memorata

272 3871 895 3945 laicosrespiciebant)
922 3896 951 3924 α
975 3872 1396 3931 absolutiorem
1421 3890 1552 3929 esse
1569 3874 1933 3931 arbitraban-

274 3965 392 4017 tur.
424 3961 804 4035 Congregatis
825 3965 961 4018 ante
985 3978 1049 4019 se
1068 3961 1295 4019 clericis
1316 3962 1849 4037 archipresbyteros
1872 3968 1932 4021 et

272 4051 526 4109 decanos
555 4054 613 4109 et
634 4051 911 4124 optimos,
945 4066 1094 4125 quos
1125 4051 1277 4108 inter
1305 4069 1404 4109 eos
1433 4051 1692 4110 invenire
1717 4054 1927 4125 potuit,

271 4144 441 4200 caute
464 4140 867 4213 interrogavit;
902 4163 930 4190 ››
954 4144 1088 4205 etc.,
1113 4141 1393 4197 nimirum
1416 4142 1488 4198 de
1502 4143 1929 4215 pertinentibus

271 4229 344 4285 ad
368 4227 638 4290 clericos.
670 4230 748 4287 Ee
768 4230 1014 4303 antiqua
1038 4230 1139 4301 huj
1150 4231 1379 4287 usmodi
1400 4230 1929 4305 interrogationum

267 4316 549 4385 formula,
582 4334 833 4395 quarum
878 4317 1004 4375 aliae
1052 4319 1125 4375 ad
1156 4319 1418 4388 clericos,
1470 4320 1599 4377 alia:
1629 4322 1701 4377 ad
1748 4320 1929 4378 laicos

269 4407 667 4481 pertinebant;
702 4407 833 4464 vide
863 4425 991 4481 quae
1023 4407 1279 4465 diximus
1318 4409 1377 4464 in
1428 4410 1827 4467 admonitione
1857 4412 1929 4467 ad

265 4496 1067 4569 synodicamg.Ratherii.qum
1098 4498 1295 4571 itaque
1313 4497 1453 4555 Milo
1472 4514 1699 4556 comes«
1725 4516 1931 4557 omnes

2039 3344 2286 3401 fecimus
2316 3342 2682 3417 paragrapho
2714 3340 3060 3415 praecedenti
3093 3357 3258 3396 num.
3289 3339 3379 3395 33.
3405 3342 3461 3394 Is
3491 3341 3686 3393 autem

2039 3434 2486 3491 archidiaconus
2512 3431 2560 3489 si
2590 3449 2725 3488 mox
2754 3448 2869 3488 non
2902 3429 3085 3497 obiiit,
3118 3428 3218 3485 ille
3245 3433 3335 3485 est
3376 3426 3478 3499 qui
3506 3426 3691 3497 hujus

2039 3522 2374 3579 rebellionis
2402 3523 2522 3577 dux
2552 3520 2680 3586 fuit,

2110 3612 2198 3666 40.
2235 3609 2423 3665 tiliam
2455 3625 2571 3663 non
2596 3607 2869 3663 leviorem
2890 3605 3170 3677 injuriam
3193 3603 3468 3659 Ratherio
3490 3601 3691 3656 intulit

2039 3700 2341 3755 Manasses
2377 3696 2857 3768 archiepiscopus
2876 3690 3366 3764 Arelatensis,qui
3387 3689 3697 3745 interdicta
3723 3738 3726 3742 λ

2038 3792 2098 3843 et
2126 3803 2329 3860 pmnas
2359 3803 2393 3841 a
2422 3784 2605 3842 sacris
2630 3782 2955 3841 canonibus
2992 3781 3265 3849 inflictas,
3299 3777 3690 3852 metropolitis

2040 3893 2283 3934 suarum
2290 3874 2719 3948 provinciarum
2734 3872 2952 3931 limites
2965 3870 3531 3946 transgredientibus
3542 3868 3693 3925 nihi-

2038 3967 2160 4023 lum
2193 3964 2775 4033 metuens,«tendens
2796 3964 3045 4019 insidias
3059 3959 3376 4018 Veronensi
3396 3959 3686 4032 episcopo,

2039 4054 2398 4112 consecravit
2429 4053 2768 4127 episcopum
2815 4052 3130 4125 quemdam
3181 4067 3301 4106 sua:
3332 4047 3600 4105 diaeresis
3628 4046 3691 4102 in

2038 4144 2210 4202 titulo
2241 4144 2513 4200 Ecclesiae
2538 4143 2894 4199 Veronensis
2932 4142 3107 4215 (epist.
3150 4144 3186 4197 5
3208 4141 3277 4196 ad
3303 4142 3409 4207 10.,
3457 4156 3516 4195 n.
3547 4139 3624 4206 6).
3660 4159 3689 4187 »

2038 4236 2225 4304 Hujus
2258 4250 2494 4306 quoque
2515 4231 2796 4288 molestiae
2819 4232 3176 4288 incentorem
3200 4227 3512 4286 Ratherius
3533 4226 3694 4283 Milo-

2039 4340 2175 4379 nem
2210 4327 2469 4389 accusat,
2501 4321 2602 4393 qui
2628 4320 2910 4393 depositis
2939 4319 3189 4376 subinde
3229 4316 3514 4389 (fortassis
3563 4319 3697 4385 post

2039 4412 2370 4468 discessum
2403 4409 2623 4483 Ugonis
2671 4427 2740 4465 ex
2772 4408 2959 4481 Italia)
3008 4403 3446 4479 suspicionibus
3493 4398 3697 4457 eontra

2039 4501 2169 4557 Man
2179 4516 2372 4557 assem
2399 4506 2572 4554 antea
2603 4495 3152 4569 conceptis,amicus
3170 4494 3299 4564 ejus
3319 4490 3561 4546 effectus
3581 4491 3690 4543 est.

264 4582 531 4652 clericos,
564 4585 805 4654 milites,
836 4586 1073 4644 colonos
1103 4590 1161 4642 et
1212 4586 1464 4643 famulos
1496 4608 1525 4637 »
1558 4592 1761 4644 contra
1811 4589 1928 4645 Ra—
1958 4602 2007 4667 D
2038 4590 2184 4645 Cum
2215 4587 2833 4661 porroManassessese
2852 4583 3147 4657 praeferret
3165 4578 3503 4653 episcopum
3516 4578 3695 4634 Vero-

265 4672 528 4733 theriam
558 4673 775 4733 foveret
803 4680 981 4749 atque
1008 4675 1494 4749 patrocinarctur;
1528 4676 1580 4732 is
1617 4698 1644 4727 «
1666 4693 1771 4733 nec
1793 4694 1931 4750 syn-

264 4763 448 4821 odum
479 4779 672 4836 agam,
708 4787 739 4815 ››
768 4765 841 4823 ad
886 4782 1063 4839 quam
1115 4765 1175 4821 in
1204 4764 1642 4823 visitationibus
1689 4765 1929 4835 milites,

265 4851 457 4911 coloni
488 4856 549 4912 et
570 4852 800 4923 famuli,
824 4855 881 4910 id
914 4858 1024 4923 est,
1050 4871 1254 4911 omnes
1277 4853 1410 4911 laici
1442 4854 1706 4928 plebium
1726 4855 1930 4914 incola:

265 4944 437 5001 erant
462 4942 843 5010 convocandi,
873 4959 973 5000 nec
990 4945 1256 5017 capitula,
1288 4944 1506 5016 quibus
1521 4945 1725 5002 adesse
1754 4946 1929 5003 debe-

264 5028 411 5085 bant
438 5027 663 5101 clerici,
693 5031 1224 5101 habereaudebat;
1258 5032 1555 5105 siquidem
1599 5051 1703 5091 nec
1752 5036 1929 5108 quid-

267 5134 463 5195 quam,
483 5120 652 5192 quod;
666 5121 1112 5179 emendandum
1131 5124 1285 5178 esset
1317 5137 1796 5193 commemorare,
1821 5141 1928 5181 nec

262 5211 795 5283 statuere.poterat
843 5209 1155 5282 quidlibet,
1199 5208 1286 5268 vel
1342 5211 1684 5270 destituere.
1737 5214 1938 5287 Neque

260 5299 819 5370 vemnegam‘us-de
859 5299 1210 5357 clericorum
1262 5300 1457 5356 causis
1502 5304 1701 5358 actum
1753 5302 1936 5361 fuisse

260 5386 445 5446 etiam
473 5386 534 5443 in
552 5389 804 5462 synodis
839 5388 1208 5457 dimcesanis,
1253 5393 1318 5445 ut
1366 5394 1527 5463 patet
1577 5408 1645 5446 ex
1696 5390 1934 5448 laudato

255 5473 569 5535 Itinerario
623 5495 687 5535 n.
712 5480 767 5536 6.
799 5479 944 5536 Cum
994 5496 1129 5536 vero
1171 5478 1230 5536 in
1287 5479 1530 5536 laudata
1581 5479 1829 5553 epistola
1859 5482 1932 5537 ad

256 5580 577 5627 summum.
600 5567 937 5643 pontificem
952 5567 1264 5626 Ratherius
1282 5568 1576 5641 synodum
1599 5588 1636 5625 a
1653 5569 1933 5642 capitulis

251 5652 606 5717 clericorum
632 5658 1029 5734 distinguens,
1061 5675 1187 5715 non
1202 5662 1325 5717 tam
1344 5659 1582 5719 clericos
1618 5663 1948 5728 memoret,.

2041 4694 2304 4744 nensem,
2339 4677 2727 4747 eamdemque
2749 4671 3061 4729 Ecclesiam
3086 4669 3357 4726 Ratherio
3386 4668 3556 4741 pulso
3577 4683 3695 4723 non

2043 4767 2127 4825 illi
2160 4766 2371 4824 clerico
2402 4782 2509 4822 suo
2544 4765 2648 4821 abs
2676 4780 2739 4820 se
2791 4761 3060 4819 ordinato
3107 4760 3400 4835 episcopo,
3449 4758 3552 4814 sed
3582 4757 3695 4813 sibi

2040 4858 2194 4931 regis
2217 4857 2393 4929 jussu
2423 4855 2769 4912 tradendam
2805 4853 3043 4919 curarit,
3072 4855 3138 4907 ut
3166 4867 3301 4906 mox
3341 4847 3690 4917 videbimus;

2040 4963 2157 5019 quo
2183 4962 2362 5002 sensu
2400 4944 2564 5000 illum
2598 4942 2955 4999 consecrarit
2980 4964 3008 4991 ‹‹
3042 4939 3103 4996 in
3134 4937 3303 4996 titulo
3343 4935 3694 4994 Veronensis

2038 5035 2329 5102 Ecclesiae,
2366 5056 2394 5084 »
2426 5032 2678 5089 aliorum
2703 5031 2998 5102 judicium
3030 5034 3175 5087 esto.

2117 5126 2205 5181 41.
2238 5146 2266 5175 ‹‹
2300 5123 2541 5180 Biennio
2572 5125 2631 5178 et
2659 5121 2769 5177 hoc
2800 5118 3067 5186 tolerato,
3104 5142 3131 5168 »
3162 5117 3331 5174 addlt
3360 5113 3696 5183 Ratherius,

2043 5237 2071 5266 «
2106 5212 2456 5287 gravissimo
2490 5211 2783 5280 omnium,
2815 5223 2965 5282 quos
2995 5213 3183 5276 antea,
3218 5212 3275 5262 et
3320 5209 3455 5279 post
3499 5205 3695 5276 [vau]

2043 5301 2659 5376 pertuli,miseriarum
2693 5315 2944 5365 carcere,
2970 5298 3112 5352 dum
3144 5297 3216 5351 ad
3244 5292 3696 5367 vespertinalem

2042 5391 2482 5466 persolvendam
2509 5405 2807 5462 pergerem
2837 5386 3122 5461 synaxim,
3144 5385 3330 5441 adfuit
3349 5385 3571 5440 missus
3591 5383 3696 5439 do-

2039 5478 2187 5534 mini
2220 5477 2374 5550 regis
2411 5475 2666 5532 Lotharii
2697 5473 3107 5548 prmcipientis,
3141 5477 3205 5529 ut
3236 5473 3379 5528 urbe
3408 5472 3695 5529 decedens

2040 5570 2243 5629 darem
2273 5566 2467 5624 locum
2494 5566 2753 5622 Manassi
2781 5564 2981 5621 sedem
3004 5580 3195 5619 meam
3219 5561 3700 5633 invadendi;adji-

2040 5659 2215 5719 ciens.
2232 5655 2478 5714 amicale
2507 5655 2659 5713 satis
2710 5653 3047 5721 consilium,
3080 5651 3290 5711 melius
3320 5648 3543 5707 scilicet
3569 5664 3699 5707 esse
