  <div class='ocr_page' id='page_1' title='image "/cluster/home/n/w/nwhite01/storage/ocr_20150623/136/hvd.32044054759964/037.png"; bbox 0 0 4100 6200; ppageno 0'>
   <div class='ocr_carea' id='block_1_1' title="bbox 365 289 3779 369">
    <p class='ocr_par' dir='ltr' id='par_1_1' title="bbox 365 289 3779 369">
     <span class='ocr_line' id='line_1_1' title="bbox 365 289 3779 369; baseline -0.003 -3"><span class='ocrx_word' id='word_1_1' title='bbox 365 300 445 366; x_wconf 72' lang='lat'>59</span> <span class='ocrx_word' id='word_1_2' title='bbox 484 340 489 346; x_wconf 90' lang='lat'><strong>-</strong></span> <span class='ocrx_word' id='word_1_3' title='bbox 693 313 701 322; x_wconf 88' lang='lat'>&#39;</span> <span class='ocrx_word' id='word_1_4' title='bbox 1326 298 1781 369; x_wconf 81' lang='lat' dir='ltr'>RATHERIUS</span> <span class='ocrx_word' id='word_1_5' title='bbox 1823 300 2322 367; x_wconf 76' lang='lat' dir='ltr'>VERONENSIS</span> <span class='ocrx_word' id='word_1_6' title='bbox 2363 300 2819 366; x_wconf 87' lang='lat' dir='ltr'>EPISGOPUS.</span> <span class='ocrx_word' id='word_1_7' title='bbox 3697 289 3779 357; x_wconf 85' lang='lat'>60</span> 
     </span>
    </p>
   </div>
   <div class='ocr_carea' id='block_1_2' title="bbox 366 427 3777 510">
    <p class='ocr_par' dir='ltr' id='par_1_2' title="bbox 366 427 3777 510">
     <span class='ocr_line' id='line_1_2' title="bbox 366 427 3777 510; baseline -0.002 -15"><span class='ocrx_word' id='word_1_8' title='bbox 366 440 432 495; x_wconf 89' lang='lat' dir='ltr'>ut</span> <span class='ocrx_word' id='word_1_9' title='bbox 460 436 810 504; x_wconf 89' lang='lat' dir='ltr'>secederem,</span> <span class='ocrx_word' id='word_1_10' title='bbox 826 453 1004 510; x_wconf 89' lang='lat' dir='ltr'>quam</span> <span class='ocrx_word' id='word_1_11' title='bbox 1027 437 1262 495; x_wconf 88' lang='lat' dir='ltr'>Milonis</span> <span class='ocrx_word' id='word_1_12' title='bbox 1286 439 1419 496; x_wconf 91' lang='lat' dir='ltr'>dolo</span> <span class='ocrx_word' id='word_1_13' title='bbox 1444 442 1546 494; x_wconf 89' lang='lat' dir='ltr'>aut</span> <span class='ocrx_word' id='word_1_14' title='bbox 1566 438 2014 504; x_wconf 83' lang='lat' dir='ltr'>exmembrarer,</span> <span class='ocrx_word' id='word_1_15' title='bbox 2047 437 2106 505; x_wconf 80' lang='grc' dir='ltr'><strong>Α</strong></span> <span class='ocrx_word' id='word_1_16' title='bbox 2135 476 2151 491; x_wconf 94' lang='grc'>.</span> <span class='ocrx_word' id='word_1_17' title='bbox 2195 479 2207 492; x_wconf 95' lang='grc'>.</span> <span class='ocrx_word' id='word_1_18' title='bbox 2257 478 2270 491; x_wconf 94' lang='grc'>.</span> <span class='ocrx_word' id='word_1_19' title='bbox 2316 477 2329 493; x_wconf 93' lang='grc'>.</span> <span class='ocrx_word' id='word_1_20' title='bbox 2372 437 2616 493; x_wconf 82' lang='lat' dir='ltr'>Remota</span> <span class='ocrx_word' id='word_1_21' title='bbox 2643 436 2824 509; x_wconf 85' lang='lat' dir='ltr'>igitur</span> <span class='ocrx_word' id='word_1_22' title='bbox 2843 427 3450 500; x_wconf 85' lang='lat' dir='ltr'>difﬁcultate,utimini</span> <span class='ocrx_word' id='word_1_23' title='bbox 3470 431 3777 503; x_wconf 80' lang='lat' dir='ltr'>potestate,</span> 
     </span>
    </p>
   </div>
   <div class='ocr_carea' id='block_1_3' title="bbox 364 524 2015 599">
    <p class='ocr_par' dir='ltr' id='par_1_3' title="bbox 364 524 2015 599">
     <span class='ocr_line' id='line_1_3' title="bbox 364 524 2015 599; baseline -0.001 -17"><span class='ocrx_word' id='word_1_24' title='bbox 364 530 465 582; x_wconf 91' lang='lat' dir='ltr'>aut</span> <span class='ocrx_word' id='word_1_25' title='bbox 491 524 865 593; x_wconf 84' lang='lat' dir='ltr'>interficerer,</span> <span class='ocrx_word' id='word_1_26' title='bbox 890 532 1010 593; x_wconf 89' lang='lat' dir='ltr'>aut,</span> <span class='ocrx_word' id='word_1_27' title='bbox 1033 529 1188 599; x_wconf 91' lang='lat' dir='ltr'>quod</span> <span class='ocrx_word' id='word_1_28' title='bbox 1211 526 1393 584; x_wconf 88' lang='lat' dir='ltr'>levius</span> <span class='ocrx_word' id='word_1_29' title='bbox 1414 527 1507 583; x_wconf 88' lang='lat' dir='ltr'>his</span> <span class='ocrx_word' id='word_1_30' title='bbox 1524 528 1730 595; x_wconf 91' lang='lat' dir='ltr'>multo,</span> <span class='ocrx_word' id='word_1_31' title='bbox 1756 527 1856 583; x_wconf 92' lang='lat' dir='ltr'>sed</span> <span class='ocrx_word' id='word_1_32' title='bbox 1881 543 2015 599; x_wconf 84' lang='lat' dir='ltr'>gra-</span> 
     </span>
    </p>
   </div>
   <div class='ocr_carea' id='block_1_4' title="bbox 248 614 2013 690">
    <p class='ocr_par' dir='ltr' id='par_1_4' title="bbox 248 614 2013 690">
     <span class='ocr_line' id='line_1_4' title="bbox 248 614 2013 690; baseline 0 -19"><span class='ocrx_word' id='word_1_33' title='bbox 248 628 255 649; x_wconf 74' lang='grc' dir='ltr'>ι</span> <span class='ocrx_word' id='word_1_34' title='bbox 360 614 670 671; x_wconf 91' lang='lat' dir='ltr'>vissimum</span> <span class='ocrx_word' id='word_1_35' title='bbox 706 616 847 671; x_wconf 91' lang='lat' dir='ltr'>mihi</span> <span class='ocrx_word' id='word_1_36' title='bbox 879 620 1032 673; x_wconf 83' lang='lat' dir='ltr'><strong>esset</strong></span> <span class='ocrx_word' id='word_1_37' title='bbox 1062 618 1345 685; x_wconf 87' lang='lat' dir='ltr'>futurum,</span> <span class='ocrx_word' id='word_1_38' title='bbox 1380 617 1859 690; x_wconf 86' lang='lat' dir='ltr'>comprehensus,</span> <span class='ocrx_word' id='word_1_39' title='bbox 1900 633 2013 688; x_wconf 89' lang='lat' dir='ltr'>quo</span> 
     </span>
    </p>
   </div>
   <div class='ocr_carea' id='block_1_5' title="bbox 361 703 2011 779">
    <p class='ocr_par' dir='ltr' id='par_1_5' title="bbox 361 703 2011 779">
     <span class='ocr_line' id='line_1_5' title="bbox 361 703 2011 779; baseline -0.001 -19"><span class='ocrx_word' id='word_1_40' title='bbox 361 703 605 760; x_wconf 91' lang='lat' dir='ltr'>minime</span> <span class='ocrx_word' id='word_1_41' title='bbox 625 703 831 761; x_wconf 88' lang='lat' dir='ltr'>vellem</span> <span class='ocrx_word' id='word_1_42' title='bbox 856 706 1299 762; x_wconf 81' lang='lat' dir='ltr'>abducerer.»ld</span> <span class='ocrx_word' id='word_1_43' title='bbox 1315 712 1510 762; x_wconf 89' lang='lat' dir='ltr'>actum</span> <span class='ocrx_word' id='word_1_44' title='bbox 1527 705 1743 779; x_wconf 79' lang='lat' dir='ltr'>partim</span> <span class='ocrx_word' id='word_1_45' title='bbox 1758 704 2011 760; x_wconf 84' lang='lat' dir='ltr'>Milonis.</span> 
     </span>
    </p>
   </div>
   <div class='ocr_carea' id='block_1_6' title="bbox 361 792 2012 868">
    <p class='ocr_par' dir='ltr' id='par_1_6' title="bbox 361 792 2012 868">
     <span class='ocr_line' id='line_1_6' title="bbox 361 792 2012 868; baseline 0 -20"><span class='ocrx_word' id='word_1_46' title='bbox 361 792 577 866; x_wconf 81' lang='lat' dir='ltr'>partim</span> <span class='ocrx_word' id='word_1_47' title='bbox 610 792 899 850; x_wconf 89' lang='lat' dir='ltr'>Manassis</span> <span class='ocrx_word' id='word_1_48' title='bbox 931 811 1124 867; x_wconf 83' lang='lat' dir='ltr'>opera;</span> <span class='ocrx_word' id='word_1_49' title='bbox 1159 794 1423 868; x_wconf 87' lang='lat' dir='ltr'>nihilque</span> <span class='ocrx_word' id='word_1_50' title='bbox 1454 794 1831 867; x_wconf 86' lang='lat' dir='ltr'>ambigimus,</span> <span class='ocrx_word' id='word_1_51' title='bbox 1871 794 2012 865; x_wconf 88' lang='lat' dir='ltr'>quin</span> 
     </span>
    </p>
   </div>
   <div class='ocr_carea' id='block_1_7' title="bbox 363 881 2014 956">
    <p class='ocr_par' dir='ltr' id='par_1_7' title="bbox 363 881 2014 956">
     <span class='ocr_line' id='line_1_7' title="bbox 363 881 2014 956; baseline 0.001 -19"><span class='ocrx_word' id='word_1_52' title='bbox 363 881 475 937; x_wconf 90' lang='lat' dir='ltr'>hoc</span> <span class='ocrx_word' id='word_1_53' title='bbox 499 886 852 954; x_wconf 64' lang='lat' dir='ltr'>praeceptum</span> <span class='ocrx_word' id='word_1_54' title='bbox 873 884 1026 956; x_wconf 90' lang='lat' dir='ltr'>regis</span> <span class='ocrx_word' id='word_1_55' title='bbox 1058 883 1313 939; x_wconf 88' lang='lat' dir='ltr'>Lotharii</span> <span class='ocrx_word' id='word_1_56' title='bbox 1336 884 1573 939; x_wconf 90' lang='lat' dir='ltr'>nomine</span> <span class='ocrx_word' id='word_1_57' title='bbox 1605 901 1638 938; x_wconf 92' lang='lat' dir='ltr'>a</span> <span class='ocrx_word' id='word_1_58' title='bbox 1668 884 2014 955; x_wconf 73' lang='lat' dir='ltr'>Berengaric</span> 
     </span>
    </p>
   </div>
   <div class='ocr_carea' id='block_1_8' title="bbox 362 970 2011 1043">
    <p class='ocr_par' dir='ltr' id='par_1_8' title="bbox 362 970 2011 1043">
     <span class='ocr_line' id='line_1_8' title="bbox 362 970 2011 1043; baseline 0.001 -19"><span class='ocrx_word' id='word_1_59' title='bbox 362 970 661 1043; x_wconf 81' lang='lat' dir='ltr'>prodierit,</span> <span class='ocrx_word' id='word_1_60' title='bbox 693 971 849 1043; x_wconf 89' lang='lat' dir='ltr'>apud</span> <span class='ocrx_word' id='word_1_61' title='bbox 881 988 1057 1043; x_wconf 88' lang='lat' dir='ltr'>quem</span> <span class='ocrx_word' id='word_1_62' title='bbox 1082 971 1219 1027; x_wconf 88' lang='lat' dir='ltr'>Milo</span> <span class='ocrx_word' id='word_1_63' title='bbox 1252 975 1307 1027; x_wconf 92' lang='lat' dir='ltr'>et</span> <span class='ocrx_word' id='word_1_64' title='bbox 1342 974 1643 1027; x_wconf 84' lang='lat' dir='ltr'>Manasses</span> <span class='ocrx_word' id='word_1_65' title='bbox 1693 970 2011 1043; x_wconf 89' lang='lat' dir='ltr'>plurimum</span> 
     </span>
    </p>
   </div>
   <div class='ocr_carea' id='block_1_9' title="bbox 359 1057 2015 1132">
    <p class='ocr_par' dir='ltr' id='par_1_9' title="bbox 359 1057 2015 1132">
     <span class='ocr_line' id='line_1_9' title="bbox 359 1057 2015 1132; baseline 0 -18"><span class='ocrx_word' id='word_1_66' title='bbox 359 1057 649 1114; x_wconf 88' lang='lat' dir='ltr'>valebant.</span> <span class='ocrx_word' id='word_1_67' title='bbox 683 1060 1063 1132; x_wconf 84' lang='lat' dir='ltr'>Berengarius</span> <span class='ocrx_word' id='word_1_68' title='bbox 1125 1061 1303 1127; x_wconf 89' lang='lat' dir='ltr'>enim,</span> <span class='ocrx_word' id='word_1_69' title='bbox 1339 1068 1404 1115; x_wconf 89' lang='lat' dir='ltr'>ut</span> <span class='ocrx_word' id='word_1_70' title='bbox 1460 1065 1629 1116; x_wconf 90' lang='lat' dir='ltr'>antea</span> <span class='ocrx_word' id='word_1_71' title='bbox 1674 1058 2015 1115; x_wconf 85' lang='lat' dir='ltr'>monuimus</span> 
     </span>
    </p>
   </div>
   <div class='ocr_carea' id='block_1_10' title="bbox 361 1148 2014 1221">
    <p class='ocr_par' dir='ltr' id='par_1_10' title="bbox 361 1148 2014 1221">
     <span class='ocr_line' id='line_1_10' title="bbox 361 1148 2014 1221; baseline 0.001 -18"><span class='ocrx_word' id='word_1_72' title='bbox 361 1164 525 1203; x_wconf 92' lang='lat' dir='ltr'>num.</span> <span class='ocrx_word' id='word_1_73' title='bbox 558 1149 647 1215; x_wconf 85' lang='lat'>32,</span> <span class='ocrx_word' id='word_1_74' title='bbox 681 1148 741 1203; x_wconf 91' lang='lat' dir='ltr'>in</span> <span class='ocrx_word' id='word_1_75' title='bbox 772 1148 1025 1203; x_wconf 88' lang='lat' dir='ltr'>Lotharii</span> <span class='ocrx_word' id='word_1_76' title='bbox 1058 1149 1403 1204; x_wconf 88' lang='lat' dir='ltr'>aulaomnia</span> <span class='ocrx_word' id='word_1_77' title='bbox 1432 1150 1686 1221; x_wconf 84' lang='lat' dir='ltr'>gerebat,</span> <span class='ocrx_word' id='word_1_78' title='bbox 1713 1148 1834 1206; x_wconf 90' lang='lat' dir='ltr'>solo</span> <span class='ocrx_word' id='word_1_79' title='bbox 1860 1150 2014 1221; x_wconf 84' lang='lat' dir='ltr'>regio</span> 
     </span>
    </p>
   </div>
   <div class='ocr_carea' id='block_1_11' title="bbox 360 1234 2014 1309">
    <p class='ocr_par' dir='ltr' id='par_1_11' title="bbox 360 1234 2014 1309">
     <span class='ocr_line' id='line_1_11' title="bbox 360 1234 2014 1309; baseline -0.001 -17"><span class='ocrx_word' id='word_1_80' title='bbox 360 1235 531 1292; x_wconf 82' lang='lat' dir='ltr'>titulo</span> <span class='ocrx_word' id='word_1_81' title='bbox 563 1240 619 1291; x_wconf 90' lang='lat' dir='ltr'>et</span> <span class='ocrx_word' id='word_1_82' title='bbox 643 1235 862 1292; x_wconf 79' lang='lat' dir='ltr'>honore</span> <span class='ocrx_word' id='word_1_83' title='bbox 893 1234 1080 1291; x_wconf 88' lang='lat' dir='ltr'>eidem</span> <span class='ocrx_word' id='word_1_84' title='bbox 1104 1236 1338 1292; x_wconf 78' lang='lat' dir='ltr'>relictis.</span> <span class='ocrx_word' id='word_1_85' title='bbox 1365 1237 1509 1293; x_wconf 90' lang='lat' dir='ltr'>Huic</span> <span class='ocrx_word' id='word_1_86' title='bbox 1535 1236 2014 1309; x_wconf 70' lang='lat' dir='ltr'>praeceptcliben-</span> 
     </span>
    </p>
   </div>
   <div class='ocr_carea' id='block_1_12' title="bbox 363 1323 2015 1397">
    <p class='ocr_par' dir='ltr' id='par_1_12' title="bbox 363 1323 2015 1397">
     <span class='ocr_line' id='line_1_12' title="bbox 363 1323 2015 1397; baseline 0.001 -17"><span class='ocrx_word' id='word_1_87' title='bbox 363 1327 453 1380; x_wconf 87' lang='lat' dir='ltr'>ter</span> <span class='ocrx_word' id='word_1_88' title='bbox 483 1323 661 1379; x_wconf 89' lang='lat' dir='ltr'>cessit</span> <span class='ocrx_word' id='word_1_89' title='bbox 696 1323 1029 1390; x_wconf 82' lang='lat' dir='ltr'>Ratherius,</span> <span class='ocrx_word' id='word_1_90' title='bbox 1064 1324 1164 1397; x_wconf 86' lang='lat' dir='ltr'>qui</span> <span class='ocrx_word' id='word_1_91' title='bbox 1195 1330 1367 1381; x_wconf 86' lang='lat' dir='ltr'>antea</span> <span class='ocrx_word' id='word_1_92' title='bbox 1398 1343 1431 1381; x_wconf 88' lang='lat' dir='ltr'>a</span> <span class='ocrx_word' id='word_1_93' title='bbox 1460 1329 1544 1382; x_wconf 90' lang='lat' dir='ltr'>tot</span> <span class='ocrx_word' id='word_1_94' title='bbox 1575 1326 1803 1381; x_wconf 82' lang='lat' dir='ltr'>insidiis</span> <span class='ocrx_word' id='word_1_95' title='bbox 1835 1331 1891 1381; x_wconf 90' lang='lat' dir='ltr'>et</span> <span class='ocrx_word' id='word_1_96' title='bbox 1921 1343 2015 1382; x_wconf 91' lang='lat' dir='ltr'>ca-</span> 
     </span>
    </p>
   </div>
   <div class='ocr_carea' id='block_1_13' title="bbox 368 1411 2017 1481">
    <p class='ocr_par' dir='ltr' id='par_1_13' title="bbox 368 1411 2017 1481">
     <span class='ocr_line' id='line_1_13' title="bbox 368 1411 2017 1481; baseline 0.002 -14"><span class='ocrx_word' id='word_1_97' title='bbox 368 1411 734 1468; x_wconf 89' lang='lat' dir='ltr'>lamitatibus</span> <span class='ocrx_word' id='word_1_98' title='bbox 767 1428 895 1468; x_wconf 88' lang='lat' dir='ltr'>sese</span> <span class='ocrx_word' id='word_1_99' title='bbox 927 1413 1323 1481; x_wconf 77' lang='lat' dir='ltr'>subduxisset,</span> <span class='ocrx_word' id='word_1_100' title='bbox 1356 1415 1467 1470; x_wconf 90' lang='lat' dir='ltr'>nisi</span> <span class='ocrx_word' id='word_1_101' title='bbox 1500 1415 1717 1470; x_wconf 81' lang='lat' dir='ltr'>veritus</span> <span class='ocrx_word' id='word_1_102' title='bbox 1739 1421 1912 1481; x_wconf 86' lang='lat' dir='ltr'>esset,</span> <span class='ocrx_word' id='word_1_103' title='bbox 1946 1433 2017 1471; x_wconf 91' lang='lat' dir='ltr'>ne</span> 
     </span>
    </p>
   </div>
   <div class='ocr_carea' id='block_1_14' title="bbox 364 1500 2013 1576">
    <p class='ocr_par' dir='ltr' id='par_1_14' title="bbox 364 1500 2013 1576">
     <span class='ocr_line' id='line_1_14' title="bbox 364 1500 2013 1576; baseline 0.002 -20"><span class='ocrx_word' id='word_1_104' title='bbox 364 1500 706 1556; x_wconf 82' lang='lat' dir='ltr'>mercenarii</span> <span class='ocrx_word' id='word_1_105' title='bbox 737 1505 936 1557; x_wconf 88' lang='lat' dir='ltr'>notam</span> <span class='ocrx_word' id='word_1_106' title='bbox 963 1501 1303 1570; x_wconf 90' lang='lat' dir='ltr'>incurreret,</span> <span class='ocrx_word' id='word_1_107' title='bbox 1358 1503 1458 1576; x_wconf 90' lang='lat' dir='ltr'>qui</span> <span class='ocrx_word' id='word_1_108' title='bbox 1506 1505 1714 1559; x_wconf 87' lang='lat' dir='ltr'>timore</span> <span class='ocrx_word' id='word_1_109' title='bbox 1762 1504 2013 1576; x_wconf 78' lang='lat' dir='ltr'>fugiens,</span> 
     </span>
    </p>
   </div>
   <div class='ocr_carea' id='block_1_15' title="bbox 364 1589 2017 1664">
    <p class='ocr_par' dir='ltr' id='par_1_15' title="bbox 364 1589 2017 1664">
     <span class='ocr_line' id='line_1_15' title="bbox 364 1589 2017 1664; baseline 0.002 -20"><span class='ocrx_word' id='word_1_110' title='bbox 364 1604 600 1662; x_wconf 89' lang='lat' dir='ltr'>gregem</span> <span class='ocrx_word' id='word_1_111' title='bbox 656 1589 769 1646; x_wconf 92' lang='lat' dir='ltr'>sibi</span> <span class='ocrx_word' id='word_1_112' title='bbox 829 1590 1215 1646; x_wconf 89' lang='lat' dir='ltr'>commissum</span> <span class='ocrx_word' id='word_1_113' title='bbox 1277 1592 1432 1664; x_wconf 90' lang='lat' dir='ltr'>lupis</span> <span class='ocrx_word' id='word_1_114' title='bbox 1481 1592 1750 1648; x_wconf 81' lang='lat' dir='ltr'>dimittit.</span> <span class='ocrx_word' id='word_1_115' title='bbox 1810 1617 1837 1643; x_wconf 88' lang='grc'><em>‹‹</em></span> <span class='ocrx_word' id='word_1_116' title='bbox 1888 1593 2017 1648; x_wconf 83' lang='lat' dir='ltr'>Feci</span> 
     </span>
    </p>
   </div>
   <div class='ocr_carea' id='block_1_16' title="bbox 357 1677 2017 1751">
    <p class='ocr_par' dir='ltr' id='par_1_16' title="bbox 357 1677 2017 1751">
     <span class='ocr_line' id='line_1_16' title="bbox 357 1677 2017 1751; baseline 0.002 -18"><span class='ocrx_word' id='word_1_117' title='bbox 357 1678 587 1750; x_wconf 89' lang='lat' dir='ltr'>jussus,</span> <span class='ocrx_word' id='word_1_118' title='bbox 618 1677 828 1749; x_wconf 89' lang='lat' dir='ltr'>inquit,</span> <span class='ocrx_word' id='word_1_119' title='bbox 858 1681 1012 1751; x_wconf 90' lang='lat' dir='ltr'>quod</span> <span class='ocrx_word' id='word_1_120' title='bbox 1035 1685 1205 1735; x_wconf 85' lang='lat' dir='ltr'>antea</span> <span class='ocrx_word' id='word_1_121' title='bbox 1225 1678 1614 1738; x_wconf 82' lang='lat' dir='ltr'>libentissime</span> <span class='ocrx_word' id='word_1_122' title='bbox 1638 1682 1903 1737; x_wconf 90' lang='lat' dir='ltr'>fecissem</span> <span class='ocrx_word' id='word_1_123' title='bbox 1931 1683 2017 1736; x_wconf 88' lang='lat' dir='ltr'>in-</span> 
     </span>
    </p>
   </div>
   <div class='ocr_carea' id='block_1_17' title="bbox 357 1766 2093 1870">
    <p class='ocr_par' dir='ltr' id='par_1_17' title="bbox 357 1766 2093 1870">
     <span class='ocr_line' id='line_1_17' title="bbox 357 1766 2093 1870; baseline 0.002 -48"><span class='ocrx_word' id='word_1_124' title='bbox 357 1768 589 1839; x_wconf 90' lang='lat' dir='ltr'>jussus,</span> <span class='ocrx_word' id='word_1_125' title='bbox 621 1766 735 1866; x_wconf 79' lang='lat' dir='ltr'>nisi</span> <span class='ocrx_word' id='word_1_126' title='bbox 753 1766 1182 1870; x_wconf 56' lang='lat' dir='ltr'>interdixisset,</span> <span class='ocrx_word' id='word_1_127' title='bbox 1218 1771 1371 1841; x_wconf 90' lang='lat' dir='ltr'>quod</span> <span class='ocrx_word' id='word_1_128' title='bbox 1406 1772 1489 1825; x_wconf 87' lang='lat' dir='ltr'>ait</span> <span class='ocrx_word' id='word_1_129' title='bbox 1518 1771 1577 1825; x_wconf 90' lang='lat' dir='ltr'>in</span> <span class='ocrx_word' id='word_1_130' title='bbox 1614 1769 1923 1843; x_wconf 85' lang='lat' dir='ltr'>Evangelio</span> <span class='ocrx_word' id='word_1_131' title='bbox 1945 1772 2015 1826; x_wconf 90' lang='lat' dir='ltr'>de</span> <span class='ocrx_word' id='word_1_132' title='bbox 2046 1806 2093 1870; x_wconf 83' lang='lat' dir='ltr'><strong>B</strong></span> 
     </span>
    </p>
   </div>
   <div class='ocr_carea' id='block_1_18' title="bbox 365 1854 2011 1931">
    <p class='ocr_par' dir='ltr' id='par_1_18' title="bbox 365 1854 2011 1931">
     <span class='ocr_line' id='line_1_18' title="bbox 365 1854 2011 1931; baseline 0.002 -21"><span class='ocrx_word' id='word_1_133' title='bbox 365 1855 722 1911; x_wconf 90' lang='lat' dir='ltr'>mercenario</span> <span class='ocrx_word' id='word_1_134' title='bbox 753 1854 1058 1922; x_wconf 89' lang='lat' dir='ltr'>Dominus;</span> <span class='ocrx_word' id='word_1_135' title='bbox 1091 1858 1193 1911; x_wconf 88' lang='lat' dir='ltr'>sed</span> <span class='ocrx_word' id='word_1_136' title='bbox 1224 1874 1337 1913; x_wconf 88' lang='lat' dir='ltr'>non</span> <span class='ocrx_word' id='word_1_137' title='bbox 1371 1857 1531 1929; x_wconf 90' lang='lat' dir='ltr'>potui</span> <span class='ocrx_word' id='word_1_138' title='bbox 1563 1875 1731 1931; x_wconf 89' lang='lat' dir='ltr'>agere</span> <span class='ocrx_word' id='word_1_139' title='bbox 1754 1859 2011 1930; x_wconf 90' lang='lat' dir='ltr'>impune.</span> 
     </span>
    </p>
   </div>
   <div class='ocr_carea' id='block_1_19' title="bbox 365 1942 2013 2020">
    <p class='ocr_par' dir='ltr' id='par_1_19' title="bbox 365 1942 2013 2020">
     <span class='ocr_line' id='line_1_19' title="bbox 365 1942 2013 2020; baseline 0.002 -21"><span class='ocrx_word' id='word_1_140' title='bbox 365 1943 515 2014; x_wconf 92' lang='lat' dir='ltr'>Lupi</span> <span class='ocrx_word' id='word_1_141' title='bbox 539 1942 623 1997; x_wconf 91' lang='lat' dir='ltr'>illi</span> <span class='ocrx_word' id='word_1_142' title='bbox 654 1959 888 2015; x_wconf 87' lang='lat' dir='ltr'>gregem</span> <span class='ocrx_word' id='word_1_143' title='bbox 922 1961 1036 2001; x_wconf 88' lang='lat' dir='ltr'>non</span> <span class='ocrx_word' id='word_1_144' title='bbox 1070 1946 1407 2017; x_wconf 74' lang='lat' dir='ltr'>quaerebant</span> <span class='ocrx_word' id='word_1_145' title='bbox 1438 1946 1731 2014; x_wconf 84' lang='lat' dir='ltr'>invadere,</span> <span class='ocrx_word' id='word_1_146' title='bbox 1780 1949 1880 2003; x_wconf 87' lang='lat' dir='ltr'>sed</span> <span class='ocrx_word' id='word_1_147' title='bbox 1914 1964 2013 2020; x_wconf 89' lang='lat' dir='ltr'>pa-</span> 
     </span>
    </p>
   </div>
   <div class='ocr_carea' id='block_1_20' title="bbox 368 2034 2012 2115">
    <p class='ocr_par' dir='ltr' id='par_1_20' title="bbox 368 2034 2012 2115">
     <span class='ocr_line' id='line_1_20' title="bbox 368 2034 2012 2115; baseline 0.003 -27"><span class='ocrx_word' id='word_1_148' title='bbox 368 2035 608 2099; x_wconf 87' lang='lat' dir='ltr'>storem;</span> <span class='ocrx_word' id='word_1_149' title='bbox 642 2037 1103 2115; x_wconf 88' lang='lat' dir='ltr'>persecutusque</span> <span class='ocrx_word' id='word_1_150' title='bbox 1124 2034 1181 2089; x_wconf 91' lang='lat' dir='ltr'>in</span> <span class='ocrx_word' id='word_1_151' title='bbox 1204 2052 1320 2090; x_wconf 90' lang='lat' dir='ltr'>una</span> <span class='ocrx_word' id='word_1_152' title='bbox 1348 2035 1577 2091; x_wconf 84' lang='lat' dir='ltr'>civitate</span> <span class='ocrx_word' id='word_1_153' title='bbox 1600 2037 1798 2110; x_wconf 85' lang='lat' dir='ltr'>fugere</span> <span class='ocrx_word' id='word_1_154' title='bbox 1818 2037 2012 2093; x_wconf 85' lang='lat' dir='ltr'>venia-</span> 
     </span>
    </p>
   </div>
   <div class='ocr_carea' id='block_1_21' title="bbox 366 2120 2014 2198">
    <p class='ocr_par' dir='ltr' id='par_1_21' title="bbox 366 2120 2014 2198">
     <span class='ocr_line' id='line_1_21' title="bbox 366 2120 2014 2198; baseline 0.004 -23"><span class='ocrx_word' id='word_1_155' title='bbox 366 2121 501 2175; x_wconf 86' lang='lat' dir='ltr'>liter</span> <span class='ocrx_word' id='word_1_156' title='bbox 529 2120 692 2193; x_wconf 90' lang='lat' dir='ltr'>potui</span> <span class='ocrx_word' id='word_1_157' title='bbox 723 2120 782 2176; x_wconf 91' lang='lat' dir='ltr'>in</span> <span class='ocrx_word' id='word_1_158' title='bbox 797 2120 992 2177; x_wconf 86' lang='lat' dir='ltr'>aliam.</span> <span class='ocrx_word' id='word_1_159' title='bbox 1030 2144 1057 2171; x_wconf 87' lang='grc'><strong>››</strong></span> <span class='ocrx_word' id='word_1_160' title='bbox 1073 2126 1214 2178; x_wconf 90' lang='lat' dir='ltr'>Cum</span> <span class='ocrx_word' id='word_1_161' title='bbox 1230 2124 1684 2198; x_wconf 82' lang='lat' dir='ltr'>biennium,quo</span> <span class='ocrx_word' id='word_1_162' title='bbox 1700 2127 2014 2181; x_wconf 78' lang='lat' dir='ltr'>Ratherius</span> 
     </span>
    </p>
   </div>
   <div class='ocr_carea' id='block_1_22' title="bbox 366 2209 2015 2285">
    <p class='ocr_par' dir='ltr' id='par_1_22' title="bbox 366 2209 2015 2285">
     <span class='ocr_line' id='line_1_22' title="bbox 366 2209 2015 2285; baseline 0.004 -22"><span class='ocrx_word' id='word_1_163' title='bbox 366 2209 606 2265; x_wconf 67' lang='lat' dir='ltr'>Veronae</span> <span class='ocrx_word' id='word_1_164' title='bbox 636 2209 787 2265; x_wconf 89' lang='lat' dir='ltr'>hanc</span> <span class='ocrx_word' id='word_1_165' title='bbox 816 2212 1277 2282; x_wconf 89' lang='lat' dir='ltr'>persecutionem</span> <span class='ocrx_word' id='word_1_166' title='bbox 1310 2230 1624 2285; x_wconf 89' lang='lat' dir='ltr'>perpessus</span> <span class='ocrx_word' id='word_1_167' title='bbox 1645 2218 1752 2278; x_wconf 89' lang='lat' dir='ltr'>est,</span> <span class='ocrx_word' id='word_1_168' title='bbox 1777 2215 2015 2269; x_wconf 82' lang='lat' dir='ltr'>desierit</span> 
     </span>
    </p>
   </div>
   <div class='ocr_carea' id='block_1_23' title="bbox 368 2297 2010 2375">
    <p class='ocr_par' dir='ltr' id='par_1_23' title="bbox 368 2297 2010 2375">
     <span class='ocr_line' id='line_1_23' title="bbox 368 2297 2010 2375; baseline 0.002 -21"><span class='ocrx_word' id='word_1_169' title='bbox 368 2315 521 2354; x_wconf 90' lang='lat' dir='ltr'>anno</span> <span class='ocrx_word' id='word_1_170' title='bbox 548 2297 997 2367; x_wconf 63' lang='lat' dir='ltr'>948;secundam</span> <span class='ocrx_word' id='word_1_171' title='bbox 1028 2301 1154 2372; x_wconf 83' lang='lat' dir='ltr'>ejus</span> <span class='ocrx_word' id='word_1_172' title='bbox 1168 2301 1562 2373; x_wconf 87' lang='lat' dir='ltr'>expulsionem</span> <span class='ocrx_word' id='word_1_173' title='bbox 1579 2304 1651 2358; x_wconf 85' lang='lat' dir='ltr'>ab</span> <span class='ocrx_word' id='word_1_174' title='bbox 1674 2304 2010 2375; x_wconf 88' lang='lat' dir='ltr'>episcopatu</span> 
     </span>
    </p>
   </div>
   <div class='ocr_carea' id='block_1_24' title="bbox 366 2386 1750 2464">
    <p class='ocr_par' dir='ltr' id='par_1_24' title="bbox 366 2386 1750 2464">
     <span class='ocr_line' id='line_1_24' title="bbox 366 2386 1750 2464; baseline 0.004 -23"><span class='ocrx_word' id='word_1_175' title='bbox 366 2386 686 2443; x_wconf 88' lang='lat' dir='ltr'>Veronensi</span> <span class='ocrx_word' id='word_1_176' title='bbox 716 2386 776 2442; x_wconf 90' lang='lat' dir='ltr'>in</span> <span class='ocrx_word' id='word_1_177' title='bbox 807 2387 963 2444; x_wconf 90' lang='lat' dir='ltr'>hunc</span> <span class='ocrx_word' id='word_1_178' title='bbox 991 2406 1213 2445; x_wconf 89' lang='lat' dir='ltr'>annum</span> <span class='ocrx_word' id='word_1_179' title='bbox 1241 2390 1516 2447; x_wconf 89' lang='lat' dir='ltr'>incidisse</span> <span class='ocrx_word' id='word_1_180' title='bbox 1546 2391 1750 2464; x_wconf 87' lang='lat' dir='ltr'>liquet.</span> 
     </span>
    </p>
   </div>
   <div class='ocr_carea' id='block_1_25' title="bbox 369 2475 2009 2560">
    <p class='ocr_par' dir='ltr' id='par_1_25' title="bbox 369 2475 2009 2560">
     <span class='ocr_line' id='line_1_25' title="bbox 369 2475 2009 2560; baseline 0.005 -31"><span class='ocrx_word' id='word_1_181' title='bbox 369 2475 584 2560; x_wconf 64' lang='grc' dir='ltr'>[ωξνιιι]</span> <span class='ocrx_word' id='word_1_182' title='bbox 607 2475 645 2560; x_wconf 51' lang='grc' dir='ltr'><strong><em>ᾖ</em></strong></span> <span class='ocrx_word' id='word_1_183' title='bbox 677 2476 873 2560; x_wconf 80' lang='lat'>_—</span> <span class='ocrx_word' id='word_1_184' title='bbox 893 2477 1369 2560; x_wconf 39' lang='lat' dir='ltr'>_In“GermaniamA</span> <span class='ocrx_word' id='word_1_185' title='bbox 1382 2480 1670 2560; x_wconf 63' lang='lat' dir='ltr'>Ratlierius</span> <span class='ocrx_word' id='word_1_186' title='bbox 1712 2484 2009 2560; x_wconf 76' lang='lat' dir='ltr'>proﬁcisci-</span> 
     </span>
    </p>
   </div>
   <div class='ocr_carea' id='block_1_26' title="bbox 440 2549 2015 2630">
    <p class='ocr_par' dir='ltr' id='par_1_26' title="bbox 440 2549 2015 2630">
     <span class='ocr_line' id='line_1_26' title="bbox 440 2549 2015 2630; baseline 0.005 -29"><span class='ocrx_word' id='word_1_187' title='bbox 440 2549 805 2630; x_wconf 37' lang='lat' dir='ltr'>tur..Seribi.t</span> <span class='ocrx_word' id='word_1_188' title='bbox 961 2551 1275 2630; x_wconf 46' lang='lat' dir='ltr'>Brunone&quot;;</span> <span class='ocrx_word' id='word_1_189' title='bbox 1332 2549 1875 2630; x_wconf 60' lang='lat' dir='ltr'>_0ttogzi.s__1/ra&#39;trein.</span> <span class='ocrx_word' id='word_1_190' title='bbox 1935 2560 2015 2630; x_wconf 73' lang='lat' dir='ltr'>pe</span> 
     </span>
    </p>
   </div>
   <div class='ocr_carea' id='block_1_27' title="bbox 439 2619 2010 2696">
    <p class='ocr_par' dir='ltr' id='par_1_27' title="bbox 439 2619 2010 2696">
     <span class='ocr_line' id='line_1_27' title="bbox 439 2619 2010 2696; baseline 0.004 -23"><span class='ocrx_word' id='word_1_191' title='bbox 439 2619 604 2673; x_wconf 83' lang='lat' dir='ltr'>initio</span> <span class='ocrx_word' id='word_1_192' title='bbox 635 2621 792 2689; x_wconf 85' lang='lat' dir='ltr'>regni</span> <span class='ocrx_word' id='word_1_193' title='bbox 818 2619 1055 2696; x_wconf 75' lang='lat' dir='ltr'>ejusdem</span> <span class='ocrx_word' id='word_1_194' title='bbox 1090 2622 1297 2696; x_wconf 77' lang='lat' dir='ltr'>Ottonis</span> <span class='ocrx_word' id='word_1_195' title='bbox 1330 2625 1411 2696; x_wconf 8' lang='lat' dir='ltr'>in,</span> <span class='ocrx_word' id='word_1_196' title='bbox 1440 2619 1636 2679; x_wconf 54' lang='lat' dir='ltr'>Italiaf</span> <span class='ocrx_word' id='word_1_197' title='bbox 1669 2626 1889 2696; x_wconf 78' lang='lat' dir='ltr'>Aliquot</span> <span class='ocrx_word' id='word_1_198' title='bbox 1918 2626 2010 2681; x_wconf 82' lang='lat' dir='ltr'>do-</span> 
     </span>
    </p>
   </div>
   <div class='ocr_carea' id='block_1_28' title="bbox 438 2693 2010 2771">
    <p class='ocr_par' dir='ltr' id='par_1_28' title="bbox 438 2693 2010 2771">
     <span class='ocr_line' id='line_1_28' title="bbox 438 2693 2010 2771; baseline 0.004 -28"><span class='ocrx_word' id='word_1_199' title='bbox 438 2697 814 2771; x_wconf 61' lang='lat' dir='ltr'>cumentorum</span> <span class='ocrx_word' id='word_1_200' title='bbox 841 2693 1511 2771; x_wconf 36' lang='lat' dir='ltr'>“notationesnrhronicqr</span> <span class='ocrx_word' id='word_1_201' title='bbox 1545 2693 1863 2771; x_wconf 40' lang='lat' dir='ltr'>emenda—tce.</span> <span class='ocrx_word' id='word_1_202' title='bbox 1908 2698 2010 2752; x_wconf 81' lang='lat' dir='ltr'>Ra-</span> 
     </span>
    </p>
   </div>
   <div class='ocr_carea' id='block_1_29' title="bbox 442 2759 2009 2838">
    <p class='ocr_par' dir='ltr' id='par_1_29' title="bbox 442 2759 2009 2838">
     <span class='ocr_line' id='line_1_29' title="bbox 442 2759 2009 2838; baseline 0.006 -25"><span class='ocrx_word' id='word_1_203' title='bbox 442 2759 658 2838; x_wconf 64' lang='lat' dir='ltr'>therius</span> <span class='ocrx_word' id='word_1_204' title='bbox 681 2777 807 2814; x_wconf 87' lang='lat' dir='ltr'>cum</span> <span class='ocrx_word' id='word_1_205' title='bbox 832 2762 1023 2838; x_wconf 75' lang='lat' dir='ltr'>Qttone</span> <span class='ocrx_word' id='word_1_206' title='bbox 1047 2771 1098 2818; x_wconf 89' lang='lat' dir='ltr'>et</span> <span class='ocrx_word' id='word_1_207' title='bbox 1125 2763 1243 2831; x_wconf 82' lang='lat' dir='ltr'>[ilio</span> <span class='ocrx_word' id='word_1_208' title='bbox 1280 2764 1396 2838; x_wconf 80' lang='lat' dir='ltr'>ejus</span> <span class='ocrx_word' id='word_1_209' title='bbox 1447 2766 1688 2838; x_wconf 82' lang='lat' dir='ltr'>Liututfo</span> <span class='ocrx_word' id='word_1_210' title='bbox 1717 2784 1861 2823; x_wconf 82' lang='lat' dir='ltr'>anno</span> <span class='ocrx_word' id='word_1_211' title='bbox 1907 2768 2009 2823; x_wconf 87' lang='lat'>951</span> 
     </span>
    </p>
   </div>
   <div class='ocr_carea' id='block_1_30' title="bbox 442 2832 2012 2913">
    <p class='ocr_par' dir='ltr' id='par_1_30' title="bbox 442 2832 2012 2913">
     <span class='ocr_line' id='line_1_30' title="bbox 442 2832 2012 2913; baseline 0.007 -29"><span class='ocrx_word' id='word_1_212' title='bbox 442 2832 501 2885; x_wconf 88' lang='lat' dir='ltr'>in</span> <span class='ocrx_word' id='word_1_213' title='bbox 530 2832 749 2913; x_wconf 55' lang='lat' dir='ltr'>Italiam</span> <span class='ocrx_word' id='word_1_214' title='bbox 777 2832 919 2913; x_wconf 77' lang='lat' dir='ltr'>redit</span> <span class='ocrx_word' id='word_1_215' title='bbox 967 2832 1327 2913; x_wconf 66' lang='lat' dir='ltr'>recuperandi</span> <span class='ocrx_word' id='word_1_216' title='bbox 1380 2832 1718 2913; x_wconf 77' lang='lat' dir='ltr'>episcopatus</span> <span class='ocrx_word' id='word_1_217' title='bbox 1770 2855 1862 2909; x_wconf 96' lang='lat' dir='ltr'>spe</span> <span class='ocrx_word' id='word_1_218' title='bbox 1886 2855 2012 2913; x_wconf 82' lang='lat' dir='ltr'>con-</span> 
     </span>
    </p>
   </div>
   <div class='ocr_carea' id='block_1_31' title="bbox 440 2903 2012 2979">
    <p class='ocr_par' dir='ltr' id='par_1_31' title="bbox 440 2903 2012 2979">
     <span class='ocr_line' id='line_1_31' title="bbox 440 2903 2012 2979; baseline 0.006 -23"><span class='ocrx_word' id='word_1_219' title='bbox 440 2910 610 2979; x_wconf 82' lang='lat' dir='ltr'>cepta.</span> <span class='ocrx_word' id='word_1_220' title='bbox 643 2903 860 2979; x_wconf 82' lang='lat' dir='ltr'>Milonis</span> <span class='ocrx_word' id='word_1_221' title='bbox 888 2903 1107 2979; x_wconf 72' lang='lat' dir='ltr'>comitis</span> <span class='ocrx_word' id='word_1_222' title='bbox 1152 2903 1421 2977; x_wconf 48' lang='lat' dir='ltr'>nepotem_</span> <span class='ocrx_word' id='word_1_223' title='bbox 1443 2903 1752 2979; x_wconf 70' lang='lat' dir='ltr'>episcopum</span> <span class='ocrx_word' id='word_1_224' title='bbox 1796 2903 2012 2965; x_wconf 72' lang='grc' dir='ltr'>’ροηδιί-</span> 
     </span>
    </p>
   </div>
   <div class='ocr_carea' id='block_1_32' title="bbox 441 2976 2011 3051">
    <p class='ocr_par' dir='ltr' id='par_1_32' title="bbox 441 2976 2011 3051">
     <span class='ocr_line' id='line_1_32' title="bbox 441 2976 2011 3051; baseline 0.007 -24"><span class='ocrx_word' id='word_1_225' title='bbox 441 2976 629 3051; x_wconf 57' lang='lat' dir='ltr'>latura</span> <span class='ocrx_word' id='word_1_226' title='bbox 646 2976 868 3051; x_wconf 72' lang='lat' dir='ltr'>reperit,</span> <span class='ocrx_word' id='word_1_227' title='bbox 898 2978 991 3031; x_wconf 81' lang='lat' dir='ltr'>eui</span> <span class='ocrx_word' id='word_1_228' title='bbox 1007 2977 1274 3032; x_wconf 81' lang='lat' dir='ltr'>Manasses</span> <span class='ocrx_word' id='word_1_229' title='bbox 1293 2976 1655 3051; x_wconf 70' lang='lat' dir='ltr'>episcopatum</span> <span class='ocrx_word' id='word_1_230' title='bbox 1675 2980 2011 3038; x_wconf 86' lang='lat' dir='ltr'>vendiderat.</span> 
     </span>
    </p>
   </div>
   <div class='ocr_carea' id='block_1_33' title="bbox 439 3044 2015 3125">
    <p class='ocr_par' dir='ltr' id='par_1_33' title="bbox 439 3044 2015 3125">
     <span class='ocr_line' id='line_1_33' title="bbox 439 3044 2015 3125; baseline 0.006 -27"><span class='ocrx_word' id='word_1_231' title='bbox 439 3044 1083 3125; x_wconf 30' lang='lat' dir='ltr'>Appetlat‘adjsuntmum</span> <span class='ocrx_word' id='word_1_232' title='bbox 1106 3044 1415 3125; x_wconf 74' lang='lat' dir='ltr'>pontificem</span> <span class='ocrx_word' id='word_1_233' title='bbox 1447 3044 1500 3107; x_wconf 75' lang='lat' dir='ltr'>et</span> <span class='ocrx_word' id='word_1_234' title='bbox 1526 3051 1594 3125; x_wconf 85' lang='lat' dir='ltr'>ad</span> <span class='ocrx_word' id='word_1_235' title='bbox 1643 3055 2015 3125; x_wconf 84' lang='lat' dir='ltr'>episcoporum</span> 
     </span>
    </p>
   </div>
   <div class='ocr_carea' id='block_1_34' title="bbox 438 3116 1689 3192">
    <p class='ocr_par' dir='ltr' id='par_1_34' title="bbox 438 3116 1689 3192">
     <span class='ocr_line' id='line_1_34' title="bbox 438 3116 1689 3192; baseline 0.007 -22"><span class='ocrx_word' id='word_1_236' title='bbox 438 3116 725 3187; x_wconf 84' lang='lat' dir='ltr'>synodum.</span> <span class='ocrx_word' id='word_1_237' title='bbox 758 3119 867 3172; x_wconf 85' lang='lat' dir='ltr'>Hac</span> <span class='ocrx_word' id='word_1_238' title='bbox 893 3118 958 3174; x_wconf 89' lang='lat' dir='ltr'>de</span> <span class='ocrx_word' id='word_1_239' title='bbox 978 3136 1036 3175; x_wconf 90' lang='lat' dir='ltr'>re</span> <span class='ocrx_word' id='word_1_240' title='bbox 1065 3116 1171 3175; x_wconf 73' lang='lat' dir='ltr'>tres</span> <span class='ocrx_word' id='word_1_241' title='bbox 1199 3116 1456 3192; x_wconf 75' lang='lat' dir='ltr'>epistolas</span> <span class='ocrx_word' id='word_1_242' title='bbox 1483 3116 1689 3179; x_wconf 46' lang='lat' dir='ltr'>scribit:</span> 
     </span>
    </p>
   </div>
   <div class='ocr_carea' id='block_1_35' title="bbox 2122 519 3781 593">
    <p class='ocr_par' dir='ltr' id='par_1_35' title="bbox 2122 519 3781 593">
     <span class='ocr_line' id='line_1_35' title="bbox 2122 519 3781 593; baseline -0.005 -10"><span class='ocrx_word' id='word_1_243' title='bbox 2122 526 2470 583; x_wconf 88' lang='lat' dir='ltr'>scientesme</span> <span class='ocrx_word' id='word_1_244' title='bbox 2482 527 2593 582; x_wconf 91' lang='lat' dir='ltr'>hoc</span> <span class='ocrx_word' id='word_1_245' title='bbox 2604 525 2899 581; x_wconf 88' lang='lat' dir='ltr'>inhianter</span> <span class='ocrx_word' id='word_1_246' title='bbox 2911 523 3427 593; x_wconf 68' lang='lat' dir='ltr'>ambire.Przesaga</span> <span class='ocrx_word' id='word_1_247' title='bbox 3440 519 3596 576; x_wconf 90' lang='lat' dir='ltr'>enim</span> <span class='ocrx_word' id='word_1_248' title='bbox 3613 536 3781 576; x_wconf 89' lang='lat' dir='ltr'>mens</span> 
     </span>
    </p>
   </div>
   <div class='ocr_carea' id='block_1_36' title="bbox 2125 609 3780 689">
    <p class='ocr_par' dir='ltr' id='par_1_36' title="bbox 2125 609 3780 689">
     <span class='ocr_line' id='line_1_36' title="bbox 2125 609 3780 689; baseline -0.005 -17"><span class='ocrx_word' id='word_1_249' title='bbox 2125 617 2291 689; x_wconf 87' lang='lat' dir='ltr'>quasi</span> <span class='ocrx_word' id='word_1_250' title='bbox 2322 616 2582 672; x_wconf 89' lang='lat' dir='ltr'>divinare</span> <span class='ocrx_word' id='word_1_251' title='bbox 2630 614 2878 681; x_wconf 81' lang='lat' dir='ltr'>videtur,</span> <span class='ocrx_word' id='word_1_252' title='bbox 2935 630 3126 669; x_wconf 88' lang='lat' dir='ltr'>meam</span> <span class='ocrx_word' id='word_1_253' title='bbox 3151 627 3256 684; x_wconf 91' lang='lat' dir='ltr'>per</span> <span class='ocrx_word' id='word_1_254' title='bbox 3300 614 3555 666; x_wconf 88' lang='lat' dir='ltr'>vestram</span> <span class='ocrx_word' id='word_1_255' title='bbox 3607 609 3780 681; x_wconf 73' lang='lat' dir='ltr'>[LXIX]</span> 
     </span>
    </p>
   </div>
   <div class='ocr_carea' id='block_1_37' title="bbox 2124 700 3778 767">
    <p class='ocr_par' dir='ltr' id='par_1_37' title="bbox 2124 700 3778 767">
     <span class='ocr_line' id='line_1_37' title="bbox 2124 700 3778 767; baseline -0.005 -6"><span class='ocrx_word' id='word_1_256' title='bbox 2124 705 2531 761; x_wconf 87' lang='lat' dir='ltr'>claritudinem</span> <span class='ocrx_word' id='word_1_257' title='bbox 2546 705 2914 760; x_wconf 89' lang='lat' dir='ltr'>relevandam</span> <span class='ocrx_word' id='word_1_258' title='bbox 2931 700 3370 757; x_wconf 87' lang='lat' dir='ltr'>destitutionem</span> <span class='ocrx_word' id='word_1_259' title='bbox 3381 703 3627 767; x_wconf 88' lang='lat' dir='ltr'>,tantum</span> <span class='ocrx_word' id='word_1_260' title='bbox 3639 714 3778 753; x_wconf 86' lang='lat' dir='ltr'>con-</span> 
     </span>
    </p>
   </div>
   <div class='ocr_carea' id='block_1_38' title="bbox 2124 787 3776 867">
    <p class='ocr_par' dir='ltr' id='par_1_38' title="bbox 2124 787 3776 867">
     <span class='ocr_line' id='line_1_38' title="bbox 2124 787 3776 867; baseline -0.003 -18"><span class='ocrx_word' id='word_1_261' title='bbox 2124 793 2358 867; x_wconf 79' lang='lat' dir='ltr'>dignam</span> <span class='ocrx_word' id='word_1_262' title='bbox 2392 806 2829 866; x_wconf 88' lang='lat' dir='ltr'>congruamquc</span> <span class='ocrx_word' id='word_1_263' title='bbox 2859 795 3048 847; x_wconf 88' lang='lat' dir='ltr'>vestro</span> <span class='ocrx_word' id='word_1_264' title='bbox 3080 788 3409 845; x_wconf 90' lang='lat' dir='ltr'>dominatui</span> <span class='ocrx_word' id='word_1_265' title='bbox 3436 787 3776 860; x_wconf 88' lang='lat' dir='ltr'>impendere</span> 
     </span>
    </p>
   </div>
   <div class='ocr_carea' id='block_1_39' title="bbox 2121 868 3782 949">
    <p class='ocr_par' dir='ltr' id='par_1_39' title="bbox 2121 868 3782 949">
     <span class='ocr_line' id='line_1_39' title="bbox 2121 868 3782 949; baseline -0.005 -12"><span class='ocrx_word' id='word_1_266' title='bbox 2121 882 2345 937; x_wconf 88' lang='lat' dir='ltr'>valeam</span> <span class='ocrx_word' id='word_1_267' title='bbox 2405 883 2825 937; x_wconf 84' lang='lat' dir='ltr'>servitutem.»</span> <span class='ocrx_word' id='word_1_268' title='bbox 2886 880 3038 947; x_wconf 74' lang='lat' dir='ltr'>Hzec,</span> <span class='ocrx_word' id='word_1_269' title='bbox 3091 895 3227 933; x_wconf 92' lang='lat' dir='ltr'>cum</span> <span class='ocrx_word' id='word_1_270' title='bbox 3285 880 3500 949; x_wconf 88' lang='lat' dir='ltr'>egeret,</span> <span class='ocrx_word' id='word_1_271' title='bbox 3561 868 3782 948; x_wconf 86' lang='lat' dir='ltr'>scripta</span> 
     </span>
    </p>
   </div>
   <div class='ocr_carea' id='block_1_40' title="bbox 2124 963 3778 1044">
    <p class='ocr_par' dir='ltr' id='par_1_40' title="bbox 2124 963 3778 1044">
     <span class='ocr_line' id='line_1_40' title="bbox 2124 963 3778 1044; baseline -0.006 -16"><span class='ocrx_word' id='word_1_272' title='bbox 2124 971 2379 1028; x_wconf 85' lang='lat' dir='ltr'>fuerunt.</span> <span class='ocrx_word' id='word_1_273' title='bbox 2412 971 2585 1044; x_wconf 85' lang='lat' dir='ltr'>Eguit</span> <span class='ocrx_word' id='word_1_274' title='bbox 2614 974 2807 1026; x_wconf 90' lang='lat' dir='ltr'>autem</span> <span class='ocrx_word' id='word_1_275' title='bbox 2843 970 2913 1024; x_wconf 89' lang='lat' dir='ltr'>ad</span> <span class='ocrx_word' id='word_1_276' title='bbox 2934 984 3166 1024; x_wconf 84' lang='lat' dir='ltr'>annum</span> <span class='ocrx_word' id='word_1_277' title='bbox 3195 983 3380 1038; x_wconf 87' lang='lat' dir='ltr'>usque</span> <span class='ocrx_word' id='word_1_278' title='bbox 3404 967 3503 1020; x_wconf 92' lang='lat'>951</span> <span class='ocrx_word' id='word_1_279' title='bbox 3538 963 3628 1020; x_wconf 87' lang='lat' dir='ltr'>vel</span> <span class='ocrx_word' id='word_1_280' title='bbox 3649 963 3778 1035; x_wconf 83' lang='lat'>952,</span> 
     </span>
    </p>
   </div>
   <div class='ocr_carea' id='block_1_41' title="bbox 2124 1054 3777 1133">
    <p class='ocr_par' dir='ltr' id='par_1_41' title="bbox 2124 1054 3777 1133">
     <span class='ocr_line' id='line_1_41' title="bbox 2124 1054 3777 1133; baseline -0.005 -16"><span class='ocrx_word' id='word_1_281' title='bbox 2124 1078 2258 1117; x_wconf 87' lang='lat' dir='ltr'>cum</span> <span class='ocrx_word' id='word_1_282' title='bbox 2293 1062 2522 1117; x_wconf 87' lang='lat' dir='ltr'>duabus</span> <span class='ocrx_word' id='word_1_283' title='bbox 2550 1060 2679 1115; x_wconf 91' lang='lat' dir='ltr'>aliis</span> <span class='ocrx_word' id='word_1_284' title='bbox 2702 1058 2964 1133; x_wconf 84' lang='lat' dir='ltr'>epistolis</span> <span class='ocrx_word' id='word_1_285' title='bbox 2986 1061 3148 1113; x_wconf 86' lang='lat' dir='ltr'>sexta</span> <span class='ocrx_word' id='word_1_286' title='bbox 3172 1060 3231 1112; x_wconf 89' lang='lat' dir='ltr'>et</span> <span class='ocrx_word' id='word_1_287' title='bbox 3253 1055 3502 1128; x_wconf 87' lang='lat' dir='ltr'>septima</span> <span class='ocrx_word' id='word_1_288' title='bbox 3527 1054 3777 1109; x_wconf 89' lang='lat' dir='ltr'>eleemo-</span> 
     </span>
    </p>
   </div>
   <div class='ocr_carea' id='block_1_42' title="bbox 2123 1141 3778 1224">
    <p class='ocr_par' dir='ltr' id='par_1_42' title="bbox 2123 1141 3778 1224">
     <span class='ocr_line' id='line_1_42' title="bbox 2123 1141 3778 1224; baseline -0.005 -18"><span class='ocrx_word' id='word_1_289' title='bbox 2123 1167 2327 1224; x_wconf 84' lang='lat' dir='ltr'>synam</span> <span class='ocrx_word' id='word_1_290' title='bbox 2360 1149 2544 1223; x_wconf 88' lang='lat' dir='ltr'>petiit,</span> <span class='ocrx_word' id='word_1_291' title='bbox 2579 1154 2643 1204; x_wconf 90' lang='lat' dir='ltr'>ut</span> <span class='ocrx_word' id='word_1_292' title='bbox 2673 1149 3001 1204; x_wconf 80' lang='lat' dir='ltr'>Romannm</span> <span class='ocrx_word' id='word_1_293' title='bbox 3025 1145 3133 1202; x_wconf 91' lang='lat' dir='ltr'>iter</span> <span class='ocrx_word' id='word_1_294' title='bbox 3158 1145 3500 1217; x_wconf 90' lang='lat' dir='ltr'>susciperet.</span> <span class='ocrx_word' id='word_1_295' title='bbox 3531 1141 3679 1199; x_wconf 89' lang='lat' dir='ltr'>Hinc</span> <span class='ocrx_word' id='word_1_296' title='bbox 3703 1142 3778 1198; x_wconf 88' lang='lat' dir='ltr'>ad</span> 
     </span>
    </p>
   </div>
   <div class='ocr_carea' id='block_1_43' title="bbox 2125 1230 3778 1310">
    <p class='ocr_par' dir='ltr' id='par_1_43' title="bbox 2125 1230 3778 1310">
     <span class='ocr_line' id='line_1_43' title="bbox 2125 1230 3778 1310; baseline -0.006 -15"><span class='ocrx_word' id='word_1_297' title='bbox 2125 1240 2457 1295; x_wconf 89' lang='lat' dir='ltr'>Brunonem</span> <span class='ocrx_word' id='word_1_298' title='bbox 2491 1238 2726 1310; x_wconf 89' lang='lat' dir='ltr'>scripsit</span> <span class='ocrx_word' id='word_1_299' title='bbox 2753 1236 2904 1292; x_wconf 86' lang='lat' dir='ltr'>inter</span> <span class='ocrx_word' id='word_1_300' title='bbox 2933 1252 3157 1291; x_wconf 89' lang='lat' dir='ltr'>annum</span> <span class='ocrx_word' id='word_1_301' title='bbox 3184 1235 3312 1299; x_wconf 74' lang='grc'><strong>948,</strong></span> <span class='ocrx_word' id='word_1_302' title='bbox 3338 1237 3651 1305; x_wconf 87' lang='lat' dir='ltr'>postquam</span> <span class='ocrx_word' id='word_1_303' title='bbox 3667 1230 3778 1286; x_wconf 82' lang='lat' dir='ltr'>Ve-</span> 
     </span>
    </p>
   </div>
   <div class='ocr_carea' id='block_1_44' title="bbox 2126 1319 3781 1394">
    <p class='ocr_par' dir='ltr' id='par_1_44' title="bbox 2126 1319 3781 1394">
     <span class='ocr_line' id='line_1_44' title="bbox 2126 1319 3781 1394; baseline -0.006 -11"><span class='ocrx_word' id='word_1_304' title='bbox 2126 1345 2268 1385; x_wconf 90' lang='lat' dir='ltr'>rona</span> <span class='ocrx_word' id='word_1_305' title='bbox 2300 1328 2463 1394; x_wconf 88' lang='lat' dir='ltr'>abiit,</span> <span class='ocrx_word' id='word_1_306' title='bbox 2495 1332 2551 1383; x_wconf 90' lang='lat' dir='ltr'>et</span> <span class='ocrx_word' id='word_1_307' title='bbox 2577 1343 2794 1382; x_wconf 87' lang='lat' dir='ltr'>annum</span> <span class='ocrx_word' id='word_1_308' title='bbox 2823 1327 2923 1382; x_wconf 88' lang='lat'>951</span> <span class='ocrx_word' id='word_1_309' title='bbox 2957 1324 3043 1381; x_wconf 91' lang='lat' dir='ltr'>vel</span> <span class='ocrx_word' id='word_1_310' title='bbox 3075 1325 3200 1381; x_wconf 73' lang='lat'>953.</span> <span class='ocrx_word' id='word_1_311' title='bbox 3236 1324 3299 1379; x_wconf 91' lang='lat' dir='ltr'>In</span> <span class='ocrx_word' id='word_1_312' title='bbox 3332 1320 3623 1379; x_wconf 90' lang='lat' dir='ltr'>Brunonis</span> <span class='ocrx_word' id='word_1_313' title='bbox 3643 1319 3781 1392; x_wconf 85' lang='lat' dir='ltr'>qui--</span> 
     </span>
    </p>
   </div>
   <div class='ocr_carea' id='block_1_45' title="bbox 2126 1407 3780 1489">
    <p class='ocr_par' dir='ltr' id='par_1_45' title="bbox 2126 1407 3780 1489">
     <span class='ocr_line' id='line_1_45' title="bbox 2126 1407 3780 1489; baseline -0.006 -16"><span class='ocrx_word' id='word_1_314' title='bbox 2126 1419 2261 1473; x_wconf 89' lang='lat' dir='ltr'>dem</span> <span class='ocrx_word' id='word_1_315' title='bbox 2292 1416 2427 1473; x_wconf 89' lang='lat' dir='ltr'>aula</span> <span class='ocrx_word' id='word_1_316' title='bbox 2458 1420 2724 1489; x_wconf 89' lang='lat' dir='ltr'>receptus</span> <span class='ocrx_word' id='word_1_317' title='bbox 2754 1415 2884 1484; x_wconf 90' lang='lat' dir='ltr'>fuit,</span> <span class='ocrx_word' id='word_1_318' title='bbox 2919 1415 3019 1470; x_wconf 89' lang='lat' dir='ltr'>sed</span> <span class='ocrx_word' id='word_1_319' title='bbox 3054 1431 3170 1469; x_wconf 89' lang='lat' dir='ltr'>non</span> <span class='ocrx_word' id='word_1_320' title='bbox 3204 1413 3401 1469; x_wconf 88' lang='lat' dir='ltr'>statim</span> <span class='ocrx_word' id='word_1_321' title='bbox 3424 1413 3557 1483; x_wconf 88' lang='lat' dir='ltr'>post</span> <span class='ocrx_word' id='word_1_322' title='bbox 3580 1407 3780 1467; x_wconf 83' lang='lat' dir='ltr'>exclu-</span> 
     </span>
    </p>
   </div>
   <div class='ocr_carea' id='block_1_46' title="bbox 2126 1496 3782 1575">
    <p class='ocr_par' dir='ltr' id='par_1_46' title="bbox 2126 1496 3782 1575">
     <span class='ocr_line' id='line_1_46' title="bbox 2126 1496 3782 1575; baseline -0.005 -13"><span class='ocrx_word' id='word_1_323' title='bbox 2126 1506 2349 1562; x_wconf 89' lang='lat' dir='ltr'>sionem</span> <span class='ocrx_word' id='word_1_324' title='bbox 2381 1523 2411 1561; x_wconf 91' lang='lat' dir='ltr'>e</span> <span class='ocrx_word' id='word_1_325' title='bbox 2443 1523 2549 1561; x_wconf 90' lang='lat' dir='ltr'>sua</span> <span class='ocrx_word' id='word_1_326' title='bbox 2581 1505 2741 1572; x_wconf 90' lang='lat' dir='ltr'>sede;</span> <span class='ocrx_word' id='word_1_327' title='bbox 2771 1504 2988 1575; x_wconf 90' lang='lat' dir='ltr'>quippe</span> <span class='ocrx_word' id='word_1_328' title='bbox 3032 1504 3143 1559; x_wconf 91' lang='lat' dir='ltr'>sub</span> <span class='ocrx_word' id='word_1_329' title='bbox 3175 1506 3337 1558; x_wconf 87' lang='lat' dir='ltr'>tanto</span> <span class='ocrx_word' id='word_1_330' title='bbox 3370 1498 3653 1572; x_wconf 89' lang='lat' dir='ltr'>principe,</span> <span class='ocrx_word' id='word_1_331' title='bbox 3686 1496 3782 1554; x_wconf 88' lang='lat' dir='ltr'>cui</span> 
     </span>
    </p>
   </div>
   <div class='ocr_carea' id='block_1_47' title="bbox 2125 1582 3782 1666">
    <p class='ocr_par' dir='ltr' id='par_1_47' title="bbox 2125 1582 3782 1666">
     <span class='ocr_line' id='line_1_47' title="bbox 2125 1582 3782 1666; baseline -0.007 -15"><span class='ocrx_word' id='word_1_332' title='bbox 2125 1595 2235 1655; x_wconf 86' lang='lat' dir='ltr'>fuit</span> <span class='ocrx_word' id='word_1_333' title='bbox 2265 1594 2730 1666; x_wconf 88' lang='lat' dir='ltr'>acceptissimus,</span> <span class='ocrx_word' id='word_1_334' title='bbox 2763 1582 2992 1665; x_wconf 85' lang='lat' dir='ltr'>piorum</span> <span class='ocrx_word' id='word_1_335' title='bbox 3042 1589 3430 1662; x_wconf 80' lang='lat' dir='ltr'>eleemosynis</span> <span class='ocrx_word' id='word_1_336' title='bbox 3480 1604 3597 1643; x_wconf 89' lang='lat' dir='ltr'>non</span> <span class='ocrx_word' id='word_1_337' title='bbox 3629 1585 3782 1641; x_wconf 87' lang='lat' dir='ltr'>indi-</span> 
     </span>
    </p>
   </div>
   <div class='ocr_carea' id='block_1_48' title="bbox 2126 1673 3782 1758">
    <p class='ocr_par' dir='ltr' id='par_1_48' title="bbox 2126 1673 3782 1758">
     <span class='ocr_line' id='line_1_48' title="bbox 2126 1673 3782 1758; baseline -0.007 -18"><span class='ocrx_word' id='word_1_338' title='bbox 2126 1686 2370 1758; x_wconf 88' lang='lat' dir='ltr'>guisset.</span> <span class='ocrx_word' id='word_1_339' title='bbox 2401 1684 2552 1740; x_wconf 88' lang='lat' dir='ltr'>Sane</span> <span class='ocrx_word' id='word_1_340' title='bbox 2585 1682 2642 1737; x_wconf 92' lang='lat' dir='ltr'>in</span> <span class='ocrx_word' id='word_1_341' title='bbox 2674 1680 2919 1754; x_wconf 91' lang='lat' dir='ltr'>epistola</span> <span class='ocrx_word' id='word_1_342' title='bbox 2949 1684 3112 1736; x_wconf 82' lang='lat' dir='ltr'>sexta</span> <span class='ocrx_word' id='word_1_343' title='bbox 3141 1680 3360 1751; x_wconf 89' lang='lat' dir='ltr'>scripta</span> <span class='ocrx_word' id='word_1_344' title='bbox 3381 1693 3533 1732; x_wconf 90' lang='lat' dir='ltr'>anno</span> <span class='ocrx_word' id='word_1_345' title='bbox 3562 1674 3660 1731; x_wconf 76' lang='grc'>951</span> <span class='ocrx_word' id='word_1_346' title='bbox 3691 1673 3782 1730; x_wconf 87' lang='lat' dir='ltr'>vel</span> 
     </span>
    </p>
   </div>
   <div class='ocr_carea' id='block_1_49' title="bbox 2124 1762 3781 1843">
    <p class='ocr_par' dir='ltr' id='par_1_49' title="bbox 2124 1762 3781 1843">
     <span class='ocr_line' id='line_1_49' title="bbox 2124 1762 3781 1843; baseline -0.005 -16"><span class='ocrx_word' id='word_1_347' title='bbox 2124 1774 2250 1840; x_wconf 83' lang='lat'>952,</span> <span class='ocrx_word' id='word_1_348' title='bbox 2284 1789 2448 1828; x_wconf 89' lang='lat' dir='ltr'>num.</span> <span class='ocrx_word' id='word_1_349' title='bbox 2484 1790 2519 1839; x_wconf 86' lang='lat' dir='ltr'>I,</span> <span class='ocrx_word' id='word_1_350' title='bbox 2553 1771 2846 1843; x_wconf 89' lang='lat' dir='ltr'>inquiens:</span> <span class='ocrx_word' id='word_1_351' title='bbox 2882 1792 2909 1821; x_wconf 86' lang='lat'><strong>«</strong></span> <span class='ocrx_word' id='word_1_352' title='bbox 2940 1770 3247 1841; x_wconf 87' lang='lat' dir='ltr'>Nusquam</span> <span class='ocrx_word' id='word_1_353' title='bbox 3278 1767 3479 1839; x_wconf 89' lang='lat' dir='ltr'>aliqua</span> <span class='ocrx_word' id='word_1_354' title='bbox 3508 1764 3653 1820; x_wconf 89' lang='lat' dir='ltr'>mihi</span> <span class='ocrx_word' id='word_1_355' title='bbox 3686 1762 3781 1818; x_wconf 90' lang='lat' dir='ltr'>vel</span> 
     </span>
    </p>
   </div>
   <div class='ocr_carea' id='block_1_50' title="bbox 2124 1851 3781 1934">
    <p class='ocr_par' dir='ltr' id='par_1_50' title="bbox 2124 1851 3781 1934">
     <span class='ocr_line' id='line_1_50' title="bbox 2124 1851 3781 1934; baseline -0.007 -17"><span class='ocrx_word' id='word_1_356' title='bbox 2124 1861 2362 1934; x_wconf 89' lang='lat' dir='ltr'>hospitii</span> <span class='ocrx_word' id='word_1_357' title='bbox 2392 1862 2579 1933; x_wconf 90' lang='lat' dir='ltr'>quies,</span> <span class='ocrx_word' id='word_1_358' title='bbox 2628 1876 2921 1931; x_wconf 90' lang='lat' dir='ltr'>nusquam</span> <span class='ocrx_word' id='word_1_359' title='bbox 2971 1858 3206 1930; x_wconf 87' lang='lat' dir='ltr'>aliquod</span> <span class='ocrx_word' id='word_1_360' title='bbox 3251 1854 3599 1928; x_wconf 74' lang='lat' dir='ltr'>suffugium,</span> <span class='ocrx_word' id='word_1_361' title='bbox 3662 1851 3781 1908; x_wconf 90' lang='lat' dir='ltr'>nisi</span> 
     </span>
    </p>
   </div>
   <div class='ocr_carea' id='block_1_51' title="bbox 2121 1939 3777 2016">
    <p class='ocr_par' dir='ltr' id='par_1_51' title="bbox 2121 1939 3777 2016">
     <span class='ocr_line' id='line_1_51' title="bbox 2121 1939 3777 2016; baseline -0.004 -12"><span class='ocrx_word' id='word_1_362' title='bbox 2121 1949 2286 2006; x_wconf 90' lang='lat' dir='ltr'>lucus</span> <span class='ocrx_word' id='word_1_363' title='bbox 2318 1948 2994 2012; x_wconf 80' lang='lat' dir='ltr'>misericordium,»sead</span> <span class='ocrx_word' id='word_1_364' title='bbox 3008 1945 3119 2002; x_wconf 87' lang='lat' dir='ltr'>hoc</span> <span class='ocrx_word' id='word_1_365' title='bbox 3150 1962 3337 2016; x_wconf 88' lang='lat' dir='ltr'>usque</span> <span class='ocrx_word' id='word_1_366' title='bbox 3367 1939 3777 2016; x_wconf 88' lang='lat' dir='ltr'>tempusnullo</span> 
     </span>
    </p>
   </div>
   <div class='ocr_carea' id='block_1_52' title="bbox 2123 2030 3772 2111">
    <p class='ocr_par' dir='ltr' id='par_1_52' title="bbox 2123 2030 3772 2111">
     <span class='ocr_line' id='line_1_52' title="bbox 2123 2030 3772 2111; baseline -0.005 -17"><span class='ocrx_word' id='word_1_367' title='bbox 2123 2043 2277 2095; x_wconf 91' lang='lat' dir='ltr'>certo</span> <span class='ocrx_word' id='word_1_368' title='bbox 2303 2038 2556 2111; x_wconf 88' lang='lat' dir='ltr'>hospitio</span> <span class='ocrx_word' id='word_1_369' title='bbox 2588 2041 2887 2110; x_wconf 89' lang='lat' dir='ltr'>receptum</span> <span class='ocrx_word' id='word_1_370' title='bbox 2919 2035 3132 2091; x_wconf 89' lang='lat' dir='ltr'>innuit.</span> <span class='ocrx_word' id='word_1_371' title='bbox 3163 2036 3209 2088; x_wconf 88' lang='lat' dir='ltr'><strong>A</strong></span> <span class='ocrx_word' id='word_1_372' title='bbox 3240 2034 3510 2089; x_wconf 90' lang='lat' dir='ltr'>Brunone</span> <span class='ocrx_word' id='word_1_373' title='bbox 3532 2030 3772 2103; x_wconf 89' lang='lat' dir='ltr'>quidem</span> 
     </span>
    </p>
   </div>
   <div class='ocr_carea' id='block_1_53' title="bbox 2123 2117 3769 2196">
    <p class='ocr_par' dir='ltr' id='par_1_53' title="bbox 2123 2117 3769 2196">
     <span class='ocr_line' id='line_1_53' title="bbox 2123 2117 3769 2196; baseline -0.007 -11"><span class='ocrx_word' id='word_1_374' title='bbox 2123 2128 2375 2185; x_wconf 89' lang='lat' dir='ltr'>accitum</span> <span class='ocrx_word' id='word_1_375' title='bbox 2407 2143 2559 2183; x_wconf 90' lang='lat' dir='ltr'>anno</span> <span class='ocrx_word' id='word_1_376' title='bbox 2588 2127 2696 2181; x_wconf 86' lang='lat'>952</span> <span class='ocrx_word' id='word_1_377' title='bbox 2723 2123 3053 2181; x_wconf 84' lang='lat' dir='ltr'>videbimus</span> <span class='ocrx_word' id='word_1_378' title='bbox 3082 2121 3448 2196; x_wconf 87' lang='lat' dir='ltr'>paragrapho</span> <span class='ocrx_word' id='word_1_379' title='bbox 3479 2117 3769 2192; x_wconf 81' lang='lat' dir='ltr'>sequenti.</span> 
     </span>
    </p>
   </div>
   <div class='ocr_carea' id='block_1_54' title="bbox 2198 2207 3772 2286">
    <p class='ocr_par' dir='ltr' id='par_1_54' title="bbox 2198 2207 3772 2286">
     <span class='ocr_line' id='line_1_54' title="bbox 2198 2207 3772 2286; baseline -0.006 -14"><span class='ocrx_word' id='word_1_380' title='bbox 2198 2219 2282 2272; x_wconf 74' lang='grc'>41.</span> <span class='ocrx_word' id='word_1_381' title='bbox 2309 2218 2536 2273; x_wconf 91' lang='lat' dir='ltr'>Mortuo</span> <span class='ocrx_word' id='word_1_382' title='bbox 2568 2215 2841 2271; x_wconf 91' lang='lat' dir='ltr'>Lothario</span> <span class='ocrx_word' id='word_1_383' title='bbox 2873 2229 3007 2286; x_wconf 87' lang='lat' dir='ltr'>rege</span> <span class='ocrx_word' id='word_1_384' title='bbox 3035 2231 3073 2268; x_wconf 83' lang='lat' dir='ltr'><strong>x</strong></span> <span class='ocrx_word' id='word_1_385' title='bbox 3102 2210 3395 2268; x_wconf 83' lang='lat' dir='ltr'>Kalendas</span> <span class='ocrx_word' id='word_1_386' title='bbox 3434 2207 3772 2266; x_wconf 88' lang='lat' dir='ltr'>Decembris</span> 
     </span>
    </p>
   </div>
   <div class='ocr_carea' id='block_1_55' title="bbox 2123 2300 3771 2378">
    <p class='ocr_par' dir='ltr' id='par_1_55' title="bbox 2123 2300 3771 2378">
     <span class='ocr_line' id='line_1_55' title="bbox 2123 2300 3771 2378; baseline -0.005 -17"><span class='ocrx_word' id='word_1_387' title='bbox 2123 2306 2261 2362; x_wconf 89' lang='lat' dir='ltr'>anni</span> <span class='ocrx_word' id='word_1_388' title='bbox 2285 2307 2410 2373; x_wconf 87' lang='lat'>950,</span> <span class='ocrx_word' id='word_1_389' title='bbox 2445 2308 2577 2378; x_wconf 90' lang='lat' dir='ltr'>post</span> <span class='ocrx_word' id='word_1_390' title='bbox 2602 2305 2725 2359; x_wconf 88' lang='lat' dir='ltr'>dies</span> <span class='ocrx_word' id='word_1_391' title='bbox 2754 2305 2844 2371; x_wconf 83' lang='grc'>24,</span> <span class='ocrx_word' id='word_1_392' title='bbox 2878 2302 3095 2374; x_wconf 91' lang='lat' dir='ltr'>quibus</span> <span class='ocrx_word' id='word_1_393' title='bbox 3125 2300 3303 2357; x_wconf 66' lang='lat' dir='ltr'>Italiae</span> <span class='ocrx_word' id='word_1_394' title='bbox 3325 2315 3572 2373; x_wconf 86' lang='lat' dir='ltr'>regnum</span> <span class='ocrx_word' id='word_1_395' title='bbox 3600 2314 3771 2353; x_wconf 87' lang='lat' dir='ltr'>vaca-</span> 
     </span>
    </p>
   </div>
   <div class='ocr_carea' id='block_1_56' title="bbox 2120 2385 3771 2463">
    <p class='ocr_par' dir='ltr' id='par_1_56' title="bbox 2120 2385 3771 2463">
     <span class='ocr_line' id='line_1_56' title="bbox 2120 2385 3771 2463; baseline -0.008 -10"><span class='ocrx_word' id='word_1_396' title='bbox 2120 2397 2221 2463; x_wconf 88' lang='lat' dir='ltr'>vit,</span> <span class='ocrx_word' id='word_1_397' title='bbox 2255 2419 2283 2445; x_wconf 88' lang='grc'>‹‹</span> <span class='ocrx_word' id='word_1_398' title='bbox 2318 2396 2412 2451; x_wconf 90' lang='lat' dir='ltr'>die</span> <span class='ocrx_word' id='word_1_399' title='bbox 2442 2394 2766 2461; x_wconf 90' lang='lat' dir='ltr'>Dominico,</span> <span class='ocrx_word' id='word_1_400' title='bbox 2789 2410 2861 2447; x_wconf 84' lang='lat' dir='ltr'>xv</span> <span class='ocrx_word' id='word_1_401' title='bbox 2882 2390 2975 2448; x_wconf 85' lang='lat' dir='ltr'>die</span> <span class='ocrx_word' id='word_1_402' title='bbox 3002 2388 3337 2446; x_wconf 87' lang='lat' dir='ltr'>Decembris</span> <span class='ocrx_word' id='word_1_403' title='bbox 3366 2389 3425 2444; x_wconf 85' lang='lat' dir='ltr'>in</span> <span class='ocrx_word' id='word_1_404' title='bbox 3448 2386 3693 2443; x_wconf 86' lang='lat' dir='ltr'>basilica</span> <span class='ocrx_word' id='word_1_405' title='bbox 3709 2385 3771 2440; x_wconf 89' lang='lat' dir='ltr'>S.</span> 
     </span>
    </p>
   </div>
   <div class='ocr_carea' id='block_1_57' title="bbox 2123 2476 3773 2555">
    <p class='ocr_par' dir='ltr' id='par_1_57' title="bbox 2123 2476 3773 2555">
     <span class='ocr_line' id='line_1_57' title="bbox 2123 2476 3773 2555; baseline -0.008 -13"><span class='ocrx_word' id='word_1_406' title='bbox 2123 2484 2443 2552; x_wconf 88' lang='lat' dir='ltr'>Michaelis,</span> <span class='ocrx_word' id='word_1_407' title='bbox 2477 2500 2604 2555; x_wconf 64' lang='lat' dir='ltr'>qum</span> <span class='ocrx_word' id='word_1_408' title='bbox 2637 2481 2852 2538; x_wconf 90' lang='lat' dir='ltr'>dicitur</span> <span class='ocrx_word' id='word_1_409' title='bbox 2874 2480 3324 2553; x_wconf 85' lang='lat' dir='ltr'>major,fuerunt</span> <span class='ocrx_word' id='word_1_410' title='bbox 3344 2476 3511 2533; x_wconf 89' lang='lat' dir='ltr'>electi</span> <span class='ocrx_word' id='word_1_411' title='bbox 3537 2478 3593 2531; x_wconf 88' lang='lat' dir='ltr'>et</span> <span class='ocrx_word' id='word_1_412' title='bbox 3611 2491 3773 2531; x_wconf 88' lang='lat' dir='ltr'>coro-</span> 
     </span>
    </p>
   </div>
   <div class='ocr_carea' id='block_1_58' title="bbox 2122 2562 3775 2645">
    <p class='ocr_par' dir='ltr' id='par_1_58' title="bbox 2122 2562 3775 2645">
     <span class='ocr_line' id='line_1_58' title="bbox 2122 2562 3775 2645; baseline -0.008 -14"><span class='ocrx_word' id='word_1_413' title='bbox 2122 2575 2244 2631; x_wconf 89' lang='lat' dir='ltr'>nati</span> <span class='ocrx_word' id='word_1_414' title='bbox 2268 2572 2653 2645; x_wconf 87' lang='lat' dir='ltr'>Bercngarius</span> <span class='ocrx_word' id='word_1_415' title='bbox 2682 2575 2740 2627; x_wconf 89' lang='lat' dir='ltr'>et</span> <span class='ocrx_word' id='word_1_416' title='bbox 2771 2569 3118 2626; x_wconf 83' lang='lat' dir='ltr'>Adalbertus</span> <span class='ocrx_word' id='word_1_417' title='bbox 3165 2567 3324 2623; x_wconf 82' lang='lat' dir='ltr'>filius</span> <span class='ocrx_word' id='word_1_418' title='bbox 3372 2567 3501 2638; x_wconf 86' lang='lat' dir='ltr'>ejus</span> <span class='ocrx_word' id='word_1_419' title='bbox 3533 2564 3591 2620; x_wconf 90' lang='lat' dir='ltr'>in</span> <span class='ocrx_word' id='word_1_420' title='bbox 3625 2562 3775 2636; x_wconf 89' lang='lat' dir='ltr'>regi-</span> 
     </span>
    </p>
   </div>
   <div class='ocr_carea' id='block_1_59' title="bbox 2121 2652 3766 2733">
    <p class='ocr_par' dir='ltr' id='par_1_59' title="bbox 2121 2652 3766 2733">
     <span class='ocr_line' id='line_1_59' title="bbox 2121 2652 3766 2733; baseline -0.009 -12"><span class='ocrx_word' id='word_1_421' title='bbox 2121 2666 2234 2721; x_wconf 90' lang='lat' dir='ltr'>bus</span> <span class='ocrx_word' id='word_1_422' title='bbox 2261 2665 2353 2733; x_wconf 92' lang='lat' dir='ltr'>(T.</span> <span class='ocrx_word' id='word_1_423' title='bbox 2401 2661 2474 2718; x_wconf 93' lang='lat' dir='ltr'>IV</span> <span class='ocrx_word' id='word_1_424' title='bbox 2524 2664 2644 2717; x_wconf 70' lang='lat' dir='ltr'>Iter.</span> <span class='ocrx_word' id='word_1_425' title='bbox 2690 2661 2812 2717; x_wconf 80' lang='lat' dir='ltr'>Ital.</span> <span class='ocrx_word' id='word_1_426' title='bbox 2846 2659 3137 2733; x_wconf 77' lang='grc' dir='ltr'><strong>ρ.149).››</strong></span> <span class='ocrx_word' id='word_1_427' title='bbox 3187 2658 3273 2713; x_wconf 91' lang='lat' dir='ltr'>Ita</span> <span class='ocrx_word' id='word_1_428' title='bbox 3303 2657 3473 2713; x_wconf 88' lang='lat' dir='ltr'>breve</span> <span class='ocrx_word' id='word_1_429' title='bbox 3519 2652 3766 2711; x_wconf 87' lang='lat' dir='ltr'>Chroni-</span> 
     </span>
    </p>
   </div>
   <div class='ocr_carea' id='block_1_60' title="bbox 2122 2741 3776 2825">
    <p class='ocr_par' dir='ltr' id='par_1_60' title="bbox 2122 2741 3776 2825">
     <span class='ocr_line' id='line_1_60' title="bbox 2122 2741 3776 2825; baseline -0.007 -16"><span class='ocrx_word' id='word_1_430' title='bbox 2122 2771 2252 2821; x_wconf 91' lang='lat' dir='ltr'>con,</span> <span class='ocrx_word' id='word_1_431' title='bbox 2286 2753 2441 2825; x_wconf 90' lang='lat' dir='ltr'>quod</span> <span class='ocrx_word' id='word_1_432' title='bbox 2475 2749 2828 2807; x_wconf 89' lang='lat' dir='ltr'>Muratorius</span> <span class='ocrx_word' id='word_1_433' title='bbox 2852 2748 3115 2821; x_wconf 81' lang='lat' dir='ltr'>edidit(S.</span> <span class='ocrx_word' id='word_1_434' title='bbox 3137 2746 3314 2802; x_wconf 85' lang='lat' dir='ltr'>ODILO</span> <span class='ocrx_word' id='word_1_435' title='bbox 3335 2747 3397 2800; x_wconf 85' lang='lat' dir='ltr'>in</span> <span class='ocrx_word' id='word_1_436' title='bbox 3432 2745 3550 2801; x_wconf 80' lang='lat' dir='ltr'>Vita</span> <span class='ocrx_word' id='word_1_437' title='bbox 3572 2741 3776 2798; x_wconf 81' lang='lat' dir='ltr'>S.Ade-</span> 
     </span>
    </p>
   </div>
   <div class='ocr_carea' id='block_1_61' title="bbox 2123 2829 3773 2915">
    <p class='ocr_par' dir='ltr' id='par_1_61' title="bbox 2123 2829 3773 2915">
     <span class='ocr_line' id='line_1_61' title="bbox 2123 2829 3773 2915; baseline -0.008 -16"><span class='ocrx_word' id='word_1_438' title='bbox 2123 2845 2202 2900; x_wconf 83' lang='lat' dir='ltr'>lai</span> <span class='ocrx_word' id='word_1_439' title='bbox 2230 2843 2382 2915; x_wconf 90' lang='lat' dir='ltr'>apud</span> <span class='ocrx_word' id='word_1_440' title='bbox 2416 2839 2759 2911; x_wconf 87' lang='lat' dir='ltr'>Canisium).</span> <span class='ocrx_word' id='word_1_441' title='bbox 2801 2838 2926 2893; x_wconf 90' lang='lat' dir='ltr'>Non</span> <span class='ocrx_word' id='word_1_442' title='bbox 2978 2835 3164 2893; x_wconf 91' lang='lat' dir='ltr'>multo</span> <span class='ocrx_word' id='word_1_443' title='bbox 3212 2838 3345 2908; x_wconf 93' lang='lat' dir='ltr'>post</span> <span class='ocrx_word' id='word_1_444' title='bbox 3391 2829 3773 2904; x_wconf 85' lang='lat' dir='ltr'>Berengarius</span> 
     </span>
    </p>
   </div>
   <div class='ocr_carea' id='block_1_62' title="bbox 2121 2923 3773 3000">
    <p class='ocr_par' dir='ltr' id='par_1_62' title="bbox 2121 2923 3773 3000">
     <span class='ocr_line' id='line_1_62' title="bbox 2121 2923 3773 3000; baseline -0.008 -12"><span class='ocrx_word' id='word_1_445' title='bbox 2121 2931 2457 2988; x_wconf 90' lang='lat' dir='ltr'>Adelaidem</span> <span class='ocrx_word' id='word_1_446' title='bbox 2491 2928 2744 2986; x_wconf 87' lang='lat' dir='ltr'>Lotharii</span> <span class='ocrx_word' id='word_1_447' title='bbox 2776 2929 3107 3000; x_wconf 88' lang='lat' dir='ltr'>conjugem,</span> <span class='ocrx_word' id='word_1_448' title='bbox 3134 2924 3373 2981; x_wconf 89' lang='lat' dir='ltr'>viduam</span> <span class='ocrx_word' id='word_1_449' title='bbox 3405 2923 3773 2977; x_wconf 83' lang='lat' dir='ltr'>innocentem</span> 
     </span>
    </p>
   </div>
   <div class='ocr_carea' id='block_1_63' title="bbox 2122 3011 3771 3085">
    <p class='ocr_par' dir='ltr' id='par_1_63' title="bbox 2122 3011 3771 3085">
     <span class='ocr_line' id='line_1_63' title="bbox 2122 3011 3771 3085; baseline -0.008 -8"><span class='ocrx_word' id='word_1_450' title='bbox 2122 3021 2286 3077; x_wconf 88' lang='lat' dir='ltr'>duris</span> <span class='ocrx_word' id='word_1_451' title='bbox 2319 3019 2508 3076; x_wconf 90' lang='lat' dir='ltr'>modis</span> <span class='ocrx_word' id='word_1_452' title='bbox 2538 3021 2822 3081; x_wconf 87' lang='lat' dir='ltr'>vexatam,</span> <span class='ocrx_word' id='word_1_453' title='bbox 2853 3020 3069 3071; x_wconf 90' lang='lat' dir='ltr'>tetrum</span> <span class='ocrx_word' id='word_1_454' title='bbox 3092 3013 3341 3085; x_wconf 89' lang='lat' dir='ltr'>conjecit</span> <span class='ocrx_word' id='word_1_455' title='bbox 3366 3011 3426 3067; x_wconf 92' lang='lat' dir='ltr'>in</span> <span class='ocrx_word' id='word_1_456' title='bbox 3457 3024 3771 3075; x_wconf 87' lang='lat' dir='ltr'>carcerem,</span> 
     </span>
    </p>
   </div>
   <div class='ocr_carea' id='block_1_64' title="bbox 2123 3098 3777 3173">
    <p class='ocr_par' dir='ltr' id='par_1_64' title="bbox 2123 3098 3777 3173">
     <span class='ocr_line' id='line_1_64' title="bbox 2123 3098 3777 3173; baseline -0.008 -8"><span class='ocrx_word' id='word_1_457' title='bbox 2123 3109 2384 3166; x_wconf 89' lang='lat' dir='ltr'>Carceris</span> <span class='ocrx_word' id='word_1_458' title='bbox 2412 3107 2605 3164; x_wconf 90' lang='lat' dir='ltr'>locum</span> <span class='ocrx_word' id='word_1_459' title='bbox 2629 3105 2809 3161; x_wconf 85' lang='lat' dir='ltr'>fuisse</span> <span class='ocrx_word' id='word_1_460' title='bbox 2832 3105 3035 3161; x_wconf 61' lang='lat' dir='ltr'>Garda;</span> <span class='ocrx_word' id='word_1_461' title='bbox 3057 3107 3315 3158; x_wconf 90' lang='lat' dir='ltr'>castrum</span> <span class='ocrx_word' id='word_1_462' title='bbox 3339 3100 3463 3173; x_wconf 89' lang='lat' dir='ltr'>agri</span> <span class='ocrx_word' id='word_1_463' title='bbox 3483 3098 3777 3154; x_wconf 90' lang='lat' dir='ltr'>Veronen-</span> 
     </span>
    </p>
   </div>
   <div class='ocr_carea' id='block_1_65' title="bbox 440 3174 3772 3278">
    <p class='ocr_par' dir='ltr' id='par_1_65' title="bbox 440 3174 3772 3278">
     <span class='ocr_line' id='line_1_65' title="bbox 440 3174 3772 3278; baseline -0.005 -20"><span class='ocrx_word' id='word_1_464' title='bbox 440 3174 847 3253; x_wconf 50' lang='lat' dir='ltr'>éﬂaiherius</span> <span class='ocrx_word' id='word_1_465' title='bbox 875 3174 1131 3255; x_wconf 78' lang='lat' dir='ltr'>secundo</span> <span class='ocrx_word' id='word_1_466' title='bbox 1723 3204 1929 3278; x_wconf 85' lang='lat' dir='ltr'>pulsus</span> <span class='ocrx_word' id='word_1_467' title='bbox 1951 3204 2012 3261; x_wconf 79' lang='lat' dir='ltr'>in</span> <span class='ocrx_word' id='word_1_468' title='bbox 2042 3174 2085 3243; x_wconf 64' lang='grc' dir='ltr'><strong>(ἶ</strong></span> <span class='ocrx_word' id='word_1_469' title='bbox 2125 3198 2206 3256; x_wconf 89' lang='lat' dir='ltr'>sis</span> <span class='ocrx_word' id='word_1_470' title='bbox 2240 3196 2709 3254; x_wconf 89' lang='lat' dir='ltr'>munitissimum</span> <span class='ocrx_word' id='word_1_471' title='bbox 2732 3192 3018 3250; x_wconf 87' lang='lat' dir='ltr'>adBenaci</span> <span class='ocrx_word' id='word_1_472' title='bbox 3050 3189 3428 3264; x_wconf 87' lang='lat' dir='ltr'>ripasDonizo</span> <span class='ocrx_word' id='word_1_473' title='bbox 3450 3186 3660 3257; x_wconf 89' lang='lat' dir='ltr'>tradit(</span> <span class='ocrx_word' id='word_1_474' title='bbox 3671 3187 3772 3243; x_wconf 86' lang='lat' dir='ltr'>Vit:</span> 
     </span>
    </p>
   </div>
   <div class='ocr_carea' id='block_1_66' title="bbox 371 3284 2012 3363">
    <p class='ocr_par' dir='ltr' id='par_1_66' title="bbox 371 3284 2012 3363">
     <span class='ocr_line' id='line_1_66' title="bbox 371 3284 2012 3363; baseline 0.007 -24"><span class='ocrx_word' id='word_1_475' title='bbox 371 3284 745 3341; x_wconf 88' lang='lat' dir='ltr'>Germaniam</span> <span class='ocrx_word' id='word_1_476' title='bbox 770 3288 1142 3355; x_wconf 89' lang='lat' dir='ltr'>secessit,ubi</span> <span class='ocrx_word' id='word_1_477' title='bbox 1175 3289 1336 3345; x_wconf 92' lang='lat' dir='ltr'>nullo</span> <span class='ocrx_word' id='word_1_478' title='bbox 1353 3291 1645 3348; x_wconf 90' lang='lat' dir='ltr'>certoloco</span> <span class='ocrx_word' id='word_1_479' title='bbox 1666 3294 2012 3363; x_wconf 89' lang='lat' dir='ltr'>consistens,</span> 
     </span>
    </p>
   </div>
   <div class='ocr_carea' id='block_1_67' title="bbox 367 3372 2015 3453">
    <p class='ocr_par' dir='ltr' id='par_1_67' title="bbox 367 3372 2015 3453">
     <span class='ocr_line' id='line_1_67' title="bbox 367 3372 2015 3453; baseline 0.007 -25"><span class='ocrx_word' id='word_1_480' title='bbox 367 3372 497 3429; x_wconf 74' lang='lat' dir='ltr'>vitae</span> <span class='ocrx_word' id='word_1_481' title='bbox 524 3374 792 3431; x_wconf 88' lang='lat' dir='ltr'>subsidia</span> <span class='ocrx_word' id='word_1_482' title='bbox 822 3377 1173 3449; x_wconf 67' lang='lat' dir='ltr'>quaesiturus</span> <span class='ocrx_word' id='word_1_483' title='bbox 1198 3378 1313 3434; x_wconf 90' lang='lat' dir='ltr'>huc</span> <span class='ocrx_word' id='word_1_484' title='bbox 1341 3379 1480 3436; x_wconf 90' lang='lat' dir='ltr'>illuc</span> <span class='ocrx_word' id='word_1_485' title='bbox 1526 3382 1821 3453; x_wconf 88' lang='lat' dir='ltr'>discurrit;</span> <span class='ocrx_word' id='word_1_486' title='bbox 1871 3384 2015 3439; x_wconf 90' lang='lat' dir='ltr'>adeo</span> 
     </span>
    </p>
   </div>
   <div class='ocr_carea' id='block_1_68' title="bbox 368 3465 2014 3542">
    <p class='ocr_par' dir='ltr' id='par_1_68' title="bbox 368 3465 2014 3542">
     <span class='ocr_line' id='line_1_68' title="bbox 368 3465 2014 3542; baseline 0.007 -25"><span class='ocrx_word' id='word_1_487' title='bbox 368 3465 434 3517; x_wconf 92' lang='lat' dir='ltr'>ut</span> <span class='ocrx_word' id='word_1_488' title='bbox 461 3480 765 3537; x_wconf 74' lang='lat' dir='ltr'>gyrovagus</span> <span class='ocrx_word' id='word_1_489' title='bbox 792 3470 1096 3522; x_wconf 78' lang='lat' dir='ltr'>vocaretur</span> <span class='ocrx_word' id='word_1_490' title='bbox 1123 3468 1297 3541; x_wconf 85' lang='lat' dir='ltr'>(epist.</span> <span class='ocrx_word' id='word_1_491' title='bbox 1328 3469 1383 3539; x_wconf 87' lang='lat'>5,</span> <span class='ocrx_word' id='word_1_492' title='bbox 1416 3487 1475 3525; x_wconf 90' lang='lat' dir='ltr'>n.</span> <span class='ocrx_word' id='word_1_493' title='bbox 1509 3469 1606 3542; x_wconf 87' lang='lat'>3).-</span> <span class='ocrx_word' id='word_1_494' title='bbox 1634 3472 1923 3541; x_wconf 88' lang='lat' dir='ltr'>Noricam,</span> <span class='ocrx_word' id='word_1_495' title='bbox 1957 3473 2014 3529; x_wconf 90' lang='lat' dir='ltr'>id</span> 
     </span>
    </p>
   </div>
   <div class='ocr_carea' id='block_1_69' title="bbox 368 3553 2015 3634">
    <p class='ocr_par' dir='ltr' id='par_1_69' title="bbox 368 3553 2015 3634">
     <span class='ocr_line' id='line_1_69' title="bbox 368 3553 2015 3634; baseline 0.007 -26"><span class='ocrx_word' id='word_1_496' title='bbox 368 3557 457 3608; x_wconf 90' lang='lat' dir='ltr'>est</span> <span class='ocrx_word' id='word_1_497' title='bbox 487 3553 835 3626; x_wconf 87' lang='lat' dir='ltr'>Bajoariam,</span> <span class='ocrx_word' id='word_1_498' title='bbox 869 3556 1140 3613; x_wconf 87' lang='lat' dir='ltr'>Sueviam</span> <span class='ocrx_word' id='word_1_499' title='bbox 1170 3563 1344 3631; x_wconf 90' lang='lat' dir='ltr'>atque</span> <span class='ocrx_word' id='word_1_500' title='bbox 1373 3561 1702 3630; x_wconf 80' lang='lat' dir='ltr'>Saxoniam,</span> <span class='ocrx_word' id='word_1_501' title='bbox 1728 3579 1874 3634; x_wconf 88' lang='lat' dir='ltr'>quas</span> <span class='ocrx_word' id='word_1_502' title='bbox 1896 3580 2015 3619; x_wconf 67' lang='lat' dir='ltr'>suae</span> 
     </span>
    </p>
   </div>
   <div class='ocr_carea' id='block_1_70' title="bbox 364 3641 2011 3721">
    <p class='ocr_par' dir='ltr' id='par_1_70' title="bbox 364 3641 2011 3721">
     <span class='ocr_line' id='line_1_70' title="bbox 364 3641 2011 3721; baseline 0.008 -25"><span class='ocrx_word' id='word_1_503' title='bbox 364 3641 495 3697; x_wconf 68' lang='lat' dir='ltr'>vitae</span> <span class='ocrx_word' id='word_1_504' title='bbox 526 3646 705 3699; x_wconf 89' lang='lat' dir='ltr'>testes</span> <span class='ocrx_word' id='word_1_505' title='bbox 738 3650 1024 3700; x_wconf 90' lang='lat' dir='ltr'>memorat</span> <span class='ocrx_word' id='word_1_506' title='bbox 1042 3645 1101 3700; x_wconf 91' lang='lat' dir='ltr'>in</span> <span class='ocrx_word' id='word_1_507' title='bbox 1124 3648 1417 3716; x_wconf 85' lang='lat' dir='ltr'>Quatitatis</span> <span class='ocrx_word' id='word_1_508' title='bbox 1436 3650 1748 3721; x_wconf 79' lang='lat' dir='ltr'>conjectura</span> <span class='ocrx_word' id='word_1_509' title='bbox 1770 3668 1934 3709; x_wconf 91' lang='lat' dir='ltr'>num.</span> <span class='ocrx_word' id='word_1_510' title='bbox 1957 3655 2011 3718; x_wconf 91' lang='lat'>3,</span> 
     </span>
    </p>
   </div>
   <div class='ocr_carea' id='block_1_71' title="bbox 367 3729 2013 3805">
    <p class='ocr_par' dir='ltr' id='par_1_71' title="bbox 367 3729 2013 3805">
     <span class='ocr_line' id='line_1_71' title="bbox 367 3729 2013 3805; baseline 0.007 -21"><span class='ocrx_word' id='word_1_511' title='bbox 367 3729 477 3785; x_wconf 88' lang='lat' dir='ltr'>hac</span> <span class='ocrx_word' id='word_1_512' title='bbox 508 3732 812 3787; x_wconf 88' lang='lat' dir='ltr'>occasione</span> <span class='ocrx_word' id='word_1_513' title='bbox 840 3750 1183 3805; x_wconf 79' lang='lat' dir='ltr'>peragrasse</span> <span class='ocrx_word' id='word_1_514' title='bbox 1209 3736 1457 3792; x_wconf 90' lang='lat' dir='ltr'>videtur.</span> <span class='ocrx_word' id='word_1_515' title='bbox 1487 3739 1635 3793; x_wconf 89' lang='lat' dir='ltr'>Hinc</span> <span class='ocrx_word' id='word_1_516' title='bbox 1683 3741 2013 3796; x_wconf 90' lang='lat' dir='ltr'>subsidium</span> 
     </span>
    </p>
   </div>
   <div class='ocr_carea' id='block_1_72' title="bbox 370 3817 2015 3902">
    <p class='ocr_par' dir='ltr' id='par_1_72' title="bbox 370 3817 2015 3902">
     <span class='ocr_line' id='line_1_72' title="bbox 370 3817 2015 3902; baseline 0.007 -29"><span class='ocrx_word' id='word_1_517' title='bbox 370 3817 479 3873; x_wconf 90' lang='lat' dir='ltr'>sibi</span> <span class='ocrx_word' id='word_1_518' title='bbox 511 3819 835 3889; x_wconf 60' lang='lat' dir='ltr'>praebuisse</span> <span class='ocrx_word' id='word_1_519' title='bbox 865 3821 1206 3891; x_wconf 88' lang='lat' dir='ltr'>Germanos,</span> <span class='ocrx_word' id='word_1_520' title='bbox 1240 3823 1448 3880; x_wconf 90' lang='lat' dir='ltr'>harum</span> <span class='ocrx_word' id='word_1_521' title='bbox 1480 3827 1750 3884; x_wconf 83' lang='lat' dir='ltr'>videlicet</span> <span class='ocrx_word' id='word_1_522' title='bbox 1779 3830 2015 3902; x_wconf 88' lang='lat' dir='ltr'>provin-</span> 
     </span>
    </p>
   </div>
   <div class='ocr_carea' id='block_1_73' title="bbox 368 3905 2016 3988">
    <p class='ocr_par' dir='ltr' id='par_1_73' title="bbox 368 3905 2016 3988">
     <span class='ocr_line' id='line_1_73' title="bbox 368 3905 2016 3988; baseline 0.01 -29"><span class='ocrx_word' id='word_1_523' title='bbox 368 3906 591 3961; x_wconf 90' lang='lat' dir='ltr'>ciarum</span> <span class='ocrx_word' id='word_1_524' title='bbox 623 3905 949 3979; x_wconf 89' lang='lat' dir='ltr'>episcopos,</span> <span class='ocrx_word' id='word_1_525' title='bbox 983 3913 1233 3967; x_wconf 90' lang='lat' dir='ltr'>testatur</span> <span class='ocrx_word' id='word_1_526' title='bbox 1263 3912 1324 3968; x_wconf 91' lang='lat' dir='ltr'>in</span> <span class='ocrx_word' id='word_1_527' title='bbox 1352 3913 1585 3982; x_wconf 89' lang='lat' dir='ltr'>litteris,</span> <span class='ocrx_word' id='word_1_528' title='bbox 1618 3933 1766 3988; x_wconf 89' lang='lat' dir='ltr'>quas</span> <span class='ocrx_word' id='word_1_529' title='bbox 1796 3918 1869 3973; x_wconf 90' lang='lat' dir='ltr'>ad</span> <span class='ocrx_word' id='word_1_530' title='bbox 1903 3918 2016 3974; x_wconf 83' lang='lat' dir='ltr'>Ro-</span> 
     </span>
    </p>
   </div>
   <div class='ocr_carea' id='block_1_74' title="bbox 367 3996 2012 4139">
    <p class='ocr_par' dir='ltr' id='par_1_74' title="bbox 367 3996 2012 4139">
     <span class='ocr_line' id='line_1_74' title="bbox 367 3996 2012 4139; baseline 0.009 -90"><span class='ocrx_word' id='word_1_531' title='bbox 367 4011 625 4139; x_wconf 57' lang='lat' dir='ltr'>manus:3</span> <span class='ocrx_word' id='word_1_532' title='bbox 643 3996 975 4068; x_wconf 85' lang='lat' dir='ltr'>pontiﬁcem</span> <span class='ocrx_word' id='word_1_533' title='bbox 1006 4000 1261 4072; x_wconf 89' lang='lat' dir='ltr'>scripsit,</span> <span class='ocrx_word' id='word_1_534' title='bbox 1294 4006 1357 4057; x_wconf 91' lang='lat' dir='ltr'>ut</span> <span class='ocrx_word' id='word_1_535' title='bbox 1378 4019 1484 4058; x_wconf 91' lang='lat' dir='ltr'>suo</span> <span class='ocrx_word' id='word_1_536' title='bbox 1515 4002 1638 4060; x_wconf 89' lang='lat' dir='ltr'>loco</span> <span class='ocrx_word' id='word_1_537' title='bbox 1661 4005 2012 4073; x_wconf 89' lang='lat' dir='ltr'>videbimus,</span> 
     </span>
     <span class='ocr_line' id='line_1_75' title="bbox 369 4088 680 4139; baseline 0.003 -1"><span class='ocrx_word' id='word_1_538' title='bbox 369 4100 525 4139; x_wconf 91' lang='lat' dir='ltr'>anno</span> <span class='ocrx_word' id='word_1_539' title='bbox 633 4088 680 4139; x_wconf 88' lang='grc' dir='ltr'><strong>ι.</strong></span> 
     </span>
    </p>
   </div>
   <div class='ocr_carea' id='block_1_75' title="bbox 369 4088 680 4139">
    <p class='ocr_par' dir='ltr' id='par_1_75' title="bbox 369 4088 680 4139">
     <span class='ocr_line' id='line_1_76' title="bbox 369 4088 680 4139; baseline 0.003 -1"><span class='ocrx_word' id='word_1_540' title='bbox 369 4100 525 4139; x_wconf 91' lang='lat' dir='ltr'>anno</span> <span class='ocrx_word' id='word_1_541' title='bbox 552 4088 680 4139; x_wconf 79' lang='grc'><strong>951.</strong></span> 
     </span>
    </p>
   </div>
   <div class='ocr_carea' id='block_1_76' title="bbox 439 4163 2011 4249">
    <p class='ocr_par' dir='ltr' id='par_1_76' title="bbox 439 4163 2011 4249">
     <span class='ocr_line' id='line_1_77' title="bbox 439 4163 2011 4249; baseline 0.009 -31"><span class='ocrx_word' id='word_1_542' title='bbox 439 4164 527 4219; x_wconf 82' lang='grc'>43.</span> <span class='ocrx_word' id='word_1_543' title='bbox 560 4163 697 4220; x_wconf 87' lang='lat' dir='ltr'>Erat</span> <span class='ocrx_word' id='word_1_544' title='bbox 725 4165 833 4220; x_wconf 91' lang='lat' dir='ltr'>hoc</span> <span class='ocrx_word' id='word_1_545' title='bbox 862 4169 1124 4239; x_wconf 84' lang='lat' dir='ltr'>tempore</span> <span class='ocrx_word' id='word_1_546' title='bbox 1146 4186 1260 4226; x_wconf 89' lang='lat' dir='ltr'>non</span> <span class='ocrx_word' id='word_1_547' title='bbox 1280 4174 1400 4227; x_wconf 88' lang='lat' dir='ltr'>tam</span> <span class='ocrx_word' id='word_1_548' title='bbox 1418 4172 1745 4246; x_wconf 72' lang='lat' dir='ltr'>disciplina</span> <span class='ocrx_word' id='word_1_549' title='bbox 1759 4192 2011 4249; x_wconf 88' lang='lat' dir='ltr'>morum,</span> 
     </span>
    </p>
   </div>
   <div class='ocr_carea' id='block_1_77' title="bbox 367 4252 2014 4325">
    <p class='ocr_par' dir='ltr' id='par_1_77' title="bbox 367 4252 2014 4325">
     <span class='ocr_line' id='line_1_78' title="bbox 367 4252 2014 4325; baseline 0.01 -18"><span class='ocrx_word' id='word_1_550' title='bbox 367 4269 546 4325; x_wconf 88' lang='lat' dir='ltr'>quam</span> <span class='ocrx_word' id='word_1_551' title='bbox 578 4252 906 4310; x_wconf 87' lang='lat' dir='ltr'>litterarum</span> <span class='ocrx_word' id='word_1_552' title='bbox 931 4257 1125 4313; x_wconf 89' lang='lat' dir='ltr'>studio</span> <span class='ocrx_word' id='word_1_553' title='bbox 1146 4258 1391 4317; x_wconf 87' lang='lat' dir='ltr'>celebris</span> <span class='ocrx_word' id='word_1_554' title='bbox 1410 4262 1835 4321; x_wconf 88' lang='lat' dir='ltr'>BrunoOttonis</span> <span class='ocrx_word' id='word_1_555' title='bbox 1858 4267 1879 4321; x_wconf 89' lang='grc' dir='ltr'>Ι</span> <span class='ocrx_word' id='word_1_556' title='bbox 1900 4266 2014 4323; x_wconf 89' lang='lat' dir='ltr'>fra-</span> 
     </span>
    </p>
   </div>
   <div class='ocr_carea' id='block_1_78' title="bbox 366 4343 2011 4423">
    <p class='ocr_par' dir='ltr' id='par_1_78' title="bbox 366 4343 2011 4423">
     <span class='ocr_line' id='line_1_79' title="bbox 366 4343 2011 4423; baseline 0.008 -25"><span class='ocrx_word' id='word_1_557' title='bbox 366 4346 476 4411; x_wconf 90' lang='lat' dir='ltr'>ter,</span> <span class='ocrx_word' id='word_1_558' title='bbox 509 4343 610 4417; x_wconf 92' lang='lat' dir='ltr'>qui</span> <span class='ocrx_word' id='word_1_559' title='bbox 669 4347 871 4416; x_wconf 89' lang='lat' dir='ltr'>postea</span> <span class='ocrx_word' id='word_1_560' title='bbox 929 4346 1041 4401; x_wconf 88' lang='lat' dir='ltr'>fuit</span> <span class='ocrx_word' id='word_1_561' title='bbox 1100 4347 1571 4423; x_wconf 74' lang='lat' dir='ltr'>archiepiSCOpus</span> <span class='ocrx_word' id='word_1_562' title='bbox 1629 4352 2011 4413; x_wconf 89' lang='lat' dir='ltr'>Coloniensis.</span> 
     </span>
    </p>
   </div>
   <div class='ocr_carea' id='block_1_79' title="bbox 363 4432 2015 4517">
    <p class='ocr_par' dir='ltr' id='par_1_79' title="bbox 363 4432 2015 4517">
     <span class='ocr_line' id='line_1_80' title="bbox 363 4432 2015 4517; baseline 0.008 -30"><span class='ocrx_word' id='word_1_563' title='bbox 363 4432 570 4489; x_wconf 87' lang='lat' dir='ltr'>Alebat</span> <span class='ocrx_word' id='word_1_564' title='bbox 598 4434 758 4490; x_wconf 89' lang='lat' dir='ltr'>domi</span> <span class='ocrx_word' id='word_1_565' title='bbox 791 4435 1081 4491; x_wconf 87' lang='lat' dir='ltr'>doctiores</span> <span class='ocrx_word' id='word_1_566' title='bbox 1139 4436 1318 4509; x_wconf 83' lang='lat' dir='ltr'>hujus</span> <span class='ocrx_word' id='word_1_567' title='bbox 1373 4440 1561 4497; x_wconf 65' lang='lat' dir='ltr'>aetatis</span> <span class='ocrx_word' id='word_1_568' title='bbox 1616 4440 1793 4510; x_wconf 89' lang='lat' dir='ltr'>viros,</span> <span class='ocrx_word' id='word_1_569' title='bbox 1826 4444 2015 4517; x_wconf 89' lang='lat' dir='ltr'>iisque</span> 
     </span>
    </p>
   </div>
   <div class='ocr_carea' id='block_1_80' title="bbox 2122 3275 3775 3354">
    <p class='ocr_par' dir='ltr' id='par_1_80' title="bbox 2122 3275 3775 3354">
     <span class='ocr_line' id='line_1_81' title="bbox 2122 3275 3775 3354; baseline -0.008 -11"><span class='ocrx_word' id='word_1_570' title='bbox 2122 3288 2293 3345; x_wconf 76' lang='lat' dir='ltr'>Matii.</span> <span class='ocrx_word' id='word_1_571' title='bbox 2326 3286 2365 3341; x_wconf 91' lang='lat' dir='ltr'>l.</span> <span class='ocrx_word' id='word_1_572' title='bbox 2398 3304 2438 3354; x_wconf 83' lang='grc' dir='ltr'><strong>ι,</strong></span> <span class='ocrx_word' id='word_1_573' title='bbox 2470 3290 2514 3341; x_wconf 94' lang='lat' dir='ltr'>t.</span> <span class='ocrx_word' id='word_1_574' title='bbox 2547 3286 2569 3340; x_wconf 96' lang='grc' dir='ltr'>Ι</span> <span class='ocrx_word' id='word_1_575' title='bbox 2600 3287 2720 3341; x_wconf 85' lang='lat' dir='ltr'>Rer.</span> <span class='ocrx_word' id='word_1_576' title='bbox 2755 3282 2922 3354; x_wconf 57' lang='grc' dir='ltr'>Μαι).</span> <span class='ocrx_word' id='word_1_577' title='bbox 2951 3282 3069 3337; x_wconf 89' lang='lat' dir='ltr'>Hac</span> <span class='ocrx_word' id='word_1_578' title='bbox 3116 3281 3189 3336; x_wconf 91' lang='lat' dir='ltr'>de</span> <span class='ocrx_word' id='word_1_579' title='bbox 3215 3297 3278 3341; x_wconf 75' lang='lat' dir='ltr'>re</span> <span class='ocrx_word' id='word_1_580' title='bbox 3310 3276 3437 3334; x_wconf 90' lang='lat' dir='ltr'>Itali</span> <span class='ocrx_word' id='word_1_581' title='bbox 3479 3293 3514 3333; x_wconf 91' lang='lat' dir='ltr'>a</span> <span class='ocrx_word' id='word_1_582' title='bbox 3563 3275 3775 3331; x_wconf 84' lang='lat' dir='ltr'>Beren-</span> 
     </span>
    </p>
   </div>
   <div class='ocr_carea' id='block_1_81' title="bbox 2124 3366 3775 3452">
    <p class='ocr_par' dir='ltr' id='par_1_81' title="bbox 2124 3366 3775 3452">
     <span class='ocr_line' id='line_1_82' title="bbox 2124 3366 3775 3452; baseline -0.01 -18"><span class='ocrx_word' id='word_1_583' title='bbox 2124 3377 2284 3452; x_wconf 87' lang='lat' dir='ltr'>gario</span> <span class='ocrx_word' id='word_1_584' title='bbox 2314 3374 2546 3431; x_wconf 87' lang='lat' dir='ltr'>alienati</span> <span class='ocrx_word' id='word_1_585' title='bbox 2577 3374 2848 3429; x_wconf 89' lang='lat' dir='ltr'>Ottouem</span> <span class='ocrx_word' id='word_1_586' title='bbox 2884 3369 3209 3428; x_wconf 69' lang='lat' dir='ltr'>Germaniae</span> <span class='ocrx_word' id='word_1_587' title='bbox 3239 3383 3436 3441; x_wconf 86' lang='lat' dir='ltr'>regem</span> <span class='ocrx_word' id='word_1_588' title='bbox 3470 3366 3775 3430; x_wconf 88' lang='lat' dir='ltr'>vocarunt,</span> 
     </span>
    </p>
   </div>
   <div class='ocr_carea' id='block_1_82' title="bbox 2124 3452 3776 3534">
    <p class='ocr_par' dir='ltr' id='par_1_82' title="bbox 2124 3452 3776 3534">
     <span class='ocr_line' id='line_1_83' title="bbox 2124 3452 3776 3534; baseline -0.008 -13"><span class='ocrx_word' id='word_1_589' title='bbox 2124 3471 2191 3523; x_wconf 91' lang='lat' dir='ltr'>ut</span> <span class='ocrx_word' id='word_1_590' title='bbox 2217 3463 2573 3531; x_wconf 89' lang='lat' dir='ltr'>Adelaidem,</span> <span class='ocrx_word' id='word_1_591' title='bbox 2625 3479 2752 3534; x_wconf 81' lang='lat' dir='ltr'>quae</span> <span class='ocrx_word' id='word_1_592' title='bbox 2784 3478 2815 3516; x_wconf 91' lang='lat' dir='ltr'><strong>e</strong></span> <span class='ocrx_word' id='word_1_593' title='bbox 2860 3460 3053 3516; x_wconf 89' lang='lat' dir='ltr'>Garda</span> <span class='ocrx_word' id='word_1_594' title='bbox 3101 3457 3331 3531; x_wconf 82' lang='lat' dir='ltr'>fugiens</span> <span class='ocrx_word' id='word_1_595' title='bbox 3361 3456 3435 3511; x_wconf 90' lang='lat' dir='ltr'>ab</span> <span class='ocrx_word' id='word_1_596' title='bbox 3485 3457 3675 3511; x_wconf 83' lang='lat' dir='ltr'>Azone</span> <span class='ocrx_word' id='word_1_597' title='bbox 3715 3452 3776 3508; x_wconf 91' lang='lat' dir='ltr'>in</span> 
     </span>
    </p>
   </div>
   <div class='ocr_carea' id='block_1_83' title="bbox 2124 3540 3778 3622">
    <p class='ocr_par' dir='ltr' id='par_1_83' title="bbox 2124 3540 3778 3622">
     <span class='ocr_line' id='line_1_84' title="bbox 2124 3540 3778 3622; baseline -0.008 -10"><span class='ocrx_word' id='word_1_598' title='bbox 2124 3556 2392 3613; x_wconf 65' lang='lat' dir='ltr'>Canossaa</span> <span class='ocrx_word' id='word_1_599' title='bbox 2446 3556 2707 3609; x_wconf 89' lang='lat' dir='ltr'>castrum</span> <span class='ocrx_word' id='word_1_600' title='bbox 2756 3553 2987 3622; x_wconf 88' lang='lat' dir='ltr'>recepta</span> <span class='ocrx_word' id='word_1_601' title='bbox 3041 3548 3252 3613; x_wconf 86' lang='lat' dir='ltr'>fuerat,</span> <span class='ocrx_word' id='word_1_602' title='bbox 3305 3561 3334 3601; x_wconf 91' lang='lat' dir='ltr'>e</span> <span class='ocrx_word' id='word_1_603' title='bbox 3366 3549 3454 3601; x_wconf 79' lang='lat' dir='ltr'>tot</span> <span class='ocrx_word' id='word_1_604' title='bbox 3497 3540 3778 3616; x_wconf 89' lang='lat' dir='ltr'>periculis</span> 
     </span>
    </p>
   </div>
   <div class='ocr_carea' id='block_1_84' title="bbox 2123 3636 3776 3714">
    <p class='ocr_par' dir='ltr' id='par_1_84' title="bbox 2123 3636 3776 3714">
     <span class='ocr_line' id='line_1_85' title="bbox 2123 3636 3776 3714; baseline -0.01 -12"><span class='ocrx_word' id='word_1_605' title='bbox 2123 3647 2372 3714; x_wconf 90' lang='lat' dir='ltr'>erueret,</span> <span class='ocrx_word' id='word_1_606' title='bbox 2400 3658 2467 3698; x_wconf 89' lang='lat' dir='ltr'>ac</span> <span class='ocrx_word' id='word_1_607' title='bbox 2496 3638 2912 3713; x_wconf 86' lang='lat' dir='ltr'>Berengarium</span> <span class='ocrx_word' id='word_1_608' title='bbox 2944 3654 3122 3712; x_wconf 88' lang='lat' dir='ltr'>regno</span> <span class='ocrx_word' id='word_1_609' title='bbox 3152 3636 3490 3692; x_wconf 91' lang='lat' dir='ltr'>abutentem</span> <span class='ocrx_word' id='word_1_610' title='bbox 3542 3647 3776 3705; x_wconf 88' lang='lat' dir='ltr'>compe-</span> 
     </span>
    </p>
   </div>
   <div class='ocr_carea' id='block_1_85' title="bbox 2125 3719 3774 3791">
    <p class='ocr_par' dir='ltr' id='par_1_85' title="bbox 2125 3719 3774 3791">
     <span class='ocr_line' id='line_1_86' title="bbox 2125 3719 3774 3791; baseline -0.01 -1"><span class='ocrx_word' id='word_1_611' title='bbox 2125 3737 2328 3791; x_wconf 90' lang='lat' dir='ltr'>sceret.</span> <span class='ocrx_word' id='word_1_612' title='bbox 2356 3732 2515 3787; x_wconf 89' lang='lat' dir='ltr'>Misit</span> <span class='ocrx_word' id='word_1_613' title='bbox 2546 3728 2645 3786; x_wconf 90' lang='lat' dir='ltr'>ille</span> <span class='ocrx_word' id='word_1_614' title='bbox 2664 3730 2864 3786; x_wconf 87' lang='lat' dir='ltr'>statim</span> <span class='ocrx_word' id='word_1_615' title='bbox 2888 3726 2946 3783; x_wconf 92' lang='lat' dir='ltr'>in</span> <span class='ocrx_word' id='word_1_616' title='bbox 2967 3725 3195 3783; x_wconf 82' lang='lat' dir='ltr'>Italiam</span> <span class='ocrx_word' id='word_1_617' title='bbox 3214 3722 3539 3780; x_wconf 86' lang='lat' dir='ltr'>Liutulfum</span> <span class='ocrx_word' id='word_1_618' title='bbox 3563 3719 3774 3786; x_wconf 81' lang='lat' dir='ltr'>filium,</span> 
     </span>
    </p>
   </div>
   <div class='ocr_carea' id='block_1_86' title="bbox 2126 3814 3778 3896">
    <p class='ocr_par' dir='ltr' id='par_1_86' title="bbox 2126 3814 3778 3896">
     <span class='ocr_line' id='line_1_87' title="bbox 2126 3814 3778 3896; baseline -0.009 -17"><span class='ocrx_word' id='word_1_619' title='bbox 2126 3823 2225 3896; x_wconf 89' lang='lat' dir='ltr'>qui</span> <span class='ocrx_word' id='word_1_620' title='bbox 2257 3838 2391 3878; x_wconf 91' lang='lat' dir='ltr'>cum</span> <span class='ocrx_word' id='word_1_621' title='bbox 2425 3822 2600 3877; x_wconf 89' lang='lat' dir='ltr'>Italos</span> <span class='ocrx_word' id='word_1_622' title='bbox 2620 3822 2855 3892; x_wconf 87' lang='lat' dir='ltr'>paratos</span> <span class='ocrx_word' id='word_1_623' title='bbox 2878 3822 2936 3874; x_wconf 93' lang='lat' dir='ltr'>et</span> <span class='ocrx_word' id='word_1_624' title='bbox 2952 3817 3342 3888; x_wconf 86' lang='lat' dir='ltr'>obsequentes</span> <span class='ocrx_word' id='word_1_625' title='bbox 3368 3816 3577 3869; x_wconf 91' lang='lat' dir='ltr'>nactus</span> <span class='ocrx_word' id='word_1_626' title='bbox 3597 3814 3778 3877; x_wconf 88' lang='lat' dir='ltr'>esset,</span> 
     </span>
    </p>
   </div>
   <div class='ocr_carea' id='block_1_87' title="bbox 2122 3896 3778 3980">
    <p class='ocr_par' dir='ltr' id='par_1_87' title="bbox 2122 3896 3778 3980">
     <span class='ocr_line' id='line_1_88' title="bbox 2122 3896 3778 3980; baseline -0.008 -13"><span class='ocrx_word' id='word_1_627' title='bbox 2122 3928 2251 3967; x_wconf 74' lang='lat' dir='ltr'>mox</span> <span class='ocrx_word' id='word_1_628' title='bbox 2280 3910 2459 3977; x_wconf 86' lang='lat' dir='ltr'>rediit,</span> <span class='ocrx_word' id='word_1_629' title='bbox 2494 3908 2687 3980; x_wconf 91' lang='lat' dir='ltr'>inquit</span> <span class='ocrx_word' id='word_1_630' title='bbox 2708 3905 2960 3963; x_wconf 78' lang='lat' dir='ltr'>Rosvida</span> <span class='ocrx_word' id='word_1_631' title='bbox 2987 3905 3168 3977; x_wconf 88' lang='lat' dir='ltr'>hujus</span> <span class='ocrx_word' id='word_1_632' title='bbox 3185 3901 3291 3959; x_wconf 63' lang='lat' dir='ltr'>aevi</span> <span class='ocrx_word' id='word_1_633' title='bbox 3311 3900 3647 3969; x_wconf 89' lang='lat' dir='ltr'>bistorica,«</span> <span class='ocrx_word' id='word_1_634' title='bbox 3664 3896 3778 3955; x_wconf 88' lang='lat' dir='ltr'>cla-</span> 
     </span>
    </p>
   </div>
   <div class='ocr_carea' id='block_1_88' title="bbox 2124 3988 3835 4066">
    <p class='ocr_par' dir='ltr' id='par_1_88' title="bbox 2124 3988 3835 4066">
     <span class='ocr_line' id='line_1_89' title="bbox 2124 3988 3835 4066; baseline -0.009 -10"><span class='ocrx_word' id='word_1_635' title='bbox 2124 4017 2258 4056; x_wconf 88' lang='lat' dir='ltr'>rum</span> <span class='ocrx_word' id='word_1_636' title='bbox 2290 4000 2545 4056; x_wconf 87' lang='lat' dir='ltr'>referens</span> <span class='ocrx_word' id='word_1_637' title='bbox 2577 3996 2704 4054; x_wconf 91' lang='lat' dir='ltr'>sine</span> <span class='ocrx_word' id='word_1_638' title='bbox 2730 3999 2919 4052; x_wconf 89' lang='lat' dir='ltr'>marte</span> <span class='ocrx_word' id='word_1_639' title='bbox 2946 3992 3338 4066; x_wconf 88' lang='lat' dir='ltr'>triumphum.</span> <span class='ocrx_word' id='word_1_640' title='bbox 3368 4013 3396 4041; x_wconf 84' lang='lat'><strong>»</strong></span> <span class='ocrx_word' id='word_1_641' title='bbox 3429 3991 3594 4046; x_wconf 89' lang='lat' dir='ltr'>Tunc</span> <span class='ocrx_word' id='word_1_642' title='bbox 3642 3988 3776 4043; x_wconf 89' lang='lat' dir='ltr'>Otto</span> <span class='ocrx_word' id='word_1_643' title='bbox 3832 4022 3835 4025; x_wconf 54' lang='grc' dir='ltr'><em>ν</em></span> 
     </span>
    </p>
   </div>
   <div class='ocr_carea' id='block_1_89' title="bbox 2125 4078 3778 4146">
    <p class='ocr_par' dir='ltr' id='par_1_89' title="bbox 2125 4078 3778 4146">
     <span class='ocr_line' id='line_1_90' title="bbox 2125 4078 3778 4146; baseline -0.007 -1"><span class='ocrx_word' id='word_1_644' title='bbox 2125 4107 2243 4146; x_wconf 90' lang='lat' dir='ltr'>una</span> <span class='ocrx_word' id='word_1_645' title='bbox 2272 4104 2404 4144; x_wconf 90' lang='lat' dir='ltr'>cum</span> <span class='ocrx_word' id='word_1_646' title='bbox 2426 4088 2627 4143; x_wconf 91' lang='lat' dir='ltr'>eodem</span> <span class='ocrx_word' id='word_1_647' title='bbox 2658 4084 2776 4140; x_wconf 81' lang='lat' dir='ltr'>tilio</span> <span class='ocrx_word' id='word_1_648' title='bbox 2795 4085 2854 4140; x_wconf 92' lang='lat' dir='ltr'>in</span> <span class='ocrx_word' id='word_1_649' title='bbox 2883 4082 3111 4140; x_wconf 88' lang='lat' dir='ltr'>Italiam</span> <span class='ocrx_word' id='word_1_650' title='bbox 3135 4079 3437 4138; x_wconf 91' lang='lat' dir='ltr'>descendit</span> <span class='ocrx_word' id='word_1_651' title='bbox 3451 4082 3587 4135; x_wconf 87' lang='lat' dir='ltr'>ante</span> <span class='ocrx_word' id='word_1_652' title='bbox 3607 4078 3778 4135; x_wconf 91' lang='lat' dir='ltr'>Octo-</span> 
     </span>
    </p>
   </div>
   <div class='ocr_carea' id='block_1_90' title="bbox 2124 4166 3780 4245">
    <p class='ocr_par' dir='ltr' id='par_1_90' title="bbox 2124 4166 3780 4245">
     <span class='ocr_line' id='line_1_91' title="bbox 2124 4166 3780 4245; baseline -0.008 -9"><span class='ocrx_word' id='word_1_653' title='bbox 2124 4180 2285 4236; x_wconf 90' lang='lat' dir='ltr'>brem</span> <span class='ocrx_word' id='word_1_654' title='bbox 2320 4177 2455 4233; x_wconf 91' lang='lat' dir='ltr'>anni</span> <span class='ocrx_word' id='word_1_655' title='bbox 2486 4175 2610 4242; x_wconf 87' lang='lat'>951,</span> <span class='ocrx_word' id='word_1_656' title='bbox 2644 4173 2982 4245; x_wconf 90' lang='lat' dir='ltr'>ibidemque</span> <span class='ocrx_word' id='word_1_657' title='bbox 3014 4173 3217 4228; x_wconf 91' lang='lat' dir='ltr'>eodem</span> <span class='ocrx_word' id='word_1_658' title='bbox 3250 4185 3450 4227; x_wconf 89' lang='lat' dir='ltr'>mense</span> <span class='ocrx_word' id='word_1_659' title='bbox 3479 4166 3656 4226; x_wconf 65' lang='lat' dir='ltr'>Italia;</span> <span class='ocrx_word' id='word_1_660' title='bbox 3687 4184 3780 4223; x_wconf 90' lang='lat' dir='ltr'>re-</span> 
     </span>
    </p>
   </div>
   <div class='ocr_carea' id='block_1_91' title="bbox 2123 4252 3783 4342">
    <p class='ocr_par' dir='ltr' id='par_1_91' title="bbox 2123 4252 3783 4342">
     <span class='ocr_line' id='line_1_92' title="bbox 2123 4252 3783 4342; baseline -0.007 -19"><span class='ocrx_word' id='word_1_661' title='bbox 2123 4284 2257 4342; x_wconf 89' lang='lat' dir='ltr'>gem</span> <span class='ocrx_word' id='word_1_662' title='bbox 2283 4266 2464 4323; x_wconf 92' lang='lat' dir='ltr'>fuisse</span> <span class='ocrx_word' id='word_1_663' title='bbox 2484 4263 2845 4338; x_wconf 86' lang='lat' dir='ltr'>appellatum</span> <span class='ocrx_word' id='word_1_664' title='bbox 2867 4264 3096 4318; x_wconf 89' lang='lat' dir='ltr'>constat</span> <span class='ocrx_word' id='word_1_665' title='bbox 3115 4278 3185 4316; x_wconf 83' lang='lat' dir='ltr'>ex</span> <span class='ocrx_word' id='word_1_666' title='bbox 3196 4259 3428 4316; x_wconf 89' lang='lat' dir='ltr'>duobus</span> <span class='ocrx_word' id='word_1_667' title='bbox 3451 4252 3783 4331; x_wconf 85' lang='lat' dir='ltr'>diplomati-</span> 
     </span>
    </p>
   </div>
   <div class='ocr_carea' id='block_1_92' title="bbox 2122 4346 3779 4422">
    <p class='ocr_par' dir='ltr' id='par_1_92' title="bbox 2122 4346 3779 4422">
     <span class='ocr_line' id='line_1_93' title="bbox 2122 4346 3779 4422; baseline -0.008 -8"><span class='ocrx_word' id='word_1_668' title='bbox 2122 4359 2235 4415; x_wconf 91' lang='lat' dir='ltr'>bus</span> <span class='ocrx_word' id='word_1_669' title='bbox 2266 4374 2301 4413; x_wconf 90' lang='lat' dir='ltr'>a</span> <span class='ocrx_word' id='word_1_670' title='bbox 2329 4353 2646 4411; x_wconf 88' lang='lat' dir='ltr'>Muratorio</span> <span class='ocrx_word' id='word_1_671' title='bbox 2678 4351 2953 4419; x_wconf 89' lang='lat' dir='ltr'>laudatis,</span> <span class='ocrx_word' id='word_1_672' title='bbox 2985 4354 3043 4407; x_wconf 89' lang='lat' dir='ltr'>et</span> <span class='ocrx_word' id='word_1_673' title='bbox 3073 4348 3262 4422; x_wconf 68' lang='lat' dir='ltr'>Papia:</span> <span class='ocrx_word' id='word_1_674' title='bbox 3315 4348 3460 4404; x_wconf 89' lang='lat' dir='ltr'>actis</span> <span class='ocrx_word' id='word_1_675' title='bbox 3491 4370 3520 4397; x_wconf 85' lang='lat'><strong><em>«</em></strong></span> <span class='ocrx_word' id='word_1_676' title='bbox 3553 4364 3611 4403; x_wconf 82' lang='lat' dir='ltr'>v1</span> <span class='ocrx_word' id='word_1_677' title='bbox 3638 4346 3779 4402; x_wconf 91' lang='lat' dir='ltr'>Idus</span> 
     </span>
    </p>
   </div>
   <div class='ocr_carea' id='block_1_93' title="bbox 2123 4435 3778 4504">
    <p class='ocr_par' dir='ltr' id='par_1_93' title="bbox 2123 4435 3778 4504">
     <span class='ocr_line' id='line_1_94' title="bbox 2123 4435 3778 4504; baseline -0.008 0"><span class='ocrx_word' id='word_1_678' title='bbox 2123 4446 2389 4504; x_wconf 85' lang='lat' dir='ltr'>Octobris</span> <span class='ocrx_word' id='word_1_679' title='bbox 2445 4459 2599 4500; x_wconf 88' lang='lat' dir='ltr'>anno</span> <span class='ocrx_word' id='word_1_680' title='bbox 2646 4438 3072 4498; x_wconf 89' lang='lat' dir='ltr'>Incarnationis</span> <span class='ocrx_word' id='word_1_681' title='bbox 3120 4437 3353 4494; x_wconf 89' lang='lat' dir='ltr'>Domini</span> <span class='ocrx_word' id='word_1_682' title='bbox 3404 4435 3589 4493; x_wconf 89' lang='lat' dir='ltr'>nostri</span> <span class='ocrx_word' id='word_1_683' title='bbox 3633 4435 3778 4492; x_wconf 87' lang='lat' dir='ltr'>Jesu</span> 
     </span>
    </p>
   </div>
   <div class='ocr_carea' id='block_1_94' title="bbox 367 4521 3780 4608">
    <p class='ocr_par' dir='ltr' id='par_1_94' title="bbox 367 4521 3780 4608">
     <span class='ocr_line' id='line_1_95' title="bbox 367 4521 3780 4608; baseline 0.001 -33"><span class='ocrx_word' id='word_1_684' title='bbox 367 4521 666 4592; x_wconf 89' lang='lat' dir='ltr'>magistris</span> <span class='ocrx_word' id='word_1_685' title='bbox 692 4527 819 4579; x_wconf 83' lang='lat' dir='ltr'>tum</span> <span class='ocrx_word' id='word_1_686' title='bbox 854 4525 1113 4593; x_wconf 90' lang='lat' dir='ltr'>Latinas,</span> <span class='ocrx_word' id='word_1_687' title='bbox 1146 4532 1269 4583; x_wconf 91' lang='lat' dir='ltr'>tum</span> <span class='ocrx_word' id='word_1_688' title='bbox 1304 4529 1682 4596; x_wconf 75' lang='lat' dir='ltr'>Grrccas,tum</span> <span class='ocrx_word' id='word_1_689' title='bbox 1715 4532 2009 4605; x_wconf 87' lang='lat' dir='ltr'>profanas,</span> <span class='ocrx_word' id='word_1_690' title='bbox 2040 4543 2087 4608; x_wconf 86' lang='lat' dir='ltr'><strong>D</strong></span> <span class='ocrx_word' id='word_1_691' title='bbox 2118 4535 2332 4593; x_wconf 87' lang='lat' dir='ltr'>Christi</span> <span class='ocrx_word' id='word_1_692' title='bbox 2366 4531 2809 4605; x_wconf 89' lang='lat' dir='ltr'>nongentesimo</span> <span class='ocrx_word' id='word_1_693' title='bbox 2842 4526 3333 4602; x_wconf 88' lang='lat' dir='ltr'>quinquagesimo</span> <span class='ocrx_word' id='word_1_694' title='bbox 3366 4526 3557 4598; x_wconf 90' lang='lat' dir='ltr'>primo</span> <span class='ocrx_word' id='word_1_695' title='bbox 3578 4524 3780 4580; x_wconf 88' lang='lat' dir='ltr'>indic—</span> 
     </span>
    </p>
   </div>
   <div class='ocr_carea' id='block_1_95' title="bbox 363 4611 2019 4693">
    <p class='ocr_par' dir='ltr' id='par_1_95' title="bbox 363 4611 2019 4693">
     <span class='ocr_line' id='line_1_96' title="bbox 363 4611 2019 4693; baseline 0.012 -30"><span class='ocrx_word' id='word_1_696' title='bbox 363 4612 493 4664; x_wconf 91' lang='lat' dir='ltr'>tum</span> <span class='ocrx_word' id='word_1_697' title='bbox 525 4626 721 4667; x_wconf 88' lang='lat' dir='ltr'>sacras</span> <span class='ocrx_word' id='word_1_698' title='bbox 769 4611 993 4670; x_wconf 87' lang='lat' dir='ltr'>litteras</span> <span class='ocrx_word' id='word_1_699' title='bbox 1052 4615 1367 4686; x_wconf 83' lang='lat' dir='ltr'>excolebat;</span> <span class='ocrx_word' id='word_1_700' title='bbox 1421 4634 1489 4673; x_wconf 86' lang='lat' dir='ltr'>ex</span> <span class='ocrx_word' id='word_1_701' title='bbox 1546 4636 1662 4693; x_wconf 88' lang='lat' dir='ltr'>quo</span> <span class='ocrx_word' id='word_1_702' title='bbox 1693 4622 1818 4693; x_wconf 85' lang='lat' dir='ltr'>ejus</span> <span class='ocrx_word' id='word_1_703' title='bbox 1867 4625 2019 4684; x_wconf 78' lang='lat' dir='ltr'>aedes</span> 
     </span>
    </p>
   </div>
   <div class='ocr_carea' id='block_1_96' title="bbox 364 4696 2010 4772">
    <p class='ocr_par' dir='ltr' id='par_1_96' title="bbox 364 4696 2010 4772">
     <span class='ocr_line' id='line_1_97' title="bbox 364 4696 2010 4772; baseline 0.013 -21"><span class='ocrx_word' id='word_1_704' title='bbox 364 4696 696 4754; x_wconf 87' lang='lat' dir='ltr'>litterarum</span> <span class='ocrx_word' id='word_1_705' title='bbox 726 4704 785 4755; x_wconf 90' lang='lat' dir='ltr'>et</span> <span class='ocrx_word' id='word_1_706' title='bbox 811 4700 1203 4760; x_wconf 87' lang='lat' dir='ltr'>litteratorum</span> <span class='ocrx_word' id='word_1_707' title='bbox 1234 4706 1596 4764; x_wconf 90' lang='lat' dir='ltr'>domicilium</span> <span class='ocrx_word' id='word_1_708' title='bbox 1644 4711 2010 4772; x_wconf 88' lang='lat' dir='ltr'>videbantur.</span> 
     </span>
    </p>
   </div>
   <div class='ocr_carea' id='block_1_97' title="bbox 368 4785 2015 4872">
    <p class='ocr_par' dir='ltr' id='par_1_97' title="bbox 368 4785 2015 4872">
     <span class='ocr_line' id='line_1_98' title="bbox 368 4785 2015 4872; baseline 0.012 -31"><span class='ocrx_word' id='word_1_709' title='bbox 368 4785 679 4844; x_wconf 82' lang='lat' dir='ltr'>Ratherius</span> <span class='ocrx_word' id='word_1_710' title='bbox 708 4787 767 4843; x_wconf 92' lang='lat' dir='ltr'>in</span> <span class='ocrx_word' id='word_1_711' title='bbox 790 4804 857 4845; x_wconf 90' lang='lat' dir='ltr'>ea</span> <span class='ocrx_word' id='word_1_712' title='bbox 881 4806 1077 4858; x_wconf 84' lang='lat' dir='ltr'>rerum</span> <span class='ocrx_word' id='word_1_713' title='bbox 1099 4792 1502 4867; x_wconf 86' lang='lat' dir='ltr'>inopia,quam</span> <span class='ocrx_word' id='word_1_714' title='bbox 1524 4797 2015 4872; x_wconf 89' lang='lat' dir='ltr'>indicavimus,ad</span> 
     </span>
    </p>
   </div>
   <div class='ocr_carea' id='block_1_98' title="bbox 365 4875 2017 4961">
    <p class='ocr_par' dir='ltr' id='par_1_98' title="bbox 365 4875 2017 4961">
     <span class='ocr_line' id='line_1_99' title="bbox 365 4875 2017 4961; baseline 0.012 -31"><span class='ocrx_word' id='word_1_715' title='bbox 365 4875 561 4949; x_wconf 90' lang='lat' dir='ltr'>ipsum</span> <span class='ocrx_word' id='word_1_716' title='bbox 594 4876 1051 4950; x_wconf 68' lang='lat' dir='ltr'>Prazloquiorum</span> <span class='ocrx_word' id='word_1_717' title='bbox 1077 4878 1256 4939; x_wconf 90' lang='lat' dir='ltr'>libros</span> <span class='ocrx_word' id='word_1_718' title='bbox 1280 4883 1490 4940; x_wconf 84' lang='lat' dir='ltr'>direxit</span> <span class='ocrx_word' id='word_1_719' title='bbox 1509 4902 1643 4942; x_wconf 90' lang='lat' dir='ltr'>cum</span> <span class='ocrx_word' id='word_1_720' title='bbox 1664 4890 1927 4961; x_wconf 89' lang='lat' dir='ltr'>epistola,</span> <span class='ocrx_word' id='word_1_721' title='bbox 1953 4899 2017 4949; x_wconf 92' lang='lat' dir='ltr'>ut</span> 
     </span>
    </p>
   </div>
   <div class='ocr_carea' id='block_1_99' title="bbox 366 4964 2016 5047">
    <p class='ocr_par' dir='ltr' id='par_1_99' title="bbox 366 4964 2016 5047">
     <span class='ocr_line' id='line_1_100' title="bbox 366 4964 2016 5047; baseline 0.011 -25"><span class='ocrx_word' id='word_1_722' title='bbox 366 4982 435 5022; x_wconf 83' lang='lat' dir='ltr'>ex</span> <span class='ocrx_word' id='word_1_723' title='bbox 463 4964 824 5043; x_wconf 89' lang='lat' dir='ltr'>illiscognito</span> <span class='ocrx_word' id='word_1_724' title='bbox 847 4969 1402 5044; x_wconf 87' lang='lat' dir='ltr'>auctore,siquidem</span> <span class='ocrx_word' id='word_1_725' title='bbox 1426 4975 1620 5047; x_wconf 90' lang='lat' dir='ltr'>ipsum</span> <span class='ocrx_word' id='word_1_726' title='bbox 1642 4995 1751 5034; x_wconf 88' lang='lat' dir='ltr'>suo</span> <span class='ocrx_word' id='word_1_727' title='bbox 1783 4982 2016 5039; x_wconf 91' lang='lat' dir='ltr'>servitio</span> 
     </span>
    </p>
   </div>
   <div class='ocr_carea' id='block_1_100' title="bbox 366 5054 2019 5134">
    <p class='ocr_par' dir='ltr' id='par_1_100' title="bbox 366 5054 2019 5134">
     <span class='ocr_line' id='line_1_101' title="bbox 366 5054 2019 5134; baseline 0.012 -25"><span class='ocrx_word' id='word_1_728' title='bbox 366 5071 483 5110; x_wconf 91' lang='lat' dir='ltr'>non</span> <span class='ocrx_word' id='word_1_729' title='bbox 511 5054 780 5112; x_wconf 89' lang='lat' dir='ltr'>inutilem</span> <span class='ocrx_word' id='word_1_730' title='bbox 826 5065 1188 5131; x_wconf 83' lang='lat' dir='ltr'>agnosceret,</span> <span class='ocrx_word' id='word_1_731' title='bbox 1238 5063 1308 5117; x_wconf 88' lang='lat' dir='ltr'>ad</span> <span class='ocrx_word' id='word_1_732' title='bbox 1342 5080 1404 5119; x_wconf 90' lang='lat' dir='ltr'>se</span> <span class='ocrx_word' id='word_1_733' title='bbox 1433 5072 1713 5134; x_wconf 87' lang='lat' dir='ltr'>evocaret,</span> <span class='ocrx_word' id='word_1_734' title='bbox 1763 5074 1820 5125; x_wconf 92' lang='lat' dir='ltr'>et</span> <span class='ocrx_word' id='word_1_735' title='bbox 1866 5071 2019 5129; x_wconf 90' lang='lat' dir='ltr'>inter</span> 
     </span>
    </p>
   </div>
   <div class='ocr_carea' id='block_1_101' title="bbox 365 5144 2013 5233">
    <p class='ocr_par' dir='ltr' id='par_1_101' title="bbox 365 5144 2013 5233">
     <span class='ocr_line' id='line_1_102' title="bbox 365 5144 2013 5233; baseline 0.013 -36"><span class='ocrx_word' id='word_1_736' title='bbox 365 5147 604 5233; x_wconf 75' lang='lat' dir='ltr'>caateros</span> <span class='ocrx_word' id='word_1_737' title='bbox 660 5144 860 5202; x_wconf 89' lang='lat' dir='ltr'>aleret.</span> <span class='ocrx_word' id='word_1_738' title='bbox 897 5169 925 5197; x_wconf 88' lang='lat'><strong>«</strong></span> <span class='ocrx_word' id='word_1_739' title='bbox 957 5147 1019 5203; x_wconf 90' lang='lat' dir='ltr'>Si</span> <span class='ocrx_word' id='word_1_740' title='bbox 1074 5148 1270 5224; x_wconf 86' lang='lat' dir='ltr'>itaque</span> <span class='ocrx_word' id='word_1_741' title='bbox 1326 5153 1515 5226; x_wconf 89' lang='lat' dir='ltr'>placet</span> <span class='ocrx_word' id='word_1_742' title='bbox 1568 5173 1738 5227; x_wconf 85' lang='lat' dir='ltr'>opus,</span> <span class='ocrx_word' id='word_1_743' title='bbox 1800 5160 2013 5233; x_wconf 89' lang='lat' dir='ltr'>inquit,</span> 
     </span>
    </p>
   </div>
   <div class='ocr_carea' id='block_1_102' title="bbox 364 5231 2013 5323">
    <p class='ocr_par' dir='ltr' id='par_1_102' title="bbox 364 5231 2013 5323">
     <span class='ocr_line' id='line_1_103' title="bbox 364 5231 2013 5323; baseline 0.012 -37"><span class='ocrx_word' id='word_1_744' title='bbox 364 5231 586 5323; x_wconf 83' lang='lat' dir='ltr'>placeat</span> <span class='ocrx_word' id='word_1_745' title='bbox 619 5237 675 5289; x_wconf 91' lang='lat' dir='ltr'>et</span> <span class='ocrx_word' id='word_1_746' title='bbox 705 5234 896 5306; x_wconf 91' lang='lat' dir='ltr'>operis</span> <span class='ocrx_word' id='word_1_747' title='bbox 928 5243 1230 5294; x_wconf 83' lang='lat' dir='ltr'>exsecutor</span> <span class='ocrx_word' id='word_1_748' title='bbox 1261 5241 1546 5311; x_wconf 89' lang='lat' dir='ltr'>servulus,</span> <span class='ocrx_word' id='word_1_749' title='bbox 1602 5262 1707 5302; x_wconf 91' lang='lat' dir='ltr'>nec</span> <span class='ocrx_word' id='word_1_750' title='bbox 1738 5231 2013 5323; x_wconf 82' lang='lat' dir='ltr'>dedigne-</span> 
     </span>
    </p>
   </div>
   <div class='ocr_carea' id='block_1_103' title="bbox 365 5320 2015 5397">
    <p class='ocr_par' dir='ltr' id='par_1_103' title="bbox 365 5320 2015 5397">
     <span class='ocr_line' id='line_1_104' title="bbox 365 5320 2015 5397; baseline 0.012 -22"><span class='ocrx_word' id='word_1_751' title='bbox 365 5320 513 5376; x_wconf 92' lang='lat' dir='ltr'>mini</span> <span class='ocrx_word' id='word_1_752' title='bbox 544 5338 856 5396; x_wconf 88' lang='lat' dir='ltr'>suggerere</span> <span class='ocrx_word' id='word_1_753' title='bbox 896 5324 1035 5397; x_wconf 87' lang='lat' dir='ltr'>quid</span> <span class='ocrx_word' id='word_1_754' title='bbox 1068 5326 1275 5384; x_wconf 84' lang='lat' dir='ltr'>valeat.</span> <span class='ocrx_word' id='word_1_755' title='bbox 1312 5331 1580 5388; x_wconf 88' lang='lat' dir='ltr'>Forsitan</span> <span class='ocrx_word' id='word_1_756' title='bbox 1629 5334 1780 5391; x_wconf 90' lang='lat' dir='ltr'>inter</span> <span class='ocrx_word' id='word_1_757' title='bbox 1831 5320 2015 5394; x_wconf 72' lang='lat' dir='ltr'>millia</span> 
     </span>
    </p>
   </div>
   <div class='ocr_carea' id='block_1_104' title="bbox 363 5410 2013 5483">
    <p class='ocr_par' dir='ltr' id='par_1_104' title="bbox 363 5410 2013 5483">
     <span class='ocr_line' id='line_1_105' title="bbox 363 5410 2013 5483; baseline 0.013 -20"><span class='ocrx_word' id='word_1_758' title='bbox 363 5410 833 5481; x_wconf 72' lang='lat' dir='ltr'>prazstantiorum</span> <span class='ocrx_word' id='word_1_759' title='bbox 866 5419 924 5470; x_wconf 90' lang='lat' dir='ltr'>et</span> <span class='ocrx_word' id='word_1_760' title='bbox 951 5414 1059 5473; x_wconf 85' lang='lat' dir='ltr'>iste</span> <span class='ocrx_word' id='word_1_761' title='bbox 1089 5434 1264 5473; x_wconf 89' lang='lat' dir='ltr'>suum</span> <span class='ocrx_word' id='word_1_762' title='bbox 1290 5420 1576 5479; x_wconf 89' lang='lat' dir='ltr'>obtinebit</span> <span class='ocrx_word' id='word_1_763' title='bbox 1600 5421 1815 5480; x_wconf 92' lang='lat' dir='ltr'>locum.</span> <span class='ocrx_word' id='word_1_764' title='bbox 1847 5427 2013 5483; x_wconf 88' lang='lat' dir='ltr'>Pote-</span> 
     </span>
    </p>
   </div>
   <div class='ocr_carea' id='block_1_105' title="bbox 365 5498 2010 5588">
    <p class='ocr_par' dir='ltr' id='par_1_105' title="bbox 365 5498 2010 5588">
     <span class='ocr_line' id='line_1_106' title="bbox 365 5498 2010 5588; baseline 0.012 -35"><span class='ocrx_word' id='word_1_765' title='bbox 365 5498 476 5588; x_wconf 85' lang='lat' dir='ltr'>stis</span> <span class='ocrx_word' id='word_1_766' title='bbox 498 5502 771 5567; x_wconf 86' lang='lat' dir='ltr'>autem,si</span> <span class='ocrx_word' id='word_1_767' title='bbox 800 5501 1243 5572; x_wconf 89' lang='lat' dir='ltr'>libet,eumdem</span> <span class='ocrx_word' id='word_1_768' title='bbox 1258 5510 1399 5565; x_wconf 87' lang='lat' dir='ltr'>ctad</span> <span class='ocrx_word' id='word_1_769' title='bbox 1418 5511 1720 5569; x_wconf 90' lang='lat' dir='ltr'>servitium</span> <span class='ocrx_word' id='word_1_770' title='bbox 1743 5514 2010 5588; x_wconf 89' lang='lat' dir='ltr'>adipisci:</span> 
     </span>
    </p>
   </div>
   <div class='ocr_carea' id='block_1_106' title="bbox 366 5586 2014 5677">
    <p class='ocr_par' dir='ltr' id='par_1_106' title="bbox 366 5586 2014 5677">
     <span class='ocr_line' id='line_1_107' title="bbox 366 5586 2014 5677; baseline 0.012 -34"><span class='ocrx_word' id='word_1_771' title='bbox 366 5586 569 5645; x_wconf 83' lang='lat' dir='ltr'>abesse</span> <span class='ocrx_word' id='word_1_772' title='bbox 597 5588 753 5647; x_wconf 89' lang='lat' dir='ltr'>enim</span> <span class='ocrx_word' id='word_1_773' title='bbox 778 5591 1066 5651; x_wconf 88' lang='lat' dir='ltr'>tenaciam</span> <span class='ocrx_word' id='word_1_774' title='bbox 1088 5598 1483 5656; x_wconf 88' lang='lat' dir='ltr'>remotissime</span> <span class='ocrx_word' id='word_1_775' title='bbox 1503 5601 1667 5660; x_wconf 86' lang='lat' dir='ltr'>vobis</span> <span class='ocrx_word' id='word_1_776' title='bbox 1697 5586 1914 5661; x_wconf 84' lang='lat' dir='ltr'>audivi.</span> <span class='ocrx_word' id='word_1_777' title='bbox 1989 5632 2014 5677; x_wconf 71' lang='grc' dir='ltr'><em>ς</em></span> 
     </span>
    </p>
   </div>
   <div class='ocr_carea' id='block_1_107' title="bbox 2128 4613 3777 4692">
    <p class='ocr_par' dir='ltr' id='par_1_107' title="bbox 2128 4613 3777 4692">
     <span class='ocr_line' id='line_1_108' title="bbox 2128 4613 3777 4692; baseline -0.012 -10"><span class='ocrx_word' id='word_1_778' title='bbox 2128 4626 2285 4682; x_wconf 90' lang='lat' dir='ltr'>tione</span> <span class='ocrx_word' id='word_1_779' title='bbox 2317 4622 2544 4679; x_wconf 88' lang='lat' dir='ltr'>decima</span> <span class='ocrx_word' id='word_1_780' title='bbox 2573 4636 2727 4677; x_wconf 90' lang='lat' dir='ltr'>anno</span> <span class='ocrx_word' id='word_1_781' title='bbox 2759 4618 2923 4692; x_wconf 87' lang='lat' dir='ltr'>regni</span> <span class='ocrx_word' id='word_1_782' title='bbox 2945 4618 3172 4673; x_wconf 89' lang='lat' dir='ltr'>Ottonis</span> <span class='ocrx_word' id='word_1_783' title='bbox 3206 4617 3359 4689; x_wconf 89' lang='lat' dir='ltr'>regis</span> <span class='ocrx_word' id='word_1_784' title='bbox 3387 4616 3447 4670; x_wconf 89' lang='lat' dir='ltr'>in</span> <span class='ocrx_word' id='word_1_785' title='bbox 3481 4613 3777 4680; x_wconf 80' lang='lat' dir='ltr'>Francia,»</span> 
     </span>
    </p>
   </div>
   <div class='ocr_carea' id='block_1_108' title="bbox 2121 4703 3781 4782">
    <p class='ocr_par' dir='ltr' id='par_1_108' title="bbox 2121 4703 3781 4782">
     <span class='ocr_line' id='line_1_109' title="bbox 2121 4703 3781 4782; baseline -0.008 -10"><span class='ocrx_word' id='word_1_786' title='bbox 2121 4714 2347 4772; x_wconf 89' lang='lat' dir='ltr'>scilicet</span> <span class='ocrx_word' id='word_1_787' title='bbox 2376 4710 2664 4775; x_wconf 88' lang='lat' dir='ltr'>orientali,</span> <span class='ocrx_word' id='word_1_788' title='bbox 2697 4725 2811 4782; x_wconf 92' lang='lat' dir='ltr'>quo</span> <span class='ocrx_word' id='word_1_789' title='bbox 2842 4707 3079 4764; x_wconf 90' lang='lat' dir='ltr'>nomine</span> <span class='ocrx_word' id='word_1_790' title='bbox 3110 4704 3425 4762; x_wconf 89' lang='lat' dir='ltr'>Germania</span> <span class='ocrx_word' id='word_1_791' title='bbox 3460 4703 3781 4760; x_wconf 84' lang='lat' dir='ltr'>vocabatur</span> 
     </span>
    </p>
   </div>
   <div class='ocr_carea' id='block_1_109' title="bbox 2125 4791 3778 4870">
    <p class='ocr_par' dir='ltr' id='par_1_109' title="bbox 2125 4791 3778 4870">
     <span class='ocr_line' id='line_1_110' title="bbox 2125 4791 3778 4870; baseline -0.008 -15"><span class='ocrx_word' id='word_1_792' title='bbox 2125 4803 2385 4859; x_wconf 80' lang='lat' dir='ltr'>«decimo</span> <span class='ocrx_word' id='word_1_793' title='bbox 2408 4804 2587 4867; x_wconf 80' lang='lat' dir='ltr'>sexto,</span> <span class='ocrx_word' id='word_1_794' title='bbox 2614 4799 2673 4854; x_wconf 92' lang='lat' dir='ltr'>in</span> <span class='ocrx_word' id='word_1_795' title='bbox 2698 4795 2864 4853; x_wconf 90' lang='lat' dir='ltr'>Italia</span> <span class='ocrx_word' id='word_1_796' title='bbox 2886 4796 3073 4870; x_wconf 89' lang='lat' dir='ltr'>primo</span> <span class='ocrx_word' id='word_1_797' title='bbox 3096 4791 3778 4868; x_wconf 80' lang='lat' dir='ltr'>(Annat.ltat.,an.95|).»</span> 
     </span>
    </p>
   </div>
   <div class='ocr_carea' id='block_1_110' title="bbox 2122 4880 3780 4959">
    <p class='ocr_par' dir='ltr' id='par_1_110' title="bbox 2122 4880 3780 4959">
     <span class='ocr_line' id='line_1_111' title="bbox 2122 4880 3780 4959; baseline -0.008 -10"><span class='ocrx_word' id='word_1_798' title='bbox 2122 4889 2398 4949; x_wconf 88' lang='lat' dir='ltr'>Anterius</span> <span class='ocrx_word' id='word_1_799' title='bbox 2427 4887 2692 4959; x_wconf 88' lang='lat' dir='ltr'>ejusdem</span> <span class='ocrx_word' id='word_1_800' title='bbox 2725 4885 2955 4942; x_wconf 89' lang='lat' dir='ltr'>Ottonis</span> <span class='ocrx_word' id='word_1_801' title='bbox 2986 4884 3135 4957; x_wconf 77' lang='lat' dir='ltr'>[Lxx]</span> <span class='ocrx_word' id='word_1_802' title='bbox 3167 4882 3428 4955; x_wconf 89' lang='lat' dir='ltr'>diploma</span> <span class='ocrx_word' id='word_1_803' title='bbox 3480 4881 3666 4953; x_wconf 67' lang='lat' dir='ltr'>Papia:</span> <span class='ocrx_word' id='word_1_804' title='bbox 3699 4880 3780 4937; x_wconf 87' lang='lat' dir='ltr'>si-</span> 
     </span>
    </p>
   </div>
   <div class='ocr_carea' id='block_1_111' title="bbox 2124 4964 3781 5056">
    <p class='ocr_par' dir='ltr' id='par_1_111' title="bbox 2124 4964 3781 5056">
     <span class='ocr_line' id='line_1_112' title="bbox 2124 4964 3781 5056; baseline -0.007 -20"><span class='ocrx_word' id='word_1_805' title='bbox 2124 4984 2371 5056; x_wconf 88' lang='lat' dir='ltr'>gnatum</span> <span class='ocrx_word' id='word_1_806' title='bbox 2400 4994 2479 5033; x_wconf 82' lang='lat' dir='ltr'>vn</span> <span class='ocrx_word' id='word_1_807' title='bbox 2510 4976 2649 5032; x_wconf 92' lang='lat' dir='ltr'>Idus</span> <span class='ocrx_word' id='word_1_808' title='bbox 2678 4972 2943 5031; x_wconf 90' lang='lat' dir='ltr'>Octobris</span> <span class='ocrx_word' id='word_1_809' title='bbox 2968 4973 3153 5029; x_wconf 89' lang='lat' dir='ltr'>edidit</span> <span class='ocrx_word' id='word_1_810' title='bbox 3177 4971 3497 5041; x_wconf 82' lang='lat' dir='ltr'>canonicus</span> <span class='ocrx_word' id='word_1_811' title='bbox 3541 4964 3616 5026; x_wconf 84' lang='lat' dir='ltr'>de</span> <span class='ocrx_word' id='word_1_812' title='bbox 3645 4968 3781 5025; x_wconf 90' lang='lat' dir='ltr'>Dio-</span> 
     </span>
    </p>
   </div>
   <div class='ocr_carea' id='block_1_112' title="bbox 2125 5058 3782 5144">
    <p class='ocr_par' dir='ltr' id='par_1_112' title="bbox 2125 5058 3782 5144">
     <span class='ocr_line' id='line_1_113' title="bbox 2125 5058 3782 5144; baseline -0.007 -19"><span class='ocrx_word' id='word_1_813' title='bbox 2125 5068 2334 5144; x_wconf 85' lang='lat' dir='ltr'>nysiis,</span> <span class='ocrx_word' id='word_1_814' title='bbox 2363 5067 2423 5122; x_wconf 91' lang='lat' dir='ltr'>in</span> <span class='ocrx_word' id='word_1_815' title='bbox 2453 5081 2569 5138; x_wconf 90' lang='lat' dir='ltr'>quo</span> <span class='ocrx_word' id='word_1_816' title='bbox 2600 5063 2792 5121; x_wconf 90' lang='lat' dir='ltr'>solum</span> <span class='ocrx_word' id='word_1_817' title='bbox 2824 5078 3015 5119; x_wconf 88' lang='lat' dir='ltr'>annus</span> <span class='ocrx_word' id='word_1_818' title='bbox 3042 5062 3152 5117; x_wconf 86' lang='lat'>952</span> <span class='ocrx_word' id='word_1_819' title='bbox 3194 5060 3472 5117; x_wconf 91' lang='lat' dir='ltr'>mendose</span> <span class='ocrx_word' id='word_1_820' title='bbox 3522 5058 3782 5130; x_wconf 85' lang='lat' dir='ltr'>scriptus</span> 
     </span>
    </p>
   </div>
   <div class='ocr_carea' id='block_1_113' title="bbox 2124 5146 3782 5230">
    <p class='ocr_par' dir='ltr' id='par_1_113' title="bbox 2124 5146 3782 5230">
     <span class='ocr_line' id='line_1_114' title="bbox 2124 5146 3782 5230; baseline -0.008 -14"><span class='ocrx_word' id='word_1_821' title='bbox 2124 5160 2236 5216; x_wconf 89' lang='lat' dir='ltr'>fuit</span> <span class='ocrx_word' id='word_1_822' title='bbox 2265 5173 2369 5230; x_wconf 90' lang='lat' dir='ltr'>pro</span> <span class='ocrx_word' id='word_1_823' title='bbox 2400 5172 2553 5213; x_wconf 90' lang='lat' dir='ltr'>anno</span> <span class='ocrx_word' id='word_1_824' title='bbox 2583 5155 2685 5213; x_wconf 85' lang='lat'>951</span> <span class='ocrx_word' id='word_1_825' title='bbox 2722 5154 2816 5225; x_wconf 93' lang='lat' dir='ltr'>(De</span> <span class='ocrx_word' id='word_1_826' title='bbox 2834 5152 3042 5209; x_wconf 86' lang='lat' dir='ltr'>duobus</span> <span class='ocrx_word' id='word_1_827' title='bbox 3070 5153 3237 5224; x_wconf 82' lang='lat' dir='ltr'>episc.</span> <span class='ocrx_word' id='word_1_828' title='bbox 3261 5166 3396 5223; x_wconf 90' lang='lat' dir='ltr'>pag.</span> <span class='ocrx_word' id='word_1_829' title='bbox 3433 5148 3576 5221; x_wconf 84' lang='lat'>121).</span> <span class='ocrx_word' id='word_1_830' title='bbox 3601 5146 3782 5204; x_wconf 83' lang='lat' dir='ltr'>«Dato</span> 
     </span>
    </p>
   </div>
   <div class='ocr_carea' id='block_1_114' title="bbox 2125 5236 3783 5321">
    <p class='ocr_par' dir='ltr' id='par_1_114' title="bbox 2125 5236 3783 5321">
     <span class='ocr_line' id='line_1_115' title="bbox 2125 5236 3783 5321; baseline -0.008 -17"><span class='ocrx_word' id='word_1_831' title='bbox 2125 5247 2375 5321; x_wconf 90' lang='lat' dir='ltr'>septimo</span> <span class='ocrx_word' id='word_1_832' title='bbox 2407 5246 2545 5302; x_wconf 90' lang='lat' dir='ltr'>Idus</span> <span class='ocrx_word' id='word_1_833' title='bbox 2576 5241 2842 5300; x_wconf 92' lang='lat' dir='ltr'>Octobris</span> <span class='ocrx_word' id='word_1_834' title='bbox 2872 5257 3025 5298; x_wconf 90' lang='lat' dir='ltr'>anno</span> <span class='ocrx_word' id='word_1_835' title='bbox 3080 5237 3506 5296; x_wconf 88' lang='lat' dir='ltr'>Incarnationis</span> <span class='ocrx_word' id='word_1_836' title='bbox 3550 5236 3783 5294; x_wconf 90' lang='lat' dir='ltr'>Domini</span> 
     </span>
    </p>
   </div>
   <div class='ocr_carea' id='block_1_115' title="bbox 2122 5322 3784 5399">
    <p class='ocr_par' dir='ltr' id='par_1_115' title="bbox 2122 5322 3784 5399">
     <span class='ocr_line' id='line_1_116' title="bbox 2122 5322 3784 5399; baseline -0.008 -5"><span class='ocrx_word' id='word_1_837' title='bbox 2122 5336 2315 5394; x_wconf 90' lang='lat' dir='ltr'>Nostri</span> <span class='ocrx_word' id='word_1_838' title='bbox 2349 5335 2491 5392; x_wconf 86' lang='lat' dir='ltr'>Jesu</span> <span class='ocrx_word' id='word_1_839' title='bbox 2520 5330 2733 5390; x_wconf 86' lang='lat' dir='ltr'>Christi</span> <span class='ocrx_word' id='word_1_840' title='bbox 2761 5328 2889 5397; x_wconf 87' lang='lat'>952,</span> <span class='ocrx_word' id='word_1_841' title='bbox 2920 5329 3240 5385; x_wconf 89' lang='lat' dir='ltr'>indictione</span> <span class='ocrx_word' id='word_1_842' title='bbox 3290 5329 3378 5396; x_wconf 88' lang='lat'>10,</span> <span class='ocrx_word' id='word_1_843' title='bbox 3411 5344 3566 5385; x_wconf 89' lang='lat' dir='ltr'>anno</span> <span class='ocrx_word' id='word_1_844' title='bbox 3616 5322 3784 5399; x_wconf 84' lang='lat' dir='ltr'>regni</span> 
     </span>
    </p>
   </div>
   <div class='ocr_carea' id='block_1_116' title="bbox 2123 5415 3784 5496">
    <p class='ocr_par' dir='ltr' id='par_1_116' title="bbox 2123 5415 3784 5496">
     <span class='ocr_line' id='line_1_117' title="bbox 2123 5415 3784 5496; baseline -0.007 -14"><span class='ocrx_word' id='word_1_845' title='bbox 2123 5423 2350 5482; x_wconf 88' lang='lat' dir='ltr'>Ottonis</span> <span class='ocrx_word' id='word_1_846' title='bbox 2382 5422 2535 5496; x_wconf 91' lang='lat' dir='ltr'>regis</span> <span class='ocrx_word' id='word_1_847' title='bbox 2564 5419 2625 5476; x_wconf 92' lang='lat' dir='ltr'>in</span> <span class='ocrx_word' id='word_1_848' title='bbox 2670 5418 2914 5476; x_wconf 88' lang='lat' dir='ltr'>Francia</span> <span class='ocrx_word' id='word_1_849' title='bbox 2968 5419 3055 5484; x_wconf 88' lang='grc'><strong>16,</strong></span> <span class='ocrx_word' id='word_1_850' title='bbox 3088 5417 3147 5472; x_wconf 89' lang='lat' dir='ltr'>in</span> <span class='ocrx_word' id='word_1_851' title='bbox 3197 5416 3366 5473; x_wconf 88' lang='lat' dir='ltr'>Italia</span> <span class='ocrx_word' id='word_1_852' title='bbox 3416 5418 3469 5474; x_wconf 92' lang='lat'>1.</span> <span class='ocrx_word' id='word_1_853' title='bbox 3505 5438 3533 5467; x_wconf 83' lang='lat'>»</span> <span class='ocrx_word' id='word_1_854' title='bbox 3564 5415 3784 5472; x_wconf 90' lang='lat' dir='ltr'>Omnes</span> 
     </span>
    </p>
   </div>
   <div class='ocr_carea' id='block_1_117' title="bbox 2121 5504 3782 5580">
    <p class='ocr_par' dir='ltr' id='par_1_117' title="bbox 2121 5504 3782 5580">
     <span class='ocr_line' id='line_1_118' title="bbox 2121 5504 3782 5580; baseline -0.005 -9"><span class='ocrx_word' id='word_1_855' title='bbox 2121 5514 2485 5572; x_wconf 89' lang='lat' dir='ltr'>characteres</span> <span class='ocrx_word' id='word_1_856' title='bbox 2516 5526 2650 5566; x_wconf 90' lang='lat' dir='ltr'>cum</span> <span class='ocrx_word' id='word_1_857' title='bbox 2681 5507 2912 5564; x_wconf 90' lang='lat' dir='ltr'>duobus</span> <span class='ocrx_word' id='word_1_858' title='bbox 2949 5507 3411 5580; x_wconf 70' lang='lat' dir='ltr'>praacedentibus</span> <span class='ocrx_word' id='word_1_859' title='bbox 3459 5504 3782 5579; x_wconf 87' lang='lat' dir='ltr'>privilegiis</span> 
     </span>
    </p>
   </div>
   <div class='ocr_carea' id='block_1_118' title="bbox 2119 5596 3782 5678">
    <p class='ocr_par' dir='ltr' id='par_1_118' title="bbox 2119 5596 3782 5678">
     <span class='ocr_line' id='line_1_119' title="bbox 2119 5596 3782 5678; baseline -0.005 -18"><span class='ocrx_word' id='word_1_860' title='bbox 2119 5602 2295 5678; x_wconf 86' lang='lat' dir='ltr'>plane</span> <span class='ocrx_word' id='word_1_861' title='bbox 2327 5600 2701 5660; x_wconf 88' lang='lat' dir='ltr'>concinentes</span> <span class='ocrx_word' id='word_1_862' title='bbox 2727 5597 2867 5655; x_wconf 89' lang='lat' dir='ltr'>anni</span> <span class='ocrx_word' id='word_1_863' title='bbox 2885 5612 3143 5656; x_wconf 87' lang='lat' dir='ltr'>errorem</span> <span class='ocrx_word' id='word_1_864' title='bbox 3164 5597 3590 5655; x_wconf 88' lang='lat' dir='ltr'>demonstrant.</span> <span class='ocrx_word' id='word_1_865' title='bbox 3612 5596 3782 5651; x_wconf 86' lang='lat' dir='ltr'>Anno</span> 
     </span>
    </p>
   </div>
  </div>
