4100 6200
393 335 468 395 71
1354 327 1803 393 RATHERIUS
1849 325 2347 393 VERONENSIS
2389 326 2844 392 EPISCOPUS.
3028 364 3031 367 λ
3720 326 3806 387 ε’ΤΞ

376 469 527 541 .ipso
554 481 689 540 rege
714 464 964 523 subinde
987 461 1352 529 conciliatus,
1377 466 1577 518 contra
1606 462 1910 536 Hungaros
1939 477 2047 534 pu-
2076 462 2129 531 Α
2162 461 2353 517 dicata
2375 461 2436 517 in
2469 461 2745 518 Phrenesi
2781 476 2945 518 num.
2979 460 3047 516 16
3076 459 3228 533 (eam
3252 458 3484 516 ibidem
3523 459 3810 533 sXplieare

365 552 615 631 «gnabat
655 572 857 611 mense
913 556 1175 626 Augusto
1225 551 1362 607 anni
1411 553 1518 609 955
1557 553 1856 621 (Necrolog.
1888 550 2044 606 Fuld.

368 648 553 719 .apud
586 644 836 702 Leibnit.
859 648 902 699 t.
926 644 995 698 V.
1018 648 1220 698 Rerum
1252 641 1558 714 Brunsvic.)
1590 642 1735 696 Hinc
1764 639 1865 696 ubi
1895 638 2048 711 [Έςὶ-

395 737 531 792 dius
552 736 911 790 memoratus
930 732 1341 787 Leodicensem
1362 729 1622 786 Rathcrii
1643 729 2046 801 episcopatum

374 848 424 875 -‹‹
448 825 567 881 fere
589 823 778 879 tribus
801 821 1018 877 annis»
1045 825 1239 877 actum
1263 818 1712 887 scribit,melius
1732 817 2044 891 legendum

398 936 429 965 ‹‹
459 913 580 969 fere
609 912 838 968 duobus
868 910 1057 975 annis,
1084 909 1257 966 sicuti
1298 908 1478 965 ferme
1515 905 1819 964 biennium
1843 927 1871 955 »
1905 904 2047 977 legi-

393 1006 495 1057 tur
509 1001 663 1074 apud
686 999 1055 1067 Fulcuinum,
1082 1002 1148 1053 ut
1174 1016 1243 1055 ex
1261 1002 1625 1070 textu,quem
1648 995 1814 1051 initio
1836 993 2045 1050 decimi

396 1090 549 1146 tertii
606 1087 956 1161 paragraphi
1014 1086 1454 1158 explicabimus,
1498 1084 1693 1157 palam
1750 1085 1868 1139 ﬁet.
1930 1083 2048 1138 Hoc

368 1200 421 1231 ·‹‹
446 1180 636 1235 'ferme
673 1177 976 1233 biennium
1012 1198 1039 1224 »
1072 1175 1442 1247 episc0patus
1483 1171 1761 1238 Ratberii,
1786 1172 1938 1244 quod
1972 1172 2045 1227 ab

388 1270 521 1340 ejus
541 1267 904 1340 promotione
925 1263 1018 1319 die
1035 1267 1100 1320 2t
1132 1262 1495 1336 Septembris
1521 1260 1660 1317 anni
1681 1261 1788 1316 953
1810 1260 2044 1317 initium

368 1356 594 1422 -sumit,
608 1354 785 1427 exigit
800 1358 866 1409 ut
884 1353 1078 1426 ipsum
1097 1351 1404 1424 expulsum
1427 1349 1694 1406 dicamus
1713 1367 1827 1406 non
1844 1349 2043 1405 statim

374 1449 524 1518 Ipost
538 1447 796 1500 exortam
814 1440 1186 1497 rebellionem
1208 1440 1297 1496 die
1313 1441 1385 1495 25
1409 1439 1740 1496 Decembris
1757 1437 1894 1494 anni
1915 1436 2041 1506 954,

370 1535 494 1590 -sed
512 1534 736 1606 aliquot
758 1548 989 1588 menses
1010 1534 1159 1603 post.
1176 1530 1300 1585 Non
1322 1546 1509 1602 pauca
1527 1528 1683 1584 enim
1707 1530 1838 1600 post
1859 1526 2041 1582 rebel-

390 1624 564 1680 lionis
607 1622 839 1677 initium
885 1624 1047 1693 gesta
1100 1621 1499 1689 intercessere,
1546 1621 1861 1689 antequam
1914 1617 2042 1688 ejus

389 1712 651 1785 expulsio
700 1716 757 1767 et
807 1709 1053 1764 Baldriei
1086 1708 1376 1764 ordinatio
1422 1707 1604 1762 ﬁeret.
1635 1705 1792 1760 Nihil
1840 1705 2041 1777 perﬁci

388 1804 612 1876 poterat
641 1797 1084 1857 sine-Brunonis
1129 1814 1395 1864 assensu,
1422 1796 1521 1868 qui
1554 1813 1665 1850 non
1695 1795 1885 1850 solum
1917 1797 2042 1849 erat

387 1888 860 1962 archiepiscopus
880 1884 1352 1952 Coloniensis,ad
1381 1901 1554 1956 quem
1582 1882 1712 1938 novi
1731 1883 2037 1938 Leodicen-

387 1980 471 2035 sis
501 1976 757 2049 episcOpi
797 1975 1087 2032 ordinatio
1134 1974 1453 2047 spectabat,
1485 1989 1683 2028 verum
1717 1970 1891 2027 etiam
1923 1972 2035 2027 Lo-

376 2065 695 2138 tharingia'.
712 2066 832 2120 dux
862 2068 1042 2119 totam
1074 2078 1204 2119 eam
1238 2061 1531 2134 regionem
1563 2061 2032 2117 administrabat.

376 2156 490 2211 'Hic
520 2157 714 2211 autem
763 2170 1016 2226 magnus
1044 2152 1301 2208 Ratherii
1334 2154 1616 2225 patronus
1663 2150 1820 2205 haud
1869 2148 2037 2206 facile

384 2242 681 2300 seditiosis
710 2243 904 2299 cessit.
937 2242 1041 2297 Illa
1071 2240 1363 2305 Fulcuini,
1385 2262 1412 2289 ‹‹
1439 2238 1586 2305 Quid
1618 2237 1841 2294 multa?
1871 2238 2036 2294 Erra-

383 2318 513 2390 tum
544 2333 803 2406 [Lxxxm]
841 2336 948 2401 est,
981 2330 1246 2386 saevitum
1298 2332 1406 2396 est,
1442 2345 1548 2384 nec
1597 2344 1890 2384 CESSA'PUM
1922 2331 2031 2398 est,

383 2424 567 2479 donec
596 2420 935 2494 expulsione
979 2421 1108 2492 ejus
1138 2417 1465 2475 crudelitati
1497 2436 1615 2474 suae
1663 2422 1722 2473 et
1765 2417 2033 2490 nequitize

373 2511 853 2581 satisfacerent,»
877 2509 1112 2581 aliquod
1137 2526 1252 2565 non
1284 2509 1453 2564 breve
1477 2511 1709 2579 tempus
1732 2508 1790 2562 in
1809 2505 1919 2562 hac
1942 2522 2032 2562 se-

381 2601 603 2658 ditione
633 2602 900 2656 exactum
934 2598 1215 2663 indicant,
1242 2596 1588 2669 priusquam
1618 2597 1812 2652 Bruno
1837 2596 1910 2651 ad
1942 2611 2032 2651 ce-

378 2690 639 2747 dendUm
669 2689 1061 2744 induceretur.
1086 2687 1211 2742 Duo
1242 2685 1324 2740 illi
1347 2685 1589 2741 comites
1613 2685 1945 2756 Regenerus
1975 2687 2035 2739 et

383 2777 741 2833 Ruodvoltus
772 2776 830 2830 in
862 2793 927 2831 ea
954 2775 1187 2847 regione
1213 2776 1618 2846 praepotentes,
1643 2789 1893 2844 quorum
1929 2788 2032 2828 ne-

382 2882 489 2939 pos
517 2869 643 2921 erat
668 2862 1112 2934 'Baldricus,pro
1143 2863 1348 2917 Ottone
1375 2877 1508 2934 rege
1540 2861 1826 2917 Brunonis
1859 2861 2033 2917 fratre

380 2956 661 3010 adversus
695 2953 904 3008 ducem
935 2951 1263 3007 Conradum
1315 2952 1613 3005 steterant.
1641 2949 1705 3004 In
1737 2965 1805 3005 ea
1832 2953 2033 3005 contra

382 3041 724 3099 Ratherium
750 3040 1182 3113 conspiratione
1207 3039 1279 3094 al:
1306 3037 1397 3093 his
1418 3037 1740 3111 praesertim
1770 3039 2030 3093 saevitum

2157 551 2497 608 studuimus
2525 551 2680 608 notis
2701 552 2772 606 50
2790 555 2847 607 et
2865 552 2979 623 51),
3006 554 3141 606 ante
3163 546 3351 623 ipsam
3374 550 3502 623 ejus
3525 549 3810 623 expulsio-

2158 657 2293 697 nem
2324 641 2488 696 illata
2536 642 2665 707 fuit,
2696 646 2758 696 ut
2790 639 3153 723 probabilius
3202 640 3460 707 videtur;
3502 639 3626 694 haec
3678 657 3811 713 pro-

2156 730 2304 785 fecto
2334 730 2592 786 Ratherii
2623 729 2906 803 expulsio,
2930 729 3104 785 sicuti
3153 733 3211 785 et
3258 728 3461 785 electio
3512 732 3689 801 atque
3718 746 3812 785 or-

2155 819 2377 875 dinatio
2408 818 2682 887 Baldrici,
2712 818 3031 890 rejicienda
3060 819 3170 873 erit
3214 819 3348 890 post
3384 817 3626 887 Pascha,
3652 819 3813 890 quod

2155 924 2221 963 eo
2254 924 2408 964 anno
2438 907 2499 962 in
2530 907 2685 963 diem
2708 906 2994 963 decimam
3017 906 3284 979 quintam
3306 904 3521 978 Aprilis
3541 905 3809 963 incurrit.

2156 1001 2337 1052 Erunt
2360 996 2626 1053 fortassis
2648 995 2749 1068 qui
2779 999 3079 1068 opponent
3095 996 3422 1051 Conradum
3446 995 3809 1069 ducem,quo

2158 1091 2364 1160 agente
2381 1090 2581 1143 contra
2593 1084 3192 1141 Ottonem-Ratherius
3214 1083 3493 1157 expulsus
3512 1084 3641 1152 fuit,
3656 1085 3811 1155 jam-

2156 1176 2255 1232 diu
2275 1179 2407 1231 ante
2430 1176 2538 1230 hoc
2558 1180 2792 1248 tempus
2813 1173 3189 1230 conciliatum
3208 1172 3389 1230 fuisse
3403 1186 3535 1230 cum
3559 1173 3809 1247 [LXXXIV]

2144 1280 2310 1337 "rege.
2336 1264 2494 1320 Hanc
2522 1264 2679 1320 enim
2718 1263 2914 1343 lipsius
2962 1262 3495 1320 reconciliationem
3530 1260 3808 1336 plerique

2155 1355 2522 1427 conjungunt
2551 1371 2685 1409 cum
2719 1353 2837 1422 illa,
2872 1370 2989 1425 qua
3017 1351 3314 1408 Liutulfus
3364 1351 3518 1425 regis
3562 1352 3810 1419 filius,‘-'a

2153 1444 2415 1499 Conrado
2445 1447 2646 1499 contra
2674 1447 2898 1515 patrem
2929 1442 3208 1497 incitatus
3237 1445 3295 1497 et
3321 1440 3610 1507 infensus,
3633 1441 3690 1496 in
3715 1441 3806 1515 ip-

2154 1532 2277 1588 sius
2309 1532 2556 1605 gratiam
2590 1531 2760 1588 rediit
2789 1531 2883 1585 die
2920 1532 2981 1585 17
3003 1528 3339 1585 Decembris
3370 1546 3464 1585 an.
3497 1529 3805 1586 95411)ῃὶ-

2132 1625 2357 1677 tuntur
2392 1620 2728 1678 testimonio
2766 1618 3136 1689 Witichindi,
3162 1617 3263 1691 qui
3306 1617 3656 1674 libro‘tertio
3687 1626 3805 1676 uno

2151 1713 2421 1765 contextu
2451 1710 2634 1780 ﬁlium
2666 1706 2990 1763 Liutulfum
3020 1712 3076 1763 et
3095 1707 3427 1763 Conradum
3447 1723 3712 1777 generum
3729 1706 3805 1764 ab

2151 1798 2360 1854 Otton’e
2381 1798 2442 1853 in
2465 1796 2712 1871 gratiam
2736 1802 3040 1869 susceptos
3059 1800 3329 1852 testatur.
3352 1798 3425 1853 Act
3445 1796 3690 1853 Conradi
3714 1804 3804 1853 re-

2148 1887 2609 1943 conciliationem
2642 1889 2775 1959 post
2801 1885 2962 1941 illam
2986 1885 3224 1940 Liutulﬁ
3254 1883 3462 1942 initam
3496 1885 3678 1942 fuisse
3700 1900 3803 1941 no-

2145 1976 2237 2033 bis
2259 1976 2654 2032 certissimum
2675 1980 2785 2031 est.
2808 1975 3015 2031 Pacem
3039 1991 3173 2032 cum
3196 1974 3316 2030 ﬁlio
3340 1975 3560 2031 factum
3578 1982 3801 2031 meme»

2137 2070 2269 2121 rato
2300 2065 2393 2121 die
2424 2066 2492 2120 17
2513 2064 2849 2122 Decembris
2879 2063 3017 2120 anni
3046 2063 3373 2139 954,1iquet
3400 2081 3471 2121 ex
3499 2064 3801 2121 notatione

2144 2153 2437 2210 Guillelmi
2462 2153 2886 2227 archiepiscopi
2911 2153 3535 2227 MoguntiniChronico
3548 2152 3798 2209 Marian’i

2142 2244 2296 2301 Secti
2330 2244 2569 2300 inserta.
2593 2245 2701 2308 Qui
2729 2248 2925 2300 autem
2954 2243 3075 2298 fieri
3108 2242 3317 2315 potuit,
3342 2247 3407 2298 ut
3425 2244 3797 2315 eodem-quo-

2145 2350 2256 2405 que
2290 2333 2382 2389 die
2412 2333 2715 2389 Conradus
2749 2349 2883 2388 cum
2925 2348 3058 2405 rege
3098 2348 3302 2404 pacem
3340 2331 3553 2402 inierit,
3578 2331 3630 2388 si
3654 2330 3795 2388 Ful-

2145 2421 2316 2477 cuino
2349 2425 2495 2478 teste
2525 2420 2760 2477 rebellio
2800 2421 2859 2477 in
2902 2420 3247 2477 Ratherium
3279 2421 3571 2494 posterius
3596 2424 3800 2478 exorta

2143 2510 2254 2566 fuit
2282 2511 2374 2567 die
2404 2510 2593 2567 Natali
2644 2510 2783 2566 anni
2827 2510 3124 2582 ejusdem;
3166 2516 3224 2566 et
3274 2510 3572 2584 aliquanto
3614 2511 3798 2568 etiam

2143 2604 2275 2672 post
2301 2599 2398 2656 ille
2426 2615 2457 2655 e
2489 2598 2830 2656 Leodicensi
2861 2599 2998 2655 sede
3029 2598 3140 2654 fuit
3169 2596 3796 2671 expulsus,dum‘Gon-

2140 2690 2321 2745 radus
2340 2690 2490 2758 edux,
2515 2689 2641 2761 ipso
2672 2692 2926 2746 testante
2948 2687 3245 2755 Ratherio,
3269 2687 3461 2745 adhuc
3484 2692 3686 2745 contra
3707 2705 3798 2746 re-

2097 2807 2103 2814 -
2143 2794 2274 2850 gem
2295 2778 2545 2852 agebat?
2565 2777 2762 2834 Palam
2787 2776 2968 2850 igitur
2988 2777 3055 2832 ﬁt
3077 2776 3411 2832 Conradum
3437 2781 3569 2849 post
3589 2774 3800 2835 initam

2142 2865 2380 2922 Liutulfi
2433 2882 2635 2938 pacem
2669 2883 2804 2921 cum
2836 2870 2998 2938 patre
3026 2864 3120 2920 die
3152 2866 3216 2920 17
3258 2864 3593 2922 Decembris
3643 2880 3798 2923 anno

2139 2955 2265 3021 954,
2290 2954 2569 3011 adversus
2599 2970 2796 3028 regem
2840 2953 3183 3026 aliquandiu
3215 2953 3471 3023 stetisse,
3499 2959 3557 3010 et
3601 2953 3796 3011 solum

2141 3048 2342 3119 postea
2373 3058 2526 3099 anno
2545 3044 2652 3099 955
2675 3042 2847 3116 paulo
2868 3045 3001 3098 ante
3027 3058 3288 3116 pugnam
3312 3059 3413 3115 pro
3434 3043 3638 3100 eadem
3659 3046 3797 3118 rege

380 3131 511 3198 ἷυὶιι
537 3154 563 3183 τι
596 3148 705 3187 nec
742 3134 1057 3195 cessatum,
1086 3151 1113 3178 »
1145 3128 1329 3184 donec
1381 3126 1671 3185 Brunonis
1719 3143 2030 3184 assensum
2078 3204 2089 3205 π
2143 3133 2214 3188 ab
2247 3149 2312 3188 eo
2344 3137 2679 3203 susceptam
2710 3136 2910 3188 contra
2937 3122 3268 3205 Hungaro's,
3290 3148 3424 3188 cum
3455 3132 3582 3205 ipso
3605 3128 3796 3189 fuisse

377 3220 1261 3294 extorquerent.«Tempestates
1284 3215 1541 3289 undique
1562 3216 1881 3271 innumerae
1903 3233 2034 3272 con-
2063 3204 2106 3271 C
2140 3221 2537 3279 conciliatum.
2563 3221 2708 3277 Hinc
2734 3238 2877 3278 sane
2908 3220 3226 3277 Fulcuinus
3259 3236 3386 3294 cap.
3538 3220 3794 3277 narratis

380 3311 691 3377 fluxerunt,
711 3331 738 3360 α
754 3307 833 3364 ait
862 3307 988 3363 loco
1008 3307 1211 3362 eodem
1236 3306 1575 3374 Fulcuinus,
1594 3327 1621 3353 »
1637 3305 1803 3361 navis
1832 3305 2030 3363 Eccle-

379 3401 477 3456 sia:
503 3398 800 3456 laborante
818 3397 1039 3469 remige
1058 3393 1741 3467 ﬂuctuavit,gubernator
1757 3395 1882 3467 ipse
1905 3413 2030 3468 pro-

378 3489 600 3546 cellosis
624 3486 990 3560 tempestatis
1011 3485 1295 3558 impetum
1317 3484 1463 3540 ferre
1491 3498 1606 3539 non
1628 3483 2030 3555 potuit.Cessit

378 3578 732 3652 igitur,
766 3576 942 3633 cessit
986 3574 1420 3631 adversantium
1470 3572 1776 3641 voluntati,
1809 3579 1874 3629 ut
1919 3590 2026 3630 suo

375 3683 474 3725 eos
504 3666 697 3741 gladio
730 3665 1048 3740 jugularet.
1078 3663 1201 3720 Sibi
1233 3662 1491 3720 obstricti
1524 3666 1664 3718 sunt
1692 3679 2026 3719 sacramen-

372 3761 569 3813 torum
599 3756 712 3811 {ide
734 3753 1058 3827 spontanei,
1080 3756 1145 3808 ut
1166 3752 1213 3808 si
1238 3752 1500 3824 accipere
1521 3757 1888 3810 mererentur
1907 3754 2024 3826 epi-

373 3859 617 3916 scopum
665 3858 841 3914 quem
889 3842 1180 3913 petebant,
1232 3841 1448 3896 invicta
1496 3841 1702 3896 exinde
1750 3841 2025 3898 firmitate

371 3930 777 3988 auctoritatem
807 3928 1074 3985 Ecclesia:
1105 3932 1161 3984 et
1181 3930 1284 4000 jus
1314 3929 1755 4001 imperatorium
1787 3933 2021 3985 tueren-

370 4025 524 4077 tur.»
547 4019 811 4075 Metuens
842 4017 1121 4073 nimirum
1142 4019 1353 4089 Bruno,
1379 4034 1452 4073 ne
1481 4018 1528 4071 si
1560 4017 1782 4074 diutius
1807 4034 1874 4073 ac
1906 4018 2019 4075 for-

369 4110 488 4166 tius
518 4107 835 4173 resisteret,
862 4108 978 4163 duo
1008 4106 1093 4161 illi
1125 4106 1368 4163 comites
1398 4124 1431 4162 a
1462 4123 1594 4179 rege
1623 4108 1934 4163 deficerent
1963 4113 2021 4165 et

367 4197 688 4254 transirent
730 4196 803 4251 ad
834 4195 1191 4263 Conradum,
1218 4219 1245 4248 ‹‹
1280 4196 1380 4268 qui
1417 4200 1558 4251 tunc
1588 4200 1792 4252 contra
1820 4213 2016 4270 regem

367 4287 575 4361 agebat
605 4286 885 4357 (Phrones.
916 4303 972 4340 n.
1009 4285 1082 4357 1),
1111 4308 1138 4335 ››
1160 4284 1278 4341 illis
1304 4286 1689 4357 jurejurando
1720 4283 2013 4359 obligatis,

367 4376 710 4434 Ratherium
734 4375 971 4431 tandem
996 4373 1433 4441 dimittendum,
1461 4372 1795 4430 Baldricum
1823 4375 2015 4447 junio-

363 4484 485 4524 rem
507 4464 970 4523 consecrandum
1004 4463 1249 4521 censuit.
1275 4464 1357 4520 Ad
1390 4463 1511 4519 hac
1542 4464 1806 4536 producti
1838 4481 2010 4521 cano-

2141 3313 2549 3385 ilungarorum
2583 3311 2763 3385 gestis
2794 3310 2931 3366 anni
2960 3310 3087 3378 954,
3121 3309 3492 3384 expositurus
3522 3308 3792 3382 praelium

2137 3401 2275 3457 anni
2306 3402 2432 3468 955,
2448 3400 2602 3474 quod
2626 3399 2727 3456 illa
2748 3417 2891 3474 gens
2912 3422 2939 3449 ‹‹
2965 3400 3226 3466 seducta,
3252 3400 3446 3467 credo,
3470 3398 3794 3473 superioris

2137 3490 2274 3545 anni
2304 3505 2577 3546 successu
2606 3512 2633 3541 ››
2660 3490 2918 3561 suscepit
2972 3493 3029 3545 et
3074 3488 3359 3557 Conrado,
3411 3505 3513 3545 seu
3557 3488 3793 3545 Contine

2136 3583 2373 3636 strenue
2402 3578 2719 3635 dimicante
2746 3578 2968 3635 devicta
2998 3578 3136 3647 fuit;
3167 3597 3190 3627 ι
3213 3578 3428 3634 Aderat
3456 3577 3538 3634 ibi
3562 3579 3790 3645 Cancri,

2134 3667 2345 3741 inquit,
2379 3683 2493 3724 non
2513 3669 2640 3739 jam
2670 3668 2808 3733 dux,
2841 3668 2942 3723 sed
2977 3667 3168 3738 miles,
3202 3671 3323 3723 toto
3369 3672 3433 3722 ut
3471 3667 3795 3741 putabatur

2133 3758 2330 3814 animo
2361 3774 2674 3815 conversus
2707 3758 2779 3813 ad
2825 3773 3052 3829 pacem,
3077 3772 3253 3829 quam
3294 3756 3469 3829 paulo
3500 3759 3634 3812 ante
3664 3757 3791 3829 (no-

2128 3851 2327 3904 tentur
2370 3864 2541 3904 voces
2598 3848 2768 3917 paulo
2822 3847 2971 3919 ante)
3005 3845 3277 3902 atrociter
3323 3845 3789 3919 impugnabat.»

2129 3937 2320 3993 Solius
2348 3937 2585 4009 quidem
2611 3934 2849 3991 Liutulfi
2880 3950 3085 4008 pacem
3118 3934 3324 3990 initam
3349 3933 3443 3990 die
3465 3935 3531 3988 17
3553 3933 3807 4015 Decem;

2129 4025 2252 4082 bris
2285 4042 2376 4081 an.
2402 4025 2510 4079 954
2533 4029 2863 4080 memorant
2881 4028 3008 4079 tum
3034 4022 3384 4080 Guillelmus
3406 4022 3788 4095 Moguntinus

2128 4113 2187 4168 in
2220 4113 2512 4169 notatione
2543 4111 2798 4180 laudata,
2827 4115 2952 4168 tum
2974 4112 3267 4169 Gerardus
3287 4111 3347 4167 in
3370 4111 3503 4166 Vita
3520 4108 3580 4166 S.
3606 4108 3783 4166 Udal-

2127 4203 2230 4259 rici
2262 4200 2520 4275 episcopi
2548 4200 2897 4274 Augustani,
2931 4200 3031 4273 qui
3074 4202 3202 4273 ejus
3247 4200 3406 4273 pacis
3437 4198 3783 4256 conciliator

2124 4291 2254 4347 fuit.
2288 4291 2347 4348 Si
2397 4294 2592 4346 autem
2624 4289 3016 4346 reconciliatio
3046 4288 3292 4345 Conradi
3323 4288 3383 4345 in
3420 4304 3643 4344 annum
3669 4285 3779 4344 955

2123 4380 2441 4451 rejicienda
2485 4385 2593 4448 est,
2618 4378 2763 4435 nihil
2818 4379 3063 4452 impedit
3091 4379 3234 4451 quin
3284 4379 3440 4434 idem
3467 4377 3776 4434 Gonraduﬁ

2120 4486 2273 4525 anno
2303 4469 2505 4525 eodem
2532 4468 2833 4541 aliquanto
2857 4472 2991 4524 ante
3012 4466 3544 4524 reconciliationem
3575 4469 3778 4522 contra

362 4573 465 4614 nes
484 4556 562 4612 de
589 4555 785 4613 vetitis
815 4554 1222 4628 episcoporum
1252 4551 1754 4621 translationibus,
1788 4557 1845 4609 et
1875 4570 2009 4610 con-
2043 4574 2089 4640 D
2119 4558 2388 4614 Ottonem
2436 4561 2650 4631 ageret,
2677 4557 2820 4614 adeo
2851 4560 2917 4611 ut
2957 4573 3023 4613 eo
3073 4562 3275 4613 contra
3321 4568 3518 4629 regem
3564 4544 3777 4629 “agente

306 4680 322 4693 ι
361 4644 602 4701 certatio
633 4644 741 4700 hac
782 4645 856 4700 de
902 4661 964 4700 re
1006 4643 1206 4700 habita
1253 4661 1287 4700 a
1331 4642 1607 4699 Rathario
1656 4642 1921 4700 fortassis
1953 4643 2011 4699 in
2125 4647 2436 4704 Ratherius
2467 4646 2675 4719 pulsus
2707 4647 2881 4703 fuerit
2900 4662 3052 4701 anno
3071 4646 3199 4715 955,
3224 4651 3289 4702 ut
3315 4663 3388 4703 ex
3406 4642 3777 4702 documentis

359 4732 553 4804 aliquo
569 4732 976 4804 episcoporum
996 4748 1341 4805 congressu:
1361 4732 1490 4786 novi
1511 4730 1765 4805 episcopi
1784 4730 2008 4801 electio,

357 4820 693 4895 petentibus
720 4820 871 4876 clero
912 4824 969 4876 et
1007 4819 1242 4893 populo,
1275 4820 1430 4893 regis
1464 4836 1761 4889 assensus,
1786 4822 2007 4892 episco-

354 4926 564 4983 porum
597 4908 954 4977 convocatio,
979 4916 1035 4966 et
1083 4909 1195 4965 alia
1228 4909 1285 4965 id
1319 4926 1504 4982 genus
1535 4908 1849 4982 requisita;
1881 4927 2008 4983 quze

354 5000 554 5056 omnia
576 4998 982 5072 expulsionem
1003 4998 1259 5054 Ratherii
1278 4999 1348 5053 ad
1374 4996 1598 5070 aliquot
1620 5015 1851 5055 menses
1871 4999 2010 5055 anni

350 5087 457 5145 955
485 5088 568 5144 ita
597 5087 1043 5161 protrahunt,ut
1072 5087 1144 5143 ab
1175 5085 1455 5143 electione
1483 5086 1670 5159 ipsius
1702 5088 1773 5143 ad
1806 5087 2008 5162 expul-

349 5176 576 5234 sionem
600 5200 629 5228 «
664 5178 847 5234 ferme
878 5176 1181 5233 biennium
1210 5197 1236 5225 ››
1272 5175 1596 5232 excurrisse
1622 5175 2007 5252 intelligatur,

346 5268 503 5339 quod
535 5282 707 5324 secus
740 5265 986 5339 intelligi
1033 5264 1197 5322 nulla
1241 5265 1465 5322 ratione
1514 5270 1724 5339 potest.
1757 5268 1924 5333 Quod
1957 5270 2009 5326 si

343 5355 444 5411 illa
502 5355 933 5429 qualiscunque
988 5355 1514 5412 excommunicatio
1580 5355 1694 5413 late
1748 5362 2005 5430 sumpta,

353 5460 533 5518 quam
557 5448 755 5502 noster
773 5445 1083 5519 episcOpus
1109 5444 1166 5500 in
1191 5443 1694 5518 archiepiscopum
1713 5447 2010 5505 Treviren-

339 5550 474 5591 sem
507 5550 626 5591 sua:
654 5533 1019 5608 expulsionis
1063 5535 1349 5591 fautorem
1390 5535 1753 5592 inferendam
1784 5536 2009 5594 curavit

337 5624 527 5684 Indis
555 5624 743 5682 Coena
789 5624 1023 5682 Domini
1077 5624 1216 5683 anni
1246 5624 1373 5697 955,
1404 5623 1573 5684 valde
1621 5625 1865 5685 obscure
1910 5627 2004 5684 in-

2122 4741 2294 4794 antea
2323 4735 2706 4794 consideratis
2737 4734 3101 4808 collegimus.

2189 4827 2276 4882 60.
2312 4824 2525 4882 Pulsus
2555 4842 2585 4880 e
2629 4822 2969 4880 Leodicensi
3026 4824 3164 4881 sede
3219 4826 3417 4881 noster
3463 4823 3774 4899 episcopus

2119 4919 2251 4988 post
2269 4914 2658 4971 intrusionem
2675 4912 2931 4985 junioris
2953 4913 3227 4982 Baldrici,
3241 4914 3383 4970 dum
3401 4911 3633 4970 Leodici
3655 4929 3778 4969 mo-

2119 5009 2367 5072 raretur,
2384 5003 2590 5060 multis
2612 5003 2946 5076 importune
2968 5003 3331 5070 curantibus,
3347 5008 3413 5059 ut
3433 5002 3521 5059 vel
3545 5001 3670 5077 ipse
3690 5002 3778 5059 in-

2117 5094 2308 5151 vasori
2325 5093 2725 5167 episcopatum
2743 5092 3080 5161 dimitteret,
3095 5093 3309 5150 restitit
3329 5093 3641 5161 fortiter,et
3652 5104 3777 5149 con-

2117 5185 2417 5240 clusionem
2438 5183 2851 5240 deliberativam
2872 5183 3128 5256 scripsit,
3143 5199 3260 5256 qua
3275 5199 3380 5238 cur
3397 5181 3696 5240 dimittere
3716 5182 3776 5238 et

2117 5274 2319 5331 cedere
2342 5289 2457 5330 non
2480 5273 2736 5339 deberet,
2752 5271 3142 5344 quadraginta
3163 5271 3385 5346 [axxxv]
3410 5270 3771 5345 argumentis

2119 5363 2406 5435 exposuit.
2436 5362 2500 5418 In
2525 5362 2635 5418 hoc
2667 5376 2842 5432 opere
2864 5376 2997 5416 cum
3020 5378 3082 5417 se
3112 5378 3147 5417 a
3174 5361 3427 5435 petenda
3455 5361 3653 5434 aliqua
3682 5368 3769 5414 re-

2116 5451 2347 5507 dituum
2395 5448 2923 5508 ecclesiasticorum
2976 5450 3242 5520 portione
3298 5450 3359 5506 in
3390 5450 3521 5507 vitae
3578 5445 3768 5505 subsi-

2115 5539 2299 5609 dium,
2316 5543 2382 5596 ut
2401 5536 2963 5615 cessioni'ejusmpdi
2986 5539 3385 5611 assentiretur,
3401 5538 3655 5596 maxime
3673 5533 3771 5594 ab-

2113 5630 2448 5688 horrentem
2487 5625 2745 5706 praefert;
2776 5627 2921 5687 dum
2950 5627 3091 5688 huic
3121 5628 3369 5689 cessioni
3410 5643 3487 5686 ea
3532 5628 3769 5703 quoque
