  <div class='ocr_page' id='page_1' title='image "/cluster/home/n/w/nwhite01/storage/ocr_20150623/136/hvd.32044054759964/050.png"; bbox 0 0 4086 6188; ppageno 0'>
   <div class='ocr_carea' id='block_1_1' title="bbox 329 230 2728 343">
    <p class='ocr_par' dir='ltr' id='par_1_1' title="bbox 329 230 2728 343">
     <span class='ocr_line' id='line_1_1' title="bbox 329 230 2728 343; baseline -0 -1"><span class='ocrx_word' id='word_1_1' title='bbox 341 271 420 342; x_wconf 76' lang='lat'><strong>8.5</strong></span> <span class='ocrx_word' id='word_1_2' title='bbox 1356 274 1968 342; x_wconf 85' lang='lat' dir='ltr'><strong>PROLEGOMENA.</strong></span> <span class='ocrx_word' id='word_1_3' title='bbox 1993 306 2073 322; x_wconf 90' lang='lat'><strong>--</strong></span> <span class='ocrx_word' id='word_1_4' title='bbox 2106 275 2479 341; x_wconf 66' lang='lat' dir='ltr'><strong>annnam</strong></span> <span class='ocrx_word' id='word_1_5' title='bbox 2520 276 2728 343; x_wconf 77' lang='lat' dir='ltr'><strong>VITA.</strong></span> 
     </span>
    </p>
   </div>
   <div class='ocr_carea' id='block_1_2' title="bbox 3665 273 3754 345">
    <p class='ocr_par' dir='ltr' id='par_1_2' title="bbox 3665 273 3754 345">
     <span class='ocr_line' id='line_1_2' title="bbox 3665 273 3754 345; baseline 0 -3"><span class='ocrx_word' id='word_1_6' title='bbox 3665 273 3754 345; x_wconf 77' lang='lat'><strong>86</strong></span> 
     </span>
    </p>
   </div>
   <div class='ocr_carea' id='block_1_3' title="bbox 341 409 3745 489">
    <p class='ocr_par' dir='ltr' id='par_1_3' title="bbox 341 409 3745 489">
     <span class='ocr_line' id='line_1_3' title="bbox 341 409 3745 489; baseline 0.002 -23"><span class='ocrx_word' id='word_1_7' title='bbox 341 409 526 467; x_wconf 90' lang='lat' dir='ltr'><strong>ditam</strong></span> <span class='ocrx_word' id='word_1_8' title='bbox 576 415 878 469; x_wconf 78' lang='lat' dir='ltr'><strong>memorat.</strong></span> <span class='ocrx_word' id='word_1_9' title='bbox 939 411 1200 470; x_wconf 89' lang='lat' dir='ltr'><strong>Primum</strong></span> <span class='ocrx_word' id='word_1_10' title='bbox 1257 428 1420 468; x_wconf 91' lang='lat' dir='ltr'><strong>num.</strong></span> <span class='ocrx_word' id='word_1_11' title='bbox 1455 413 1520 468; x_wconf 88' lang='lat'><strong>3:</strong></span> <span class='ocrx_word' id='word_1_12' title='bbox 1584 434 1612 463; x_wconf 82' lang='lat'><strong>«</strong></span> <span class='ocrx_word' id='word_1_13' title='bbox 1647 409 1986 485; x_wconf 82' lang='lat' dir='ltr'><strong>Imperatori</strong></span> <span class='ocrx_word' id='word_1_14' title='bbox 2015 409 2400 483; x_wconf 61' lang='lat' dir='ltr'><strong>A&#39;gestarum</strong></span> <span class='ocrx_word' id='word_1_15' title='bbox 2431 412 2759 484; x_wconf 82' lang='lat' dir='ltr'><strong>historiam,</strong></span> <span class='ocrx_word' id='word_1_16' title='bbox 2792 429 2920 487; x_wconf 81' lang='lat' dir='ltr'><strong>quae</strong></span> <span class='ocrx_word' id='word_1_17' title='bbox 2952 415 3468 472; x_wconf 79' lang='lat' dir='ltr'><strong>monumentorum</strong></span> <span class='ocrx_word' id='word_1_18' title='bbox 3499 417 3745 489; x_wconf 88' lang='lat' dir='ltr'><strong>penuria</strong></span> 
     </span>
    </p>
   </div>
   <div class='ocr_carea' id='block_1_4' title="bbox 340 500 3744 577">
    <p class='ocr_par' dir='ltr' id='par_1_4' title="bbox 340 500 3744 577">
     <span class='ocr_line' id='line_1_4' title="bbox 340 500 3744 577; baseline 0.002 -21"><span class='ocrx_word' id='word_1_19' title='bbox 340 500 696 573; x_wconf 80' lang='lat' dir='ltr'><strong>(Rather-ius)</strong></span> <span class='ocrx_word' id='word_1_20' title='bbox 730 519 846 558; x_wconf 90' lang='lat' dir='ltr'><strong>non</strong></span> <span class='ocrx_word' id='word_1_21' title='bbox 879 503 1074 570; x_wconf 84' lang='lat' dir='ltr'><strong>servit,</strong></span> <span class='ocrx_word' id='word_1_22' title='bbox 1099 502 1230 556; x_wconf 93' lang='lat' dir='ltr'><strong>duci</strong></span> <span class='ocrx_word' id='word_1_23' title='bbox 1251 517 1644 573; x_wconf 84' lang='lat' dir='ltr'><strong>nequaquam.</strong></span> <span class='ocrx_word' id='word_1_24' title='bbox 1677 523 1705 550; x_wconf 77' lang='lat' dir='ltr'><strong>n</strong></span> <span class='ocrx_word' id='word_1_25' title='bbox 1733 501 1991 557; x_wconf 81' lang='lat' dir='ltr'><strong>Rursum</strong></span> <span class='ocrx_word' id='word_1_26' title='bbox 2101 501 2158 556; x_wconf 92' lang='lat' dir='ltr'><strong>in</strong></span> <span class='ocrx_word' id='word_1_27' title='bbox 2190 502 2438 559; x_wconf 90' lang='lat' dir='ltr'><strong>obscuro</strong></span> <span class='ocrx_word' id='word_1_28' title='bbox 2468 508 2577 573; x_wconf 88' lang='lat' dir='ltr'><strong>est,</strong></span> <span class='ocrx_word' id='word_1_29' title='bbox 2601 503 2905 577; x_wconf 81' lang='lat' dir='ltr'><strong>expiscari,</strong></span> <span class='ocrx_word' id='word_1_30' title='bbox 2936 507 2995 559; x_wconf 91' lang='lat' dir='ltr'><strong>et</strong></span> <span class='ocrx_word' id='word_1_31' title='bbox 3023 519 3200 575; x_wconf 90' lang='lat' dir='ltr'><strong>quam</strong></span> <span class='ocrx_word' id='word_1_32' title='bbox 3223 503 3565 562; x_wconf 80' lang='lat' dir='ltr'><strong>brevissime</strong></span> <span class='ocrx_word' id='word_1_33' title='bbox 3587 504 3744 575; x_wconf 89' lang='lat' dir='ltr'><strong>licet,</strong></span> 
     </span>
    </p>
   </div>
   <div class='ocr_carea' id='block_1_5' title="bbox 339 590 1986 663">
    <p class='ocr_par' dir='ltr' id='par_1_5' title="bbox 339 590 1986 663">
     <span class='ocr_line' id='line_1_5' title="bbox 339 590 1986 663; baseline 0 -19"><span class='ocrx_word' id='word_1_34' title='bbox 339 606 504 645; x_wconf 89' lang='lat' dir='ltr'><strong>num.</strong></span> <span class='ocrx_word' id='word_1_35' title='bbox 536 592 630 646; x_wconf 75' lang='lat'><strong>14:</strong></span> <span class='ocrx_word' id='word_1_36' title='bbox 655 615 675 641; x_wconf 80' lang='grc' dir='ltr'>ι</span> <span class='ocrx_word' id='word_1_37' title='bbox 704 591 834 647; x_wconf 87' lang='lat' dir='ltr'><strong>Dux</strong></span> <span class='ocrx_word' id='word_1_38' title='bbox 863 591 1076 663; x_wconf 81' lang='lat' dir='ltr'><strong>inclyta</strong></span> <span class='ocrx_word' id='word_1_39' title='bbox 1094 591 1292 658; x_wconf 88' lang='lat' dir='ltr'><strong>verita,</strong></span> <span class='ocrx_word' id='word_1_40' title='bbox 1322 590 1793 663; x_wconf 88' lang='lat' dir='ltr'><strong>inquit,nepejus</strong></span> <span class='ocrx_word' id='word_1_41' title='bbox 1820 590 1986 657; x_wconf 91' lang='lat' dir='ltr'><strong>mihi,</strong></span> 
     </span>
    </p>
   </div>
   <div class='ocr_carea' id='block_1_6' title="bbox 339 679 1986 754">
    <p class='ocr_par' dir='ltr' id='par_1_6' title="bbox 339 679 1986 754">
     <span class='ocr_line' id='line_1_6' title="bbox 339 679 1986 754; baseline -0.002 -19"><span class='ocrx_word' id='word_1_42' title='bbox 339 695 519 751; x_wconf 88' lang='lat' dir='ltr'><strong>quam</strong></span> <span class='ocrx_word' id='word_1_43' title='bbox 545 681 812 754; x_wconf 81' lang='lat' dir='ltr'><strong>contigit,</strong></span> <span class='ocrx_word' id='word_1_44' title='bbox 851 681 1121 746; x_wconf 78' lang='lat' dir='ltr'><strong>eveniret,</strong></span> <span class='ocrx_word' id='word_1_45' title='bbox 1154 679 1582 736; x_wconf 77' lang='lat' dir='ltr'><strong>commendavit</strong></span> <span class='ocrx_word' id='word_1_46' title='bbox 1613 697 1706 735; x_wconf 90' lang='lat' dir='ltr'><strong>me</strong></span> <span class='ocrx_word' id='word_1_47' title='bbox 1753 679 1986 735; x_wconf 88' lang='lat' dir='ltr'><strong>tuitioni</strong></span> 
     </span>
    </p>
   </div>
   <div class='ocr_carea' id='block_1_7' title="bbox 340 767 1987 835">
    <p class='ocr_par' dir='ltr' id='par_1_7' title="bbox 340 767 1987 835">
     <span class='ocr_line' id='line_1_7' title="bbox 340 767 1987 835; baseline 0.001 -13"><span class='ocrx_word' id='word_1_48' title='bbox 340 769 595 825; x_wconf 91' lang='lat' dir='ltr'><strong>comitis.</strong></span> <span class='ocrx_word' id='word_1_49' title='bbox 631 791 660 819; x_wconf 84' lang='lat'><strong>»</strong></span> <span class='ocrx_word' id='word_1_50' title='bbox 692 770 952 826; x_wconf 86' lang='lat' dir='ltr'><strong>Tandem</strong></span> <span class='ocrx_word' id='word_1_51' title='bbox 983 771 1042 824; x_wconf 90' lang='lat' dir='ltr'><strong>in</strong></span> <span class='ocrx_word' id='word_1_52' title='bbox 1072 770 1384 835; x_wconf 78' lang='lat' dir='ltr'><strong>Itinerarz&#39;o,</strong></span> <span class='ocrx_word' id='word_1_53' title='bbox 1420 787 1583 823; x_wconf 88' lang='lat' dir='ltr'><strong>num.</strong></span> <span class='ocrx_word' id='word_1_54' title='bbox 1619 771 1670 835; x_wconf 90' lang='grc'><strong>4,</strong></span> <span class='ocrx_word' id='word_1_55' title='bbox 1721 786 1782 824; x_wconf 90' lang='lat' dir='ltr'><strong>se</strong></span> <span class='ocrx_word' id='word_1_56' title='bbox 1816 791 1841 817; x_wconf 90' lang='grc'><strong>‹‹</strong></span> <span class='ocrx_word' id='word_1_57' title='bbox 1875 767 1987 824; x_wconf 90' lang='lat' dir='ltr'><strong>cle-</strong></span> 
     </span>
    </p>
   </div>
   <div class='ocr_carea' id='block_1_8' title="bbox 336 856 1988 930">
    <p class='ocr_par' dir='ltr' id='par_1_8' title="bbox 336 856 1988 930">
     <span class='ocr_line' id='line_1_8' title="bbox 336 856 1988 930; baseline 0.001 -19"><span class='ocrx_word' id='word_1_58' title='bbox 336 857 965 930; x_wconf 89' lang='lat' dir='ltr'><strong>mentiaimperatoris,</strong></span> <span class='ocrx_word' id='word_1_59' title='bbox 993 859 1278 914; x_wconf 89' lang='lat' dir='ltr'><strong>subventu</strong></span> <span class='ocrx_word' id='word_1_60' title='bbox 1298 857 1797 914; x_wconf 68' lang='lat' dir='ltr'><strong>excellentissima:</strong></span> <span class='ocrx_word' id='word_1_61' title='bbox 1822 856 1988 913; x_wconf 92' lang='lat' dir='ltr'><strong>ducis</strong></span> 
     </span>
    </p>
   </div>
   <div class='ocr_carea' id='block_1_9' title="bbox 335 948 1983 1018">
    <p class='ocr_par' dir='ltr' id='par_1_9' title="bbox 335 948 1983 1018">
     <span class='ocr_line' id='line_1_9' title="bbox 335 948 1983 1018; baseline 0.001 -18"><span class='ocrx_word' id='word_1_62' title='bbox 335 951 626 1018; x_wconf 88' lang='lat' dir='ltr'><strong>ereptum,</strong></span> <span class='ocrx_word' id='word_1_63' title='bbox 658 948 980 1014; x_wconf 90' lang='lat' dir='ltr'><strong>reductum,</strong></span> <span class='ocrx_word' id='word_1_64' title='bbox 1016 970 1044 998; x_wconf 85' lang='lat'>»</span> <span class='ocrx_word' id='word_1_65' title='bbox 1076 948 1274 1003; x_wconf 82' lang='lat' dir='ltr'><strong>tradit.</strong></span> <span class='ocrx_word' id='word_1_66' title='bbox 1312 949 1426 1003; x_wconf 86' lang='lat' dir='ltr'><strong>llos</strong></span> <span class='ocrx_word' id='word_1_67' title='bbox 1458 970 1486 998; x_wconf 89' lang='grc'><strong>‹‹</strong></span> <span class='ocrx_word' id='word_1_68' title='bbox 1521 948 1698 1003; x_wconf 89' lang='lat' dir='ltr'><strong>duces</strong></span> <span class='ocrx_word' id='word_1_69' title='bbox 1729 951 1983 1012; x_wconf 88' lang='lat' dir='ltr'><strong>nostros,</strong></span> 
     </span>
    </p>
   </div>
   <div class='ocr_carea' id='block_1_10' title="bbox 334 1035 1985 1109">
    <p class='ocr_par' dir='ltr' id='par_1_10' title="bbox 334 1035 1985 1109">
     <span class='ocr_line' id='line_1_10' title="bbox 334 1035 1985 1109; baseline 0.001 -19"><span class='ocrx_word' id='word_1_70' title='bbox 334 1035 488 1091; x_wconf 88' lang='lat' dir='ltr'><strong>hanc</strong></span> <span class='ocrx_word' id='word_1_71' title='bbox 519 1035 790 1109; x_wconf 84' lang='lat' dir='ltr'><strong>inclytam</strong></span> <span class='ocrx_word' id='word_1_72' title='bbox 825 1038 1032 1093; x_wconf 91' lang='lat' dir='ltr'><strong>ducem</strong></span> <span class='ocrx_word' id='word_1_73' title='bbox 1064 1059 1092 1088; x_wconf 86' lang='lat'>»</span> <span class='ocrx_word' id='word_1_74' title='bbox 1146 1054 1246 1094; x_wconf 90' lang='lat' dir='ltr'><strong>eos</strong></span> <span class='ocrx_word' id='word_1_75' title='bbox 1300 1037 1502 1102; x_wconf 88' lang='lat' dir='ltr'><strong>fuisse,</strong></span> <span class='ocrx_word' id='word_1_76' title='bbox 1537 1038 1636 1109; x_wconf 88' lang='lat' dir='ltr'><strong>qui</strong></span> <span class='ocrx_word' id='word_1_77' title='bbox 1668 1035 1985 1092; x_wconf 90' lang='lat' dir='ltr'><strong>Veronensi</strong></span> 
     </span>
    </p>
   </div>
   <div class='ocr_carea' id='block_1_11' title="bbox 336 1125 1661 1199">
    <p class='ocr_par' dir='ltr' id='par_1_11' title="bbox 336 1125 1661 1199">
     <span class='ocr_line' id='line_1_11' title="bbox 336 1125 1661 1199; baseline 0 -19"><span class='ocrx_word' id='word_1_78' title='bbox 336 1125 608 1181; x_wconf 71' lang='lat' dir='ltr'><strong>marchia:</strong></span> <span class='ocrx_word' id='word_1_79' title='bbox 641 1131 946 1198; x_wconf 70' lang='lat' dir='ltr'><strong>przeerant,</strong></span> <span class='ocrx_word' id='word_1_80' title='bbox 979 1143 1048 1182; x_wconf 82' lang='lat' dir='ltr'><strong>ex</strong></span> <span class='ocrx_word' id='word_1_81' title='bbox 1079 1127 1426 1199; x_wconf 77' lang='lat' dir='ltr'><strong>praestitutis</strong></span> <span class='ocrx_word' id='word_1_82' title='bbox 1458 1125 1661 1199; x_wconf 88' lang='lat' dir='ltr'><strong>liquet.</strong></span> 
     </span>
    </p>
   </div>
   <div class='ocr_carea' id='block_1_12' title="bbox 403 1213 1985 1286">
    <p class='ocr_par' dir='ltr' id='par_1_12' title="bbox 403 1213 1985 1286">
     <span class='ocr_line' id='line_1_12' title="bbox 403 1213 1985 1286; baseline 0.001 -18"><span class='ocrx_word' id='word_1_83' title='bbox 403 1217 494 1268; x_wconf 89' lang='lat'><strong>77.</strong></span> <span class='ocrx_word' id='word_1_84' title='bbox 527 1215 600 1270; x_wconf 90' lang='lat' dir='ltr'><strong>Ut</strong></span> <span class='ocrx_word' id='word_1_85' title='bbox 620 1219 820 1269; x_wconf 90' lang='lat' dir='ltr'><strong>autem</strong></span> <span class='ocrx_word' id='word_1_86' title='bbox 849 1213 1227 1286; x_wconf 82' lang='lat' dir='ltr'><strong>intelligatur,</strong></span> <span class='ocrx_word' id='word_1_87' title='bbox 1256 1215 1498 1285; x_wconf 88' lang='lat' dir='ltr'><strong>quinam</strong></span> <span class='ocrx_word' id='word_1_88' title='bbox 1527 1214 1620 1270; x_wconf 87' lang='lat' dir='ltr'><strong>isti</strong></span> <span class='ocrx_word' id='word_1_89' title='bbox 1645 1215 1754 1269; x_wconf 88' lang='lat' dir='ltr'><strong>sub</strong></span> <span class='ocrx_word' id='word_1_90' title='bbox 1776 1213 1985 1270; x_wconf 84' lang='lat' dir='ltr'><strong>Rathe-</strong></span> 
     </span>
    </p>
   </div>
   <div class='ocr_carea' id='block_1_13' title="bbox 338 1302 1983 1374">
    <p class='ocr_par' dir='ltr' id='par_1_13' title="bbox 338 1302 1983 1374">
     <span class='ocr_line' id='line_1_13' title="bbox 338 1302 1983 1374; baseline 0.001 -17"><span class='ocrx_word' id='word_1_91' title='bbox 338 1302 425 1358; x_wconf 90' lang='lat' dir='ltr'><strong>rio</strong></span> <span class='ocrx_word' id='word_1_92' title='bbox 447 1303 690 1370; x_wconf 82' lang='lat' dir='ltr'><strong>fuerint;</strong></span> <span class='ocrx_word' id='word_1_93' title='bbox 712 1303 950 1369; x_wconf 89' lang='lat' dir='ltr'><strong>ducum,</strong></span> <span class='ocrx_word' id='word_1_94' title='bbox 969 1303 1071 1374; x_wconf 90' lang='lat' dir='ltr'><strong>qui</strong></span> <span class='ocrx_word' id='word_1_95' title='bbox 1088 1302 1297 1358; x_wconf 69' lang='lat' dir='ltr'><strong>saeculo</strong></span> <span class='ocrx_word' id='word_1_96' title='bbox 1319 1321 1352 1358; x_wconf 87' lang='lat' dir='ltr'><strong>x</strong></span> <span class='ocrx_word' id='word_1_97' title='bbox 1375 1304 1642 1359; x_wconf 83' lang='lat' dir='ltr'><strong>eamdem</strong></span> <span class='ocrx_word' id='word_1_98' title='bbox 1662 1303 1983 1359; x_wconf 88' lang='lat' dir='ltr'><strong>marchiam</strong></span> 
     </span>
    </p>
   </div>
   <div class='ocr_carea' id='block_1_14' title="bbox 339 1390 1986 1463">
    <p class='ocr_par' dir='ltr' id='par_1_14' title="bbox 339 1390 1986 1463">
     <span class='ocr_line' id='line_1_14' title="bbox 339 1390 1986 1463; baseline 0.001 -17"><span class='ocrx_word' id='word_1_99' title='bbox 339 1390 854 1458; x_wconf 81' lang='lat' dir='ltr'><strong>administrabant,</strong></span> <span class='ocrx_word' id='word_1_100' title='bbox 886 1393 1097 1446; x_wconf 89' lang='lat' dir='ltr'><strong>seriem</strong></span> <span class='ocrx_word' id='word_1_101' title='bbox 1119 1391 1404 1447; x_wconf 86' lang='lat' dir='ltr'><strong>hactenus</strong></span> <span class='ocrx_word' id='word_1_102' title='bbox 1433 1409 1549 1446; x_wconf 92' lang='lat' dir='ltr'><strong>non</strong></span> <span class='ocrx_word' id='word_1_103' title='bbox 1580 1392 1721 1447; x_wconf 84' lang='lat' dir='ltr'><strong>satis</strong></span> <span class='ocrx_word' id='word_1_104' title='bbox 1750 1409 1986 1463; x_wconf 88' lang='lat' dir='ltr'><strong>perspe-</strong></span> 
     </span>
    </p>
   </div>
   <div class='ocr_carea' id='block_1_15' title="bbox 2100 589 3746 666">
    <p class='ocr_par' dir='ltr' id='par_1_15' title="bbox 2100 589 3746 666">
     <span class='ocr_line' id='line_1_15' title="bbox 2100 589 3746 666; baseline 0.004 -22"><span class='ocrx_word' id='word_1_105' title='bbox 2100 591 2419 662; x_wconf 90' lang='lat' dir='ltr'><strong>producere</strong></span> <span class='ocrx_word' id='word_1_106' title='bbox 2465 597 2707 664; x_wconf 86' lang='lat' dir='ltr'><strong>oportet.</strong></span> <span class='ocrx_word' id='word_1_107' title='bbox 2743 589 2987 649; x_wconf 90' lang='lat' dir='ltr'><strong>Henrioo</strong></span> <span class='ocrx_word' id='word_1_108' title='bbox 3019 591 3042 648; x_wconf 88' lang='grc' dir='ltr'><strong>Ι</strong></span> <span class='ocrx_word' id='word_1_109' title='bbox 3072 595 3131 652; x_wconf 89' lang='lat' dir='ltr'><strong>et</strong></span> <span class='ocrx_word' id='word_1_110' title='bbox 3160 591 3278 648; x_wconf 81' lang='lat' dir='ltr'><strong>filio</strong></span> <span class='ocrx_word' id='word_1_111' title='bbox 3308 594 3437 664; x_wconf 88' lang='lat' dir='ltr'><strong>ejus</strong></span> <span class='ocrx_word' id='word_1_112' title='bbox 3470 595 3746 666; x_wconf 71' lang='lat' dir='ltr'><strong>Bajoarizs</strong></span> 
     </span>
    </p>
   </div>
   <div class='ocr_carea' id='block_1_16' title="bbox 2099 679 3747 742">
    <p class='ocr_par' dir='ltr' id='par_1_16' title="bbox 2099 679 3747 742">
     <span class='ocr_line' id='line_1_16' title="bbox 2099 679 3747 742; baseline 0.005 -8"><span class='ocrx_word' id='word_1_113' title='bbox 2099 679 2351 737; x_wconf 89' lang='lat' dir='ltr'><strong>ducibus</strong></span> <span class='ocrx_word' id='word_1_114' title='bbox 2381 681 2597 737; x_wconf 91' lang='lat' dir='ltr'><strong>idcirco</strong></span> <span class='ocrx_word' id='word_1_115' title='bbox 2626 681 2974 738; x_wconf 84' lang='lat' dir='ltr'><strong>Veronensis</strong></span> <span class='ocrx_word' id='word_1_116' title='bbox 3024 681 3287 738; x_wconf 89' lang='lat' dir='ltr'><strong>marchia</strong></span> <span class='ocrx_word' id='word_1_117' title='bbox 3317 683 3532 739; x_wconf 84' lang='lat' dir='ltr'><strong>tradita</strong></span> <span class='ocrx_word' id='word_1_118' title='bbox 3564 684 3747 742; x_wconf 88' lang='lat' dir='ltr'><strong>fuisse</strong></span> 
     </span>
    </p>
   </div>
   <div class='ocr_carea' id='block_1_17' title="bbox 2097 767 3746 843">
    <p class='ocr_par' dir='ltr' id='par_1_17' title="bbox 2097 767 3746 843">
     <span class='ocr_line' id='line_1_17' title="bbox 2097 767 3746 843; baseline 0.006 -20"><span class='ocrx_word' id='word_1_119' title='bbox 2097 767 2343 836; x_wconf 89' lang='lat' dir='ltr'><strong>videtur,</strong></span> <span class='ocrx_word' id='word_1_120' title='bbox 2394 771 2532 843; x_wconf 85' lang='lat' dir='ltr'><strong>quia</strong></span> <span class='ocrx_word' id='word_1_121' title='bbox 2564 776 2702 827; x_wconf 90' lang='lat' dir='ltr'><strong>tunc</strong></span> <span class='ocrx_word' id='word_1_122' title='bbox 2757 772 3032 843; x_wconf 83' lang='lat' dir='ltr'><strong>Bajoariae</strong></span> <span class='ocrx_word' id='word_1_123' title='bbox 3090 773 3338 829; x_wconf 84' lang='lat' dir='ltr'><strong>ducatus</strong></span> <span class='ocrx_word' id='word_1_124' title='bbox 3383 773 3746 833; x_wconf 87' lang='lat' dir='ltr'><strong>Carinthiam</strong></span> 
     </span>
    </p>
   </div>
   <div class='ocr_carea' id='block_1_18' title="bbox 2097 861 3742 933">
    <p class='ocr_par' dir='ltr' id='par_1_18' title="bbox 2097 861 3742 933">
     <span class='ocr_line' id='line_1_18' title="bbox 2097 861 3742 933; baseline 0.004 -19"><span class='ocrx_word' id='word_1_125' title='bbox 2097 862 2399 931; x_wconf 86' lang='lat' dir='ltr'><strong>totamque</strong></span> <span class='ocrx_word' id='word_1_126' title='bbox 2430 861 2727 933; x_wconf 85' lang='lat' dir='ltr'><strong>regionem</strong></span> <span class='ocrx_word' id='word_1_127' title='bbox 2758 862 2810 916; x_wconf 92' lang='lat' dir='ltr'><strong>ei</strong></span> <span class='ocrx_word' id='word_1_128' title='bbox 2844 861 3112 917; x_wconf 71' lang='lat' dir='ltr'><strong>marchiaa</strong></span> <span class='ocrx_word' id='word_1_129' title='bbox 3143 863 3563 919; x_wconf 86' lang='lat' dir='ltr'><strong>conterminam</strong></span> <span class='ocrx_word' id='word_1_130' title='bbox 3587 881 3742 920; x_wconf 90' lang='lat' dir='ltr'><strong>com-</strong></span> 
     </span>
    </p>
   </div>
   <div class='ocr_carea' id='block_1_19' title="bbox 2096 947 3742 1022">
    <p class='ocr_par' dir='ltr' id='par_1_19' title="bbox 2096 947 3742 1022">
     <span class='ocr_line' id='line_1_19' title="bbox 2096 947 3742 1022; baseline 0.005 -20"><span class='ocrx_word' id='word_1_131' title='bbox 2096 947 2476 1020; x_wconf 88' lang='lat' dir='ltr'><strong>plectebatur,</strong></span> <span class='ocrx_word' id='word_1_132' title='bbox 2497 949 2578 1005; x_wconf 89' lang='lat' dir='ltr'><strong>uti</strong></span> <span class='ocrx_word' id='word_1_133' title='bbox 2613 950 3107 1022; x_wconf 88' lang='lat' dir='ltr'><strong>complectebatur</strong></span> <span class='ocrx_word' id='word_1_134' title='bbox 3132 951 3241 1007; x_wconf 90' lang='lat' dir='ltr'><strong>sub</strong></span> <span class='ocrx_word' id='word_1_135' title='bbox 3262 951 3499 1008; x_wconf 83' lang='lat' dir='ltr'><strong>Arnulfo</strong></span> <span class='ocrx_word' id='word_1_136' title='bbox 3519 958 3577 1010; x_wconf 93' lang='lat' dir='ltr'><strong>et</strong></span> <span class='ocrx_word' id='word_1_137' title='bbox 3606 954 3742 1010; x_wconf 89' lang='lat' dir='ltr'><strong>Ber-</strong></span> 
     </span>
    </p>
   </div>
   <div class='ocr_carea' id='block_1_20' title="bbox 2095 1035 3741 1112">
    <p class='ocr_par' dir='ltr' id='par_1_20' title="bbox 2095 1035 3741 1112">
     <span class='ocr_line' id='line_1_20' title="bbox 2095 1035 3741 1112; baseline 0.005 -22"><span class='ocrx_word' id='word_1_138' title='bbox 2095 1035 2230 1092; x_wconf 82' lang='lat' dir='ltr'><strong>telfo</strong></span> <span class='ocrx_word' id='word_1_139' title='bbox 2257 1037 2486 1092; x_wconf 88' lang='lat' dir='ltr'><strong>Henrici</strong></span> <span class='ocrx_word' id='word_1_140' title='bbox 2516 1039 2538 1093; x_wconf 95' lang='grc' dir='ltr'><strong>Ι</strong></span> <span class='ocrx_word' id='word_1_141' title='bbox 2576 1039 3122 1110; x_wconf 69' lang='grc' dir='ltr'><strong>ριυωάθθθεεοῐιίὺυε,</strong></span> <span class='ocrx_word' id='word_1_142' title='bbox 3153 1055 3405 1110; x_wconf 88' lang='lat' dir='ltr'><strong>quorum</strong></span> <span class='ocrx_word' id='word_1_143' title='bbox 3450 1041 3675 1112; x_wconf 87' lang='lat' dir='ltr'><strong>primus</strong></span> <span class='ocrx_word' id='word_1_144' title='bbox 3706 1059 3741 1098; x_wconf 87' lang='lat' dir='ltr'><strong>a</strong></span> 
     </span>
    </p>
   </div>
   <div class='ocr_carea' id='block_1_21' title="bbox 2095 1124 3746 1200">
    <p class='ocr_par' dir='ltr' id='par_1_21' title="bbox 2095 1124 3746 1200">
     <span class='ocr_line' id='line_1_21' title="bbox 2095 1124 3746 1200; baseline 0.005 -20"><span class='ocrx_word' id='word_1_145' title='bbox 2095 1124 2451 1198; x_wconf 90' lang='lat' dir='ltr'><strong>Liutprando</strong></span> <span class='ocrx_word' id='word_1_146' title='bbox 2509 1150 2538 1177; x_wconf 88' lang='lat'><strong><em>«</em></strong></span> <span class='ocrx_word' id='word_1_147' title='bbox 2571 1126 2975 1198; x_wconf 88' lang='lat' dir='ltr'><strong>Bajoariorum</strong></span> <span class='ocrx_word' id='word_1_148' title='bbox 3034 1129 3150 1200; x_wconf 86' lang='lat' dir='ltr'><strong>[cn]</strong></span> <span class='ocrx_word' id='word_1_149' title='bbox 3181 1133 3240 1184; x_wconf 86' lang='lat' dir='ltr'><strong>et</strong></span> <span class='ocrx_word' id='word_1_150' title='bbox 3276 1127 3746 1188; x_wconf 88' lang='lat' dir='ltr'><strong>Carantanorum</strong></span> 
     </span>
    </p>
   </div>
   <div class='ocr_carea' id='block_1_22' title="bbox 2095 1214 3744 1291">
    <p class='ocr_par' dir='ltr' id='par_1_22' title="bbox 2095 1214 3744 1291">
     <span class='ocr_line' id='line_1_22' title="bbox 2095 1214 3744 1291; baseline 0.005 -22"><span class='ocrx_word' id='word_1_151' title='bbox 2095 1214 2210 1269; x_wconf 84' lang='lat' dir='ltr'><strong>dux</strong></span> <span class='ocrx_word' id='word_1_152' title='bbox 2237 1237 2262 1263; x_wconf 86' lang='grc'><strong>››</strong></span> <span class='ocrx_word' id='word_1_153' title='bbox 2293 1214 2638 1288; x_wconf 81' lang='lat' dir='ltr'><strong>appellatur,</strong></span> <span class='ocrx_word' id='word_1_154' title='bbox 2664 1221 2721 1272; x_wconf 90' lang='lat' dir='ltr'><strong>et</strong></span> <span class='ocrx_word' id='word_1_155' title='bbox 2737 1215 2796 1270; x_wconf 90' lang='lat' dir='ltr'><strong>in</strong></span> <span class='ocrx_word' id='word_1_156' title='bbox 2819 1217 3169 1273; x_wconf 86' lang='lat' dir='ltr'><strong>documento</strong></span> <span class='ocrx_word' id='word_1_157' title='bbox 3191 1217 3744 1291; x_wconf 51' lang='lat' dir='ltr'><strong>Frisingensi’voca-</strong></span> 
     </span>
    </p>
   </div>
   <div class='ocr_carea' id='block_1_23' title="bbox 2092 1304 3738 1382">
    <p class='ocr_par' dir='ltr' id='par_1_23' title="bbox 2092 1304 3738 1382">
     <span class='ocr_line' id='line_1_23' title="bbox 2092 1304 3738 1382; baseline 0.004 -25"><span class='ocrx_word' id='word_1_158' title='bbox 2092 1307 2188 1358; x_wconf 91' lang='lat' dir='ltr'><strong>tur</strong></span> <span class='ocrx_word' id='word_1_159' title='bbox 2218 1327 2244 1352; x_wconf 91' lang='grc'><em>‹‹</em></span> <span class='ocrx_word' id='word_1_160' title='bbox 2280 1304 2395 1359; x_wconf 88' lang='lat' dir='ltr'><strong>dux</strong></span> <span class='ocrx_word' id='word_1_161' title='bbox 2426 1304 2799 1361; x_wconf 85' lang='lat' dir='ltr'><strong>Bavariorum</strong></span> <span class='ocrx_word' id='word_1_162' title='bbox 2829 1309 2886 1361; x_wconf 90' lang='lat' dir='ltr'><strong>et</strong></span> <span class='ocrx_word' id='word_1_163' title='bbox 2908 1305 3083 1362; x_wconf 89' lang='lat' dir='ltr'><strong>etiam</strong></span> <span class='ocrx_word' id='word_1_164' title='bbox 3115 1306 3514 1375; x_wconf 85' lang='lat' dir='ltr'><strong>adjacentium</strong></span> <span class='ocrx_word' id='word_1_165' title='bbox 3547 1309 3738 1382; x_wconf 87' lang='lat' dir='ltr'><strong>regio-</strong></span> 
     </span>
    </p>
   </div>
   <div class='ocr_carea' id='block_1_24' title="bbox 2095 1393 3740 1468">
    <p class='ocr_par' dir='ltr' id='par_1_24' title="bbox 2095 1393 3740 1468">
     <span class='ocr_line' id='line_1_24' title="bbox 2095 1393 3740 1468; baseline 0.004 -22"><span class='ocrx_word' id='word_1_166' title='bbox 2095 1407 2240 1446; x_wconf 86' lang='lat' dir='ltr'><strong>num</strong></span> <span class='ocrx_word' id='word_1_167' title='bbox 2296 1393 2744 1462; x_wconf 72' lang='lat' dir='ltr'><strong>(Mmcnsmncu,</strong></span> <span class='ocrx_word' id='word_1_168' title='bbox 2777 1396 2894 1450; x_wconf 73' lang='lat' dir='ltr'><strong>Hist</strong></span> <span class='ocrx_word' id='word_1_169' title='bbox 2920 1395 3184 1466; x_wconf 74' lang='lat' dir='ltr'><strong>Frising.,</strong></span> <span class='ocrx_word' id='word_1_170' title='bbox 3217 1398 3359 1451; x_wconf 88' lang='lat' dir='ltr'><strong>tom.</strong></span> <span class='ocrx_word' id='word_1_171' title='bbox 3390 1395 3432 1461; x_wconf 88' lang='grc' dir='ltr'><strong>Ι,</strong></span> <span class='ocrx_word' id='word_1_172' title='bbox 3467 1401 3616 1468; x_wconf 86' lang='lat' dir='ltr'><strong>part.</strong></span> <span class='ocrx_word' id='word_1_173' title='bbox 3675 1415 3740 1464; x_wconf 78' lang='grc' dir='ltr'>Π,</span> 
     </span>
    </p>
   </div>
   <div class='ocr_carea' id='block_1_25' title="bbox 336 1471 3743 1556">
    <p class='ocr_par' dir='ltr' id='par_1_25' title="bbox 336 1471 3743 1556">
     <span class='ocr_line' id='line_1_25' title="bbox 336 1471 3743 1556; baseline 0.002 -22"><span class='ocrx_word' id='word_1_174' title='bbox 336 1483 512 1546; x_wconf 83' lang='lat' dir='ltr'><strong>ctam,</strong></span> <span class='ocrx_word' id='word_1_175' title='bbox 547 1483 604 1536; x_wconf 90' lang='lat' dir='ltr'><strong>et</strong></span> <span class='ocrx_word' id='word_1_176' title='bbox 633 1480 808 1535; x_wconf 90' lang='lat' dir='ltr'><strong>rebus</strong></span> <span class='ocrx_word' id='word_1_177' title='bbox 840 1471 1345 1551; x_wconf 55' lang='lat' dir='ltr'><strong>pluribus&#39;utilem</strong></span> <span class='ocrx_word' id='word_1_178' title='bbox 1378 1479 1485 1535; x_wconf 91' lang='lat' dir='ltr'><strong>hoc</strong></span> <span class='ocrx_word' id='word_1_179' title='bbox 1533 1479 1658 1536; x_wconf 94' lang='lat' dir='ltr'><strong>loco</strong></span> <span class='ocrx_word' id='word_1_180' title='bbox 1689 1483 1989 1536; x_wconf 86' lang='lat' dir='ltr'><strong>contexere</strong></span> <span class='ocrx_word' id='word_1_181' title='bbox 2099 1495 2155 1551; x_wconf 90' lang='lat' dir='ltr'><strong>p.</strong></span> <span class='ocrx_word' id='word_1_182' title='bbox 2181 1480 2328 1549; x_wconf 78' lang='grc'>429).</span> <span class='ocrx_word' id='word_1_183' title='bbox 2363 1503 2392 1529; x_wconf 85' lang='grc'><strong>››</strong></span> <span class='ocrx_word' id='word_1_184' title='bbox 2420 1480 2564 1536; x_wconf 88' lang='lat' dir='ltr'><strong>Hinc</strong></span> <span class='ocrx_word' id='word_1_185' title='bbox 2592 1482 2832 1553; x_wconf 88' lang='lat' dir='ltr'><strong>quidem</strong></span> <span class='ocrx_word' id='word_1_186' title='bbox 2853 1481 2914 1538; x_wconf 93' lang='lat' dir='ltr'><strong>in</strong></span> <span class='ocrx_word' id='word_1_187' title='bbox 2939 1482 3254 1556; x_wconf 83' lang='lat' dir='ltr'><strong>diplomate</strong></span> <span class='ocrx_word' id='word_1_188' title='bbox 3275 1484 3506 1540; x_wconf 88' lang='lat' dir='ltr'><strong>Ottonis</strong></span> <span class='ocrx_word' id='word_1_189' title='bbox 3533 1485 3582 1541; x_wconf 92' lang='lat' dir='ltr'><strong>II</strong></span> <span class='ocrx_word' id='word_1_190' title='bbox 3604 1485 3743 1542; x_wconf 88' lang='lat' dir='ltr'><strong>anni</strong></span> 
     </span>
    </p>
   </div>
   <div class='ocr_carea' id='block_1_26' title="bbox 333 1567 3741 1641">
    <p class='ocr_par' dir='ltr' id='par_1_26' title="bbox 333 1567 3741 1641">
     <span class='ocr_line' id='line_1_26' title="bbox 333 1567 3741 1641; baseline 0.002 -18"><span class='ocrx_word' id='word_1_191' title='bbox 333 1571 390 1624; x_wconf 87' lang='lat' dir='ltr'><strong>et</strong></span> <span class='ocrx_word' id='word_1_192' title='bbox 419 1567 708 1640; x_wconf 88' lang='lat' dir='ltr'><strong>explicare</strong></span> <span class='ocrx_word' id='word_1_193' title='bbox 730 1567 968 1640; x_wconf 86' lang='lat' dir='ltr'><strong>juverit.</strong></span> <span class='ocrx_word' id='word_1_194' title='bbox 1002 1567 1234 1623; x_wconf 87' lang='lat' dir='ltr'><strong>Primus</strong></span> <span class='ocrx_word' id='word_1_195' title='bbox 1260 1568 1439 1639; x_wconf 86' lang='lat' dir='ltr'><strong>hujus</strong></span> <span class='ocrx_word' id='word_1_196' title='bbox 1471 1567 1739 1624; x_wconf 84' lang='lat' dir='ltr'><strong>marchiae</strong></span> <span class='ocrx_word' id='word_1_197' title='bbox 1771 1569 1888 1623; x_wconf 86' lang='lat' dir='ltr'><strong>dux</strong></span> <span class='ocrx_word' id='word_1_198' title='bbox 1917 1569 1990 1622; x_wconf 89' lang='lat' dir='ltr'><strong>ab</strong></span> <span class='ocrx_word' id='word_1_199' title='bbox 2096 1569 2203 1622; x_wconf 78' lang='grc'>974</span> <span class='ocrx_word' id='word_1_200' title='bbox 2248 1568 2602 1641; x_wconf 89' lang='lat' dir='ltr'><strong>Frisingensi</strong></span> <span class='ocrx_word' id='word_1_201' title='bbox 2634 1569 2900 1628; x_wconf 76' lang='lat' dir='ltr'><strong>Ecclesiae</strong></span> <span class='ocrx_word' id='word_1_202' title='bbox 2929 1585 3215 1628; x_wconf 64' lang='lat' dir='ltr'><strong>concessae</strong></span> <span class='ocrx_word' id='word_1_203' title='bbox 3245 1573 3560 1630; x_wconf 88' lang='lat' dir='ltr'><strong>traduntur</strong></span> <span class='ocrx_word' id='word_1_204' title='bbox 3587 1599 3616 1625; x_wconf 89' lang='grc'><strong>‹‹</strong></span> <span class='ocrx_word' id='word_1_205' title='bbox 3649 1575 3741 1632; x_wconf 86' lang='lat' dir='ltr'><strong>in-</strong></span> 
     </span>
    </p>
   </div>
   <div class='ocr_carea' id='block_1_27' title="bbox 330 1656 1987 1728">
    <p class='ocr_par' dir='ltr' id='par_1_27' title="bbox 330 1656 1987 1728">
     <span class='ocr_line' id='line_1_27' title="bbox 330 1656 1987 1728; baseline -0.001 -16"><span class='ocrx_word' id='word_1_206' title='bbox 330 1656 540 1718; x_wconf 82' lang='lat' dir='ltr'><strong>Ottone</strong></span> <span class='ocrx_word' id='word_1_207' title='bbox 570 1656 593 1713; x_wconf 90' lang='lat' dir='ltr'><strong>I</strong></span> <span class='ocrx_word' id='word_1_208' title='bbox 623 1656 932 1728; x_wconf 64' lang='lat' dir='ltr'><strong>prmfectus</strong></span> <span class='ocrx_word' id='word_1_209' title='bbox 959 1672 1113 1712; x_wconf 83' lang='lat' dir='ltr'><strong>anno</strong></span> <span class='ocrx_word' id='word_1_210' title='bbox 1143 1658 1268 1722; x_wconf 89' lang='lat'><strong>952,</strong></span> <span class='ocrx_word' id='word_1_211' title='bbox 1292 1672 1410 1728; x_wconf 93' lang='lat' dir='ltr'><strong>quo</strong></span> <span class='ocrx_word' id='word_1_212' title='bbox 1442 1656 1632 1728; x_wconf 88' lang='lat' dir='ltr'><strong>ipsam</strong></span> <span class='ocrx_word' id='word_1_213' title='bbox 1663 1656 1987 1711; x_wconf 89' lang='lat' dir='ltr'><strong>marchiam</strong></span> 
     </span>
    </p>
   </div>
   <div class='ocr_carea' id='block_1_28' title="bbox 327 1743 1984 1815">
    <p class='ocr_par' dir='ltr' id='par_1_28' title="bbox 327 1743 1984 1815">
     <span class='ocr_line' id='line_1_28' title="bbox 327 1743 1984 1815; baseline 0 -15"><span class='ocrx_word' id='word_1_214' title='bbox 327 1744 662 1802; x_wconf 83' lang='lat' dir='ltr'><strong>institutam</strong></span> <span class='ocrx_word' id='word_1_215' title='bbox 691 1745 968 1813; x_wconf 85' lang='lat' dir='ltr'><strong>vidimus,</strong></span> <span class='ocrx_word' id='word_1_216' title='bbox 1005 1743 1116 1800; x_wconf 86' lang='lat' dir='ltr'><strong>fuit</strong></span> <span class='ocrx_word' id='word_1_217' title='bbox 1144 1744 1429 1804; x_wconf 89' lang='lat' dir='ltr'><strong>Henricus</strong></span> <span class='ocrx_word' id='word_1_218' title='bbox 1459 1745 1723 1815; x_wconf 86' lang='lat' dir='ltr'><strong>ejusdem</strong></span> <span class='ocrx_word' id='word_1_219' title='bbox 1757 1744 1984 1801; x_wconf 89' lang='lat' dir='ltr'><strong>Ottonis</strong></span> 
     </span>
    </p>
   </div>
   <div class='ocr_carea' id='block_1_29' title="bbox 325 1833 1978 1906">
    <p class='ocr_par' dir='ltr' id='par_1_29' title="bbox 325 1833 1978 1906">
     <span class='ocr_line' id='line_1_29' title="bbox 325 1833 1978 1906; baseline -0.001 -16"><span class='ocrx_word' id='word_1_220' title='bbox 325 1835 527 1903; x_wconf 83' lang='lat' dir='ltr'><strong>frater,</strong></span> <span class='ocrx_word' id='word_1_221' title='bbox 551 1833 650 1906; x_wconf 87' lang='lat' dir='ltr'><strong>qui</strong></span> <span class='ocrx_word' id='word_1_222' title='bbox 669 1835 794 1906; x_wconf 88' lang='lat' dir='ltr'><strong>jam</strong></span> <span class='ocrx_word' id='word_1_223' title='bbox 823 1834 958 1890; x_wconf 91' lang='lat' dir='ltr'><strong>inde</strong></span> <span class='ocrx_word' id='word_1_224' title='bbox 987 1834 1058 1889; x_wconf 84' lang='lat' dir='ltr'><strong>ab</strong></span> <span class='ocrx_word' id='word_1_225' title='bbox 1091 1850 1245 1890; x_wconf 87' lang='lat' dir='ltr'><strong>anno</strong></span> <span class='ocrx_word' id='word_1_226' title='bbox 1275 1835 1380 1889; x_wconf 79' lang='grc'><strong>945</strong></span> <span class='ocrx_word' id='word_1_227' title='bbox 1396 1834 1674 1906; x_wconf 83' lang='lat' dir='ltr'><strong>Bajoariae</strong></span> <span class='ocrx_word' id='word_1_228' title='bbox 1697 1834 1978 1892; x_wconf 85' lang='lat' dir='ltr'><strong>ducatum</strong></span> 
     </span>
    </p>
   </div>
   <div class='ocr_carea' id='block_1_30' title="bbox 326 1922 1976 1991">
    <p class='ocr_par' dir='ltr' id='par_1_30' title="bbox 326 1922 1976 1991">
     <span class='ocr_line' id='line_1_30' title="bbox 326 1922 1976 1991; baseline -0.001 -11"><span class='ocrx_word' id='word_1_229' title='bbox 326 1924 680 1980; x_wconf 84' lang='lat' dir='ltr'><strong>obtinuerat.</strong></span> <span class='ocrx_word' id='word_1_230' title='bbox 706 1923 850 1979; x_wconf 92' lang='lat' dir='ltr'><strong>Hinc</strong></span> <span class='ocrx_word' id='word_1_231' title='bbox 875 1925 1018 1980; x_wconf 89' lang='lat' dir='ltr'><strong>dum</strong></span> <span class='ocrx_word' id='word_1_232' title='bbox 1040 1947 1066 1972; x_wconf 84' lang='lat'><strong>«</strong></span> <span class='ocrx_word' id='word_1_233' title='bbox 1083 1922 1459 1980; x_wconf 87' lang='lat' dir='ltr'><strong>Bavariorum</strong></span> <span class='ocrx_word' id='word_1_234' title='bbox 1476 1924 1613 1991; x_wconf 87' lang='lat' dir='ltr'><strong>dux,</strong></span> <span class='ocrx_word' id='word_1_235' title='bbox 1639 1927 1696 1979; x_wconf 89' lang='lat' dir='ltr'><strong>et</strong></span> <span class='ocrx_word' id='word_1_236' title='bbox 1716 1922 1976 1980; x_wconf 90' lang='lat' dir='ltr'><strong>marchio</strong></span> 
     </span>
    </p>
   </div>
   <div class='ocr_carea' id='block_1_31' title="bbox 323 2011 1973 2085">
    <p class='ocr_par' dir='ltr' id='par_1_31' title="bbox 323 2011 1973 2085">
     <span class='ocr_line' id='line_1_31' title="bbox 323 2011 1973 2085; baseline 0.001 -18"><span class='ocrx_word' id='word_1_237' title='bbox 323 2012 582 2085; x_wconf 77' lang='lat' dir='ltr'><strong>inclytus</strong></span> <span class='ocrx_word' id='word_1_238' title='bbox 603 2035 632 2064; x_wconf 84' lang='lat'>»</span> <span class='ocrx_word' id='word_1_239' title='bbox 663 2030 698 2068; x_wconf 87' lang='lat' dir='ltr'><strong>a</strong></span> <span class='ocrx_word' id='word_1_240' title='bbox 723 2013 970 2085; x_wconf 80' lang='lat' dir='ltr'><strong>Hotgero</strong></span> <span class='ocrx_word' id='word_1_241' title='bbox 991 2011 1340 2085; x_wconf 85' lang='lat' dir='ltr'><strong>appellatur,</strong></span> <span class='ocrx_word' id='word_1_242' title='bbox 1363 2029 1477 2068; x_wconf 90' lang='lat' dir='ltr'><strong>non</strong></span> <span class='ocrx_word' id='word_1_243' title='bbox 1501 2011 1763 2068; x_wconf 88' lang='lat' dir='ltr'><strong>marchia</strong></span> <span class='ocrx_word' id='word_1_244' title='bbox 1792 2012 1973 2068; x_wconf 81' lang='lat' dir='ltr'><strong>orien-</strong></span> 
     </span>
    </p>
   </div>
   <div class='ocr_carea' id='block_1_32' title="bbox 323 2100 1969 2174">
    <p class='ocr_par' dir='ltr' id='par_1_32' title="bbox 323 2100 1969 2174">
     <span class='ocr_line' id='line_1_32' title="bbox 323 2100 1969 2174; baseline 0 -17"><span class='ocrx_word' id='word_1_245' title='bbox 323 2101 482 2168; x_wconf 85' lang='lat' dir='ltr'><strong>talis,</strong></span> <span class='ocrx_word' id='word_1_246' title='bbox 514 2118 672 2158; x_wconf 89' lang='lat' dir='ltr'><strong>nunc</strong></span> <span class='ocrx_word' id='word_1_247' title='bbox 697 2101 951 2169; x_wconf 80' lang='lat' dir='ltr'><strong>Austris,</strong></span> <span class='ocrx_word' id='word_1_248' title='bbox 976 2118 1110 2157; x_wconf 89' lang='lat' dir='ltr'><strong>cum</strong></span> <span class='ocrx_word' id='word_1_249' title='bbox 1137 2100 1438 2157; x_wconf 90' lang='lat' dir='ltr'><strong>nonnullis</strong></span> <span class='ocrx_word' id='word_1_250' title='bbox 1468 2101 1847 2174; x_wconf 88' lang='lat' dir='ltr'><strong>intelligenda</strong></span> <span class='ocrx_word' id='word_1_251' title='bbox 1863 2107 1969 2170; x_wconf 91' lang='lat' dir='ltr'><strong>est,</strong></span> 
     </span>
    </p>
   </div>
   <div class='ocr_carea' id='block_1_33' title="bbox 326 2190 1972 2248">
    <p class='ocr_par' dir='ltr' id='par_1_33' title="bbox 326 2190 1972 2248">
     <span class='ocr_line' id='line_1_33' title="bbox 326 2190 1972 2248; baseline -0.001 0"><span class='ocrx_word' id='word_1_252' title='bbox 326 2192 429 2248; x_wconf 90' lang='lat' dir='ltr'><strong>sed</strong></span> <span class='ocrx_word' id='word_1_253' title='bbox 460 2190 721 2248; x_wconf 85' lang='lat' dir='ltr'><strong>marchia</strong></span> <span class='ocrx_word' id='word_1_254' title='bbox 746 2190 1118 2248; x_wconf 84' lang='lat' dir='ltr'><strong>Veronensis.</strong></span> <span class='ocrx_word' id='word_1_255' title='bbox 1152 2191 1254 2246; x_wconf 87' lang='lat' dir='ltr'><strong>Hic</strong></span> <span class='ocrx_word' id='word_1_256' title='bbox 1285 2190 1570 2248; x_wconf 80' lang='lat' dir='ltr'><strong>Henricus</strong></span> <span class='ocrx_word' id='word_1_257' title='bbox 1599 2191 1845 2247; x_wconf 84' lang='lat' dir='ltr'><strong>duxerat</strong></span> <span class='ocrx_word' id='word_1_258' title='bbox 1867 2192 1972 2247; x_wconf 90' lang='lat' dir='ltr'><strong>Ju-</strong></span> 
     </span>
    </p>
   </div>
   <div class='ocr_carea' id='block_1_34' title="bbox 325 2279 1972 2352">
    <p class='ocr_par' dir='ltr' id='par_1_34' title="bbox 325 2279 1972 2352">
     <span class='ocr_line' id='line_1_34' title="bbox 325 2279 1972 2352; baseline 0 -16"><span class='ocrx_word' id='word_1_259' title='bbox 325 2280 553 2338; x_wconf 90' lang='lat' dir='ltr'><strong>ditham</strong></span> <span class='ocrx_word' id='word_1_260' title='bbox 609 2281 855 2347; x_wconf 82' lang='lat' dir='ltr'><strong>Arnulﬁ,</strong></span> <span class='ocrx_word' id='word_1_261' title='bbox 900 2297 1000 2336; x_wconf 89' lang='lat' dir='ltr'><strong>seu</strong></span> <span class='ocrx_word' id='word_1_262' title='bbox 1048 2279 1288 2336; x_wconf 84' lang='lat' dir='ltr'><strong>Arnoldi</strong></span> <span class='ocrx_word' id='word_1_263' title='bbox 1346 2279 1747 2352; x_wconf 83' lang='lat' dir='ltr'><strong>Bajoariorum</strong></span> <span class='ocrx_word' id='word_1_264' title='bbox 1805 2280 1972 2336; x_wconf 90' lang='lat' dir='ltr'><strong>ducis</strong></span> 
     </span>
    </p>
   </div>
   <div class='ocr_carea' id='block_1_35' title="bbox 325 2368 1970 2442">
    <p class='ocr_par' dir='ltr' id='par_1_35' title="bbox 325 2368 1970 2442">
     <span class='ocr_line' id='line_1_35' title="bbox 325 2368 1970 2442; baseline -0.001 -17"><span class='ocrx_word' id='word_1_265' title='bbox 325 2368 529 2438; x_wconf 84' lang='lat' dir='ltr'><strong>ﬁliam,</strong></span> <span class='ocrx_word' id='word_1_266' title='bbox 553 2371 702 2442; x_wconf 85' lang='lat' dir='ltr'><strong>ejus,</strong></span> <span class='ocrx_word' id='word_1_267' title='bbox 729 2369 992 2441; x_wconf 83' lang='lat' dir='ltr'><strong>inquam,</strong></span> <span class='ocrx_word' id='word_1_268' title='bbox 1027 2369 1123 2441; x_wconf 75' lang='grc' dir='ltr'><strong>[ει]</strong></span> <span class='ocrx_word' id='word_1_269' title='bbox 1154 2368 1400 2435; x_wconf 80' lang='lat' dir='ltr'><strong>Amulli,</strong></span> <span class='ocrx_word' id='word_1_270' title='bbox 1436 2368 1536 2440; x_wconf 88' lang='lat' dir='ltr'><strong>qui</strong></span> <span class='ocrx_word' id='word_1_271' title='bbox 1567 2385 1702 2424; x_wconf 90' lang='lat' dir='ltr'><strong>cum</strong></span> <span class='ocrx_word' id='word_1_272' title='bbox 1733 2385 1768 2424; x_wconf 88' lang='lat' dir='ltr'><strong>a</strong></span> <span class='ocrx_word' id='word_1_273' title='bbox 1795 2368 1970 2424; x_wconf 90' lang='lat' dir='ltr'><strong>Vero-</strong></span> 
     </span>
    </p>
   </div>
   <div class='ocr_carea' id='block_1_36' title="bbox 324 2457 1970 2530">
    <p class='ocr_par' dir='ltr' id='par_1_36' title="bbox 324 2457 1970 2530">
     <span class='ocr_line' id='line_1_36' title="bbox 324 2457 1970 2530; baseline -0.001 -16"><span class='ocrx_word' id='word_1_274' title='bbox 324 2459 606 2515; x_wconf 86' lang='lat' dir='ltr'><strong>nensibus</strong></span> <span class='ocrx_word' id='word_1_275' title='bbox 628 2459 906 2515; x_wconf 86' lang='lat' dir='ltr'><strong>invitatus</strong></span> <span class='ocrx_word' id='word_1_276' title='bbox 923 2462 1124 2516; x_wconf 86' lang='lat' dir='ltr'><strong>contra</strong></span> <span class='ocrx_word' id='word_1_277' title='bbox 1140 2457 1400 2530; x_wconf 85' lang='lat' dir='ltr'><strong>Ugonem</strong></span> <span class='ocrx_word' id='word_1_278' title='bbox 1424 2473 1619 2530; x_wconf 89' lang='lat' dir='ltr'><strong>regem</strong></span> <span class='ocrx_word' id='word_1_279' title='bbox 1641 2457 1970 2513; x_wconf 84' lang='lat' dir='ltr'><strong>descendis-</strong></span> 
     </span>
    </p>
   </div>
   <div class='ocr_carea' id='block_1_37' title="bbox 323 2545 1972 2619">
    <p class='ocr_par' dir='ltr' id='par_1_37' title="bbox 323 2545 1972 2619">
     <span class='ocr_line' id='line_1_37' title="bbox 323 2545 1972 2619; baseline -0.002 -15"><span class='ocrx_word' id='word_1_280' title='bbox 323 2552 412 2604; x_wconf 88' lang='lat' dir='ltr'><strong>set</strong></span> <span class='ocrx_word' id='word_1_281' title='bbox 440 2547 499 2603; x_wconf 90' lang='lat' dir='ltr'><strong>in</strong></span> <span class='ocrx_word' id='word_1_282' title='bbox 519 2546 766 2616; x_wconf 82' lang='lat' dir='ltr'><strong>Italiam,</strong></span> <span class='ocrx_word' id='word_1_283' title='bbox 791 2546 1060 2619; x_wconf 89' lang='lat' dir='ltr'><strong>pluribus</strong></span> <span class='ocrx_word' id='word_1_284' title='bbox 1081 2545 1341 2602; x_wconf 87' lang='lat' dir='ltr'><strong>Ratherii</strong></span> <span class='ocrx_word' id='word_1_285' title='bbox 1360 2545 1972 2616; x_wconf 86' lang='lat' dir='ltr'><strong>calamitatibus,quas</strong></span> 
     </span>
    </p>
   </div>
   <div class='ocr_carea' id='block_1_38' title="bbox 318 2634 1974 2710">
    <p class='ocr_par' dir='ltr' id='par_1_38' title="bbox 318 2634 1974 2710">
     <span class='ocr_line' id='line_1_38' title="bbox 318 2634 1974 2710; baseline -0.003 -17"><span class='ocrx_word' id='word_1_286' title='bbox 318 2636 722 2710; x_wconf 83' lang='lat' dir='ltr'><strong>exposuimus,</strong></span> <span class='ocrx_word' id='word_1_287' title='bbox 753 2636 1122 2692; x_wconf 85' lang='lat' dir='ltr'><strong>occasionem</strong></span> <span class='ocrx_word' id='word_1_288' title='bbox 1151 2634 1330 2690; x_wconf 87' lang='lat' dir='ltr'><strong>dedit.</strong></span> <span class='ocrx_word' id='word_1_289' title='bbox 1364 2635 1494 2690; x_wconf 79' lang='lat' dir='ltr'><strong>Haec</strong></span> <span class='ocrx_word' id='word_1_290' title='bbox 1548 2634 1782 2689; x_wconf 89' lang='lat' dir='ltr'><strong>Henrici</strong></span> <span class='ocrx_word' id='word_1_291' title='bbox 1831 2651 1974 2689; x_wconf 89' lang='lat' dir='ltr'><strong>uxor</strong></span> 
     </span>
    </p>
   </div>
   <div class='ocr_carea' id='block_1_39' title="bbox 318 2720 1970 2796">
    <p class='ocr_par' dir='ltr' id='par_1_39' title="bbox 318 2720 1970 2796">
     <span class='ocr_line' id='line_1_39' title="bbox 318 2720 1970 2796; baseline 0 -18"><span class='ocrx_word' id='word_1_292' title='bbox 318 2724 600 2780; x_wconf 88' lang='lat' dir='ltr'><strong>laudatur</strong></span> <span class='ocrx_word' id='word_1_293' title='bbox 627 2725 706 2795; x_wconf 93' lang='lat'><strong>(5)</strong></span> <span class='ocrx_word' id='word_1_294' title='bbox 739 2740 774 2779; x_wconf 89' lang='lat' dir='ltr'><strong>a</strong></span> <span class='ocrx_word' id='word_1_295' title='bbox 804 2722 1029 2791; x_wconf 89' lang='lat' dir='ltr'><strong>multis,</strong></span> <span class='ocrx_word' id='word_1_296' title='bbox 1064 2723 1383 2796; x_wconf 88' lang='lat' dir='ltr'><strong>genuitque</strong></span> <span class='ocrx_word' id='word_1_297' title='bbox 1403 2739 1472 2777; x_wconf 86' lang='lat' dir='ltr'><strong>ex</strong></span> <span class='ocrx_word' id='word_1_298' title='bbox 1493 2739 1558 2777; x_wconf 91' lang='lat' dir='ltr'><strong>eo</strong></span> <span class='ocrx_word' id='word_1_299' title='bbox 1585 2720 1897 2778; x_wconf 88' lang='lat' dir='ltr'><strong>Henricum</strong></span> <span class='ocrx_word' id='word_1_300' title='bbox 1922 2722 1970 2778; x_wconf 92' lang='lat' dir='ltr'><strong>II</strong></span> 
     </span>
    </p>
   </div>
   <div class='ocr_carea' id='block_1_40' title="bbox 318 2811 1966 2884">
    <p class='ocr_par' dir='ltr' id='par_1_40' title="bbox 318 2811 1966 2884">
     <span class='ocr_line' id='line_1_40' title="bbox 318 2811 1966 2884; baseline -0.001 -16"><span class='ocrx_word' id='word_1_301' title='bbox 318 2813 404 2880; x_wconf 86' lang='lat'><strong>(6)</strong></span> <span class='ocrx_word' id='word_1_302' title='bbox 431 2829 528 2868; x_wconf 91' lang='lat' dir='ltr'><strong>an.</strong></span> <span class='ocrx_word' id='word_1_303' title='bbox 559 2812 684 2866; x_wconf 88' lang='lat'><strong>951.</strong></span> <span class='ocrx_word' id='word_1_304' title='bbox 743 2811 988 2867; x_wconf 88' lang='lat' dir='ltr'><strong>Henrico</strong></span> <span class='ocrx_word' id='word_1_305' title='bbox 1047 2816 1212 2884; x_wconf 90' lang='lat' dir='ltr'><strong>patre</strong></span> <span class='ocrx_word' id='word_1_306' title='bbox 1261 2812 1378 2867; x_wconf 89' lang='lat' dir='ltr'><strong>vita</strong></span> <span class='ocrx_word' id='word_1_307' title='bbox 1419 2812 1616 2866; x_wconf 87' lang='lat' dir='ltr'><strong>functo</strong></span> <span class='ocrx_word' id='word_1_308' title='bbox 1661 2827 1812 2866; x_wconf 89' lang='lat' dir='ltr'><strong>anno</strong></span> <span class='ocrx_word' id='word_1_309' title='bbox 1841 2812 1966 2881; x_wconf 87' lang='lat'><strong>955,</strong></span> 
     </span>
    </p>
   </div>
   <div class='ocr_carea' id='block_1_41' title="bbox 318 2899 1965 2973">
    <p class='ocr_par' dir='ltr' id='par_1_41' title="bbox 318 2899 1965 2973">
     <span class='ocr_line' id='line_1_41' title="bbox 318 2899 1965 2973; baseline -0.001 -16"><span class='ocrx_word' id='word_1_310' title='bbox 318 2902 456 2958; x_wconf 88' lang='lat' dir='ltr'><strong>Otto</strong></span> <span class='ocrx_word' id='word_1_311' title='bbox 482 2917 581 2957; x_wconf 88' lang='lat' dir='ltr'><strong>rex</strong></span> <span class='ocrx_word' id='word_1_312' title='bbox 598 2901 846 2956; x_wconf 90' lang='lat' dir='ltr'><strong>Henrico</strong></span> <span class='ocrx_word' id='word_1_313' title='bbox 866 2901 915 2956; x_wconf 88' lang='lat' dir='ltr'><strong>II</strong></span> <span class='ocrx_word' id='word_1_314' title='bbox 948 2923 977 2950; x_wconf 86' lang='lat'><strong><em>«</em></strong></span> <span class='ocrx_word' id='word_1_315' title='bbox 1010 2905 1136 2973; x_wconf 81' lang='lat' dir='ltr'><strong>ejus</strong></span> <span class='ocrx_word' id='word_1_316' title='bbox 1169 2899 1285 2955; x_wconf 85' lang='lat' dir='ltr'><strong>ﬁlio</strong></span> <span class='ocrx_word' id='word_1_317' title='bbox 1316 2901 1592 2956; x_wconf 88' lang='lat' dir='ltr'><strong>ducatum</strong></span> <span class='ocrx_word' id='word_1_318' title='bbox 1622 2904 1679 2956; x_wconf 93' lang='lat' dir='ltr'><strong>et</strong></span> <span class='ocrx_word' id='word_1_319' title='bbox 1709 2917 1965 2956; x_wconf 89' lang='lat' dir='ltr'><strong>marcam</strong></span> 
     </span>
    </p>
   </div>
   <div class='ocr_carea' id='block_1_42' title="bbox 314 2988 1964 3061">
    <p class='ocr_par' dir='ltr' id='par_1_42' title="bbox 314 2988 1964 3061">
     <span class='ocr_line' id='line_1_42' title="bbox 314 2988 1964 3061; baseline 0 -15"><span class='ocrx_word' id='word_1_320' title='bbox 314 2990 498 3058; x_wconf 90' lang='lat' dir='ltr'><strong>dedit,</strong></span> <span class='ocrx_word' id='word_1_321' title='bbox 525 3012 555 3039; x_wconf 84' lang='grc'><strong><em>››</em></strong></span> <span class='ocrx_word' id='word_1_322' title='bbox 587 2994 650 3045; x_wconf 91' lang='lat' dir='ltr'><strong>ut</strong></span> <span class='ocrx_word' id='word_1_323' title='bbox 675 2989 1045 3046; x_wconf 86' lang='lat' dir='ltr'><strong>continuator</strong></span> <span class='ocrx_word' id='word_1_324' title='bbox 1068 2988 1386 3061; x_wconf 84' lang='lat' dir='ltr'><strong>Reginonis</strong></span> <span class='ocrx_word' id='word_1_325' title='bbox 1415 2993 1472 3044; x_wconf 91' lang='lat' dir='ltr'><strong>et</strong></span> <span class='ocrx_word' id='word_1_326' title='bbox 1501 2988 1794 3046; x_wconf 74' lang='lat' dir='ltr'><strong>annalists</strong></span> <span class='ocrx_word' id='word_1_327' title='bbox 1820 2994 1964 3046; x_wconf 88' lang='lat' dir='ltr'><strong>Saxo</strong></span> 
     </span>
    </p>
   </div>
   <div class='ocr_carea' id='block_1_43' title="bbox 315 3077 1967 3150">
    <p class='ocr_par' dir='ltr' id='par_1_43' title="bbox 315 3077 1967 3150">
     <span class='ocr_line' id='line_1_43' title="bbox 315 3077 1967 3150; baseline 0 -16"><span class='ocrx_word' id='word_1_328' title='bbox 315 3079 601 3146; x_wconf 89' lang='lat' dir='ltr'><strong>scribunt,</strong></span> <span class='ocrx_word' id='word_1_329' title='bbox 622 3079 895 3135; x_wconf 88' lang='lat' dir='ltr'><strong>eumdem</strong></span> <span class='ocrx_word' id='word_1_330' title='bbox 914 3078 1136 3135; x_wconf 83' lang='lat' dir='ltr'><strong>scilicet</strong></span> <span class='ocrx_word' id='word_1_331' title='bbox 1151 3077 1425 3150; x_wconf 84' lang='lat' dir='ltr'><strong>Bajoariae</strong></span> <span class='ocrx_word' id='word_1_332' title='bbox 1445 3079 1725 3136; x_wconf 88' lang='lat' dir='ltr'><strong>ducatum</strong></span> <span class='ocrx_word' id='word_1_333' title='bbox 1747 3082 1804 3135; x_wconf 90' lang='lat' dir='ltr'><strong>et</strong></span> <span class='ocrx_word' id='word_1_334' title='bbox 1820 3096 1967 3134; x_wconf 87' lang='lat' dir='ltr'><strong>mar-</strong></span> 
     </span>
    </p>
   </div>
   <div class='ocr_carea' id='block_1_44' title="bbox 2096 1657 3740 1735">
    <p class='ocr_par' dir='ltr' id='par_1_44' title="bbox 2096 1657 3740 1735">
     <span class='ocr_line' id='line_1_44' title="bbox 2096 1657 3740 1735; baseline 0.006 -23"><span class='ocrx_word' id='word_1_335' title='bbox 2096 1659 2364 1713; x_wconf 87' lang='lat' dir='ltr'><strong>terventu</strong></span> <span class='ocrx_word' id='word_1_336' title='bbox 2385 1657 2637 1715; x_wconf 87' lang='lat' dir='ltr'><strong>Heinrici</strong></span> <span class='ocrx_word' id='word_1_337' title='bbox 2653 1679 2680 1708; x_wconf 88' lang='grc'><strong>››</strong></span> <span class='ocrx_word' id='word_1_338' title='bbox 2699 1660 2940 1715; x_wconf 82' lang='lat' dir='ltr'><strong>secundi</strong></span> <span class='ocrx_word' id='word_1_339' title='bbox 2961 1659 3130 1716; x_wconf 89' lang='lat' dir='ltr'><strong>ducis</strong></span> <span class='ocrx_word' id='word_1_340' title='bbox 3145 1661 3396 1717; x_wconf 69' lang='lat' dir='ltr'><strong>Bavariae</strong></span> <span class='ocrx_word' id='word_1_341' title='bbox 3418 1685 3447 1713; x_wconf 83' lang='lat'><strong>«</strong></span> <span class='ocrx_word' id='word_1_342' title='bbox 3473 1665 3740 1735; x_wconf 66' lang='lat' dir='ltr'><strong>quaedam</strong></span> 
     </span>
    </p>
   </div>
   <div class='ocr_carea' id='block_1_45' title="bbox 2095 1746 3742 1820">
    <p class='ocr_par' dir='ltr' id='par_1_45' title="bbox 2095 1746 3742 1820">
     <span class='ocr_line' id='line_1_45' title="bbox 2095 1746 3742 1820; baseline 0.005 -19"><span class='ocrx_word' id='word_1_343' title='bbox 2095 1748 2290 1818; x_wconf 90' lang='lat' dir='ltr'><strong>partes</strong></span> <span class='ocrx_word' id='word_1_344' title='bbox 2321 1746 2445 1802; x_wconf 69' lang='lat' dir='ltr'><strong>sita:</strong></span> <span class='ocrx_word' id='word_1_345' title='bbox 2467 1747 2526 1802; x_wconf 90' lang='lat' dir='ltr'><strong>in</strong></span> <span class='ocrx_word' id='word_1_346' title='bbox 2558 1747 2774 1804; x_wconf 80' lang='lat' dir='ltr'><strong>ducatu</strong></span> <span class='ocrx_word' id='word_1_347' title='bbox 2809 1747 3029 1820; x_wconf 73' lang='lat' dir='ltr'><strong>praefati</strong></span> <span class='ocrx_word' id='word_1_348' title='bbox 3060 1748 3250 1817; x_wconf 86' lang='lat' dir='ltr'><strong>ducis,</strong></span> <span class='ocrx_word' id='word_1_349' title='bbox 3286 1753 3344 1804; x_wconf 89' lang='lat' dir='ltr'><strong>et</strong></span> <span class='ocrx_word' id='word_1_350' title='bbox 3370 1749 3442 1805; x_wconf 67' lang='lat' dir='ltr'><strong>in”</strong></span> <span class='ocrx_word' id='word_1_351' title='bbox 3463 1751 3742 1809; x_wconf 88' lang='lat' dir='ltr'><strong>comitatu</strong></span> 
     </span>
    </p>
   </div>
   <div class='ocr_carea' id='block_1_46' title="bbox 2087 1834 3742 1908">
    <p class='ocr_par' dir='ltr' id='par_1_46' title="bbox 2087 1834 3742 1908">
     <span class='ocr_line' id='line_1_46' title="bbox 2087 1834 3742 1908; baseline 0.005 -19"><span class='ocrx_word' id='word_1_352' title='bbox 2087 1834 2360 1907; x_wconf 89' lang='lat' dir='ltr'><strong>Poponis,</strong></span> <span class='ocrx_word' id='word_1_353' title='bbox 2394 1836 2552 1908; x_wconf 88' lang='lat' dir='ltr'><strong>quod</strong></span> <span class='ocrx_word' id='word_1_354' title='bbox 2581 1835 2850 1893; x_wconf 86' lang='lat' dir='ltr'><strong>Carniola</strong></span> <span class='ocrx_word' id='word_1_355' title='bbox 2876 1841 3138 1894; x_wconf 79' lang='lat' dir='ltr'><strong>vocatur.</strong></span> <span class='ocrx_word' id='word_1_356' title='bbox 3175 1859 3205 1887; x_wconf 85' lang='lat'><strong>»</strong></span> <span class='ocrx_word' id='word_1_357' title='bbox 3239 1836 3300 1894; x_wconf 88' lang='lat' dir='ltr'><strong>Si</strong></span> <span class='ocrx_word' id='word_1_358' title='bbox 3329 1838 3596 1897; x_wconf 84' lang='lat' dir='ltr'><strong>Carniola</strong></span> <span class='ocrx_word' id='word_1_359' title='bbox 3631 1841 3742 1898; x_wconf 86' lang='lat' dir='ltr'><strong>Ca-</strong></span> 
     </span>
    </p>
   </div>
   <div class='ocr_carea' id='block_1_47' title="bbox 2087 1925 3742 1998">
    <p class='ocr_par' dir='ltr' id='par_1_47' title="bbox 2087 1925 3742 1998">
     <span class='ocr_line' id='line_1_47' title="bbox 2087 1925 3742 1998; baseline 0.006 -20"><span class='ocrx_word' id='word_1_360' title='bbox 2087 1925 2365 1980; x_wconf 72' lang='lat' dir='ltr'><strong>rantaniaa</strong></span> <span class='ocrx_word' id='word_1_361' title='bbox 2397 1942 2534 1998; x_wconf 88' lang='lat' dir='ltr'><strong>pars</strong></span> <span class='ocrx_word' id='word_1_362' title='bbox 2582 1930 2708 1982; x_wconf 87' lang='lat' dir='ltr'><strong>erat</strong></span> <span class='ocrx_word' id='word_1_363' title='bbox 2737 1927 2797 1981; x_wconf 90' lang='lat' dir='ltr'><strong>in</strong></span> <span class='ocrx_word' id='word_1_364' title='bbox 2837 1926 3119 1982; x_wconf 88' lang='lat' dir='ltr'><strong>comitatu</strong></span> <span class='ocrx_word' id='word_1_365' title='bbox 3178 1927 3444 1998; x_wconf 70' lang='lat' dir='ltr'><strong>subiecto</strong></span> <span class='ocrx_word' id='word_1_366' title='bbox 3501 1930 3742 1988; x_wconf 88' lang='lat' dir='ltr'><strong>ducatui</strong></span> 
     </span>
    </p>
   </div>
   <div class='ocr_carea' id='block_1_48' title="bbox 2088 2013 3740 2088">
    <p class='ocr_par' dir='ltr' id='par_1_48' title="bbox 2088 2013 3740 2088">
     <span class='ocr_line' id='line_1_48' title="bbox 2088 2013 3740 2088; baseline 0.004 -19"><span class='ocrx_word' id='word_1_367' title='bbox 2088 2013 2313 2070; x_wconf 84' lang='lat' dir='ltr'><strong>llenrici</strong></span> <span class='ocrx_word' id='word_1_368' title='bbox 2346 2014 2513 2070; x_wconf 90' lang='lat' dir='ltr'><strong>ducis</strong></span> <span class='ocrx_word' id='word_1_369' title='bbox 2543 2014 2819 2082; x_wconf 71' lang='lat' dir='ltr'><strong>Bavarize,</strong></span> <span class='ocrx_word' id='word_1_370' title='bbox 2854 2015 3204 2072; x_wconf 85' lang='lat' dir='ltr'><strong>Carantania</strong></span> <span class='ocrx_word' id='word_1_371' title='bbox 3233 2015 3437 2088; x_wconf 86' lang='lat' dir='ltr'><strong>utique</strong></span> <span class='ocrx_word' id='word_1_372' title='bbox 3466 2019 3539 2073; x_wconf 88' lang='lat' dir='ltr'><strong>ad</strong></span> <span class='ocrx_word' id='word_1_373' title='bbox 3573 2036 3740 2076; x_wconf 85' lang='lat' dir='ltr'><strong>eum-</strong></span> 
     </span>
    </p>
   </div>
   <div class='ocr_carea' id='block_1_49' title="bbox 2082 2103 3737 2178">
    <p class='ocr_par' dir='ltr' id='par_1_49' title="bbox 2082 2103 3737 2178">
     <span class='ocr_line' id='line_1_49' title="bbox 2082 2103 3737 2178; baseline 0.005 -20"><span class='ocrx_word' id='word_1_374' title='bbox 2082 2103 2214 2159; x_wconf 89' lang='lat' dir='ltr'><strong>dem</strong></span> <span class='ocrx_word' id='word_1_375' title='bbox 2241 2104 2522 2160; x_wconf 89' lang='lat' dir='ltr'><strong>ducatum</strong></span> <span class='ocrx_word' id='word_1_376' title='bbox 2556 2104 2906 2177; x_wconf 88' lang='lat' dir='ltr'><strong>pertinebat.</strong></span> <span class='ocrx_word' id='word_1_377' title='bbox 2929 2107 3096 2162; x_wconf 89' lang='lat' dir='ltr'><strong>Anno</strong></span> <span class='ocrx_word' id='word_1_378' title='bbox 3127 2107 3394 2178; x_wconf 87' lang='lat' dir='ltr'><strong>sequenti</strong></span> <span class='ocrx_word' id='word_1_379' title='bbox 3425 2108 3551 2176; x_wconf 85' lang='lat'><strong>975,</strong></span> <span class='ocrx_word' id='word_1_380' title='bbox 3585 2109 3737 2167; x_wconf 89' lang='lat' dir='ltr'><strong>bello</strong></span> 
     </span>
    </p>
   </div>
   <div class='ocr_carea' id='block_1_50' title="bbox 2080 2193 3730 2270">
    <p class='ocr_par' dir='ltr' id='par_1_50' title="bbox 2080 2193 3730 2270">
     <span class='ocr_line' id='line_1_50' title="bbox 2080 2193 3730 2270; baseline 0.005 -22"><span class='ocrx_word' id='word_1_381' title='bbox 2080 2198 2277 2250; x_wconf 86' lang='lat' dir='ltr'><strong>exorto</strong></span> <span class='ocrx_word' id='word_1_382' title='bbox 2297 2193 2449 2248; x_wconf 88' lang='lat' dir='ltr'><strong>inter</strong></span> <span class='ocrx_word' id='word_1_383' title='bbox 2466 2193 2782 2252; x_wconf 87' lang='lat' dir='ltr'><strong>Henricum</strong></span> <span class='ocrx_word' id='word_1_384' title='bbox 2805 2193 2853 2249; x_wconf 92' lang='lat' dir='ltr'><strong>lI</strong></span> <span class='ocrx_word' id='word_1_385' title='bbox 2873 2198 2931 2250; x_wconf 87' lang='lat' dir='ltr'><strong>et</strong></span> <span class='ocrx_word' id='word_1_386' title='bbox 2951 2194 3224 2252; x_wconf 90' lang='lat' dir='ltr'><strong>Ottonem</strong></span> <span class='ocrx_word' id='word_1_387' title='bbox 3247 2193 3730 2270; x_wconf 89' lang='lat' dir='ltr'><strong>Alemannorum,</strong></span> 
     </span>
    </p>
   </div>
   <div class='ocr_carea' id='block_1_51' title="bbox 2081 2280 3727 2357">
    <p class='ocr_par' dir='ltr' id='par_1_51' title="bbox 2081 2280 3727 2357">
     <span class='ocr_line' id='line_1_51' title="bbox 2081 2280 3727 2357; baseline 0.005 -20"><span class='ocrx_word' id='word_1_388' title='bbox 2081 2297 2184 2337; x_wconf 91' lang='lat' dir='ltr'><strong>seu</strong></span> <span class='ocrx_word' id='word_1_389' title='bbox 2213 2280 2428 2338; x_wconf 69' lang='lat' dir='ltr'><strong>Sueviaz</strong></span> <span class='ocrx_word' id='word_1_390' title='bbox 2459 2282 2690 2348; x_wconf 90' lang='lat' dir='ltr'><strong>ducem,</strong></span> <span class='ocrx_word' id='word_1_391' title='bbox 2739 2282 2870 2338; x_wconf 88' lang='lat' dir='ltr'><strong>Otto</strong></span> <span class='ocrx_word' id='word_1_392' title='bbox 2901 2282 2948 2339; x_wconf 93' lang='lat' dir='ltr'><strong>II</strong></span> <span class='ocrx_word' id='word_1_393' title='bbox 2997 2283 3336 2356; x_wconf 86' lang='lat' dir='ltr'><strong>imperator,</strong></span> <span class='ocrx_word' id='word_1_394' title='bbox 3388 2285 3491 2357; x_wconf 90' lang='lat' dir='ltr'><strong>qui</strong></span> <span class='ocrx_word' id='word_1_395' title='bbox 3530 2287 3727 2346; x_wconf 88' lang='lat' dir='ltr'><strong>Ottoni</strong></span> 
     </span>
    </p>
   </div>
   <div class='ocr_carea' id='block_1_52' title="bbox 2079 2369 3728 2442">
    <p class='ocr_par' dir='ltr' id='par_1_52' title="bbox 2079 2369 3728 2442">
     <span class='ocr_line' id='line_1_52' title="bbox 2079 2369 3728 2442; baseline 0.007 -20"><span class='ocrx_word' id='word_1_396' title='bbox 2079 2369 2215 2424; x_wconf 91' lang='lat' dir='ltr'><strong>duci</strong></span> <span class='ocrx_word' id='word_1_397' title='bbox 2247 2370 2490 2436; x_wconf 85' lang='lat' dir='ltr'><strong>favebat,</strong></span> <span class='ocrx_word' id='word_1_398' title='bbox 2541 2369 2857 2426; x_wconf 89' lang='lat' dir='ltr'><strong>Henricum</strong></span> <span class='ocrx_word' id='word_1_399' title='bbox 2887 2371 3058 2442; x_wconf 88' lang='lat' dir='ltr'><strong>cepit,</strong></span> <span class='ocrx_word' id='word_1_400' title='bbox 3109 2376 3166 2428; x_wconf 90' lang='lat' dir='ltr'><strong>et</strong></span> <span class='ocrx_word' id='word_1_401' title='bbox 3195 2389 3348 2428; x_wconf 90' lang='lat' dir='ltr'><strong>anno</strong></span> <span class='ocrx_word' id='word_1_402' title='bbox 3376 2374 3482 2428; x_wconf 88' lang='lat'><strong>976</strong></span> <span class='ocrx_word' id='word_1_403' title='bbox 3510 2375 3728 2434; x_wconf 88' lang='lat' dir='ltr'><strong>ducatu</strong></span> 
     </span>
    </p>
   </div>
   <div class='ocr_carea' id='block_1_53' title="bbox 2081 2457 3729 2530">
    <p class='ocr_par' dir='ltr' id='par_1_53' title="bbox 2081 2457 3729 2530">
     <span class='ocr_line' id='line_1_53' title="bbox 2081 2457 3729 2530; baseline 0.005 -18"><span class='ocrx_word' id='word_1_404' title='bbox 2081 2457 2326 2528; x_wconf 88' lang='lat' dir='ltr'><strong>privavit</strong></span> <span class='ocrx_word' id='word_1_405' title='bbox 2353 2457 2579 2530; x_wconf 86' lang='lat' dir='ltr'><strong>(Annal.</strong></span> <span class='ocrx_word' id='word_1_406' title='bbox 2601 2461 2771 2524; x_wconf 86' lang='lat' dir='ltr'><strong>Saxo,</strong></span> <span class='ocrx_word' id='word_1_407' title='bbox 2798 2461 2858 2513; x_wconf 80' lang='lat' dir='ltr'><strong>in</strong></span> <span class='ocrx_word' id='word_1_408' title='bbox 2881 2458 3128 2528; x_wconf 82' lang='lat' dir='ltr'><strong>Chron.).</strong></span> <span class='ocrx_word' id='word_1_409' title='bbox 3155 2460 3322 2515; x_wconf 91' lang='lat' dir='ltr'><strong>Tunc</strong></span> <span class='ocrx_word' id='word_1_410' title='bbox 3341 2461 3647 2517; x_wconf 65' lang='lat' dir='ltr'><strong>Carinthiaa</strong></span> <span class='ocrx_word' id='word_1_411' title='bbox 3671 2469 3729 2521; x_wconf 88' lang='lat' dir='ltr'><strong>et</strong></span> 
     </span>
    </p>
   </div>
   <div class='ocr_carea' id='block_1_54' title="bbox 2082 2544 3730 2623">
    <p class='ocr_par' dir='ltr' id='par_1_54' title="bbox 2082 2544 3730 2623">
     <span class='ocr_line' id='line_1_54' title="bbox 2082 2544 3730 2623; baseline 0.004 -22"><span class='ocrx_word' id='word_1_412' title='bbox 2082 2545 2359 2616; x_wconf 80' lang='lat' dir='ltr'><strong>Bajoariae</strong></span> <span class='ocrx_word' id='word_1_413' title='bbox 2381 2546 2629 2602; x_wconf 82' lang='lat' dir='ltr'><strong>ducatus</strong></span> <span class='ocrx_word' id='word_1_414' title='bbox 2649 2544 3122 2618; x_wconf 72' lang='lat' dir='ltr'><strong>divisi.Baj0arisa</strong></span> <span class='ocrx_word' id='word_1_415' title='bbox 3137 2546 3254 2602; x_wconf 83' lang='lat' dir='ltr'><strong>dux</strong></span> <span class='ocrx_word' id='word_1_416' title='bbox 3275 2551 3505 2604; x_wconf 87' lang='lat' dir='ltr'><strong>creatus</strong></span> <span class='ocrx_word' id='word_1_417' title='bbox 3525 2566 3730 2623; x_wconf 87' lang='lat' dir='ltr'><strong>supra-</strong></span> 
     </span>
    </p>
   </div>
   <div class='ocr_carea' id='block_1_55' title="bbox 2081 2634 3726 2712">
    <p class='ocr_par' dir='ltr' id='par_1_55' title="bbox 2081 2634 3726 2712">
     <span class='ocr_line' id='line_1_55' title="bbox 2081 2634 3726 2712; baseline 0.004 -23"><span class='ocrx_word' id='word_1_418' title='bbox 2081 2634 2272 2689; x_wconf 89' lang='lat' dir='ltr'><strong>dictus</strong></span> <span class='ocrx_word' id='word_1_419' title='bbox 2293 2634 2424 2690; x_wconf 89' lang='lat' dir='ltr'><strong>Otto</strong></span> <span class='ocrx_word' id='word_1_420' title='bbox 2445 2634 2904 2692; x_wconf 80' lang='lat' dir='ltr'><strong>Alamannorum</strong></span> <span class='ocrx_word' id='word_1_421' title='bbox 2918 2634 3288 2692; x_wconf 78' lang='lat' dir='ltr'><strong>duxLiutulii</strong></span> <span class='ocrx_word' id='word_1_422' title='bbox 3306 2634 3485 2705; x_wconf 82' lang='lat' dir='ltr'><strong>filius;</strong></span> <span class='ocrx_word' id='word_1_423' title='bbox 3509 2655 3576 2695; x_wconf 91' lang='lat' dir='ltr'><strong>ac</strong></span> <span class='ocrx_word' id='word_1_424' title='bbox 3593 2656 3726 2712; x_wconf 90' lang='lat' dir='ltr'><strong>pro-</strong></span> 
     </span>
    </p>
   </div>
   <div class='ocr_carea' id='block_1_56' title="bbox 2078 2723 3724 2798">
    <p class='ocr_par' dir='ltr' id='par_1_56' title="bbox 2078 2723 3724 2798">
     <span class='ocr_line' id='line_1_56' title="bbox 2078 2723 3724 2798; baseline 0.004 -19"><span class='ocrx_word' id='word_1_425' title='bbox 2078 2726 2276 2795; x_wconf 90' lang='lat' dir='ltr'><strong>pterea</strong></span> <span class='ocrx_word' id='word_1_426' title='bbox 2301 2723 2359 2778; x_wconf 90' lang='lat' dir='ltr'><strong>in</strong></span> <span class='ocrx_word' id='word_1_427' title='bbox 2390 2723 2524 2778; x_wconf 89' lang='lat' dir='ltr'><strong>Vita</strong></span> <span class='ocrx_word' id='word_1_428' title='bbox 2551 2725 2609 2780; x_wconf 91' lang='lat' dir='ltr'><strong>S.</strong></span> <span class='ocrx_word' id='word_1_429' title='bbox 2644 2723 2899 2779; x_wconf 87' lang='lat' dir='ltr'><strong>Udalrici</strong></span> <span class='ocrx_word' id='word_1_430' title='bbox 2921 2724 3180 2796; x_wconf 88' lang='lat' dir='ltr'><strong>episcopi</strong></span> <span class='ocrx_word' id='word_1_431' title='bbox 3208 2726 3534 2798; x_wconf 84' lang='lat' dir='ltr'><strong>Augustani</strong></span> <span class='ocrx_word' id='word_1_432' title='bbox 3557 2745 3724 2787; x_wconf 90' lang='lat' dir='ltr'><strong>num.</strong></span> 
     </span>
    </p>
   </div>
   <div class='ocr_carea' id='block_1_57' title="bbox 2077 2812 3722 2881">
    <p class='ocr_par' dir='ltr' id='par_1_57' title="bbox 2077 2812 3722 2881">
     <span class='ocr_line' id='line_1_57' title="bbox 2077 2812 3722 2881; baseline 0.005 -15"><span class='ocrx_word' id='word_1_433' title='bbox 2077 2814 2166 2881; x_wconf 92' lang='lat'><strong>80,</strong></span> <span class='ocrx_word' id='word_1_434' title='bbox 2201 2812 2352 2867; x_wconf 91' lang='lat' dir='ltr'><strong>idem</strong></span> <span class='ocrx_word' id='word_1_435' title='bbox 2385 2812 2517 2869; x_wconf 88' lang='lat' dir='ltr'><strong>Otto</strong></span> <span class='ocrx_word' id='word_1_436' title='bbox 2545 2816 2788 2868; x_wconf 88' lang='lat' dir='ltr'><strong>vocatur</strong></span> <span class='ocrx_word' id='word_1_437' title='bbox 2835 2834 2864 2862; x_wconf 89' lang='lat'><strong>«</strong></span> <span class='ocrx_word' id='word_1_438' title='bbox 2885 2813 3004 2868; x_wconf 86' lang='lat' dir='ltr'><strong>dux</strong></span> <span class='ocrx_word' id='word_1_439' title='bbox 3031 2812 3493 2874; x_wconf 87' lang='lat' dir='ltr'><strong>Alamannorum</strong></span> <span class='ocrx_word' id='word_1_440' title='bbox 3525 2821 3580 2873; x_wconf 90' lang='lat' dir='ltr'><strong>et</strong></span> <span class='ocrx_word' id='word_1_441' title='bbox 3612 2819 3722 2875; x_wconf 69' lang='lat' dir='ltr'><strong>Ba~</strong></span> 
     </span>
    </p>
   </div>
   <div class='ocr_carea' id='block_1_58' title="bbox 2075 2901 3724 2974">
    <p class='ocr_par' dir='ltr' id='par_1_58' title="bbox 2075 2901 3724 2974">
     <span class='ocr_line' id='line_1_58' title="bbox 2075 2901 3724 2974; baseline 0.004 -16"><span class='ocrx_word' id='word_1_442' title='bbox 2075 2901 2388 2968; x_wconf 88' lang='lat' dir='ltr'><strong>variorum,</strong></span> <span class='ocrx_word' id='word_1_443' title='bbox 2411 2902 2657 2959; x_wconf 90' lang='lat' dir='ltr'><strong>Henrico</strong></span> <span class='ocrx_word' id='word_1_444' title='bbox 2687 2901 2968 2974; x_wconf 90' lang='lat' dir='ltr'><strong>deposito.</strong></span> <span class='ocrx_word' id='word_1_445' title='bbox 2995 2923 3024 2952; x_wconf 82' lang='lat'>»</span> <span class='ocrx_word' id='word_1_446' title='bbox 3051 2901 3358 2960; x_wconf 72' lang='lat' dir='ltr'><strong>Carinthize</strong></span> <span class='ocrx_word' id='word_1_447' title='bbox 3381 2921 3515 2962; x_wconf 88' lang='lat' dir='ltr'><strong>vero</strong></span> <span class='ocrx_word' id='word_1_448' title='bbox 3545 2906 3724 2964; x_wconf 90' lang='lat' dir='ltr'><strong>duca-</strong></span> 
     </span>
    </p>
   </div>
   <div class='ocr_carea' id='block_1_59' title="bbox 2077 2990 3723 3067">
    <p class='ocr_par' dir='ltr' id='par_1_59' title="bbox 2077 2990 3723 3067">
     <span class='ocr_line' id='line_1_59' title="bbox 2077 2990 3723 3067; baseline 0.004 -22"><span class='ocrx_word' id='word_1_449' title='bbox 2077 2995 2174 3046; x_wconf 91' lang='lat' dir='ltr'><strong>tus</strong></span> <span class='ocrx_word' id='word_1_450' title='bbox 2203 2991 2448 3046; x_wconf 86' lang='lat' dir='ltr'><strong>Henrico</strong></span> <span class='ocrx_word' id='word_1_451' title='bbox 2502 2991 2755 3058; x_wconf 84' lang='lat' dir='ltr'><strong>Bertolli,</strong></span> <span class='ocrx_word' id='word_1_452' title='bbox 2802 3007 2905 3046; x_wconf 92' lang='lat' dir='ltr'><strong>seu</strong></span> <span class='ocrx_word' id='word_1_453' title='bbox 2965 2990 3216 3049; x_wconf 91' lang='lat' dir='ltr'><strong>Bertoldi</strong></span> <span class='ocrx_word' id='word_1_454' title='bbox 3245 2991 3384 3049; x_wconf 87' lang='lat' dir='ltr'><strong>olim</strong></span> <span class='ocrx_word' id='word_1_455' title='bbox 3444 2995 3723 3067; x_wconf 67' lang='lat' dir='ltr'><strong>Bajoarim</strong></span> 
     </span>
    </p>
   </div>
   <div class='ocr_carea' id='block_1_60' title="bbox 2074 3079 3724 3152">
    <p class='ocr_par' dir='ltr' id='par_1_60' title="bbox 2074 3079 3724 3152">
     <span class='ocr_line' id='line_1_60' title="bbox 2074 3079 3724 3152; baseline 0.004 -18"><span class='ocrx_word' id='word_1_456' title='bbox 2074 3079 2240 3135; x_wconf 91' lang='lat' dir='ltr'><strong>ducis</strong></span> <span class='ocrx_word' id='word_1_457' title='bbox 2270 3079 2391 3135; x_wconf 81' lang='lat' dir='ltr'><strong>ﬁlio</strong></span> <span class='ocrx_word' id='word_1_458' title='bbox 2416 3081 2668 3136; x_wconf 90' lang='lat' dir='ltr'><strong>traditus</strong></span> <span class='ocrx_word' id='word_1_459' title='bbox 2699 3079 2810 3135; x_wconf 88' lang='lat' dir='ltr'><strong>fuit</strong></span> <span class='ocrx_word' id='word_1_460' title='bbox 2835 3098 2850 3148; x_wconf 87' lang='lat'><strong>;</strong></span> <span class='ocrx_word' id='word_1_461' title='bbox 2882 3097 2949 3135; x_wconf 89' lang='lat' dir='ltr'><strong>ao</strong></span> <span class='ocrx_word' id='word_1_462' title='bbox 2977 3085 3283 3152; x_wconf 88' lang='lat' dir='ltr'><strong>propterea</strong></span> <span class='ocrx_word' id='word_1_463' title='bbox 3312 3081 3409 3138; x_wconf 89' lang='lat' dir='ltr'><strong>hic</strong></span> <span class='ocrx_word' id='word_1_464' title='bbox 3438 3083 3724 3142; x_wconf 77' lang='lat' dir='ltr'><strong>Henricus</strong></span> 
     </span>
    </p>
   </div>
   <div class='ocr_carea' id='block_1_61' title="bbox 316 3153 3726 3242">
    <p class='ocr_par' dir='ltr' id='par_1_61' title="bbox 316 3153 3726 3242">
     <span class='ocr_line' id='line_1_61' title="bbox 316 3153 3726 3242; baseline 0.001 -18"><span class='ocrx_word' id='word_1_465' title='bbox 316 3185 446 3224; x_wconf 88' lang='lat' dir='ltr'><strong>cam</strong></span> <span class='ocrx_word' id='word_1_466' title='bbox 463 3167 1112 3239; x_wconf 87' lang='lat' dir='ltr'><strong>Veronensem,quibus</strong></span> <span class='ocrx_word' id='word_1_467' title='bbox 1133 3173 1297 3240; x_wconf 88' lang='lat' dir='ltr'><strong>pater</strong></span> <span class='ocrx_word' id='word_1_468' title='bbox 1311 3169 1440 3239; x_wconf 85' lang='lat' dir='ltr'><strong>ejus</strong></span> <span class='ocrx_word' id='word_1_469' title='bbox 1453 3168 1524 3224; x_wconf 90' lang='lat' dir='ltr'><strong>ab</strong></span> <span class='ocrx_word' id='word_1_470' title='bbox 1542 3169 1744 3224; x_wconf 89' lang='lat' dir='ltr'><strong>eodem</strong></span> <span class='ocrx_word' id='word_1_471' title='bbox 1759 3169 1966 3224; x_wconf 90' lang='lat' dir='ltr'><strong>Ottone</strong></span> <span class='ocrx_word' id='word_1_472' title='bbox 1995 3153 2040 3222; x_wconf 76' lang='grc' dir='ltr'>Ο</span> <span class='ocrx_word' id='word_1_473' title='bbox 2078 3167 2136 3223; x_wconf 84' lang='lat' dir='ltr'><strong>in</strong></span> <span class='ocrx_word' id='word_1_474' title='bbox 2169 3168 2484 3240; x_wconf 86' lang='lat' dir='ltr'><strong>diplomate</strong></span> <span class='ocrx_word' id='word_1_475' title='bbox 2526 3169 2754 3225; x_wconf 87' lang='lat' dir='ltr'><strong>Ottonis</strong></span> <span class='ocrx_word' id='word_1_476' title='bbox 2784 3169 2831 3224; x_wconf 91' lang='lat' dir='ltr'><strong>II</strong></span> <span class='ocrx_word' id='word_1_477' title='bbox 2859 3169 2999 3225; x_wconf 89' lang='lat' dir='ltr'><strong>anni</strong></span> <span class='ocrx_word' id='word_1_478' title='bbox 3043 3171 3169 3238; x_wconf 91' lang='lat'><strong>977,</strong></span> <span class='ocrx_word' id='word_1_479' title='bbox 3207 3170 3361 3242; x_wconf 89' lang='lat' dir='ltr'><strong>quod</strong></span> <span class='ocrx_word' id='word_1_480' title='bbox 3392 3170 3452 3226; x_wconf 91' lang='lat' dir='ltr'><strong>in</strong></span> <span class='ocrx_word' id='word_1_481' title='bbox 3480 3173 3726 3228; x_wconf 84' lang='lat' dir='ltr'><strong>Addita-</strong></span> 
     </span>
    </p>
   </div>
   <div class='ocr_carea' id='block_1_62' title="bbox 314 3255 1967 3329">
    <p class='ocr_par' dir='ltr' id='par_1_62' title="bbox 314 3255 1967 3329">
     <span class='ocr_line' id='line_1_62' title="bbox 314 3255 1967 3329; baseline -0.001 -16"><span class='ocrx_word' id='word_1_482' title='bbox 314 3258 567 3314; x_wconf 85' lang='lat' dir='ltr'><strong>donatus</strong></span> <span class='ocrx_word' id='word_1_483' title='bbox 617 3257 823 3312; x_wconf 86' lang='lat' dir='ltr'><strong>fuerat.</strong></span> <span class='ocrx_word' id='word_1_484' title='bbox 857 3261 1001 3313; x_wconf 88' lang='lat' dir='ltr'><strong>Cum</strong></span> <span class='ocrx_word' id='word_1_485' title='bbox 1032 3273 1204 3329; x_wconf 93' lang='lat' dir='ltr'><strong>porro</strong></span> <span class='ocrx_word' id='word_1_486' title='bbox 1259 3256 1369 3312; x_wconf 92' lang='lat' dir='ltr'><strong>hoc</strong></span> <span class='ocrx_word' id='word_1_487' title='bbox 1402 3274 1555 3313; x_wconf 89' lang='lat' dir='ltr'><strong>anno</strong></span> <span class='ocrx_word' id='word_1_488' title='bbox 1584 3258 1711 3323; x_wconf 88' lang='grc'><strong>955,</strong></span> <span class='ocrx_word' id='word_1_489' title='bbox 1744 3263 1800 3313; x_wconf 92' lang='lat' dir='ltr'><strong>et</strong></span> <span class='ocrx_word' id='word_1_490' title='bbox 1854 3255 1967 3312; x_wconf 86' lang='lat' dir='ltr'><strong>ali-</strong></span> 
     </span>
    </p>
   </div>
   <div class='ocr_carea' id='block_1_63' title="bbox 317 3345 1966 3419">
    <p class='ocr_par' dir='ltr' id='par_1_63' title="bbox 317 3345 1966 3419">
     <span class='ocr_line' id='line_1_63' title="bbox 317 3345 1966 3419; baseline 0.001 -18"><span class='ocrx_word' id='word_1_491' title='bbox 317 3346 579 3418; x_wconf 88' lang='lat' dir='ltr'><strong>quandiu</strong></span> <span class='ocrx_word' id='word_1_492' title='bbox 611 3347 786 3402; x_wconf 89' lang='lat' dir='ltr'><strong>etiam</strong></span> <span class='ocrx_word' id='word_1_493' title='bbox 819 3350 949 3418; x_wconf 89' lang='lat' dir='ltr'><strong>post</strong></span> <span class='ocrx_word' id='word_1_494' title='bbox 978 3345 1152 3402; x_wconf 89' lang='lat' dir='ltr'><strong>hasce</strong></span> <span class='ocrx_word' id='word_1_495' title='bbox 1184 3350 1414 3403; x_wconf 89' lang='lat' dir='ltr'><strong>nostras</strong></span> <span class='ocrx_word' id='word_1_496' title='bbox 1457 3345 1721 3419; x_wconf 83' lang='lat' dir='ltr'><strong>regiones</strong></span> <span class='ocrx_word' id='word_1_497' title='bbox 1755 3351 1966 3403; x_wconf 87' lang='lat' dir='ltr'><strong>Beren-</strong></span> 
     </span>
    </p>
   </div>
   <div class='ocr_carea' id='block_1_64' title="bbox 319 3433 1962 3509">
    <p class='ocr_par' dir='ltr' id='par_1_64' title="bbox 319 3433 1962 3509">
     <span class='ocr_line' id='line_1_64' title="bbox 319 3433 1962 3509; baseline 0.001 -19"><span class='ocrx_word' id='word_1_498' title='bbox 319 3436 519 3509; x_wconf 89' lang='lat' dir='ltr'><strong>garius</strong></span> <span class='ocrx_word' id='word_1_499' title='bbox 550 3440 610 3492; x_wconf 89' lang='lat' dir='ltr'><strong>et</strong></span> <span class='ocrx_word' id='word_1_500' title='bbox 658 3433 1005 3492; x_wconf 89' lang='lat' dir='ltr'><strong>Adelbertus</strong></span> <span class='ocrx_word' id='word_1_501' title='bbox 1056 3440 1354 3504; x_wconf 89' lang='lat' dir='ltr'><strong>tenerent;</strong></span> <span class='ocrx_word' id='word_1_502' title='bbox 1414 3436 1697 3492; x_wconf 87' lang='lat' dir='ltr'><strong>Henricus</strong></span> <span class='ocrx_word' id='word_1_503' title='bbox 1729 3437 1777 3492; x_wconf 93' lang='lat' dir='ltr'><strong>II</strong></span> <span class='ocrx_word' id='word_1_504' title='bbox 1810 3455 1962 3492; x_wconf 89' lang='lat' dir='ltr'><strong>mar-</strong></span> 
     </span>
    </p>
   </div>
   <div class='ocr_carea' id='block_1_65' title="bbox 317 3524 1966 3597">
    <p class='ocr_par' dir='ltr' id='par_1_65' title="bbox 317 3524 1966 3597">
     <span class='ocr_line' id='line_1_65' title="bbox 317 3524 1966 3597; baseline 0 -17"><span class='ocrx_word' id='word_1_505' title='bbox 317 3524 511 3580; x_wconf 89' lang='lat' dir='ltr'><strong>chiam</strong></span> <span class='ocrx_word' id='word_1_506' title='bbox 541 3525 934 3580; x_wconf 82' lang='lat' dir='ltr'><strong>Veronensem</strong></span> <span class='ocrx_word' id='word_1_507' title='bbox 966 3525 1157 3597; x_wconf 81' lang='lat' dir='ltr'><strong>reipsa</strong></span> <span class='ocrx_word' id='word_1_508' title='bbox 1186 3525 1449 3580; x_wconf 90' lang='lat' dir='ltr'><strong>obtinere</strong></span> <span class='ocrx_word' id='word_1_509' title='bbox 1480 3542 1595 3580; x_wconf 90' lang='lat' dir='ltr'><strong>non</strong></span> <span class='ocrx_word' id='word_1_510' title='bbox 1619 3524 1828 3596; x_wconf 89' lang='lat' dir='ltr'><strong>potuit,</strong></span> <span class='ocrx_word' id='word_1_511' title='bbox 1852 3525 1966 3581; x_wconf 90' lang='lat' dir='ltr'><strong>nisi</strong></span> 
     </span>
    </p>
   </div>
   <div class='ocr_carea' id='block_1_66' title="bbox 316 3611 1966 3686">
    <p class='ocr_par' dir='ltr' id='par_1_66' title="bbox 316 3611 1966 3686">
     <span class='ocr_line' id='line_1_66' title="bbox 316 3611 1966 3686; baseline -0.001 -17"><span class='ocrx_word' id='word_1_512' title='bbox 316 3613 566 3670; x_wconf 84' lang='lat' dir='ltr'><strong>fortasse</strong></span> <span class='ocrx_word' id='word_1_513' title='bbox 596 3614 668 3670; x_wconf 93' lang='lat' dir='ltr'><strong>iis</strong></span> <span class='ocrx_word' id='word_1_514' title='bbox 700 3612 1023 3681; x_wconf 89' lang='lat' dir='ltr'><strong>mensibus,</strong></span> <span class='ocrx_word' id='word_1_515' title='bbox 1049 3611 1264 3685; x_wconf 87' lang='lat' dir='ltr'><strong>quibus</strong></span> <span class='ocrx_word' id='word_1_516' title='bbox 1295 3613 1588 3669; x_wconf 83' lang='lat' dir='ltr'><strong>Liutulfus</strong></span> <span class='ocrx_word' id='word_1_517' title='bbox 1621 3614 1966 3686; x_wconf 87' lang='lat' dir='ltr'><strong>Berengario</strong></span> 
     </span>
    </p>
   </div>
   <div class='ocr_carea' id='block_1_67' title="bbox 311 3701 1965 3773">
    <p class='ocr_par' dir='ltr' id='par_1_67' title="bbox 311 3701 1965 3773">
     <span class='ocr_line' id='line_1_67' title="bbox 311 3701 1965 3773; baseline 0 -16"><span class='ocrx_word' id='word_1_518' title='bbox 311 3703 465 3759; x_wconf 87' lang='lat' dir='ltr'><strong>victo</strong></span> <span class='ocrx_word' id='word_1_519' title='bbox 495 3702 555 3758; x_wconf 89' lang='lat' dir='ltr'><strong>in</strong></span> <span class='ocrx_word' id='word_1_520' title='bbox 584 3702 727 3758; x_wconf 87' lang='lat' dir='ltr'><strong>vivis</strong></span> <span class='ocrx_word' id='word_1_521' title='bbox 759 3703 904 3758; x_wconf 82' lang='lat' dir='ltr'><strong>fuit:</strong></span> <span class='ocrx_word' id='word_1_522' title='bbox 939 3705 1000 3760; x_wconf 86' lang='lat' dir='ltr'><strong>at</strong></span> <span class='ocrx_word' id='word_1_523' title='bbox 1029 3706 1182 3758; x_wconf 90' lang='lat' dir='ltr'><strong>certe</strong></span> <span class='ocrx_word' id='word_1_524' title='bbox 1212 3701 1466 3757; x_wconf 87' lang='lat' dir='ltr'><strong>obtinuit</strong></span> <span class='ocrx_word' id='word_1_525' title='bbox 1495 3719 1648 3758; x_wconf 88' lang='lat' dir='ltr'><strong>anno</strong></span> <span class='ocrx_word' id='word_1_526' title='bbox 1690 3702 1816 3769; x_wconf 84' lang='lat'><strong>961,</strong></span> <span class='ocrx_word' id='word_1_527' title='bbox 1849 3717 1965 3773; x_wconf 93' lang='lat' dir='ltr'><strong>quo</strong></span> 
     </span>
    </p>
   </div>
   <div class='ocr_carea' id='block_1_68' title="bbox 310 3789 1967 3863">
    <p class='ocr_par' dir='ltr' id='par_1_68' title="bbox 310 3789 1967 3863">
     <span class='ocr_line' id='line_1_68' title="bbox 310 3789 1967 3863; baseline 0 -17"><span class='ocrx_word' id='word_1_528' title='bbox 310 3807 412 3846; x_wconf 85' lang='lat' dir='ltr'><strong>rex</strong></span> <span class='ocrx_word' id='word_1_529' title='bbox 435 3791 565 3848; x_wconf 88' lang='lat' dir='ltr'><strong>Otto</strong></span> <span class='ocrx_word' id='word_1_530' title='bbox 596 3792 872 3848; x_wconf 89' lang='lat' dir='ltr'><strong>eumdem</strong></span> <span class='ocrx_word' id='word_1_531' title='bbox 901 3790 1257 3863; x_wconf 85' lang='lat' dir='ltr'><strong>expulsurus</strong></span> <span class='ocrx_word' id='word_1_532' title='bbox 1287 3790 1516 3844; x_wconf 89' lang='lat' dir='ltr'><strong>Italiam</strong></span> <span class='ocrx_word' id='word_1_533' title='bbox 1551 3789 1798 3860; x_wconf 90' lang='lat' dir='ltr'><strong>repetiit.</strong></span> <span class='ocrx_word' id='word_1_534' title='bbox 1849 3790 1967 3846; x_wconf 87' lang='lat' dir='ltr'><strong>Hoc</strong></span> 
     </span>
    </p>
   </div>
   <div class='ocr_carea' id='block_1_69' title="bbox 307 3877 1966 3953">
    <p class='ocr_par' dir='ltr' id='par_1_69' title="bbox 307 3877 1966 3953">
     <span class='ocr_line' id='line_1_69' title="bbox 307 3877 1966 3953; baseline -0.001 -17"><span class='ocrx_word' id='word_1_535' title='bbox 307 3886 507 3936; x_wconf 87' lang='lat' dir='ltr'><strong>autem</strong></span> <span class='ocrx_word' id='word_1_536' title='bbox 537 3885 798 3953; x_wconf 87' lang='lat' dir='ltr'><strong>tempore</strong></span> <span class='ocrx_word' id='word_1_537' title='bbox 855 3896 992 3936; x_wconf 90' lang='lat' dir='ltr'><strong>cum</strong></span> <span class='ocrx_word' id='word_1_538' title='bbox 1038 3878 1194 3935; x_wconf 90' lang='lat' dir='ltr'><strong>idem</strong></span> <span class='ocrx_word' id='word_1_539' title='bbox 1245 3877 1530 3934; x_wconf 88' lang='lat' dir='ltr'><strong>Henricus</strong></span> <span class='ocrx_word' id='word_1_540' title='bbox 1568 3877 1661 3932; x_wconf 83' lang='lat' dir='ltr'><strong>vix</strong></span> <span class='ocrx_word' id='word_1_541' title='bbox 1690 3878 1966 3935; x_wconf 89' lang='lat' dir='ltr'><strong>decennis</strong></span> 
     </span>
    </p>
   </div>
   <div class='ocr_carea' id='block_1_70' title="bbox 309 3967 1963 4042">
    <p class='ocr_par' dir='ltr' id='par_1_70' title="bbox 309 3967 1963 4042">
     <span class='ocr_line' id='line_1_70' title="bbox 309 3967 1963 4042; baseline -0.002 -17"><span class='ocrx_word' id='word_1_542' title='bbox 309 3973 489 4037; x_wconf 87' lang='lat' dir='ltr'><strong>esset,</strong></span> <span class='ocrx_word' id='word_1_543' title='bbox 523 3969 767 4026; x_wconf 89' lang='lat' dir='ltr'><strong>Juditha</strong></span> <span class='ocrx_word' id='word_1_544' title='bbox 789 3971 920 4042; x_wconf 90' lang='lat' dir='ltr'><strong>ejus</strong></span> <span class='ocrx_word' id='word_1_545' title='bbox 949 3972 1138 4024; x_wconf 87' lang='lat' dir='ltr'><strong>mater</strong></span> <span class='ocrx_word' id='word_1_546' title='bbox 1158 3967 1262 4023; x_wconf 84' lang='lat' dir='ltr'><strong>ﬁlii</strong></span> <span class='ocrx_word' id='word_1_547' title='bbox 1293 3967 1531 4023; x_wconf 90' lang='lat' dir='ltr'><strong>nomine</strong></span> <span class='ocrx_word' id='word_1_548' title='bbox 1552 3967 1748 4023; x_wconf 88' lang='lat' dir='ltr'><strong>omnia</strong></span> <span class='ocrx_word' id='word_1_549' title='bbox 1777 3967 1963 4024; x_wconf 84' lang='lat' dir='ltr'><strong>admi-</strong></span> 
     </span>
    </p>
   </div>
   <div class='ocr_carea' id='block_1_71' title="bbox 312 4057 1963 4129">
    <p class='ocr_par' dir='ltr' id='par_1_71' title="bbox 312 4057 1963 4129">
     <span class='ocr_line' id='line_1_71' title="bbox 312 4057 1963 4129; baseline 0 -15"><span class='ocrx_word' id='word_1_550' title='bbox 312 4058 618 4116; x_wconf 88' lang='lat' dir='ltr'><strong>nistrabat.</strong></span> <span class='ocrx_word' id='word_1_551' title='bbox 657 4059 800 4116; x_wconf 85' lang='lat' dir='ltr'><strong>Hinc</strong></span> <span class='ocrx_word' id='word_1_552' title='bbox 831 4080 860 4109; x_wconf 79' lang='grc' dir='ltr'><strong>(ι</strong></span> <span class='ocrx_word' id='word_1_553' title='bbox 885 4059 1064 4115; x_wconf 86' lang='lat' dir='ltr'><strong>duces</strong></span> <span class='ocrx_word' id='word_1_554' title='bbox 1085 4057 1290 4126; x_wconf 89' lang='lat' dir='ltr'><strong>nostri,</strong></span> <span class='ocrx_word' id='word_1_555' title='bbox 1318 4083 1348 4106; x_wconf 82' lang='lat'><em>»</em></span> <span class='ocrx_word' id='word_1_556' title='bbox 1379 4073 1630 4129; x_wconf 90' lang='lat' dir='ltr'><strong>quorum</strong></span> <span class='ocrx_word' id='word_1_557' title='bbox 1653 4057 1963 4114; x_wconf 80' lang='lat' dir='ltr'><strong>Ratherius</strong></span> 
     </span>
    </p>
   </div>
   <div class='ocr_carea' id='block_1_72' title="bbox 314 4145 1960 4221">
    <p class='ocr_par' dir='ltr' id='par_1_72' title="bbox 314 4145 1960 4221">
     <span class='ocr_line' id='line_1_72' title="bbox 314 4145 1960 4221; baseline 0 -17"><span class='ocrx_word' id='word_1_558' title='bbox 314 4147 585 4204; x_wconf 89' lang='lat' dir='ltr'><strong>meminit</strong></span> <span class='ocrx_word' id='word_1_559' title='bbox 614 4148 673 4204; x_wconf 92' lang='lat' dir='ltr'><strong>in</strong></span> <span class='ocrx_word' id='word_1_560' title='bbox 703 4148 874 4221; x_wconf 89' lang='lat' dir='ltr'><strong>epist.</strong></span> <span class='ocrx_word' id='word_1_561' title='bbox 909 4151 965 4215; x_wconf 90' lang='lat'><strong>8,</strong></span> <span class='ocrx_word' id='word_1_562' title='bbox 993 4148 1066 4204; x_wconf 87' lang='lat' dir='ltr'><strong>ad</strong></span> <span class='ocrx_word' id='word_1_563' title='bbox 1098 4145 1376 4203; x_wconf 89' lang='lat' dir='ltr'><strong>Milonem</strong></span> <span class='ocrx_word' id='word_1_564' title='bbox 1408 4147 1624 4219; x_wconf 86' lang='lat' dir='ltr'><strong>scripta</strong></span> <span class='ocrx_word' id='word_1_565' title='bbox 1654 4163 1806 4203; x_wconf 89' lang='lat' dir='ltr'><strong>anno</strong></span> <span class='ocrx_word' id='word_1_566' title='bbox 1834 4148 1960 4215; x_wconf 84' lang='lat'><strong>955,</strong></span> 
     </span>
    </p>
   </div>
   <div class='ocr_carea' id='block_1_73' title="bbox 316 4235 1961 4309">
    <p class='ocr_par' dir='ltr' id='par_1_73' title="bbox 316 4235 1961 4309">
     <span class='ocr_line' id='line_1_73' title="bbox 316 4235 1961 4309; baseline -0.002 -16"><span class='ocrx_word' id='word_1_567' title='bbox 316 4241 460 4293; x_wconf 89' lang='lat' dir='ltr'><strong>sunt</strong></span> <span class='ocrx_word' id='word_1_568' title='bbox 488 4237 774 4298; x_wconf 85' lang='lat' dir='ltr'><strong>Henricus</strong></span> <span class='ocrx_word' id='word_1_569' title='bbox 805 4238 854 4295; x_wconf 93' lang='lat' dir='ltr'><strong>II</strong></span> <span class='ocrx_word' id='word_1_570' title='bbox 884 4241 941 4294; x_wconf 91' lang='lat' dir='ltr'><strong>et</strong></span> <span class='ocrx_word' id='word_1_571' title='bbox 980 4236 1263 4294; x_wconf 88' lang='lat' dir='ltr'><strong>Juditha:</strong></span> <span class='ocrx_word' id='word_1_572' title='bbox 1295 4258 1322 4286; x_wconf 86' lang='lat'><strong>«</strong></span> <span class='ocrx_word' id='word_1_573' title='bbox 1351 4236 1569 4292; x_wconf 90' lang='lat' dir='ltr'><strong>Ducem</strong></span> <span class='ocrx_word' id='word_1_574' title='bbox 1601 4252 1734 4292; x_wconf 85' lang='lat' dir='ltr'><strong>vero</strong></span> <span class='ocrx_word' id='word_1_575' title='bbox 1781 4235 1961 4309; x_wconf 88' lang='lat' dir='ltr'><strong>incly-</strong></span> 
     </span>
    </p>
   </div>
   <div class='ocr_carea' id='block_1_74' title="bbox 318 4323 1962 4390">
    <p class='ocr_par' dir='ltr' id='par_1_74' title="bbox 318 4323 1962 4390">
     <span class='ocr_line' id='line_1_74' title="bbox 318 4323 1962 4390; baseline -0.003 -7"><span class='ocrx_word' id='word_1_576' title='bbox 318 4331 441 4383; x_wconf 91' lang='lat' dir='ltr'><strong>tam</strong></span> <span class='ocrx_word' id='word_1_577' title='bbox 471 4331 528 4383; x_wconf 91' lang='lat' dir='ltr'><strong>et</strong></span> <span class='ocrx_word' id='word_1_578' title='bbox 556 4326 1127 4390; x_wconf 82' lang='lat' dir='ltr'><strong>excellentissimam,</strong></span> <span class='ocrx_word' id='word_1_579' title='bbox 1147 4348 1176 4375; x_wconf 85' lang='lat'><strong>»</strong></span> <span class='ocrx_word' id='word_1_580' title='bbox 1209 4325 1262 4379; x_wconf 88' lang='lat' dir='ltr'><strong>id</strong></span> <span class='ocrx_word' id='word_1_581' title='bbox 1287 4323 1690 4380; x_wconf 88' lang='lat' dir='ltr'><strong>estJuditham</strong></span> <span class='ocrx_word' id='word_1_582' title='bbox 1716 4327 1962 4379; x_wconf 89' lang='lat' dir='ltr'><strong>matrem</strong></span> 
     </span>
    </p>
   </div>
   <div class='ocr_carea' id='block_1_75' title="bbox 318 4412 1966 4488">
    <p class='ocr_par' dir='ltr' id='par_1_75' title="bbox 318 4412 1966 4488">
     <span class='ocr_line' id='line_1_75' title="bbox 318 4412 1966 4488; baseline -0.001 -18"><span class='ocrx_word' id='word_1_583' title='bbox 318 4417 381 4470; x_wconf 90' lang='lat' dir='ltr'><strong>in</strong></span> <span class='ocrx_word' id='word_1_584' title='bbox 403 4415 637 4472; x_wconf 90' lang='lat' dir='ltr'><strong>duobus</strong></span> <span class='ocrx_word' id='word_1_585' title='bbox 660 4414 792 4471; x_wconf 87' lang='lat' dir='ltr'><strong>aliis</strong></span> <span class='ocrx_word' id='word_1_586' title='bbox 809 4413 1082 4488; x_wconf 90' lang='lat' dir='ltr'><strong>operibus</strong></span> <span class='ocrx_word' id='word_1_587' title='bbox 1104 4412 1426 4469; x_wconf 87' lang='lat' dir='ltr'><strong>lucubratis</strong></span> <span class='ocrx_word' id='word_1_588' title='bbox 1443 4429 1594 4468; x_wconf 90' lang='lat' dir='ltr'><strong>anno</strong></span> <span class='ocrx_word' id='word_1_589' title='bbox 1613 4413 1720 4467; x_wconf 87' lang='lat'><strong>966</strong></span> <span class='ocrx_word' id='word_1_590' title='bbox 1738 4429 1966 4485; x_wconf 86' lang='lat' dir='ltr'><strong>expres-</strong></span> 
     </span>
    </p>
   </div>
   <div class='ocr_carea' id='block_1_76' title="bbox 2077 3257 3727 3334">
    <p class='ocr_par' dir='ltr' id='par_1_76' title="bbox 2077 3257 3727 3334">
     <span class='ocr_line' id='line_1_76' title="bbox 2077 3257 3727 3334; baseline 0.003 -21"><span class='ocrx_word' id='word_1_591' title='bbox 2077 3259 2289 3314; x_wconf 88' lang='lat' dir='ltr'><strong>mentis</strong></span> <span class='ocrx_word' id='word_1_592' title='bbox 2308 3257 2663 3331; x_wconf 85' lang='lat' dir='ltr'><strong>Ughellianis</strong></span> <span class='ocrx_word' id='word_1_593' title='bbox 2687 3258 2902 3331; x_wconf 89' lang='lat' dir='ltr'><strong>legitur</strong></span> <span class='ocrx_word' id='word_1_594' title='bbox 2921 3261 3064 3316; x_wconf 93' lang='lat' dir='ltr'><strong>tom.</strong></span> <span class='ocrx_word' id='word_1_595' title='bbox 3091 3259 3161 3326; x_wconf 88' lang='lat' dir='ltr'><strong>V,</strong></span> <span class='ocrx_word' id='word_1_596' title='bbox 3189 3275 3322 3334; x_wconf 84' lang='lat' dir='ltr'><strong>pag.</strong></span> <span class='ocrx_word' id='word_1_597' title='bbox 3348 3261 3435 3329; x_wconf 77' lang='grc'>46,</span> <span class='ocrx_word' id='word_1_598' title='bbox 3461 3282 3490 3312; x_wconf 86' lang='lat'>«</span> <span class='ocrx_word' id='word_1_599' title='bbox 3512 3264 3727 3318; x_wconf 82' lang='lat' dir='ltr'><strong>Caran-</strong></span> 
     </span>
    </p>
   </div>
   <div class='ocr_carea' id='block_1_77' title="bbox 2076 3347 3725 3420">
    <p class='ocr_par' dir='ltr' id='par_1_77' title="bbox 2076 3347 3725 3420">
     <span class='ocr_line' id='line_1_77' title="bbox 2076 3347 3725 3420; baseline 0.003 -18"><span class='ocrx_word' id='word_1_600' title='bbox 2076 3351 2348 3403; x_wconf 91' lang='lat' dir='ltr'><strong>tanorum</strong></span> <span class='ocrx_word' id='word_1_601' title='bbox 2377 3348 2495 3403; x_wconf 83' lang='lat' dir='ltr'><strong>dux</strong></span> <span class='ocrx_word' id='word_1_602' title='bbox 2514 3370 2540 3397; x_wconf 88' lang='grc'><strong>››</strong></span> <span class='ocrx_word' id='word_1_603' title='bbox 2563 3347 2909 3420; x_wconf 88' lang='lat' dir='ltr'><strong>appellatur.</strong></span> <span class='ocrx_word' id='word_1_604' title='bbox 2931 3348 3199 3413; x_wconf 89' lang='lat' dir='ltr'><strong>Quandiu</strong></span> <span class='ocrx_word' id='word_1_605' title='bbox 3218 3365 3352 3406; x_wconf 89' lang='lat' dir='ltr'><strong>vero</strong></span> <span class='ocrx_word' id='word_1_606' title='bbox 3373 3349 3496 3406; x_wconf 82' lang='lat' dir='ltr'><strong>haec</strong></span> <span class='ocrx_word' id='word_1_607' title='bbox 3516 3349 3725 3408; x_wconf 91' lang='lat' dir='ltr'><strong>divisio</strong></span> 
     </span>
    </p>
   </div>
   <div class='ocr_carea' id='block_1_78' title="bbox 2074 3435 3728 3511">
    <p class='ocr_par' dir='ltr' id='par_1_78' title="bbox 2074 3435 3728 3511">
     <span class='ocr_line' id='line_1_78' title="bbox 2074 3435 3728 3511; baseline 0.003 -20"><span class='ocrx_word' id='word_1_608' title='bbox 2074 3437 2361 3504; x_wconf 88' lang='lat' dir='ltr'><strong>substitit,</strong></span> <span class='ocrx_word' id='word_1_609' title='bbox 2384 3436 2735 3492; x_wconf 89' lang='lat' dir='ltr'><strong>Veronensis</strong></span> <span class='ocrx_word' id='word_1_610' title='bbox 2751 3435 3344 3502; x_wconf 70' lang='lat' dir='ltr'><strong>marchia,0arinthiae</strong></span> <span class='ocrx_word' id='word_1_611' title='bbox 3357 3439 3728 3511; x_wconf 86' lang='lat' dir='ltr'><strong>circumqua-</strong></span> 
     </span>
    </p>
   </div>
   <div class='ocr_carea' id='block_1_79' title="bbox 2074 3523 3722 3597">
    <p class='ocr_par' dir='ltr' id='par_1_79' title="bbox 2074 3523 3722 3597">
     <span class='ocr_line' id='line_1_79' title="bbox 2074 3523 3722 3597; baseline 0 -17"><span class='ocrx_word' id='word_1_612' title='bbox 2074 3542 2208 3597; x_wconf 88' lang='lat' dir='ltr'><strong>que,</strong></span> <span class='ocrx_word' id='word_1_613' title='bbox 2241 3542 2357 3580; x_wconf 90' lang='lat' dir='ltr'><strong>non</strong></span> <span class='ocrx_word' id='word_1_614' title='bbox 2385 3529 2578 3579; x_wconf 90' lang='lat' dir='ltr'><strong>autem</strong></span> <span class='ocrx_word' id='word_1_615' title='bbox 2604 3523 2878 3594; x_wconf 81' lang='lat' dir='ltr'><strong>Bajoarias</strong></span> <span class='ocrx_word' id='word_1_616' title='bbox 2902 3523 3170 3591; x_wconf 83' lang='lat' dir='ltr'><strong>ﬁnitima,</strong></span> <span class='ocrx_word' id='word_1_617' title='bbox 3195 3523 3280 3578; x_wconf 92' lang='lat' dir='ltr'><strong>illi</strong></span> <span class='ocrx_word' id='word_1_618' title='bbox 3305 3526 3568 3594; x_wconf 89' lang='lat' dir='ltr'><strong>subjecta</strong></span> <span class='ocrx_word' id='word_1_619' title='bbox 3590 3526 3722 3595; x_wconf 82' lang='lat' dir='ltr'><strong>fuit,</strong></span> 
     </span>
    </p>
   </div>
   <div class='ocr_carea' id='block_1_80' title="bbox 2077 3609 3726 3684">
    <p class='ocr_par' dir='ltr' id='par_1_80' title="bbox 2077 3609 3726 3684">
     <span class='ocr_line' id='line_1_80' title="bbox 2077 3609 3726 3684; baseline 0 -16"><span class='ocrx_word' id='word_1_620' title='bbox 2077 3613 2176 3684; x_wconf 93' lang='lat' dir='ltr'><strong>qui</strong></span> <span class='ocrx_word' id='word_1_621' title='bbox 2206 3612 2408 3667; x_wconf 85' lang='lat' dir='ltr'><strong>vicinae</strong></span> <span class='ocrx_word' id='word_1_622' title='bbox 2438 3610 2770 3676; x_wconf 69' lang='lat' dir='ltr'><strong>Carinthiaa,</strong></span> <span class='ocrx_word' id='word_1_623' title='bbox 2803 3627 2922 3664; x_wconf 90' lang='lat' dir='ltr'><strong>non</strong></span> <span class='ocrx_word' id='word_1_624' title='bbox 2944 3614 3143 3666; x_wconf 87' lang='lat' dir='ltr'><strong>autem</strong></span> <span class='ocrx_word' id='word_1_625' title='bbox 3165 3609 3251 3664; x_wconf 91' lang='lat' dir='ltr'><strong>illi</strong></span> <span class='ocrx_word' id='word_1_626' title='bbox 3271 3610 3372 3682; x_wconf 86' lang='lat' dir='ltr'><strong>qui</strong></span> <span class='ocrx_word' id='word_1_627' title='bbox 3394 3611 3726 3668; x_wconf 86' lang='lat' dir='ltr'><strong>remotioris</strong></span> 
     </span>
    </p>
   </div>
   <div class='ocr_carea' id='block_1_81' title="bbox 2076 3698 3725 3772">
    <p class='ocr_par' dir='ltr' id='par_1_81' title="bbox 2076 3698 3725 3772">
     <span class='ocr_line' id='line_1_81' title="bbox 2076 3698 3725 3772; baseline 0 -16"><span class='ocrx_word' id='word_1_628' title='bbox 2076 3698 2353 3772; x_wconf 72' lang='lat' dir='ltr'><strong>Bajoarize</strong></span> <span class='ocrx_word' id='word_1_629' title='bbox 2379 3699 2660 3753; x_wconf 86' lang='lat' dir='ltr'><strong>ducatum</strong></span> <span class='ocrx_word' id='word_1_630' title='bbox 2691 3698 3020 3754; x_wconf 88' lang='lat' dir='ltr'><strong>obtinebat:</strong></span> <span class='ocrx_word' id='word_1_631' title='bbox 3045 3714 3233 3770; x_wconf 88' lang='lat' dir='ltr'><strong>neque</strong></span> <span class='ocrx_word' id='word_1_632' title='bbox 3253 3698 3408 3755; x_wconf 90' lang='lat' dir='ltr'><strong>enim</strong></span> <span class='ocrx_word' id='word_1_633' title='bbox 3430 3698 3725 3771; x_wconf 81' lang='lat' dir='ltr'><strong>Bajoario-</strong></span> 
     </span>
    </p>
   </div>
   <div class='ocr_carea' id='block_1_82' title="bbox 2078 3786 3722 3860">
    <p class='ocr_par' dir='ltr' id='par_1_82' title="bbox 2078 3786 3722 3860">
     <span class='ocr_line' id='line_1_82' title="bbox 2078 3786 3722 3860; baseline 0.002 -16"><span class='ocrx_word' id='word_1_634' title='bbox 2078 3805 2209 3844; x_wconf 89' lang='lat' dir='ltr'><strong>rum</strong></span> <span class='ocrx_word' id='word_1_635' title='bbox 2240 3787 2373 3844; x_wconf 91' lang='lat' dir='ltr'><strong>duci</strong></span> <span class='ocrx_word' id='word_1_636' title='bbox 2405 3786 2732 3842; x_wconf 86' lang='lat' dir='ltr'><strong>invenietur</strong></span> <span class='ocrx_word' id='word_1_637' title='bbox 2778 3786 3060 3843; x_wconf 85' lang='lat' dir='ltr'><strong>attributa</strong></span> <span class='ocrx_word' id='word_1_638' title='bbox 3109 3805 3392 3860; x_wconf 86' lang='lat' dir='ltr'><strong>unquam,</strong></span> <span class='ocrx_word' id='word_1_639' title='bbox 3427 3789 3542 3846; x_wconf 87' lang='lat' dir='ltr'><strong>nisi</strong></span> <span class='ocrx_word' id='word_1_640' title='bbox 3585 3805 3722 3847; x_wconf 87' lang='lat' dir='ltr'><strong>cum</strong></span> 
     </span>
    </p>
   </div>
   <div class='ocr_carea' id='block_1_83' title="bbox 2075 3875 3722 3948">
    <p class='ocr_par' dir='ltr' id='par_1_83' title="bbox 2075 3875 3722 3948">
     <span class='ocr_line' id='line_1_83' title="bbox 2075 3875 3722 3948; baseline 0.003 -16"><span class='ocrx_word' id='word_1_641' title='bbox 2075 3876 2229 3932; x_wconf 91' lang='lat' dir='ltr'><strong>idem</strong></span> <span class='ocrx_word' id='word_1_642' title='bbox 2253 3876 2650 3948; x_wconf 89' lang='lat' dir='ltr'><strong>Bajoariorum</strong></span> <span class='ocrx_word' id='word_1_643' title='bbox 2665 3876 2775 3933; x_wconf 92' lang='lat' dir='ltr'><strong>sim</strong></span> <span class='ocrx_word' id='word_1_644' title='bbox 2787 3875 2842 3933; x_wconf 89' lang='lat' dir='ltr'><strong>ul</strong></span> <span class='ocrx_word' id='word_1_645' title='bbox 2855 3881 2912 3933; x_wconf 90' lang='lat' dir='ltr'><strong>et</strong></span> <span class='ocrx_word' id='word_1_646' title='bbox 2927 3877 3388 3934; x_wconf 85' lang='lat' dir='ltr'><strong>Carantanorum</strong></span> <span class='ocrx_word' id='word_1_647' title='bbox 3410 3879 3527 3936; x_wconf 82' lang='lat' dir='ltr'><strong>dux</strong></span> <span class='ocrx_word' id='word_1_648' title='bbox 3545 3884 3722 3938; x_wconf 88' lang='lat' dir='ltr'><strong>esset.</strong></span> 
     </span>
    </p>
   </div>
   <div class='ocr_carea' id='block_1_84' title="bbox 2075 3965 3721 4038">
    <p class='ocr_par' dir='ltr' id='par_1_84' title="bbox 2075 3965 3721 4038">
     <span class='ocr_line' id='line_1_84' title="bbox 2075 3965 3721 4038; baseline 0.003 -16"><span class='ocrx_word' id='word_1_649' title='bbox 2075 3970 2274 4038; x_wconf 86' lang='lat' dir='ltr'><strong>Itaque</strong></span> <span class='ocrx_word' id='word_1_650' title='bbox 2303 3965 2606 4022; x_wconf 88' lang='lat' dir='ltr'><strong>laudatum</strong></span> <span class='ocrx_word' id='word_1_651' title='bbox 2628 3966 2940 4024; x_wconf 89' lang='lat' dir='ltr'><strong>Henricum</strong></span> <span class='ocrx_word' id='word_1_652' title='bbox 2966 3965 3219 4025; x_wconf 89' lang='lat' dir='ltr'><strong>Bertoldi</strong></span> <span class='ocrx_word' id='word_1_653' title='bbox 3242 3967 3429 4026; x_wconf 80' lang='lat' dir='ltr'><strong>lilium</strong></span> <span class='ocrx_word' id='word_1_654' title='bbox 3446 3986 3564 4026; x_wconf 89' lang='lat' dir='ltr'><strong>una</strong></span> <span class='ocrx_word' id='word_1_655' title='bbox 3584 3985 3721 4027; x_wconf 88' lang='lat' dir='ltr'><strong>cum</strong></span> 
     </span>
    </p>
   </div>
   <div class='ocr_carea' id='block_1_85' title="bbox 2072 4055 3721 4131">
    <p class='ocr_par' dir='ltr' id='par_1_85' title="bbox 2072 4055 3721 4131">
     <span class='ocr_line' id='line_1_85' title="bbox 2072 4055 3721 4131; baseline 0.002 -19"><span class='ocrx_word' id='word_1_656' title='bbox 2072 4056 2380 4113; x_wconf 82' lang='lat' dir='ltr'><strong>Carinthiae</strong></span> <span class='ocrx_word' id='word_1_657' title='bbox 2413 4056 2628 4112; x_wconf 89' lang='lat' dir='ltr'><strong>ducatu</strong></span> <span class='ocrx_word' id='word_1_658' title='bbox 2660 4055 3057 4114; x_wconf 89' lang='lat' dir='ltr'><strong>Veronensem</strong></span> <span class='ocrx_word' id='word_1_659' title='bbox 3115 4074 3348 4131; x_wconf 89' lang='lat' dir='ltr'><strong>quoque</strong></span> <span class='ocrx_word' id='word_1_660' title='bbox 3395 4057 3721 4116; x_wconf 82' lang='lat' dir='ltr'><strong>marchiam</strong></span> 
     </span>
    </p>
   </div>
   <div class='ocr_carea' id='block_1_86' title="bbox 2073 4145 3724 4220">
    <p class='ocr_par' dir='ltr' id='par_1_86' title="bbox 2073 4145 3724 4220">
     <span class='ocr_line' id='line_1_86' title="bbox 2073 4145 3724 4220; baseline 0.001 -18"><span class='ocrx_word' id='word_1_661' title='bbox 2073 4146 2388 4220; x_wconf 89' lang='lat' dir='ltr'><strong>regendam</strong></span> <span class='ocrx_word' id='word_1_662' title='bbox 2421 4145 2715 4217; x_wconf 89' lang='lat' dir='ltr'><strong>accepisse</strong></span> <span class='ocrx_word' id='word_1_663' title='bbox 2767 4145 3036 4204; x_wconf 89' lang='lat' dir='ltr'><strong>dubitare</strong></span> <span class='ocrx_word' id='word_1_664' title='bbox 3089 4163 3206 4204; x_wconf 90' lang='lat' dir='ltr'><strong>non</strong></span> <span class='ocrx_word' id='word_1_665' title='bbox 3237 4146 3390 4204; x_wconf 93' lang='lat' dir='ltr'><strong>licet.</strong></span> <span class='ocrx_word' id='word_1_666' title='bbox 3420 4150 3586 4204; x_wconf 87' lang='lat' dir='ltr'><strong>Anno</strong></span> <span class='ocrx_word' id='word_1_667' title='bbox 3615 4149 3724 4205; x_wconf 89' lang='lat'><strong>977</strong></span> 
     </span>
    </p>
   </div>
   <div class='ocr_carea' id='block_1_87' title="bbox 2072 4236 3721 4309">
    <p class='ocr_par' dir='ltr' id='par_1_87' title="bbox 2072 4236 3721 4309">
     <span class='ocr_line' id='line_1_87' title="bbox 2072 4236 3721 4309; baseline 0.002 -18"><span class='ocrx_word' id='word_1_668' title='bbox 2072 4237 2184 4291; x_wconf 90' lang='lat' dir='ltr'><strong>sub</strong></span> <span class='ocrx_word' id='word_1_669' title='bbox 2216 4237 2390 4290; x_wconf 84' lang='lat' dir='ltr'><strong>ﬁnem</strong></span> <span class='ocrx_word' id='word_1_670' title='bbox 2421 4239 2712 4307; x_wconf 87' lang='lat' dir='ltr'><strong>vergente,</strong></span> <span class='ocrx_word' id='word_1_671' title='bbox 2738 4236 3022 4293; x_wconf 89' lang='lat' dir='ltr'><strong>Henricus</strong></span> <span class='ocrx_word' id='word_1_672' title='bbox 3053 4236 3119 4303; x_wconf 90' lang='grc' dir='ltr'>ΙΙ,</span> <span class='ocrx_word' id='word_1_673' title='bbox 3155 4237 3254 4309; x_wconf 92' lang='lat' dir='ltr'><strong>qui</strong></span> <span class='ocrx_word' id='word_1_674' title='bbox 3285 4253 3354 4292; x_wconf 87' lang='lat' dir='ltr'><strong>ex</strong></span> <span class='ocrx_word' id='word_1_675' title='bbox 3375 4237 3501 4294; x_wconf 92' lang='lat' dir='ltr'><strong>loco</strong></span> <span class='ocrx_word' id='word_1_676' title='bbox 3519 4236 3586 4292; x_wconf 84' lang='lat' dir='ltr'><strong>in</strong></span> <span class='ocrx_word' id='word_1_677' title='bbox 3605 4254 3721 4308; x_wconf 92' lang='lat' dir='ltr'><strong>quo</strong></span> 
     </span>
    </p>
   </div>
   <div class='ocr_carea' id='block_1_88' title="bbox 2074 4323 3723 4396">
    <p class='ocr_par' dir='ltr' id='par_1_88' title="bbox 2074 4323 3723 4396">
     <span class='ocr_line' id='line_1_88' title="bbox 2074 4323 3723 4396; baseline -0.001 -16"><span class='ocrx_word' id='word_1_678' title='bbox 2074 4323 2511 4380; x_wconf 87' lang='lat' dir='ltr'><strong>custodiebatur</strong></span> <span class='ocrx_word' id='word_1_679' title='bbox 2559 4325 2841 4396; x_wconf 71' lang='lat' dir='ltr'><strong>effugerat</strong></span> <span class='ocrx_word' id='word_1_680' title='bbox 2871 4324 3092 4396; x_wconf 81' lang='lat' dir='ltr'><strong>(Annal.</strong></span> <span class='ocrx_word' id='word_1_681' title='bbox 3128 4325 3344 4395; x_wconf 58' lang='lat' dir='ltr'><strong>Sam-0.),</strong></span> <span class='ocrx_word' id='word_1_682' title='bbox 3378 4341 3512 4379; x_wconf 91' lang='lat' dir='ltr'><strong>cum</strong></span> <span class='ocrx_word' id='word_1_683' title='bbox 3571 4325 3723 4380; x_wconf 85' lang='lat' dir='ltr'><strong>Hen-</strong></span> 
     </span>
    </p>
   </div>
   <div class='ocr_carea' id='block_1_89' title="bbox 2073 4411 3723 4480">
    <p class='ocr_par' dir='ltr' id='par_1_89' title="bbox 2073 4411 3723 4480">
     <span class='ocr_line' id='line_1_89' title="bbox 2073 4411 3723 4480; baseline -0.002 -12"><span class='ocrx_word' id='word_1_684' title='bbox 2073 4413 2191 4469; x_wconf 89' lang='lat' dir='ltr'><strong>rico</strong></span> <span class='ocrx_word' id='word_1_685' title='bbox 2213 4416 2671 4468; x_wconf 87' lang='lat' dir='ltr'><strong>Carantanorum</strong></span> <span class='ocrx_word' id='word_1_686' title='bbox 2695 4413 2843 4468; x_wconf 90' lang='lat' dir='ltr'><strong>duce</strong></span> <span class='ocrx_word' id='word_1_687' title='bbox 2860 4413 3143 4468; x_wconf 86' lang='lat' dir='ltr'><strong>adversus</strong></span> <span class='ocrx_word' id='word_1_688' title='bbox 3155 4411 3422 4467; x_wconf 90' lang='lat' dir='ltr'><strong>Ottonem</strong></span> <span class='ocrx_word' id='word_1_689' title='bbox 3446 4411 3723 4480; x_wconf 76' lang='lat' dir='ltr'><strong>Bajoariae</strong></span> 
     </span>
    </p>
   </div>
   <div class='ocr_carea' id='block_1_90' title="bbox 317 4497 3727 4590">
    <p class='ocr_par' dir='ltr' id='par_1_90' title="bbox 317 4497 3727 4590">
     <span class='ocr_line' id='line_1_90' title="bbox 317 4497 3727 4590; baseline -0.002 -30"><span class='ocrx_word' id='word_1_690' title='bbox 317 4504 447 4560; x_wconf 90' lang='lat' dir='ltr'><strong>sius</strong></span> <span class='ocrx_word' id='word_1_691' title='bbox 477 4503 733 4577; x_wconf 85' lang='lat' dir='ltr'><strong>appellat</strong></span> <span class='ocrx_word' id='word_1_692' title='bbox 760 4504 954 4576; x_wconf 90' lang='lat' dir='ltr'><strong>potius</strong></span> <span class='ocrx_word' id='word_1_693' title='bbox 993 4519 1172 4575; x_wconf 88' lang='lat' dir='ltr'><strong>quam</strong></span> <span class='ocrx_word' id='word_1_694' title='bbox 1205 4501 1412 4566; x_wconf 79' lang='lat' dir='ltr'><strong>filium,</strong></span> <span class='ocrx_word' id='word_1_695' title='bbox 1444 4500 1584 4572; x_wconf 88' lang='lat' dir='ltr'><strong>quia</strong></span> <span class='ocrx_word' id='word_1_696' title='bbox 1622 4499 1741 4556; x_wconf 84' lang='lat' dir='ltr'><strong>ﬁlio</strong></span> <span class='ocrx_word' id='word_1_697' title='bbox 1772 4500 1965 4556; x_wconf 87' lang='lat' dir='ltr'><strong>adhuc</strong></span> <span class='ocrx_word' id='word_1_698' title='bbox 1991 4517 2045 4590; x_wconf 69' lang='grc' dir='ltr'><strong>Β</strong></span> <span class='ocrx_word' id='word_1_699' title='bbox 2073 4503 2282 4558; x_wconf 87' lang='lat' dir='ltr'><strong>ducem</strong></span> <span class='ocrx_word' id='word_1_700' title='bbox 2316 4501 2684 4573; x_wconf 89' lang='lat' dir='ltr'><strong>conspirans,</strong></span> <span class='ocrx_word' id='word_1_701' title='bbox 2715 4500 3008 4555; x_wconf 85' lang='lat' dir='ltr'><strong>Pataviam</strong></span> <span class='ocrx_word' id='word_1_702' title='bbox 3040 4499 3333 4590; x_wconf 76' lang='lat' dir='ltr'><strong>civitatem</strong></span> <span class='ocrx_word' id='word_1_703' title='bbox 3355 4497 3588 4590; x_wconf 83' lang='lat' dir='ltr'><strong>invasit,</strong></span> <span class='ocrx_word' id='word_1_704' title='bbox 3621 4497 3727 4553; x_wconf 87' lang='lat' dir='ltr'><strong>ibi-</strong></span> 
     </span>
    </p>
   </div>
   <div class='ocr_carea' id='block_1_91' title="bbox 317 4588 1964 4665">
    <p class='ocr_par' dir='ltr' id='par_1_91' title="bbox 317 4588 1964 4665">
     <span class='ocr_line' id='line_1_91' title="bbox 317 4588 1964 4665; baseline -0.003 -16"><span class='ocrx_word' id='word_1_705' title='bbox 317 4592 568 4662; x_wconf 87' lang='lat' dir='ltr'><strong>minore,</strong></span> <span class='ocrx_word' id='word_1_706' title='bbox 592 4598 779 4648; x_wconf 91' lang='lat' dir='ltr'><strong>mater</strong></span> <span class='ocrx_word' id='word_1_707' title='bbox 798 4592 1004 4665; x_wconf 88' lang='lat' dir='ltr'><strong>potiori</strong></span> <span class='ocrx_word' id='word_1_708' title='bbox 1030 4589 1370 4648; x_wconf 88' lang='lat' dir='ltr'><strong>auctoritate</strong></span> <span class='ocrx_word' id='word_1_709' title='bbox 1393 4588 1712 4643; x_wconf 88' lang='lat' dir='ltr'><strong>fruebatur.</strong></span> <span class='ocrx_word' id='word_1_710' title='bbox 1739 4589 1792 4644; x_wconf 89' lang='lat' dir='ltr'><strong>Is</strong></span> <span class='ocrx_word' id='word_1_711' title='bbox 1814 4590 1964 4644; x_wconf 88' lang='lat' dir='ltr'><strong>Hen-</strong></span> 
     </span>
    </p>
   </div>
   <div class='ocr_carea' id='block_1_92' title="bbox 317 4679 1966 4750">
    <p class='ocr_par' dir='ltr' id='par_1_92' title="bbox 317 4679 1966 4750">
     <span class='ocr_line' id='line_1_92' title="bbox 317 4679 1966 4750; baseline -0.004 -12"><span class='ocrx_word' id='word_1_712' title='bbox 317 4683 480 4739; x_wconf 88' lang='lat' dir='ltr'><strong>ricus</strong></span> <span class='ocrx_word' id='word_1_713' title='bbox 501 4683 655 4740; x_wconf 89' lang='lat' dir='ltr'><strong>hanc</strong></span> <span class='ocrx_word' id='word_1_714' title='bbox 673 4681 996 4738; x_wconf 89' lang='lat' dir='ltr'><strong>marchiam</strong></span> <span class='ocrx_word' id='word_1_715' title='bbox 1017 4679 1274 4738; x_wconf 89' lang='lat' dir='ltr'><strong>tenuisse</strong></span> <span class='ocrx_word' id='word_1_716' title='bbox 1297 4679 1368 4734; x_wconf 91' lang='lat' dir='ltr'><strong>ad</strong></span> <span class='ocrx_word' id='word_1_717' title='bbox 1389 4693 1608 4732; x_wconf 87' lang='lat' dir='ltr'><strong>annum</strong></span> <span class='ocrx_word' id='word_1_718' title='bbox 1632 4693 1821 4750; x_wconf 89' lang='lat' dir='ltr'><strong>usque</strong></span> <span class='ocrx_word' id='word_1_719' title='bbox 1840 4679 1966 4745; x_wconf 90' lang='lat'><strong>995,</strong></span> 
     </span>
    </p>
   </div>
   <div class='ocr_carea' id='block_1_93' title="bbox 319 4767 1970 4845">
    <p class='ocr_par' dir='ltr' id='par_1_93' title="bbox 319 4767 1970 4845">
     <span class='ocr_line' id='line_1_93' title="bbox 319 4767 1970 4845; baseline -0.004 -17"><span class='ocrx_word' id='word_1_720' title='bbox 319 4789 494 4845; x_wconf 91' lang='lat' dir='ltr'><strong>quoe</strong></span> <span class='ocrx_word' id='word_1_721' title='bbox 523 4772 669 4829; x_wconf 85' lang='lat' dir='ltr'><strong>vivis</strong></span> <span class='ocrx_word' id='word_1_722' title='bbox 723 4771 992 4839; x_wconf 84' lang='lat' dir='ltr'><strong>excessit,</strong></span> <span class='ocrx_word' id='word_1_723' title='bbox 1044 4769 1220 4826; x_wconf 90' lang='lat' dir='ltr'><strong>videri</strong></span> <span class='ocrx_word' id='word_1_724' title='bbox 1271 4770 1461 4840; x_wconf 91' lang='lat' dir='ltr'><strong>potest</strong></span> <span class='ocrx_word' id='word_1_725' title='bbox 1509 4784 1577 4823; x_wconf 83' lang='lat' dir='ltr'><strong>ex</strong></span> <span class='ocrx_word' id='word_1_726' title='bbox 1621 4767 1970 4823; x_wconf 88' lang='lat' dir='ltr'><strong>documento</strong></span> 
     </span>
    </p>
   </div>
   <div class='ocr_carea' id='block_1_94' title="bbox 321 4856 1964 4933">
    <p class='ocr_par' dir='ltr' id='par_1_94' title="bbox 321 4856 1964 4933">
     <span class='ocr_line' id='line_1_94' title="bbox 321 4856 1964 4933; baseline -0.004 -15"><span class='ocrx_word' id='word_1_727' title='bbox 321 4863 462 4918; x_wconf 90' lang='lat' dir='ltr'><strong>anni</strong></span> <span class='ocrx_word' id='word_1_728' title='bbox 490 4863 618 4928; x_wconf 90' lang='lat'><strong>993,</strong></span> <span class='ocrx_word' id='word_1_729' title='bbox 650 4862 820 4933; x_wconf 88' lang='lat' dir='ltr'><strong>cujus</strong></span> <span class='ocrx_word' id='word_1_730' title='bbox 849 4860 1124 4933; x_wconf 90' lang='lat' dir='ltr'><strong>deinceps</strong></span> <span class='ocrx_word' id='word_1_731' title='bbox 1152 4860 1252 4915; x_wconf 84' lang='lat' dir='ltr'><strong>ﬁet</strong></span> <span class='ocrx_word' id='word_1_732' title='bbox 1279 4858 1597 4915; x_wconf 88' lang='lat' dir='ltr'><strong>mentio.At</strong></span> <span class='ocrx_word' id='word_1_733' title='bbox 1619 4873 1733 4912; x_wconf 91' lang='lat' dir='ltr'><strong>non</strong></span> <span class='ocrx_word' id='word_1_734' title='bbox 1756 4856 1836 4912; x_wconf 88' lang='lat' dir='ltr'><strong>ita</strong></span> <span class='ocrx_word' id='word_1_735' title='bbox 1861 4860 1964 4912; x_wconf 89' lang='lat' dir='ltr'><strong>est.</strong></span> 
     </span>
    </p>
   </div>
   <div class='ocr_carea' id='block_1_95' title="bbox 319 4945 1969 5021">
    <p class='ocr_par' dir='ltr' id='par_1_95' title="bbox 319 4945 1969 5021">
     <span class='ocr_line' id='line_1_95' title="bbox 319 4945 1969 5021; baseline -0.004 -15"><span class='ocrx_word' id='word_1_736' title='bbox 319 4950 434 5006; x_wconf 89' lang='lat' dir='ltr'><strong>Alii</strong></span> <span class='ocrx_word' id='word_1_737' title='bbox 463 4950 623 5007; x_wconf 91' lang='lat' dir='ltr'><strong>enim</strong></span> <span class='ocrx_word' id='word_1_738' title='bbox 654 4949 1004 5010; x_wconf 89' lang='lat' dir='ltr'><strong>intermedio</strong></span> <span class='ocrx_word' id='word_1_739' title='bbox 1034 4953 1294 5021; x_wconf 90' lang='lat' dir='ltr'><strong>tempore</strong></span> <span class='ocrx_word' id='word_1_740' title='bbox 1331 4948 1598 5004; x_wconf 88' lang='lat' dir='ltr'><strong>eamdem</strong></span> <span class='ocrx_word' id='word_1_741' title='bbox 1645 4945 1969 5002; x_wconf 89' lang='lat' dir='ltr'><strong>marchiam</strong></span> 
     </span>
    </p>
   </div>
   <div class='ocr_carea' id='block_1_96' title="bbox 320 5039 811 5096">
    <p class='ocr_par' dir='ltr' id='par_1_96' title="bbox 320 5039 811 5096">
     <span class='ocr_line' id='line_1_96' title="bbox 320 5039 811 5096; baseline -0.004 0"><span class='ocrx_word' id='word_1_742' title='bbox 320 5039 620 5096; x_wconf 87' lang='lat' dir='ltr'><strong>consecuti</strong></span> <span class='ocrx_word' id='word_1_743' title='bbox 650 5043 811 5095; x_wconf 90' lang='lat' dir='ltr'><strong>sunt.</strong></span> 
     </span>
    </p>
   </div>
   <div class='ocr_carea' id='block_1_97' title="bbox 392 5123 1970 5198">
    <p class='ocr_par' dir='ltr' id='par_1_97' title="bbox 392 5123 1970 5198">
     <span class='ocr_line' id='line_1_97' title="bbox 392 5123 1970 5198; baseline -0.002 -16"><span class='ocrx_word' id='word_1_744' title='bbox 392 5131 483 5184; x_wconf 91' lang='lat'><strong>78.</strong></span> <span class='ocrx_word' id='word_1_745' title='bbox 517 5128 594 5186; x_wconf 91' lang='lat' dir='ltr'><strong>Ut</strong></span> <span class='ocrx_word' id='word_1_746' title='bbox 624 5126 1055 5193; x_wconf 87' lang='lat' dir='ltr'><strong>marchionum,</strong></span> <span class='ocrx_word' id='word_1_747' title='bbox 1105 5125 1207 5198; x_wconf 91' lang='lat' dir='ltr'><strong>qui</strong></span> <span class='ocrx_word' id='word_1_748' title='bbox 1237 5125 1345 5181; x_wconf 91' lang='lat' dir='ltr'><strong>hoc</strong></span> <span class='ocrx_word' id='word_1_749' title='bbox 1377 5123 1678 5180; x_wconf 86' lang='lat' dir='ltr'><strong>intervallo</strong></span> <span class='ocrx_word' id='word_1_750' title='bbox 1710 5128 1970 5180; x_wconf 86' lang='lat' dir='ltr'><strong>nostram</strong></span> 
     </span>
    </p>
   </div>
   <div class='ocr_carea' id='block_1_98' title="bbox 325 5213 1970 5285">
    <p class='ocr_par' dir='ltr' id='par_1_98' title="bbox 325 5213 1970 5285">
     <span class='ocr_line' id='line_1_98' title="bbox 325 5213 1970 5285; baseline -0.004 -10"><span class='ocrx_word' id='word_1_751' title='bbox 325 5217 650 5275; x_wconf 87' lang='lat' dir='ltr'><strong>marchiam</strong></span> <span class='ocrx_word' id='word_1_752' title='bbox 694 5219 990 5285; x_wconf 86' lang='lat' dir='ltr'><strong>rexerunt,</strong></span> <span class='ocrx_word' id='word_1_753' title='bbox 1024 5214 1290 5271; x_wconf 88' lang='lat' dir='ltr'><strong>notitiam</strong></span> <span class='ocrx_word' id='word_1_754' title='bbox 1338 5213 1723 5285; x_wconf 86' lang='lat' dir='ltr'><strong>proferamus,</strong></span> <span class='ocrx_word' id='word_1_755' title='bbox 1774 5231 1970 5270; x_wconf 88' lang='lat' dir='ltr'><strong>rerum</strong></span> 
     </span>
    </p>
   </div>
   <div class='ocr_carea' id='block_1_99' title="bbox 395 5354 1969 5438">
    <p class='ocr_par' dir='ltr' id='par_1_99' title="bbox 395 5354 1969 5438">
     <span class='ocr_line' id='line_1_99' title="bbox 395 5354 1969 5438; baseline 0 0"><span class='ocrx_word' id='word_1_756' title='bbox 395 5359 884 5438; x_wconf 40' lang='lat' dir='ltr'><strong>exclames»?</strong></span> <span class='ocrx_word' id='word_1_757' title='bbox 915 5357 1116 5438; x_wconf 70' lang='lat' dir='ltr'><strong>Besin-</strong></span> <span class='ocrx_word' id='word_1_758' title='bbox 1147 5374 1240 5438; x_wconf 56' lang='lat' dir='ltr'><strong>an-</strong></span> <span class='ocrx_word' id='word_1_759' title='bbox 1289 5355 1414 5438; x_wconf 69' lang='lat'><strong>953:</strong></span> <span class='ocrx_word' id='word_1_760' title='bbox 1446 5354 1873 5438; x_wconf 58' lang='grc' dir='ltr'><strong>ΒὶὶξξιθευεᾸίιξε</strong></span> <span class='ocrx_word' id='word_1_761' title='bbox 1905 5375 1969 5438; x_wconf 57' lang='grc' dir='ltr'>Ην</span> 
     </span>
    </p>
   </div>
   <div class='ocr_carea' id='block_1_100' title="bbox 324 5426 1973 5514">
    <p class='ocr_par' dir='ltr' id='par_1_100' title="bbox 324 5426 1973 5514">
     <span class='ocr_line' id='line_1_100' title="bbox 324 5426 1973 5514; baseline -0.003 -27"><span class='ocrx_word' id='word_1_762' title='bbox 324 5426 461 5514; x_wconf 72' lang='lat' dir='ltr'><strong>pag.</strong></span> <span class='ocrx_word' id='word_1_763' title='bbox 482 5431 589 5514; x_wconf 61' lang='lat'><strong>33:2</strong></span> <span class='ocrx_word' id='word_1_764' title='bbox 618 5435 676 5487; x_wconf 91' lang='lat' dir='ltr'><strong>et</strong></span> <span class='ocrx_word' id='word_1_765' title='bbox 703 5431 828 5514; x_wconf 72' lang='lat'><strong>339,</strong></span> <span class='ocrx_word' id='word_1_766' title='bbox 855 5435 896 5486; x_wconf 90' lang='lat' dir='ltr'><strong>t.</strong></span> <span class='ocrx_word' id='word_1_767' title='bbox 933 5426 1467 5514; x_wconf 46' lang='lat' dir='ltr'><strong>I,Ber._Br‘unsvi&#39;c,</strong></span> <span class='ocrx_word' id='word_1_768' title='bbox 1501 5426 1705 5508; x_wconf 41' lang='lat' dir='ltr'><strong>Vit..S.</strong></span> <span class='ocrx_word' id='word_1_769' title='bbox 1739 5427 1973 5514; x_wconf 55' lang='lat' dir='ltr'><strong>Matnhnil-</strong></span> 
     </span>
    </p>
   </div>
   <div class='ocr_carea' id='block_1_101' title="bbox 322 5501 1973 5645">
    <p class='ocr_par' dir='ltr' id='par_1_101' title="bbox 322 5501 1973 5645">
     <span class='ocr_line' id='line_1_101' title="bbox 323 5501 1971 5577; baseline -0.004 -17"><span class='ocrx_word' id='word_1_770' title='bbox 323 5501 660 5577; x_wconf 48' lang='lat' dir='ltr'><strong>dis—regina:</strong></span> <span class='ocrx_word' id='word_1_771' title='bbox 703 5519 752 5559; x_wconf 92' lang='lat' dir='ltr'><strong>c.</strong></span> <span class='ocrx_word' id='word_1_772' title='bbox 795 5505 848 5569; x_wconf 85' lang='grc'><strong>4,</strong></span> <span class='ocrx_word' id='word_1_773' title='bbox 876 5521 914 5558; x_wconf 90' lang='lat' dir='ltr'><strong>n</strong></span> <span class='ocrx_word' id='word_1_774' title='bbox 962 5503 1049 5569; x_wconf 90' lang='grc'><strong>19,</strong></span> <span class='ocrx_word' id='word_1_775' title='bbox 1081 5506 1176 5570; x_wconf 88' lang='lat' dir='ltr'><strong>tl,</strong></span> <span class='ocrx_word' id='word_1_776' title='bbox 1232 5501 1362 5568; x_wconf 82' lang='lat' dir='ltr'><strong>Rer,</strong></span> <span class='ocrx_word' id='word_1_777' title='bbox 1396 5501 1698 5556; x_wconf 87' lang='lat' dir='ltr'><strong>Brunsvic.</strong></span> <span class='ocrx_word' id='word_1_778' title='bbox 1754 5501 1971 5569; x_wconf 86' lang='lat' dir='ltr'><strong>p.201,</strong></span> 
     </span>
     <span class='ocr_line' id='line_1_102' title="bbox 322 5571 1973 5645; baseline -0.002 -12"><span class='ocrx_word' id='word_1_779' title='bbox 322 5580 382 5633; x_wconf 90' lang='lat' dir='ltr'><strong>et</strong></span> <span class='ocrx_word' id='word_1_780' title='bbox 405 5574 714 5634; x_wconf 81' lang='lat' dir='ltr'><strong>Annalists</strong></span> <span class='ocrx_word' id='word_1_781' title='bbox 769 5575 920 5633; x_wconf 86' lang='lat' dir='ltr'><strong>Saxo</strong></span> <span class='ocrx_word' id='word_1_782' title='bbox 978 5575 1132 5645; x_wconf 86' lang='lat' dir='ltr'><strong>apud</strong></span> <span class='ocrx_word' id='word_1_783' title='bbox 1193 5573 1424 5631; x_wconf 87' lang='lat' dir='ltr'><strong>Eccard.</strong></span> <span class='ocrx_word' id='word_1_784' title='bbox 1477 5589 1553 5630; x_wconf 89' lang='lat' dir='ltr'><strong>an</strong></span> <span class='ocrx_word' id='word_1_785' title='bbox 1601 5571 1727 5639; x_wconf 83' lang='grc'>945,</span> <span class='ocrx_word' id='word_1_786' title='bbox 1760 5571 1884 5637; x_wconf 84' lang='grc'>953,</span> <span class='ocrx_word' id='word_1_787' title='bbox 1917 5575 1973 5631; x_wconf 89' lang='lat' dir='ltr'><strong>et</strong></span> 
     </span>
    </p>
   </div>
   <div class='ocr_carea' id='block_1_102' title="bbox 2075 4584 3723 4662">
    <p class='ocr_par' dir='ltr' id='par_1_102' title="bbox 2075 4584 3723 4662">
     <span class='ocr_line' id='line_1_103' title="bbox 2075 4584 3723 4662; baseline -0.001 -18"><span class='ocrx_word' id='word_1_788' title='bbox 2075 4607 2188 4662; x_wconf 91' lang='lat' dir='ltr'><strong>que</strong></span> <span class='ocrx_word' id='word_1_789' title='bbox 2201 4606 2333 4644; x_wconf 87' lang='lat' dir='ltr'><strong>mox</strong></span> <span class='ocrx_word' id='word_1_790' title='bbox 2347 4591 2418 4644; x_wconf 91' lang='lat' dir='ltr'><strong>ab</strong></span> <span class='ocrx_word' id='word_1_791' title='bbox 2432 4589 2639 4644; x_wconf 90' lang='lat' dir='ltr'><strong>Ottone</strong></span> <span class='ocrx_word' id='word_1_792' title='bbox 2657 4588 2705 4642; x_wconf 93' lang='grc' dir='ltr'><strong>ΙΙ</strong></span> <span class='ocrx_word' id='word_1_793' title='bbox 2727 4588 3076 4658; x_wconf 86' lang='lat' dir='ltr'><strong>imperatore</strong></span> <span class='ocrx_word' id='word_1_794' title='bbox 3097 4584 3399 4642; x_wconf 88' lang='lat' dir='ltr'><strong>obsidione</strong></span> <span class='ocrx_word' id='word_1_795' title='bbox 3421 4586 3723 4655; x_wconf 87' lang='lat' dir='ltr'><strong>subactus,</strong></span> 
     </span>
    </p>
   </div>
   <div class='ocr_carea' id='block_1_103' title="bbox 2077 4673 3725 4734">
    <p class='ocr_par' dir='ltr' id='par_1_103' title="bbox 2077 4673 3725 4734">
     <span class='ocr_line' id='line_1_104' title="bbox 2077 4673 3725 4734; baseline 0 -1"><span class='ocrx_word' id='word_1_796' title='bbox 2077 4694 2197 4734; x_wconf 90' lang='lat' dir='ltr'><strong>una</strong></span> <span class='ocrx_word' id='word_1_797' title='bbox 2223 4695 2356 4732; x_wconf 85' lang='lat' dir='ltr'><strong>cum</strong></span> <span class='ocrx_word' id='word_1_798' title='bbox 2387 4679 2589 4732; x_wconf 88' lang='lat' dir='ltr'><strong>eodem</strong></span> <span class='ocrx_word' id='word_1_799' title='bbox 2622 4674 2866 4730; x_wconf 84' lang='lat' dir='ltr'><strong>Henrico</strong></span> <span class='ocrx_word' id='word_1_800' title='bbox 2895 4673 3041 4729; x_wconf 90' lang='lat' dir='ltr'><strong>duce</strong></span> <span class='ocrx_word' id='word_1_801' title='bbox 3065 4673 3420 4730; x_wconf 72' lang='lat' dir='ltr'><strong>Carantania:</strong></span> <span class='ocrx_word' id='word_1_802' title='bbox 3461 4674 3519 4731; x_wconf 91' lang='lat' dir='ltr'><strong>in</strong></span> <span class='ocrx_word' id='word_1_803' title='bbox 3572 4675 3725 4733; x_wconf 88' lang='lat' dir='ltr'><strong>exsi-</strong></span> 
     </span>
    </p>
   </div>
   <div class='ocr_carea' id='block_1_104' title="bbox 2077 4762 3724 4838">
    <p class='ocr_par' dir='ltr' id='par_1_104' title="bbox 2077 4762 3724 4838">
     <span class='ocr_line' id='line_1_105' title="bbox 2077 4762 3724 4838; baseline 0.002 -18"><span class='ocrx_word' id='word_1_804' title='bbox 2077 4765 2224 4822; x_wconf 91' lang='lat' dir='ltr'><strong>lium</strong></span> <span class='ocrx_word' id='word_1_805' title='bbox 2259 4764 2476 4821; x_wconf 89' lang='lat' dir='ltr'><strong>missus</strong></span> <span class='ocrx_word' id='word_1_806' title='bbox 2506 4763 2634 4822; x_wconf 85' lang='lat' dir='ltr'><strong>fuit.</strong></span> <span class='ocrx_word' id='word_1_807' title='bbox 2668 4764 2812 4819; x_wconf 84' lang='lat' dir='ltr'><strong>Hinc</strong></span> <span class='ocrx_word' id='word_1_808' title='bbox 2841 4762 3034 4819; x_wconf 89' lang='lat' dir='ltr'><strong>Ottoni</strong></span> <span class='ocrx_word' id='word_1_809' title='bbox 3056 4764 3332 4838; x_wconf 84' lang='lat' dir='ltr'><strong>Bajoariae</strong></span> <span class='ocrx_word' id='word_1_810' title='bbox 3353 4765 3487 4822; x_wconf 90' lang='lat' dir='ltr'><strong>duci</strong></span> <span class='ocrx_word' id='word_1_811' title='bbox 3505 4765 3724 4824; x_wconf 89' lang='lat' dir='ltr'><strong>Caran-</strong></span> 
     </span>
    </p>
   </div>
   <div class='ocr_carea' id='block_1_105' title="bbox 2078 4852 3724 4930">
    <p class='ocr_par' dir='ltr' id='par_1_105' title="bbox 2078 4852 3724 4930">
     <span class='ocr_line' id='line_1_106' title="bbox 2078 4852 3724 4930; baseline 0.002 -19"><span class='ocrx_word' id='word_1_812' title='bbox 2078 4853 2714 4912; x_wconf 86' lang='lat' dir='ltr'><strong>taniacumVeronensi</strong></span> <span class='ocrx_word' id='word_1_813' title='bbox 2730 4852 3285 4912; x_wconf 87' lang='lat' dir='ltr'><strong>marchiaattributa</strong></span> <span class='ocrx_word' id='word_1_814' title='bbox 3311 4855 3559 4914; x_wconf 90' lang='lat' dir='ltr'><strong>videtur.</strong></span> <span class='ocrx_word' id='word_1_815' title='bbox 3584 4858 3724 4930; x_wconf 84' lang='lat' dir='ltr'><strong>[cm]</strong></span> 
     </span>
    </p>
   </div>
   <div class='ocr_carea' id='block_1_106' title="bbox 2080 4943 3725 5016">
    <p class='ocr_par' dir='ltr' id='par_1_106' title="bbox 2080 4943 3725 5016">
     <span class='ocr_line' id='line_1_107' title="bbox 2080 4943 3725 5016; baseline 0.002 -16"><span class='ocrx_word' id='word_1_816' title='bbox 2080 4945 2218 5002; x_wconf 85' lang='lat' dir='ltr'><strong>Post</strong></span> <span class='ocrx_word' id='word_1_817' title='bbox 2247 4945 2476 5002; x_wconf 88' lang='lat' dir='ltr'><strong>Ottonis</strong></span> <span class='ocrx_word' id='word_1_818' title='bbox 2503 4943 2677 5001; x_wconf 89' lang='lat' dir='ltr'><strong>Ducis</strong></span> <span class='ocrx_word' id='word_1_819' title='bbox 2711 4947 2979 5010; x_wconf 88' lang='lat' dir='ltr'><strong>mortem,</strong></span> <span class='ocrx_word' id='word_1_820' title='bbox 3011 4961 3138 5016; x_wconf 70' lang='lat' dir='ltr'><strong>quae</strong></span> <span class='ocrx_word' id='word_1_821' title='bbox 3177 4944 3382 5001; x_wconf 90' lang='lat' dir='ltr'><strong>incidit</strong></span> <span class='ocrx_word' id='word_1_822' title='bbox 3410 4945 3470 5001; x_wconf 90' lang='lat' dir='ltr'><strong>in</strong></span> <span class='ocrx_word' id='word_1_823' title='bbox 3501 4962 3725 5004; x_wconf 87' lang='lat' dir='ltr'><strong>annum</strong></span> 
     </span>
    </p>
   </div>
   <div class='ocr_carea' id='block_1_107' title="bbox 2078 5031 3727 5106">
    <p class='ocr_par' dir='ltr' id='par_1_107' title="bbox 2078 5031 3727 5106">
     <span class='ocr_line' id='line_1_108' title="bbox 2078 5031 3727 5106; baseline 0 -16"><span class='ocrx_word' id='word_1_824' title='bbox 2078 5035 2203 5104; x_wconf 86' lang='lat'><strong>982,</strong></span> <span class='ocrx_word' id='word_1_825' title='bbox 2237 5034 2367 5090; x_wconf 88' lang='lat' dir='ltr'><strong>Otto</strong></span> <span class='ocrx_word' id='word_1_826' title='bbox 2396 5033 2712 5106; x_wconf 88' lang='lat' dir='ltr'><strong>imperator</strong></span> <span class='ocrx_word' id='word_1_827' title='bbox 2739 5048 2872 5088; x_wconf 90' lang='lat' dir='ltr'><strong>cum</strong></span> <span class='ocrx_word' id='word_1_828' title='bbox 2926 5031 3170 5089; x_wconf 89' lang='lat' dir='ltr'><strong>Henrico</strong></span> <span class='ocrx_word' id='word_1_829' title='bbox 3200 5032 3425 5089; x_wconf 88' lang='lat' dir='ltr'><strong>minore</strong></span> <span class='ocrx_word' id='word_1_830' title='bbox 3473 5032 3727 5090; x_wconf 87' lang='lat' dir='ltr'><strong>Bertoldi</strong></span> 
     </span>
    </p>
   </div>
   <div class='ocr_carea' id='block_1_108' title="bbox 2082 5120 3729 5189">
    <p class='ocr_par' dir='ltr' id='par_1_108' title="bbox 2082 5120 3729 5189">
     <span class='ocr_line' id='line_1_109' title="bbox 2082 5120 3729 5189; baseline 0.001 -10"><span class='ocrx_word' id='word_1_831' title='bbox 2082 5123 2200 5180; x_wconf 84' lang='lat' dir='ltr'><strong>ﬁlio</strong></span> <span class='ocrx_word' id='word_1_832' title='bbox 2222 5121 2584 5189; x_wconf 85' lang='lat' dir='ltr'><strong>conciliatus,</strong></span> <span class='ocrx_word' id='word_1_833' title='bbox 2605 5122 2664 5177; x_wconf 93' lang='lat' dir='ltr'><strong>in</strong></span> <span class='ocrx_word' id='word_1_834' title='bbox 2683 5120 2936 5178; x_wconf 90' lang='lat' dir='ltr'><strong>comitiis</strong></span> <span class='ocrx_word' id='word_1_835' title='bbox 2954 5121 3192 5179; x_wconf 84' lang='lat' dir='ltr'><strong>Veronae</strong></span> <span class='ocrx_word' id='word_1_836' title='bbox 3209 5121 3428 5178; x_wconf 90' lang='lat' dir='ltr'><strong>habitis</strong></span> <span class='ocrx_word' id='word_1_837' title='bbox 3447 5137 3600 5178; x_wconf 89' lang='lat' dir='ltr'><strong>anno</strong></span> <span class='ocrx_word' id='word_1_838' title='bbox 3620 5121 3729 5181; x_wconf 89' lang='lat'><strong>983</strong></span> 
     </span>
    </p>
   </div>
   <div class='ocr_carea' id='block_1_109' title="bbox 2082 5209 3726 5284">
    <p class='ocr_par' dir='ltr' id='par_1_109' title="bbox 2082 5209 3726 5284">
     <span class='ocr_line' id='line_1_110' title="bbox 2082 5209 3726 5284; baseline -0.001 -15"><span class='ocrx_word' id='word_1_839' title='bbox 2082 5213 2271 5270; x_wconf 90' lang='lat' dir='ltr'><strong>eidem</strong></span> <span class='ocrx_word' id='word_1_840' title='bbox 2286 5210 2561 5284; x_wconf 79' lang='lat' dir='ltr'><strong>Bajoariac</strong></span> <span class='ocrx_word' id='word_1_841' title='bbox 2578 5215 2635 5268; x_wconf 91' lang='lat' dir='ltr'><strong>et</strong></span> <span class='ocrx_word' id='word_1_842' title='bbox 2646 5209 2960 5266; x_wconf 67' lang='lat' dir='ltr'><strong>Carinthim</strong></span> <span class='ocrx_word' id='word_1_843' title='bbox 2976 5209 3252 5267; x_wconf 88' lang='lat' dir='ltr'><strong>ducaium</strong></span> <span class='ocrx_word' id='word_1_844' title='bbox 3266 5209 3600 5284; x_wconf 89' lang='lat' dir='ltr'><strong>impertitus</strong></span> <span class='ocrx_word' id='word_1_845' title='bbox 3615 5213 3726 5268; x_wconf 88' lang='lat' dir='ltr'><strong>est.</strong></span> 
     </span>
    </p>
   </div>
   <div class='ocr_carea' id='block_1_110' title="bbox 2080 5356 3726 5555">
    <p class='ocr_par' dir='ltr' id='par_1_110' title="bbox 2080 5356 3726 5555">
     <span class='ocr_line' id='line_1_111' title="bbox 2080 5356 3726 5555; baseline -0.001 -73"><span class='ocrx_word' id='word_1_846' title='bbox 2265 5426 2476 5484; x_wconf 88' lang='lat' dir='ltr'><strong>Chron.</strong></span> <span class='ocrx_word' id='word_1_847' title='bbox 2509 5423 2952 5496; x_wconf 87' lang='lat' dir='ltr'><strong>Quedlimburg.</strong></span> <span class='ocrx_word' id='word_1_848' title='bbox 2987 5428 3028 5481; x_wconf 93' lang='lat' dir='ltr'><strong>t.</strong></span> <span class='ocrx_word' id='word_1_849' title='bbox 3064 5423 3132 5494; x_wconf 92' lang='lat' dir='ltr'><strong>II,</strong></span> <span class='ocrx_word' id='word_1_850' title='bbox 3167 5425 3298 5481; x_wconf 75' lang='lat' dir='ltr'><strong>Iter.</strong></span> <span class='ocrx_word' id='word_1_851' title='bbox 3331 5423 3632 5482; x_wconf 88' lang='lat' dir='ltr'><strong>Brunsvic.</strong></span> <span class='ocrx_word' id='word_1_852' title='bbox 3668 5441 3726 5496; x_wconf 87' lang='lat' dir='ltr'><strong>p.</strong></span> 
     </span>
    </p>
   </div>
  </div>
