4100 6200
288 281 406 344 εσυ
1272 275 1724 340 ΒΑΤΗΕΒΙῙῙΒ
1764 275 1868 339 'VE
1876 275 1954 339 HC

2079 272 2258 338 INSIS
2281 270 2750 338 ‘EPJSGOPUS.
3622 269 3736 336 88»

250 395 252 400 I
294 419 373 474 De
402 415 510 471 hoc
536 407 778 469 Henrico
809 408 1110 466 Ditmarus
1139 410 1400 468 scribens
1443 409 1590 466 libro
1620 409 1814 478 tertio,
1843 425 1938 466 so-
1965 408 2034 476 Αι
2051 399 2246 482 palam
2277 408 2343 464 fit
2371 423 2506 464 eum
2536 407 2784 463 Henrico
2815 407 2864 463 II
2882 405 3020 463 duci
3041 405 3401 464 successisse
3421 423 3578 464 anno
3596 405 3732 464 995'

293 505 412 561 lius
442 502 681 574 quidem
705 496 990 571 'Bajoarias
1018 500 1268 556 ducatus
1292 499 1587 556 meminit:
1613 498 1942 555 «Henricus
2050 498 2298 564 Quidam
2312 496 3136 570 suspicanturhuncOttonem
3149 488 3706 567 ejusdemmarchia:

295 593 487 650 minor
513 589 716 646 exsilio
748 588 998 655 solutus,
1033 590 1408 646 Bavariorum
1439 589 1558 645 dux
1587 589 1825 645 eﬁ‘ectus
1855 591 1944 644 est
2050 588 2260 643 ducem
2291 587 2473 642 fuisse
2519 602 2671 641 anno
2700 586 2825 654 983,
2862 601 2976 657 quo
3025 584 3344 657 imperator
3395 585 3529 641 Otto
3559 591 3610 641 ll
3641 585 3712 641 in-

295 683 361 756 (t.
383 685 404 735 Ι
424 681 547 736 Rer.
568 681 943 750 Brunsvic.,p.
963 679 1148 747 343).»
1167 681 1236 734 At
1253 678 1614 734 Carinthiam
1638 678 1814 734 simul
1831 677 1942 750 ipsi
2052 674 2750 732 comitiisVeronensibus
2779 697 2806 726 «
2829 674 3156 730 interventu
3169 676 3228 729 et
3241 673 3520 746 petitione
3535 674 3714 731 ducis.

295 769 587 837 collatam,
621 770 679 824 et
709 766 1107 839 Bajoariorum
1129 767 1365 823 ducatui
1389 767 1800 834 annexam,uti
1833 766 1943 821 sub
2052 764 2282 821 Ottonis
2314 765 2418 836 (In.
2455 765 2553 832 ib.,
2591 780 2722 836 pag.
2758 764 2905 833 479).
2941 785 2969 812 ››
3014 762 3312 818 Rodoaldo
3360 762 3705 835 patriarchas

295 858 507 915 Ottone
536 859 902 912 antecessore
935 853 1239 922 acciderat,
1271 855 1426 912 idem
1459 859 1660 910 auctor
1688 853 1945 910 ostendit
2052 852 2411 926 Aquileiensi
2436 851 2804 925 privilegium
2836 851 3146 907 concessit.
3170 851 3282 906 Sed
3305 850 3366 906 in
3388 851 3598 908 iisdem
3615 869 3708 908 co-

296 947 446 1004 lihro
478 948 686 1019 quarto
715 944 797 1000 ad
819 957 1040 1000 annum
1069 945 1196 1010 984,
1221 945 1362 1000 dum
1383 962 1518 1000 eum
1550 961 1664 1000 non
1693 948 1813 999 tam
1837 943 1944 999 Ba-
2054 942 2238 998 mitiis
2297 941 2546 997 Bavarize
2576 945 2633 996 et
2679 940 2989 996 Corinthiis
3037 940 3288 996 ducatus
3317 941 3707 998 cumaddexa

291 1036 493 1109 joarize
510 1049 686 1106 quam
707 1033 1016 1090 Corinthiis
1039 1034 1248 1089 ducem
1270 1035 1632 1089 demonstrat
1651 1033 1943 1105 inquiens:
2056 1032 2316 1089 marehia
2363 1031 2683 1088 Veronensi
2737 1033 2807 1088 ab
2838 1033 3040 1089 eodem
3073 1032 3425 1105 imperatore
3453 1030 3705 1087 traditus
3731 1068 3736 1069 κ

299 1127 600 1196 «τΡι-οριθτ
619 1121 938 1186 Henricum,
953 1122 1183 1189 ducem,
1208 1120 1309 1194 qui
1338 1126 1480 1176 tunc
1505 1121 1948 1193 Bavariisatque
2057 1123 2168 1178 fuit
2191 1121 2435 1178 Henrico
2469 1122 2702 1187 minori,
2727 1127 2792 1178 ut
2821 1122 3094 1195 superius
3125 1120 3399 1177 vidimus.
3434 1120 3611 1176 Porro
3632 1121 3706 1176 ad

300 1213 564 1272 Carentis
600 1210 837 1284 praefuit-
863 1209 1044 1281 (ibid.,
1077 1226 1144 1281 p.-
1183 1211 1330 1282 348).
1361 1231 1390 1260 η
1445 1210 1531 1265 Ad
1563 1209 1719 1265 hunc
1751 1210 1948 1283 itaque
2057 1227 2126 1268 ea
2154 1209 2448 1284 generalia
2475 1210 2713 1267 comitia
2737 1226 2941 1266 omnes
2970 1209 3296 1267 Germanias
3318 1224 3706 1282 procer-esas-

299 1303 387 1360 uti
415 1299 734 1368 Carinthiza
779 1299 986 1354 ducem
1045 1298 1306 1354 marchia
1353 1299 1708 1355 Veronensis
1737 1298 1946 1356 rediit:
2057 1299 2187 1369 citi;
2219 1316 2284 1355 ac
2316 1303 2620 1373 propterea
2649 1301 2769 1356 dux
2798 1298 2896 1356 ille
2943 1300 3095 1371 Otto,
3132 1299 3230 1372 qui
3260 1315 3362 1372 pro
3411 1297 3710 1355 Redoaldo

300 1393 552 1457 «.Tunc,
580 1410 610 1441 »
643 1387 835 1460 inquit
867 1387 1182 1459 Ditmarus,
1201 1387 1259 1444 id
1281 1393 1372 1444 est
1393 1404 1546 1445 anno
1574 1390 1702 1455 984,
1726 1412 1754 1439 «
1779 1389 1950 1445 Bava-
2058 1389 2392 1463 patriarcha
2421 1388 2790 1463 privilegium
2821 1389 3008 1462 petiit,
3029 1406 3146 1445 non
3169 1388 3448 1445 continuo
3468 1380 3712 1444 dux-Ca-

301 1480 407 1536 riis
437 1482 614 1551 atque
658 1475 920 1533 Car-entia
973 1476 1224 1549 prafuit.
1255 1477 1402 1533 Cum
1459 1479 1615 1534 enim
1675 1493 1828 1534 anno
1859 1494 1949 1534 se-
2060 1479 2288 1535 rinthiae
2321 1484 2380 1534 et
2401 1477 2754 1534 Veronensis
2776 1478 3048 1534 marchiea
3069 1484 3195 1534 tum
3217 1479 3400 1534 fuisse
3424 1477 3710 1534 dicendus
3741 1493 3744 1496 ‘

304 1567 504 1641 quenti
522 1567 634 1622 985
648 1565 936 1622 Henricus
955 1565 1156 1638 ll'post
1181 1566 1410 1623 Ottonis
1433 1567 1479 1622 II
1501 1566 1725 1622 obitum
1749 1589 1778 1616 «
1801 1566 1874 1622 ad
1889 1583 1952 1623 se
2059 1572 2168 1624 est.
2203 1569 2258 1625 Is
2289 1571 2605 1640 antequam
2636 1567 2994 1623 Carinthiam
3013 1571 3071 1622 et
3099 1571 3360 1623 nostram
3383 1566 3709 1622 marchiam

301 1672 592 1724 reversus,
640 1659 698 1712 et
721 1670 873 1711 vana
900 1654 1249 1711 exultatione
1277 1673 1344 1712 se
1374 1654 1666 1728 dejeetum
1715 1656 1951 1729 conspi-

2060 1657 2132 1713 ab
2153 1657 2362 1713 Ottone
2390 1657 2466 1712 III
2496 1656 2802 1724 obtineret,
2830 1655 3299 1724 Wormatiensis,
3333 1671 3434 1711 seu
3455 1654 3716 1711 Francia

301 1746 482 1837 ciens,
521 1743 789 1837 veniente
819 1743 957 1837 rege
983 1743 1216 1816 (Ottone
1248 1745 1346 1813 III)
1394 1745 1947 1837 in_Franconevord,
1981 1737 2383 1837 Bprientalis,
2416 1761 2574 1837 nunc
2608 1745 2941 1837 Franconiae
2981 1744 3100 1837 dus
3151 1744 3296 1800 fuit:
3326 1759 3445 1829 quo
3493 1744 3712 1837 ducatu

299 1835 563 1909 ilucipss
584 1833 919 1901 adveniens,
943 1833 1012 1889 in:
1023 1836 1338 1905 conspectu
1364 1834 1549 1890 totius
1571 1835 1769 1906 populi
1793 1849 1953 1890 com-

299 1924 536 2000 plicatis
562 1923 859 1992 manibus,
883 1922 1129 1978 humilis
1153 1921 1356 1978 habitu
1379 1926 1436 1978 et
1455 1927 1608 1990 actu,
1633 1939 1768 1980 vera
1793 1939 1951 1979 com-

305 2016 560 2088 punctus
617 2009 960 2084 pcsnitentia
989 2025 1056 2066 se
1103 2010 1276 2083 regiae
1299 2010 1652 2067 reddidisset
1680 2011 1954 2084 potestati

305 2099 540 2174 (Annal.
594 2100 810 2172 Saxa);
833 2121 864 2150 »
899 2099 972 2156 ab
1003 2099 1208 2156 eodem
1245 2099 1380 2172 rege
1409 2099 1687 2157 ducatum
1717 2117 1954 2173 prome-

309 2191 448 2254 ruit.
480 2192 572 2246 Ita
595 2205 730 2246 vero
783 2205 876 2245 res
915 2187 1242 2245 conciliatis.
1263 2205 1397 2245 cum
1433 2189 1675 2246 Henrico
1707 2188 1950 2260 minore,

307 2285 373 2338 ut
403 2281 454 2336 is
475 2279 606 2337 solo'
627 2277 938 2336 Carintbiaa
963 2278 1182 2334 ducatu
1213 2282 1547 2347 contentus,
1573 2278 1657 2334 illi
1678 2281 1952 2352 Bajoariaa

307 2371 586 2427 ducatum
634 2368 895 2425 cesserit.
945 2367 1062 2424 Hac
1092 2368 1164 2424 de
1193 2383 1373 2424 causa
1419 2368 1646 2426 Ottonis
1676 2370 1751 2426 III
1800 2371 1953 2444 regis

306 2460 726 2516 documentum
744 2456 882 2514 anni
901 2457 1183 2529 986vapud
1206 2457 1546 2514 Hansizium
1573 2458 1778 2522 ambos
1801 2459 1951 2515 Hen-

305 2549 460 2605 ricos
480 2569 510 2598 «
536 2547 716 2604 duces
750 2567 779 2598 ››
801 2547 1052 2619 prefert,
1073 2541 1325 2604 alterum
1347 2545 1620 2615 Bavariae,
1644 2546 1954 2605 Carinthize

307 2637 576 2706 alterum,
633 2635 1038 2692 «interventu.
1064 2676 1078 2691 .
1106 2677 1121 2692 .
1145 2677 1158 2691 .
1192 2636 1502 2692 amborum
1533 2641 1812 2708 nepotum
1845 2654 1954 2693 no-

307 2730 566 2782 strorum
597 2724 1002 2791 Henricorum,
1035 2724 1255 2779 dueum
1311 2723 1534 2780 scilicet
1580 2725 1852 2796 Bavariaz,
1887 2743 1954 2782 ac

305 2811 614 2868 Carinthiss
666 2811 972 2884 regionum
1023 2811 1090 2883 (t.
1122 2816 1146 2865 Ι
1177 2812 1354 2867 Germ.
1379 2812 1522 2880 Sac.,
1555 2830 1612 2885 p.
1647 2814 1797 2886 226).
1832 2837 1858 2863 »
1889 2815 1953 2870 In

305 2901 420 2959 alio
450 2900 592 2956 anni
616 2899 726 2954 988
771 2899 927 2972 apud
959 2898 1292 2972 Ughellium
1351 2921 1377 2954 α
1410 2901 1692 2958 Henricus
1720 2903 1952 2977 (minor)

304 2991 766 3047 Carentanorum
797 2989 918 3044 dux
947 3010 976 3038 »
1007 2992 1248 3044 vocatur
1292 2989 1356 3060 (t.
1378 2989 1426 3042 V
1449 2990 1551 3045 Ital
1579 2990 1750 3065 Sac.);
1803 2993 1956 3049 sicut

303 3079 450 3136 etin
477 3077 591 3134 alio
619 3076 885 3134 anni989
905 3077 1039 3132 dato
1073 3077 1344 3134 Kalendis
1373 3078 1732 3148 Octobris,ut
1759 3081 1952 3138 videre

305 3171 395 3224 est
423 3167 578 3239 apud
608 3163 1025 3232 Meichelbech,
1056 3163 1100 3220 t.
1132 3165 1156 3220 Ι
1187 3165 1336 3221 Hist.
1366 3166 1641 3241 Frising.,
1666 3185 1800 3242 pag.
1828 3171 1949 3227 185.

305 3257 536 3313 Mortuo
567 3258 771 3312 autem.
791 3253 1040 3319 Henrico
1072 3256 1298 3310 minore
1319 3255 1429 3310 sub
1453 3256 1629 3313 ﬁnem
1659 3259 1797 3314 anni
1825 3261 1950 3327 989,

305 3343 592 3401 Henricus
622 3343 671 3399 II
697 3342 974 3415 Bajoarim
995 3343 1112 3399 dux
1131 3343 1442 3400 Carintbiai
1464 3345 1827 3418 ducatum,et
1849 3365 1952 3404 an-

306 3449 515 3500 nexam
544 3431 938 3490 Veronensem
997 3430 1318 3488 marchiam
1377 3433 1607 3506 recepit.
1660 3435 1719 3490 Id
1759 3437 1954 3492 mani-

307 3523 522 3588 festum
545 3523 612 3579 ﬁt
637 3538 708 3580 ex
723 3519 938 3596 placito
957 3522 1223 3594 ejusdem
1249 3522 1476 3578 Henrici
1497 3522 1736 3581 Veronae
1757 3525 1954 3583 habito

308 3613 462 3668 anno
481 3611 674 3681 993,in
697 3627 812 3685 quo
842 3611 1182 3668 nominatur
1214 3634 1236 3661 ι
1260 3611 1545 3670 Henricus
1566 3613 1684 3669 dux
1704 3614 1956 3672 Bavaro-

307 3717 462 3771 rum,
487 3718 590 3758 seu
611 3701 1098 3770 Karentanorum,
1113 3700 1473 3774 atqueistius
1491 3703 1765 3760 marchiae
1791 3704 1957 3761 Vero~

305 3789 581 3845 nensium
610 3789 864 3857 (DIONYS.
889 3789 1356 3861 Collect.diptom.,
1389 3807 1446 3862 p.
1473 3791 1618 3863 I76).
1649 3814 1676 3841 »
1702 3792 1805 3848 Hic
1824 3797 1954 3849 tan-

306 3878 445 3934 dem.
469 3876 755 3933 Henricus
774 3877 826 3933 lt
843 3876 1001 3932 obiit
1021 3893 1175 3934 anno
1193 3877 1322 3946 995,
1345 3896 1398 3934 VI
1423 3879 1545 3934 Kal.
1570 3881 1952 3953 Septembris.

305 3965 564 4021 Rursum
595 3968 795 4021 autem
825 3965 1077 4021 Bavariaa
1106 3967 1357 4022 ducatus
1387 3970 1445 4022 et
1473 3967 1779 4024 Carinthiae
1836 3968 1958 4025 dis-

296 4052 778 4127 juncti.Ducatus
798 4054 1052 4110 Bavariae
1076 4053 1136 4110 in
1167 4055 1227 4111 S:
1247 4055 1562 4112 Henrieum
1586 4056 1772 4113 filium
1803 4059 1957 4129 ejus,

305 4142 406 4216 qui
434 4146 638 4215 postea
662 4141 776 4198 fuit
805 4143 1140 4215 imperator,
1174 4143 1446 4200 transivit
1475 4146 1752 4214 (Chronic.
1787 4147 1956 4216 Quid-

307 4233 594 4304 limburg.,
626 4235 670 4288 t.
703 4232 752 4289 Il
785 4233 907 4288 Iter.
969 4237 1196 4301 Bruma,-
1251 4235 1529 4306 Necrotog.
1587 4235 1770 4304 Futd.,
1805 4240 1846 4291 t.
1883 4237 1957 4294 ΙΙΙ

305 4321 429 4378 Iter.
461 4320 685 4393 Bruns.)
712 4339 726 4378 :
781 4320 1142 4378 Carinthiam
1171 4339 1306 4380 cum
1347 4322 1610 4380 marcbia
1636 4323 1958 4382 Veronensi

307 4411 567 4468 obtinuit
595 4411 748 4481 Otto,
780 4411 958 4486 quem
989 4413 1290 4468 Conradus
1321 4412 1713 4487 Lotharingiae
1743 4414 1861 4470 dux
1889 4433 1958 4472 ex

2062 1831 2314 1890 Subinde
2346 1833 2405 1888 in
2440 1832 2590 1889 filios
2609 1833 2738 1905 ejus
2756 1834 3043 1898 traducto,
3068 1831 3195 1906 ipse
3209 1832 3714 1890 educatumvCarin-

2061 1922 2198 1979 thiae
2227 1940 2364 1980 cum
2392 1921 2716 1980 Veronensi
2747 1921 3009 1978 marehia
3033 1922 3313 1978 obtinuit.

2129 2012 2221 2067 79.
2255 2012 2399 2069 Cum
2418 2011 2789 2084 sequentium
2806 2011 2986 2083 hujus
3004 2011 3507 2067 marchiaeducum
3529 2010 3712 2067 series

2061 2100 2360 2174 explorata
2372 2101 2468 2171 sit,
2483 2100 2579 2156 hic
2601 2100 2808 2172 pedem
2831 2099 3120 2157 sistimus.
3140 2099 3720 2166 Unummonendum
3744 2133 3746 2135 ›

2063 2193 2348 2263 superest,
2399 2203 2703 2262 perperam
2734 2206 2769 2244 a
2797 2187 3098 2244 nonnullis
3125 2181 3525 2244 VeronenSem
3558 2203 3714 2244 mar-

2062 2277 2256 2333 chiam
2288 2292 2422 2332 cum
2450 2275 2754 2332 Tarvisina
2783 2275 3083 2344 confundi,
3117 2292 3183 2331 ac
3213 2275 3264 2331 si
3285 2275 3489 2332 eadem
3513 2275 3706 2344 fuerit,

2062 2383 2191 2438 quas
2217 2381 2374 2421 nunc
2399 2364 2771 2421 Veronensis.
2797 2381 2954 2421 nunc
2975 2363 3281 2420 Tarvisina
3301 2363 3710 2437 appellatasit;

2059 2455 2275 2511 Verum
2290 2471 2487 2511 marca
2498 2454 2807 2510 Tarvisina
2817 2452 3029 2510 saeculo
3047 2457 3278 2509 tantum
3298 2453 3524 2510 decimo
3541 2453 3713 2511 tertio

2061 2544 2250 2601 audiri
2283 2542 2478 2616 coepit,
2507 2559 2682 2612 cum,.
2714 2542 2890 2599 Italiae
2921 2543 3255 2599 civitatibus
3285 2542 3345 2598 in
3375 2541 3709 2601 libertatem

2061 2632 2555 2706 conspirantibus,
2609 2649 2806 2688 marca
2835 2629 3190 2690 Veronensis
3219 2632 3349 2704 jam
3399 2631 3726 2690 defecerat.»

2060 2723 2261 2779 Solum
2293 2726 2486 2779 autem
2519 2721 2849 2778 Tarvisium
2873 2720 3144 2778 marchize
3166 2720 3404 2778 nomine
3427 2721 3710 2777 donatum

2060 2811 2291 2868 videtur
2312 2828 2381 2866 ea
2401 2811 2545 2866 forte
2570 2812 2641 2867 de
2661 2809 3008 2882 causa,quia
3025 2810 3180 2866 inter
3199 2808 3429 2866 Italicas
3450 2809 3714 2866 civitates

2061 2900 2390 2956 libertatein
2413 2904 2716 2956 assecutus
2735 2917 2803 2956 ea
2824 2900 2966 2955 urbs
2987 2898 3290 2956 limitanea
3309 2904 3454 2956 erat.
3473 2900 3586 2956 Sed
3597 2915 3714 2974 age

2053 2991 2202 3063 jam,
2235 2991 2306 3045 ad
2341 2988 2684 3046 Ratherium
2716 2993 3094 3045 revertamur.

2061 3081 2171 3154 [ev]
2201 3081 2228 3148 §
2257 3079 2400 3134 ΧΙΙΙ.
2434 3080 2836 3154 -ςᾹῘζαΐζιᾷτξαδ-
2855 3095 3006 3154 cum
3049 3077 3241 3154 Ottone
3266 3081 3295 3135 Ι
3326 3077 3473 3135 redit
3501 3079 3569 3154 iri
3586 3079 3716 3154 Ἰω-

1979 3138 2026 3206 C
2048 3138 2079 3204 ;‘
2134 3138 2270 3208 12'an
2298 3166 2443 3206 anno
2472 3151 2597 3206 961.
2630 3151 2886 3222 Difﬁcilis
2904 3151 3165 3206 Futcuini
3194 3152 3340 3206 locus
3359 3151 3710 3222 expenditur.

2135 3223 2334 3279 Eodem
2365 3223 2553 3279 Ottone
2574 3221 2786 3291 agente,
2820 3223 2915 3278 ille
2945 3223 3006 3276 in
3039 3224 3390 3279 Veronensem
3414 3221 3592 3290 sedem
3619 3237 3713 3291 re:

2131 3295 2400 3350 stituitur.
2434 3292 2648 3348 Accedit
2691 3295 2896 3348 summi
2941 3294 3216 3360 pontiﬁcis
3246 3297 3295 3348 et
3338 3293 3560 3349 concilii
3601 3293 3709 3348 Pa-

2130 3367 2336 3438 piensis
2363 3364 2652 3438 decretum.
2686 3365 2816 3420 Acta
2845 3367 2906 3420 in
2933 3364 3135 3436 synodo
3182 3366 3446 3438 Papiensi
3472 3365 3714 3438 pejusque

2133 3436 2364 3508 tempus.
2397 3437 2593 3492 Petrus
2621 3438 2900 3508 episcopus
2926 3437 3212 3492 Ravennas
3242 3436 3272 3491 ἐ
3296 3436 3420 3491 sede
3445 3436 3709 3508 dejectus,

2135 3509 2200 3564 in
2226 3507 2414 3564 eadem
2436 3508 2660 3579 synodo,
2691 3522 2848 3578 aeque
2874 3524 2940 3563 ac
2967 3508 3280 3573 Ratherius,
3310 3507 3513 3578 fauens
3529 3507 3717 3564 deero.

2135 3588 2250 3636 tum
2278 3579 2497 3635 obtinet.
2533 3579 2779 3634 Edictum
2810 3579 3015 3635 Ottonis
3040 3596 3141 3650 pro
3179 3579 3454 3636 Rathcrio.
3486 3581 3718 3650 Furtum

2134 3652 2375 3778 egi-poris
2403 3653 2579 3706 sancti
2608 3651 2883 3718 Metronis,
2931 3659 2981 3707 et
3016 3649 3285 3716 Eutherii;
3309 3650 3629 3722 opusculum
3654 3649 3720 3704 de

2135 3740 2164 3778 e
2237 3740 2321 3778 em
2360 3738 2420 3778 re
2446 3724 2710 3778 scriptum
2740 3737 2884 3778 anno
2911 3723 3038 3777 962.
3072 3726 3380 3778 Imperator
3407 3723 3729 3778 enisconum‘

2135 3736 2321 3780 eadem
2360 3738 2420 3778 νε
2446 3736 2710 3780 scriptum
2740 3737 2884 3778 anno
2911 3736 3038 3777 W2.
3072 3736 3380 3780 Imperator
3407 3736 3585 3780 emsco

2135 3736 2321 3780 eadem
2360 3738 2420 3778 re
2446 3736 2710 3794 scriptum
2740 3737 2884 3778 anno
2911 3736 3038 3777 sos.
3072 3736 3380 3794 imperator
3407 3737 3437 3777 e
3479 3736 3661 3794 iscopu

2135 3799 2290 3866 urget
2320 3793 2392 3850 ad
2419 3796 2621 3851 milites
2649 3793 2964 3864 dirigendos
2980 3809 3084 3866 pro
3111 3793 3388 3850 obsidione
3417 3738 3630 3850 operite.

2135 3884 2226 3938 80.
2259 3883 2389 3939 Otto
2419 3883 2442 3937 Ι
2473 3883 2724 3938 comitiis
2753 3881 3285 3939 Wormatiensibus
3313 3883 3480 3939 anno
3496 3882 3599 3937 961
3625 3896 3718 3937 eos

2065 3971 2322 4038 lebratis,
2357 3971 2417 4026 in
2448 3970 2665 4042 quibus
2696 3971 2790 4027 die
2818 3972 3192 4028 Pentecostes
3219 3971 3379 4028 ﬁlius
3407 3971 3540 4042 ejus
3589 3967 3720 4026 Otto

2067 4060 2389 4116 Germaniae
2421 4075 2521 4115 rex
2552 4063 2783 4115 creatus
2804 4058 2948 4126 :fuit,
2998 4061 3307 4116 Saxoniam
3342 4059 3592 4133 repetiit,
3627 4075 3722 4115 re-

2067 4149 2295 4221 busque
2339 4147 2556 4204 ibidem
2589 4147 2952 4220 compositis,
2988 4166 3093 4222 per
3140 4141 3467 4221 Bajoariam'
3493 4147 3720 4205 ac-Tri-

2067 4237 2372 4294 dentinam
2402 4235 2614 4294 vallem
2646 4253 2781 4293 cum
2800 4239 3056 4295 exercitu
3080 4237 3141 4294 in
3163 4237 3392 4295 Ital-iam
3412 4237 3718 4310 ingressus

2066 4331 2174 4392 est,
2206 4326 2308 4383 ubi
2339 4350 2367 4378 «
2397 4343 2602 4382 omnes
2633 4342 2779 4399 pene
2805 4327 3068 4395 comites,
3101 4331 3157 4384 et
3185 4325 3488 4400 episcopos
3519 4327 3719 4383 obvios

2068 4416 2292 4485 habuit,
2326 4420 2401 4485 et,
2435 4420 2500 4472 ut
2533 4415 2747 4484 decuit,
2781 4417 2852 4472 ab
2885 4416 2969 4472 eis
3021 4416 3339 4473 honorifice
3384 4407 3714 4489 susceptus,
3759 4439 3764 4444 ι

307 4502 442 4574 [σιν]
474 4501 792 4576 Luitgarde
848 4501 1075 4559 Ottonis
1101 4501 1124 4559 Ι
1155 4500 1277 4558 ﬁlia
1332 4507 1688 4576 susceperat.
1723 4503 1840 4559 Hac
1891 4507 1965 4561 de
1990 4504 2435 4580 Dmotestative,
2481 4508 2538 4561 et
2569 4505 2792 4577 absque
2825 4503 2946 4560 ulla
2976 4505 3309 4561 resistentia
3340 4503 3578 4577 Papiam
3629 4504 3719 4559 in-

307 4606 484 4653 causa
512 4590 669 4647 idem
698 4591 830 4648 Otto
861 4614 889 4642 «
922 4591 1368 4648 Carentinorum
1399 4591 1518 4647 dux
1547 4596 1604 4648 et
1659 4592 1959 4649 Veronen-

306 4678 462 4734 sium
493 4695 688 4736 comes
703 4701 731 4730 »
753 4680 1060 4738 aDitmaro
1081 4685 1139 4738 et
1159 4679 1477 4737 Aldeboldo
1491 4681 1550 4736 in
1574 4681 1707 4738 Vita
1725 4686 1782 4738 S.
1805 4683 1957 4740 Hen-

305 4765 412 4821 rici
442 4766 814 4839 imperatoris
841 4774 1100 4828 vocatur.
1138 4792 1166 4820 ‹‹
1195 4771 1401 4826 Comes
1432 4788 1537 4843 pro
1568 4771 1905 4829 marchione
1924 4793 1954 4824 ››

305 4859 668 4928 usurpatur;
713 4873 902 4929 neque
940 4858 1099 4914 enim
1131 4862 1372 4914 Veronae
1403 4864 1656 4926 tantum,
1691 4861 1790 4917 sed
1824 4861 1956 4918 uni-

302 4961 482 5002 versae
512 4945 790 5002 marchiaa
819 4947 1141 5003 Veronensi
1172 4948 1541 5021 praesidebat.
1577 4973 1604 5000 ‹‹
1630 4951 1756 5006 Dux
1786 4950 1956 5008 istius

304 5034 576 5092 marchize
607 5058 638 5085 »
670 5034 1023 5094 Veronensis
1076 5037 1134 5092 in
1167 5037 1300 5094 aliis
1331 5039 1701 5096 documentis
1741 5040 1957 5098 dicitur

305 5124 562 5196 (Ruusrs,
609 5126 848 5183 Monum.
879 5128 1008 5182 sccl.
1043 5127 1248 5200 Aquil.,
1283 5145 1340 5201 p.
1373 5129 1521 5198 497):
1579 5135 1636 5185 et
1664 5131 1956 5188 annalista

305 5213 454 5269 Saxo
475 5211 724 5287 loquens
750 5214 822 5270 de
841 5215 1114 5270 Brunone
1132 5216 1260 5286 ejus
1284 5215 1532 5288 tilio,qui
1558 5217 1628 5272 ad
1651 5234 1953 5274 summum

193 5325 197 5328 ·
303 5302 710 5374 pontificatum
742 5308 1046 5376 promotus
1079 5305 1207 5372 fuit,
1237 5305 1495 5378 Gregorii
1517 5305 1564 5359 V
1595 5307 1830 5362 nomine
1862 5325 1953 5364 as-

303 5396 562 5465 sumpto,
621 5410 774 5448 anno
803 5471 805 5474 p
831 5393 975 5463 996;
1035 5418 1061 5446 «
1094 5394 1450 5462 Brunonem,
1482 5393 1694 5469 inquit,
1725 5397 1954 5455 Ottonis

304 5480 516 5552 ﬁlium,
536 5482 634 5554 qui
667 5499 930 5539 marcam
955 5483 1350 5540 Veronensem
1382 5486 1669 5554 servabat,
1695 5509 1724 5538 ››
1757 5490 1866 5542 etc.
1891 5487 1952 5545 Si

303 5569 398 5626 hic
428 5570 558 5628 Otto
588 5571 984 5630 Veronensem
1009 5596 1036 5622 «
1062 5589 1362 5632 marcam»
1387 5576 1624 5649 regebat
1643 5592 1796 5636 anno
1823 5575 1950 5646 996,

2067 4596 2240 4651 travit
2271 4593 2626 4668 (Continuat.
2662 4594 2866 4667 Regin.
2891 4593 3168 4650 etAnnal.
3199 4597 3412 4663 Saxa).
3449 4615 3478 4642 ››
3508 4593 3627 4650 Hac
3658 4593 3720 4649 in

2067 4686 2212 4741 urbe
2241 4682 2434 4740 natale
2465 4684 2679 4740 festum
2697 4684 2960 4754 ejusdem
2986 4683 3123 4739 anni
3147 4682 3554 4751 celebravit,ac
3581 4682 3717 4738 dein
3759 4691 3765 4696 “

2066 4774 2399 4831 Romanum
2429 4773 2539 4829 iter
2584 4773 2862 4846 suscepit,
2896 4778 3026 4828 uta
3060 4773 3286 4829 Joanne
3334 4771 3433 4828 XII
3482 4781 3720 4828 summo

2067 4864 2338 4937 pontiﬁce
2365 4863 2684 4934 imperator
2702 4865 3099 4919 coronaretur.
3122 4862 3318 4918 Romae
3349 4861 3715 4934 imperialem

2064 4969 2340 5010 coronam
2372 4951 2627 5008 obtinuit
2655 4951 2748 5007 die
2776 4951 3138 5008 2-Februarii
3171 4969 3268 5008 an.
3300 4951 3430 5008 962.
3459 4949 3576 5007 Has
3605 4943 3720 5007 cir-

2065 5039 2454 5098 cumstantias
2487 5039 2800 5096 Ratherius
2821 5058 2940 5097 sua:
2963 5038 3319 5097 restitutioni
3342 5043 3724 5113 peropportu.

2066 5148 2174 5187 nas
2206 5135 2390 5196 ratus,
2418 5129 2478 5184 in
2509 5127 2742 5185 Italiam
2773 5129 2954 5196 venit,
2975 5130 3366 5201 Brunoneque
3385 5120 3717 5184 Coloniensi

2066 5237 2278 5293 magno
2292 5220 2420 5291 ejus
2437 5222 2679 5291 patrono
2701 5219 2855 5290 apud
2872 5219 3142 5276 Ottonem
3171 5233 3520 5293 germanum
3537 5231 3718 5272 suum

2065 5315 2290 5383 agente,
2313 5308 2709 5365 Veronensem
2727 5309 2923 5364 sedem
2947 5308 3184 5381 recepit.
3201 5308 3272 5364 Ut
3286 5307 3465 5379 hujus
3484 5305 3720 5363 restitu-

2063 5399 2241 5456 tionis
2273 5403 2507 5471 tempus
2539 5399 2853 5465 statuatur,
2887 5397 3044 5470 quod
3075 5385 3515 5471 assignandum
3536 5394 3720 5452 credi-

2063 5505 2197 5544 mus
2229 5505 2382 5544 anno
2411 5488 2537 5553 961,
2571 5485 2760 5558 primo
2792 5484 3598 5557 Fulcuinidit‘ﬁcilisquidam
3630 5483 3719 5541 lo-

2063 5593 2190 5646 cus,
2224 5576 2326 5648 qui
2350 5573 2631 5633 nonnulis
2657 5574 2856 5632 fucum
2889 5575 3044 5644 fecit,
3071 5567 3629 5651 expendendusiest.
3663 5573 3730 5630 Ie‘
3753 5605 3770 5617 ι
