2050 3100
136 153 197 186 80‘:
648 153 955 187 PROLEGOMENA.
970 170 1010 178 —-
1025 153 1214 187 RATBERII
1234 154 1339 187 VITA.
1803 155 1844 188 9°

137 223 204 259 past
217 223 383 251 enarratum
391 222 508 260 Rotgeri
522 211 618 251 verbis
629 222 753 250 Baldrici
770 222 964 250 intrusionem
978 221 1152 260 A‘subjecta
1166 222 1369 251 demonstrant
1382 222 1480 260 ipsum
1495 223 1756 258 Fulcuinum,cum
1771 224 1843 252 scri-
1856 212 1860 215 ⁸

137 267 169 295 in
184 267 284 295 sedem
305 267 523 301 Leodicensem,
548 269 577 295 et
600 266 800 303 expulsionem
823 266 963 300 Ratherii,

137 311 198 339 haec
213 312 275 340 suis
290 312 386 340 verbis
400 312 519 340 subdit:
538 323 552 338 ι(
568 312 672 340 Exacto
688 311 778 348 igitur
799 311 828 339 in
844 311 898 339 hac
914 312 965 340 de-

138 356 290 384 stitutione
307 365 361 385 sua
376 356 532 384 Ratberius
556 356 646 384 ferme
667 356 796 388 biennio,
813 356 965 384 deﬁciente

139 400 223 428 abeo
240 400 360 428 militari
382 400 475 436 copia,
506 400 620 428 Italiam
650 400 803 428 revertitur
832 401 879 436 (De
892 400 962 428 Gest.

139 445 205 473 Abb.
222 445 298 479 Lob.,
314 453 340 472 c.
355 445 411 479 24).
430 456 444 469 ι)
460 445 495 473 Et
518 453 585 473 mox
608 445 724 481 Rotgeri
752 445 848 472 verbis
864 453 964 481 prose-

139 490 255 526 quitur:
273 501 287 514 «
304 490 345 517 Ac
358 498 395 518 ne
410 489 480 526 quid
496 490 526 517 in
541 490 686 525 ejusmodi
702 489 817 526 negotio
828 489 964 526 imperfe-

139 536 219 562 ctum
235 535 447 570 restaret,quod
462 534 585 563 curiosis
596 534 759 562 alienarum
775 542 872 562 rerum
888 534 964 562 inve-

138 578 329 615 stigatoribus
344 578 516 614 scrupulum
535 581 739 612 commoveret,
755 587 822 607 cum
838 579 963 615 impera-

136 625 199 651 tore
213 631 354 660 germano
368 631 421 651 suo
435 623 551 657 (Ottone
566 623 588 659 Ι)
600 623 697 651 Bruno
711 623 740 651 id
757 624 860 658 ell‘ecit,
875 625 908 650 ut
920 624 963 651 ei-

135 668 205 695 dem
216 668 280 703 jam
294 667 340 695 bis
348 667 488 695 destituto
499 667 775 704 antiqua[cvr]sedes
787 668 963 696 Veronensis

133 711 272 740 Ecclesiae
286 711 464 740 redderetur.
484 723 498 736 ››
523 712 657 748 Plerique
684 712 739 740 hoc
763 712 964 740 testimonium

136 755 259 792 perinde
273 755 524 790 intellexerunt,ae
540 756 564 784 si
581 757 737 785 Ratherius
755 768 769 782 «
781 757 871 785 ferme
887 757 966 785 bien-

137 800 186 828 nio
202 811 217 825 »
232 801 299 835 post
312 808 398 827 suam
414 808 428 828 e
444 801 613 829 Leodiceusi
634 801 702 829 sede
717 801 918 838 expulsionem
935 801 964 829 in

137 844 250 873 Italiam
264 852 407 878 reversus,
434 844 579 873 Brunonis
596 853 684 881 opera
707 846 736 873 in
761 846 860 873 sedem
875 846 965 884 V_ero-

138 897 260 917 nensem
274 889 310 917 ab
325 888 428 917 Ottone
444 889 532 917 fuerit
553 889 717 918 restitutus.
735 890 778 918 Ita
793 890 868 918 hanc
882 890 965 918 resti-

139 934 282 962 tutionem
297 936 364 970 post
372 945 387 959 ‹‹
399 934 490 962 ferme
496 933 647 961 biennium
656 945 670 959 »
682 934 841 970 contigisse
849 936 964 971 putant,

139 986 216 1006 anno
231 977 341 1006 scilicet
367 978 430 1005 957.
459 977 568 1006 Verum
595 978 765 1006 Ratherium
796 979 965 1007 restitutum

139 1030 216 1051 sane
231 1024 346 1051 tantum
367 1022 430 1057 961,
453 1031 511 1059 quo
537 1023 602 1051 Otto
626 1022 713 1050 rediit
738 1023 769 1050 in
792 1022 915 1057 Italiam,
931 1032 966 1051 ex

138 1067 418 1096 eertisdccumentis
431 1069 498 1103 post
508 1075 602 1103 pauca
609 1067 837 1095 demonstraturi
850 1076 965 1096 sumus:

139 1112 217 1139 unde
232 1113 326 1141 exstat
339 1111 571 1140 instrumentum
584 1111 695 1140 mensis
706 1112 802 1140 Martii
818 1112 886 1140 anni
901 1113 964 1147 959,

138 1164 174 1184 ex
186 1163 246 1191 quo
261 1163 320 1183 non
336 1155 555 1189 Ratherius,sed
572 1156 817 1185 Milo.Veronensi
832 1156 965 1185 Ecclesia;

138 1200 193 1228 hoc
208 1208 326 1236 quoque
338 1207 416 1228 anno
433 1200 585 1236 praafuisse
599 1201 912 1238 dignosciturmiosvs.
922 1201 966 1229 di-

137 1245 222 1281 plom.
239 1244 306 1273 Coll.
323 1253 352 1280 p.
369 1245 441 1278 124).
459 1244 672 1273 Testimonium
694 1245 811 1281 Rotgeri
826 1253 892 1273 cum
907 1245 966 1273 illis

141 1289 239 1317 verbis
255 1292 428 1325 careat,qua3
447 1301 459 1313 ‹‹
473 1289 563 1317 ferme
578 1290 688 1317 biennii
705 1301 718 1314 υ
727 1290 907 1318 mentionem
922 1290 967 1318 fa-

139 1334 231 1368 ciunt,
249 1334 278 1361 id
295 1334 389 1361 solum
406 1334 840 1369 significat,S.Brunonem,etsi
855 1334 967 1362 violen»

140 1379 190 1406 tim
200 1378 354 1406 rebellium
363 1379 484 1406 cesserit
497 1379 678 1407 instituendo
689 1378 855 1407 Baldricum
864 1379 968 1407 Ratbe-

138 1423 183 1451 rio
198 1423 329 1458 depulso,
346 1423 442 1460 egisse
458 1426 555 1451 tamen
572 1425 674 1459 postea
688 1431 754 1451 cum
765 1423 878 1457 Ottonc,
896 1426 928 1452 ut
942 1424 967 1452 is

138 1467 520 1503 antiquae‘sedi-Veronensi
535 1468 757 1496 restitueretur:
774 1476 840 1504 qua:
852 1468 966 1497 nullum

139 1520 256 1540 annum
265 1512 464 1548 designantes,
481 1512 591 1548 optime
606 1515 771 1549 congruunt
793 1521 860 1540 cum
877 1513 967 1549 gestis

139 1559 166 1584 et
184 1556 366 1584 restitutione
383 1565 449 1583 mox
474 1557 703 1585 demonstranda
724 1557 792 1585 anni
813 1558 875 1585 961.
893 1558 967 1586 Tota

1020 266 1079 302 psit
1094 277 1108 291 ‹‹
1125 266 1239 294 Italiam
1255 267 1436 301 revertitur,»
1447 267 1602 304 scripsisse
1617 269 1652 296 de
1668 276 1701 296 eo
1713 269 1843 297 Ratherii

1019 311 1115 339 reditu
1131 311 1160 338 in
1174 311 1300 345 Italiam,
1314 312 1349 340 de
1365 321 1423 348 quo
1439 313 1582 348 Rotgerus
1599 312 1747 348 loquitur;
1764 313 1843 341 aliud

1019 355 1109 389 enim,
1125 355 1180 383 iter
1196 356 1251 384 isto
1267 357 1406 391 anterius,
1422 359 1450 385 et
1472 356 1618 393 posterius
1642 365 1719 385 anno
1734 359 1797 392 955,
1814 358 1844 386 in

1019 400 1149 428 medium
1166 401 1325 437 producere
1341 401 1480 430 somniari
1495 401 1713 429 est.Fulcuinus
1727 402 1844 430 sicutin

1019 444 1085 472 aliis
1101 445 1246 481 episcopis
1262 455 1365 480 annos,
1383 446 1492 482 quibus
1512 446 1681 474 Leodicensi
1696 446 1758 474 sedi
1774 454 1846 483 ρη-

1019 489 1146 522 fuerunt,
1163 489 1292 517 indicare
1307 490 1400 524 solet;
1413 491 1453 518 ita
1467 498 1533 518 curn
1550 490 1717 518 Ralheriani
1733 490 1845 526 episco-

1018 535 1104 570 patus
1119 536 1236 569 tempus
1250 534 1398 562 omisisset
1409 535 1600 571 Rotgerus,ea
1609 535 1696 562 verba
1711 535 1843 569 inseruit,

1018 578 1126 614 quibus
1142 586 1209 606 eum
1224 590 1238 604 «
1255 579 1346 606 ferme
1362 579 1480 607 biennio
1497 590 1511 603 »
1527 579 1733 607 Leodicensem
1748 580 1845 614 (sicuti

1017 631 1083 650 vere
1099 623 1162 659 fuit)
1178 623 1350 659 episcopum
1365 623 1458 651 fuisse
1473 623 1662 660 signiﬁcaret.

1053 667 1097 694 81.
1114 667 1261 703 Quidquid
1278 669 1375 695 autem
1392 668 1427 695 de
1437 667 1492 695 hoc
1508 667 1641 695 Fulcuini
1653 669 1733 696 textu
1744 668 1847 704 proba-

1019 711 1108 739 bilius
1124 712 1269 747 credatur,
1278 713 1353 740 certe
1362 712 1517 740 Ratherius
1527 712 1725 740 Veronensem
1737 712 1847 749 episco-

1019 757 1122 792 patum
1138 764 1196 783 nou
1212 756 1320 792 recepit
1333 758 1400 784 ante
1415 765 1525 784 annum
1540 757 1602 784 961.
1612 757 1674 785 Duo
1684 756 1778 793 ipsius
1795 757 1848 786 Ra-

1018 799 1106 828 tberii
1117 800 1286 828 testimonia
1300 810 1361 829 rem
1370 802 1549 837 exploratam
1558 802 1665 830 facient
1678 805 1847 839 :utrumque

1018 844 1097 872 enim
1113 845 1177 881 ejus
1207 845 1421 873 restitutionem
1451 846 1558 879 Ottoni,
1588 855 1655 874 cum
1680 846 1710 874 in
1735 846 1847 875 Italiam

1020 889 1116 923 rediit,
1134 889 1294 925 ascribunt,
1306 890 1356 926 qui
1372 893 1470 918 tamen
1487 899 1545 918 non
1560 890 1645 918 rediit
1660 893 1727 919 ante
1737 899 1848 919 annum

1020 933 1083 961 961.
1100 933 1202 961 Solum
1219 943 1311 962 unum
1338 934 1539 963 testimonium
1555 935 1645 971 exigit
1660 943 1770 963 annum
1783 935 1847 970 961,

1020 977 1100 1006 aliud
1117 979 1251 1015 congruit
1265 987 1342 1006 anno
1356 979 1487 1016 962,qua:
1503 981 1649 1015 quatenus
1665 979 1850 1009 concilianda

1020 1022 1090 1057 sint,
1106 1022 1278 1059 explicaturi
1293 1031 1407 1051 sumus.
1426 1023 1455 1051 Id
1471 1024 1607 1052 Invectiva
1623 1023 1735 1052 furtum
1746 1032 1849 1061 corpo-

1020 1066 1061 1094 ris
1072 1067 1101 1094 S.
1116 1067 1265 1101 Metronis,
1274 1068 1352 1103 quod
1366 1067 1585 1096 Veronensibus
1599 1067 1773 1105 subreptum
1785 1077 1849 1097 cre-

1020 1111 1144 1139 debatur
1159 1122 1173 1136 ››
1190 1112 1281 1140 sextis
1295 1114 1416 1140 exeunte
1432 1112 1504 1140 Jano
1515 1112 1682 1141 Kalendis.»
1699 1113 1728 1141 id
1742 1116 1788 1142 est
1801 1114 1849 1142 die

1019 1156 1056 1183 27
1069 1155 1213 1190 Januarii,
1236 1156 1262 1184 ei
1290 1157 1414 1192 tempori
1440 1159 1541 1185 auctor
1567 1157 1699 1194 assignat
1720 1166 1804 1186 num.
1821 1158 1849 1192 3,

1021 1208 1079 1236 quo
1096 1211 1109 1225 ‹‹
1126 1200 1191 1228 Otto
1207 1200 1367 1237 imperator
1379 1202 1530 1237 Augustus
1545 1201 1659 1229 Italiam
1671 1201 1793 1230 feliciter
1806 1202 1851 1229 in-

1021 1245 1147 1271 traverat
1174 1244 1423 1280 triumphaturus.
1450 1255 1464 1270 ››
1490 1245 1521 1272 Id
1548 1245 1683 1272 convenit
1710 1245 1850 1273 Januan'o

1023 1288 1117 1316 mensi
1132 1288 1202 1316 anni
1224 1288 1289 1321 962,
1307 1288 1357 1324 qui
1386 1288 1500 1325 primus
1529 1292 1573 1317 est
1600 1289 1759 1317 Januarius
1784 1292 1851 1326 post

1023 1332 1136 1360 Ottonis
1152 1332 1318 1368 ingressum
1334 1332 1364 1360 in
1378 1332 1501 1361 Italiam.
1520 1333 1600 1361 Licet
1621 1335 1720 1361 autem
1738 1333 1786 1362 hic
1802 1342 1851 1362 eo-

1023 1377 1089 1404 dem
1106 1385 1207 1404 mense
1220 1377 1351 1404 nondum
1366 1379 1443 1405 esset
1455 1376 1614 1413 imperator
1621 1379 1772 1415 Augustus
1785 1373 1850 1413 ;hoc

1022 1423 1120 1449 tamen
1136 1421 1221 1449 titulo
1244 1421 1337 1449 utitur
1362 1421 1517 1450 Ratherius
1545 1422 1574 1450 in
1603 1422 1668 1459 ipsa
1695 1423 1848 1458 Iuvectiva,

1022 1466 1131 1503 quippe
1145 1475 1208 1494 eam
1227 1468 1327 1503 postea
1347 1466 1474 1503 scripsit,
1491 1475 1557 1495 cum
1574 1467 1621 1495 ille
1633 1468 1696 1503 jam
1712 1468 1849 1505 imperia-

1022 1510 1079 1539 lem
1094 1519 1232 1539 coronam
1246 1511 1340 1539 fuerat
1365 1514 1529 1539 assecutus;
1544 1512 1632 1540 Porro
1648 1512 1722 1540 illud
1738 1513 1851 1541 furtum

1022 1555 1165 1583 accidisse
1179 1556 1359 1590 tradebatur,
1374 1557 1446 1584 dum
1472 1556 1628 1584 Ratherius
1651 1557 1850 1585 Vercnensem

139 1601 231 1637 igitur
245 1600 405 1628 difﬁcultas
421 1601 477 1628 sita
493 1604 537 1629 est
552 1602 581 1629 in
598 1601 772 1638 verbis,qua=.
788 1610 822 1630 ex
837 1611 890 1630 suo
901 1602 966 1630 Ful-
981 1595 1003 1630 C
1021 1600 1223 1636 episcopatum
1239 1600 1393 1635 obtineret,
1404 1603 1436 1628 ut
1451 1608 1485 1628 ex
1501 1601 1700 1629 admonitione
1711 1601 1741 1629 in
1755 1601 1849 1638 ipsam

139 1645 246 1673 cii-inus
261 1645 404 1674 inseruit:
419 1657 433 1671 ‹‹
449 1646 556 1674 Exacto
570 1646 600 1674 in
626 1646 681 1674 hac
709 1646 900 1675 destitutione
914 1656 969 1675 sua

141 1690 297 1718 Ratherius
314 1690 403 1718 ferme
419 1691 545 1724 biennio,
563 1691 715 1719 deﬁciente
738 1691 776 1719 ab
797 1699 831 1719 eo
847 1691 968 1720 militari

143 1734 355 1770 copia,ltaliam
373 1736 554 1762 revertitur.»
565 1735 683 1772 Aliquid
699 1744 765 1764 vero
781 1737 968 1770 mendosum,

140 1779 185 1807 vel
200 1779 334 1807 hiulcum
349 1780 380 1807 in
395 1779 451 1807 hoc
465 1781 545 1808 textu
559 1779 649 1808 latere
673 1780 745 1808 nihil
772 1781 969 1809 dubitandum

140 1823 267 1852 videtur.
282 1823 408 1851 Vcrba-«
424 1824 577 1852 deficiente
592 1825 628 1853 ab
653 1834 685 1853 eo
708 1825 828 1853 militari
855 1825 937 1861 copia
951 1836 965 1851 ιο

140 1868 215 1896 nihil
229 1868 310 1896 aliud
325 1868 447 1896 innaere
460 1869 609 1897 credimus
625 1869 682 1897 nisi
701 1869 820 1903 milites,
836 1878 887 1897 seu
904 1878 969 1897 ma-

139 1915 259 1950 gnates,
270 1912 321 1949 qui
336 1913 378 1941 ita
403 1922 420 1941 a
447 1914 584 1942 Ratherio
613 1914 788 1948 defecerant,
810 1916 843 1942 ut
871 1914 969 1942 Bruno

139 1951 317 1985 multumea
333 1957 438 1985 iisdem
454 1958 619 1994 adjutorem
634 1957 664 1986 in
688 1958 753 1994 ejus
769 1958 968 1987 defensionem

140 2001 272 2029 invenire
302 2002 440 2038 potuerit.
473 2002 546 2030 Vide
572 2003 735 2031 Phrenesim
763 2003 793 2031 in
827 2004 967 2040 prommio

139 2055 221 2073 num.
242 2047 266 2073 1.
283 2046 304 2073 Ii
320 2055 385 2074 vero
401 2047 569 2074 defecerunt
585 2047 751 2075 aRatherio
765 2056 823 2075 non
839 2059 854 2074 «
869 2050 968 2076 exacto

138 2091 231 2118 ferme
246 2090 363 2118 biennio
381 2102 394 2116 ›)
411 2094 476 2127 post
492 2092 554 2127 ejus
566 2092 787 2120 destitutionem
799 2101 852 2121 seu
867 2092 968 2129 expul-

139 2135 253 2163 sionem
269 2143 284 2163 e
300 2136 438 2163 cathedra
452 2136 630 2170 Leodirensi,
642 2137 692 2164 sed
708 2137 763 2165 sub
779 2137 867 2165 ﬁnem
879 2138 969 2165 ferme

139 2179 261 2213 biennii,
279 2188 337 2215 quo
353 2181 486 2208 eamdem
503 2181 672 2209 cathedram
688 2182 792 2209 tenuit.
804 2183 968 2218 Antequam

139 2232 225 2260 porro
238 2226 304 2260 post
318 2224 536 2252 destitutionem
554 2225 662 2253 rediret
678 2226 707 2253 in
730 2225 854 2259 Italiam,
868 2228 897 2254 et
908 2226 968 2262 epi-

139 2270 295 2304 scopatum
307 2268 503 2297 Veronensem
515 2272 650 2298 Brnnone
657 2272 760 2306 agente
772 2272 967 2306 recuperaret,
985 2281 1007 2313 υ

138 2320 198 2341 nan
213 2313 306 2340 ferme
320 2313 474 2342 biennium
489 2314 520 2342 in
535 2323 590 2342 sua
604 2314 794 2343 destitutione
809 2315 967 2351 exegit,sed

139 2357 314 2385 sexennium
330 2359 359 2386 et
382 2358 519 2394 amplius.
545 2358 618 2386 Hinc
647 2367 699 2394 pro
716 2370 730 2384 (ι
747 2359 936 2387 destitutione
951 2370 965 2385 »

139 2402 214 2429 forte
226 2402 383 2438 legendum
395 2405 439 2430 est
454 2403 672 2431 «institutione»
681 2403 724 2431 vel
738 2403 849 2440 aliquid
859 2404 968 2438 simile,

139 2454 198 2482 quo
214 2445 400 2482 signiﬁcetur
414 2449 546 2475 exactum
563 2456 580 2475 a
596 2447 733 2476 Ratberio
747 2448 776 2476 in
800 2449 968 2485 episcopatu

140 2490 323 2524 Leodicensi,
339 2490 369 2518 in
386 2500 443 2527 quo
460 2492 588 2528 legitime
604 2492 698 2520 fuerat
714 2492 867 2521 institutus
880 2493 970 2522 ferme

139 2534 294 2564 biennium
311 2535 348 2563 ab
358 2543 439 2564 anno
452 2536 506 2564 953
522 2537 558 2564 ad
575 2545 685 2565 annum
700 2537 835 2571 955.*Quo
850 2538 969 2575 quidem

141 2579 262 2607 biennio
276 2579 366 2608 ferme
381 2583 491 2614 exacto,
508 2589 576 2610 cum
597 2581 771 2610 defecissent
795 2582 831 2610 ab
847 2591 880 2611 eo
897 2582 972 2611 mili-

141 2626 254 2658 tes,seu
268 2627 450 2661 magnates,«
466 2624 570 2661 pulsus
586 2626 622 2654 ab
637 2634 671 2654 ea
681 2627 765 2655 sede»
783 2627 854 2663 (haec
863 2628 971 2656 subau-

142 2668 260 2703 dienda,
270 2668 315 2696 vel
330 2670 428 2705 potius
444 2671 619 2706 supplenda)
633 2671 665 2699 in
678 2671 791 2699 Italiam
807 2672 902 2708 petiit,
914 2681 970 2700 non

141 2715 247 2740 tamen
263 2713 376 2749 statim,
392 2716 443 2743 sed
457 2723 524 2743 cum
541 2716 606 2743 Otto
635 2716 738 2744 eodem
764 2716 924 2746 descendit.
938 2719 971 2745 ut

141 2757 336 2794 sequentibus
349 2759 446 2788 verbis
460 2768 495 2788 ex
518 2760 642 2797 Rotgero
667 2760 793 2797 sumptis
809 2760 970 2789 Fulcuinus

141 2801 226 2839 {cm}
237 2802 373 2840 explicat.
399 2803 478 2834 Hec
492 2804 610 2840 quidem
638 2805 726 2834 verba
754 2804 867 2835 statim
885 2804 920 2834 ab
936 2814 969 2835 eo

1023 1644 1196 1672 Invectivam
1209 1653 1290 1672 num.
1306 1644 1434 1681 3,palam
1444 1645 1502 1673 ﬁet.
1517 1645 1610 1682 Igitur
1624 1645 1776 1682 aliquanto
1786 1648 1851 1674 ante

1023 1689 1099 1717 diem
1114 1690 1150 1716 27
1163 1689 1297 1717 Januarii
1327 1690 1396 1717 anni
1411 1690 1466 1717 962
1491 1689 1653 1718 Veronensi
1678 1690 1741 1718 sedi
1756 1690 1853 1719 fuerat

1023 1733 1194 1762 restitutus:
1212 1734 1300 1770 idque
1315 1733 1497 1770 probabilius
1525 1734 1646 1769 contigit
1674 1737 1741 1762 ante
1761 1735 1850 1763 ﬁnem

1023 1778 1091 1806 anni
1106 1778 1168 1811 961,
1186 1786 1252 1806 cum
1268 1778 1334 1806 Otto
1350 1778 1463 1805 Italiam
1475 1777 1639 1813 ingressus,
1655 1778 1777 1806 Veronae
1790 1778 1852 1814 pri-

1023 1830 1106 1850 mum
1120 1823 1156 1849 ab
1171 1822 1250 1850 Italis
1263 1823 1396 1858 receptus
1413 1821 1477 1849 fuit.
1495 1822 1649 1849 Ratherius
1664 1821 1790 1856 enim,ut
1805 1831 1849 1850 re-

1023 1866 1205 1900 stitueretur,
1221 1875 1280 1894 una
1294 1874 1361 1894 cum
1376 1865 1441 1902 ipso
1457 1865 1561 1894 Ottoue
1575 1866 1605 1894 in
1621 1866 1734 1899 Italiam
1750 1866 1853 1895 rediis-

1023 1919 1055 1939 se
1067 1910 1315 1939 verisimillimum
1332 1912 1387 1939 est.

1058 1956 1103 1983 82.
1119 1956 1193 1983 Huic
1218 1957 1316 1984 autem
1341 1955 1492 1984 sententiae
1521 1956 1625 1984 obesse
1651 1955 1789 1984 videntur
1800 1955 1852 1985 illa

1022 2001 1167 2030 Itinerarii
1181 2001 1293 2035 numJi,
1306 2000 1413 2037 quibus
1429 2009 1460 2029 se
1476 2013 1490 2026 «
1508 2001 1710 2029 misericordia
1725 2001 1850 2038 piissimi

1023 2046 1156 2079 Caesaris,
1186 2048 1328 2082 praecepto
1358 2045 1520 2082 apostolici,
1537 2046 1587 2082 qui
1615 2048 1685 2074 tunc
1713 2046 1850 2075 Romanis

1022 2092 1145 2128 praerat
1159 2090 1233 2126 sedi,
1249 2090 1360 2126 judicio
1371 2091 1574 2127 episcoporum
1586 2090 1852 2127 synodaliterresti-

1022 2137 1120 2163 tutum
1136 2137 1269 2162 testatur.
1288 2146 1302 2160 ››
1313 2136 1449 2171 Synodus
1461 2135 1638 2170 enim,cujus
1644 2135 1757 2171 judicio
1769 2135 1851 2163 resti-

1023 2182 1105 2208 tutus
1122 2179 1222 2213 fuit,ut
1237 2187 1303 2208 mox
1317 2180 1544 2214 videbimus,est
1554 2180 1684 2215 synodus
1700 2178 1850 2215 Papiensis

1024 2223 1263 2261 [cviu]celebrata
1273 2227 1339 2260 post
1353 2224 1483 2252 medium
1501 2232 1612 2251 annum
1625 2222 1758 2250 962.Htee
1772 2230 1850 2255 vere,

1022 2277 1087 2305 quas
1112 2277 1179 2296 cum
1206 2268 1369 2304 praemissis
1382 2276 1514 2305 pugnare
1538 2267 1683 2301 videntur,
1703 2266 1852 2294 conciliari

1023 2313 1107 2341 facile
1122 2316 1244 2350 queunt,
1261 2313 1286 2340 si
1302 2313 1436 2340 dicamus
1451 2311 1621 2339 Ratberium
1648 2319 1707 2339 sum
1732 2311 1852 2347 quidem

1023 2357 1086 2386 sedi
1113 2357 1149 2385 ab
1173 2358 1277 2385 Ottone
1306 2356 1417 2391 statim,
1447 2364 1513 2384 cum
1543 2355 1688 2384 Veronam
1716 2355 1850 2389 accessit,

1024 2402 1114 2430 fuisse
1129 2402 1226 2438 reipsa
1239 2402 1408 2430 restitutum
1424 2409 1503 2429 anno
1513 2401 1577 2434 961,
1594 2400 1701 2429 Milone
1717 2400 1852 2428 invasere

1023 2447 1053 2474 in
1070 2446 1201 2475 ordinem
1218 2447 1355 2480 redacto;
1372 2446 1426 2474 hoc
1440 2447 1539 2474 tamen
1551 2445 1646 2473 adhuc
1662 2445 1854 2479 obnitente,et

1020 2492 1070 2528 jus
1084 2500 1171 2520 suum
1187 2493 1400 2528 propugnante,
1417 2490 1553 2518 eumdem
1570 2490 1742 2527 principem,
1757 2490 1791 2517 ut
1806 2497 1852 2517 ee-

1025 2536 1186 2565 clesiastieo
1213 2544 1329 2572 quoque
1350 2535 1464 2571 judicio
1493 2534 1621 2563 Ratberii
1651 2534 1852 2570 episcopatum

1027 2582 1288 2615 conﬁrmaret,rem
1306 2579 1445 2608 detulisse
1460 2580 1496 2607 ad
1511 2579 1653 2607 Joannem
1669 2578 1718 2607 XII
1734 2578 1854 2614 pontifi’

1026 2634 1100 2660 cem,
1115 2634 1182 2654 cum
1199 2625 1320 2653 Romam
1334 2625 1480 2661 profectus
1490 2626 1551 2658 est;
1568 2624 1737 2660 ibidemque
1748 2630 1780 2651 re
1794 2623 1854 2650 dis-

1027 2679 1113 2699 cussa
1127 2673 1156 2698 et
1172 2671 1297 2706 cognita,
1306 2678 1359 2697 nec
1374 2678 1431 2697 non
1446 2668 1572 2697 subinde
1588 2669 1616 2696 in
1633 2667 1765 2705 Papiensi
1781 2675 1853 2695 con-

1026 2715 1103 2750 cilio,
1119 2717 1243 2751 utraque
1257 2714 1430 2743 auctoritate
1446 2722 1565 2742 causam
1583 2712 1718 2741 Ratherio
1734 2712 1854 2748 adjudi-

1025 2762 1120 2789 catam
1135 2759 1237 2787 fuisse.

1060 2805 1105 2833 83.
1132 2804 1294 2841 Synodum,
1319 2812 1384 2840 qua
1408 2803 1578 2832 Ratherium
1607 2801 1744 2836 restituit,
1761 2802 1858 2831 fuisse
