4046 6186
343 295 440 364 9ίς
1307 290 1756 354 RATHERIUS
1804 281 2299 356 VERONENSIS
2341 293 2792 359 EPISCOPUS.

3682 291 3810 362 92‘

341 434 682 508 Papiensem
702 426 996 485 indicatur
1016 425 1076 482 in
1095 424 1465 499 Apologetico
1485 441 1649 485 num.
1681 426 1717 478 7
1741 422 1834 479 his
1863 440 1989 480 ver—
2017 426 2074 493 Α
2099 425 2368 484 S.Petrus
2390 427 2837 501 Damianus,qui
2859 427 3008 485 libre
3031 426 3219 502 primo
3242 426 3414 501 epist.
3441 426 3497 498 9,
3517 428 3723 489 scribit
3747 437 3772 487 :

338 525 450 580 bis:
485 546 511 572 ‹‹
542 519 866 594 Episcopus
895 533 1058 584 sane,
1093 520 1158 572 ut
1205 516 1265 570 in
1320 514 1540 587 synodo
1580 516 1672 569 est
1719 512 1989 585 Papiensi

338 611 636 684 quondam
656 605 1430 672 clamatum,Veronensium
1456 619 1561 675 ego
1589 603 1635 657 si
1669 619 1862 670 sum,»
1877 607 1986 658 etc.

336 702 598 758 Obscura
627 701 684 754 et
713 697 1059 770 plerumque
1085 692 1380 766 incognita
1399 691 1580 762 hujus
1613 691 1818 763 synodi
1844 691 1989 746 noti-

333 791 418 847 tia
446 807 515 845 ex
567 769 922 860 quibusdam
981 782 1213 838 indiciis
1267 769 1619 854 expiscanda
1678 785 1784 835 est.
1846 782 1987 835 Tres

334 880 590 951 majores
619 875 1025 948 episcoporum
1060 887 1270 926 causas
1291 871 1362 925 ad
1396 871 1524 941 ejus
1555 869 1758 942 synodi
1790 869 1988 924 Patres

335 968 559 1024 delatas
590 981 656 1020 ac
687 962 957 1019 deﬁnitae
989 958 1677 1015 invenimus.Concilium
1703 959 1988 1012 Remense

333 1056 472 1113 anni
514 1056 637 1116 992,
699 1069 748 1107 c.
812 1051 879 1106 43
935 1049 1095 1121 (edit.
1159 1047 1410 1106 Wecheli
1462 1047 1827 1112 Francefurt,
1889 1064 1984 1101 an.

334 1147 473 1202 1600
503 1161 556 1216 p.
587 1143 700 1214 99),
733 1142 881 1196 duas
910 1155 1118 1194 causas
1177 1139 1236 1193 in
1295 1135 1572 1192 anteriori
1636 1135 1880 1190 concilio
1908 1135 1986 1190 si-

329 1233 453 1290 mul
475 1235 552 1304 dij
564 1232 825 1287 udicatas
845 1229 1092 1301 praefert,
1119 1227 1360 1282 alteram
1385 1224 1640 1280 Ratherii
1685 1224 1985 1279 Veronen-

330 1323 412 1379 sis
463 1320 717 1394 episcopi
764 1323 964 1373 contra
1013 1316 1287 1371 Milonem
1345 1315 1695 1379 invasorem,
1741 1313 1984 1368 alteram

328 1410 479 1468 Petri
513 1406 932 1480 archiepiscopi
988 1405 1342 1460 Ravennatis
1395 1407 1598 1458 contra
1640 1403 1980 1457 Honestum.

330 1524 358 1551 ‹‹
378 1500 521 1556 Item
549 1515 677 1571 quae
695 1497 848 1552 circa
860 1494 1200 1550 Ratherium
1215 1493 1610 1548 Veronensem
1622 1490 1980 1562 episcopum,

326 1589 411 1645 vel
440 1587 594 1643 eirea
623 1587 856 1641 Petrum
886 1585 1166 1639 Ravenna:
1196 1581 1699 1652 archiepiscopum
1743 1597 1856 1634 usu
1892 1579 1982 1635 vel

327 1674 750 1734 consuetudine
807 1674 1215 1744 provenerunt,
1248 1670 1320 1724 ab
1379 1668 1657 1724 omnibus
1708 1669 1986 1740 abrogata

2101 537 2130 565 ‹‹
2164 517 2368 572 Petrus
2400 518 2577 575 etiam
2611 518 3089 590 archiepiscopus
3119 517 3520 574 Ravennatem
3535 519 3773 577 dimisit

2100 605 2538 674 Ecclesiam,cui
2571 625 2706 663 mox
2737 608 2930 662 adhuc
2959 606 3284 679 superstiti,
3320 607 3613 665 Honestus
3643 611 3770 682 pri-

2099 711 2194 750 mo
2224 695 2488 752 videlicet
2516 695 2722 752 Ottene
2781 696 3042 753 habenas
3097 695 3331 768 imperii
3373 698 3769 772 gubernante,

2098 785 2401 841 successit.
2434 808 2460 834 »
2486 785 2765 840 Eamdem
2799 801 3298 856 rem,annumque
3325 801 3395 841 ex
3425 786 3536 842 alio
3562 788 3775 860 utique

2098 874 2252 930 fonte
2265 873 2722 946 designatetiam
2737 874 3040 929 Albericus
3062 873 3122 927 in
3139 873 3468 930 Chronicon
3488 876 3770 932 editionis

2099 963 2366 1018 Leibnitii
2419 964 2490 1018 ad
2545 979 2767 1018 annum
2815 957 3025 1017 9‘71:«
3086 963 3294 1018 Petrus
3355 963 3771 1022 Ravennatum

2095 1052 2496 1124 episcopatum
2511 1050 2896 1122 dimisit,post
2915 1067 3091 1122 quem
3115 1050 3242 1107 loco
3266 1051 3454 1124 ipsius
3471 1055 3771 1112 IIonestus

2096 1141 2412 1213 praeﬁcitur
2442 1141 2505 1212 (t.
2540 1141 2588 1197 II
2615 1145 2821 1196 Access.
2857 1142 3083 1208 Risum,
3141 1157 3197 1212 p.
3258 1141 3368 1212 19).
3401 1164 3431 1191 ››
3463 1141 3622 1198 Idem
3656 1143 3769 1200 alii

2095 1247 2300 1286 omnes
2331 1230 2740 1296 tradunt,adeo
2773 1233 2836 1284 ut
2866 1229 3018 1284 hanc
3050 1229 3404 1286 sententiam
3433 1254 3464 1282 «
3496 1249 3772 1289 commu-

2095 1335 2229 1374 nem
2265 1341 2294 1368 »
2325 1318 2438 1390 ipsi
2469 1317 2785 1373 Annalium
2819 1316 3360 1373 Camaldulensium
3381 1324 3648 1376 auctores
3682 1321 3771 1377 fa-

2092 1407 2454 1463 teantur.His
2468 1411 2661 1461 autem
2676 1406 2950 1461 omnibus
2967 1405 3181 1462 erroris
3195 1411 3394 1464 notam
3408 1407 3762 1482 impingere,

2095 1497 2334 1570 perinde
2353 1512 2418 1551 ac
2435 1495 2483 1551 si
2508 1495 2709 1550 Petrus
2722 1511 2875 1550 anno
2892 1494 2987 1551 971
3016 1511 3131 1551 non
3145 1495 3438 1552 dimiserit
3453 1497 3765 1570 episcopa-

2090 1592 2240 1652 tum,
2274 1585 2374 1640 sed
2397 1585 2467 1640 ab
2489 1584 2828 1656 episcopatu
2853 1584 3113 1656 dejectus
3137 1583 3332 1652 fuerit,
3366 1589 3498 1641 acta
3522 1586 3763 1642 concilii

2095 1674 2401 1730 Remensis
2422 1691 2536 1728 non
2554 1673 2747 1728 solum
2771 1689 2885 1728 non
2906 1677 3142 1746 cogunt,
3171 1673 3312 1744 quin
3334 1674 3531 1746 potius
3552 1675 3764 1732 viden-

327 1769 486 1822 sunt.
518 1764 773 1834 Uterque
821 1760 1116 1864 enirn-nec
1173 1756 1558 1864 abdicationis
1581 1845 1592 1857 '
1618 1761 1879 1864 porrecto
1913 1755 1981 1810 1i-
2011 1798 2061 1864 B
2093 1761 2519 1836 turexigere,ut
2542 1763 2927 1835 dejectionem
2950 1764 3078 1834 ejus
3093 1779 3160 1818 ac
3181 1762 3432 1820 subinde
3452 1764 3764 1821 restituto-

323 1853 496 1922 bello,
531 1869 637 1908 nec
670 1848 1130 1907 sacerdotalibus
1161 1846 1443 1919 depositis
1485 1845 1815 1918 insignibus
1848 1862 1980 1900 suc-

324 1958 616 2001 cessorem
677 1942 997 2011 acceperat,
1034 1935 1346 1995 Ratberius
1395 1934 1636 2007 quidem
1677 1934 1977 2003 Milonem,

323 2034 529 2089 Petrus
557 2047 692 2086 vero
725 2029 1045 2084 Honestum
1069 2024 1221 2082 beati
1251 2023 1604 2096 Apollinaris
1635 2024 1926 2078 abbatem.
1949 2045 1976 2072 ››

321 2122 443 2178 Etsi
473 2120 531 2176 in
567 2119 661 2174 his
690 2117 881 2184 verbis
912 2114 1076 2176 nulla
1101 2113 1308 2186 synodi
1351 2113 1653 2184 Papiensis
1683 2113 1783 2167 fiat
1815 2129 1977 2167 men-

209 2251 225 2262 .
321 2210 422 2278 tio,
454 2212 764 2278 utramque
792 2208 988 2260 tamen
1020 2199 1278 2257 Ratherii
1321 2199 1672 2256 Veronensis
1728 2205 1785 2255 et
1825 2200 1977 2256 Petri

321 2295 674 2355 Ravennatis
704 2309 944 2351 causam
977 2291 1181 2347 eodem
1210 2310 1238 2340 «
1287 2289 1554 2344 omnium
1586 2311 1614 2338 »
1639 2287 1866 2359 judicio
1899 2289 1980 2344 di-

313 2388 642 2459 judicatam
672 2383 854 2440 fuisse
885 2380 1235 2453 liquet.Cum
1256 2395 1389 2434 vero
1420 2395 1489 2433 ex
1518 2378 1829 2450 descriptis
1860 2379 1977 2434 Ra-

318 2475 493 2532 therii
521 2473 716 2530 verbis
746 2474 942 2543 pateat
969 2469 1150 2540 hujus
1201 2484 1438 2523 causam
1487 2467 1671 2523 fuisse
1717 2467 1976 2523 decisam

319 2565 378 2620 in
412 2563 633 2638 synodo
665 2558 955 2634 Papiensi,
991 2559 1145 2614 idem
1177 2557 1246 2614 de
1278 2556 1432 2613 Petri
1463 2557 1814 2613 Ravennatis
1845 2573 1976 2612 cau-

319 2671 386 2711 sa
415 2653 729 2710 dicendum
754 2653 863 2706 est.

388 2744 478 2798 84.
539 2742 740 2798 Patres
795 2739 1051 2796 Joannes
1108 2736 1457 2791 Benedictus
1514 2735 1860 2791 Mitarellius
1918 2739 1977 2791 et

316 2830 630 2888 Anselmus
660 2826 1067 2894 Costadonius,
1099 2824 1200 2896 qui
1259 2822 1446 2879 multo
1504 2823 1700 2878 studio
1755 2827 1814 2878 et
1849 2839 1978 2879 eru-

323 2920 542 2977 ditione
606 2915 860 2973 Annales
939 2911 1417 2968 Camaldulenses
1494 2911 1810 2983 digessere,
1889 2911 1975 2967 lo-

322 3012 567 3083 quentes
626 3007 696 3062 de
756 3005 1030 3072 Honeste,
1093 3001 1195 3074 qui
1267 3001 1434 3056 Petro
1519 3001 1822 3066 successit,
1883 3001 1974 3056 ni-

321 3099 403 3156 hil
463 3099 534 3153 de
590 3093 891 3167 Papiensi,
960 3091 1045 3148 vel
1125 3091 1240 3146 alia
1285 3084 1555 3162 ‘synode,
1617 3107 1742 3162 qua:
1818 3091 1971 3146 Petri

2091 1869 2228 1908 nem
2258 1851 2574 1908 evehamus
2593 1856 2729 1906 ante
2746 1868 2968 1907 annum
2985 1853 3110 1918 971,
3143 1856 3201 1908 et
3230 1851 3447 1908 idcirco
3475 1853 3763 1924 dejectio-

2091 1958 2226 1998 nem
2260 1941 2448 2014 ipsius
2477 1941 2917 2013 distinguamus
2966 1958 3001 1997 a
3045 1940 3414 2010 dimissione,
3443 1959 3570 2014 quae
3596 1959 3761 2000 anno

2087 2033 2188 2086 971
2225 2029 2576 2103 assignanda
2605 2029 2784 2086 est.In
2814 2029 3026 2086 iisdem
3051 2030 3333 2086 nimirum
3363 2031 3761 2090 Remensibus

2089 2119 2270 2193 gestis
2297 2136 2409 2174 non
2431 2123 2662 2174 tantum
2678 2118 2828 2176 Petri
2852 2119 3305 2191 dejectio,quam
3324 2137 3504 2176 unam
3528 2119 3758 2177 laudati

2089 2214 2358 2266 auctores
2383 2208 2849 2276 considerarunt,
2883 2209 2985 2265 sed
3016 2212 3073 2264 et
3122 2209 3416 2266 restitutio
3445 2209 3759 2282 perspicue

2088 2299 2375 2366 inanitur,
2409 2315 2545 2354 cum
2575 2301 2937 2354 acta‘contra
2977 2297 3194 2369 ipsum,
3247 2299 3463 2370 quibus
3520 2298 3758 2357 scilicet

2087 2389 2159 2443 ab
2192 2387 2532 2459 episcopatu
2563 2387 2754 2441 fuerat
2781 2386 3021 2458 ejectus,
3051 2407 3080 2437 «
3109 2386 3184 2442 ab
3212 2386 3487 2443 omnibus
3518 2387 3757 2460 (synodi

2087 2477 2290 2548 utique
2323 2474 2616 2546 Patribus)
2639 2473 2752 2547 [cx]
2785 2475 3066 2547 abrogata
3097 2496 3124 2524 ››
3154 2475 3484 2532 traduntln
3515 2491 3583 2531 ea
3610 2491 3755 2531 sen-

2087 2566 2290 2633 tentia,
2325 2581 2443 2637 qua
2472 2564 2737 2635 dejectus
2766 2562 3024 2618 creditur
3066 2580 3220 2620 anno
3249 2563 3379 2633 971,
3410 2563 3664 2620 Honeste
3694 2565 3756 2621 ei

2087 2653 2502 2728 subrogato,de
2530 2653 2716 2724 ipsius
2745 2652 3111 2710 restitutione
3141 2653 3399 2709 Honeste
3415 2653 3653 2710 excluso
3673 2671 3756 2711 ne

2083 2745 2326 2800 verbum
2358 2743 2595 2814 quidem
2621 2759 2745 2811 ;nec
2773 2742 3129 2798 documenta
3149 2743 3280 2813 ejus
3307 2742 3753 2815 temporisque

2084 2833 2407 2890 Honestum
2439 2832 2497 2886 in
2530 2848 2638 2886 sua
2667 2831 2806 2886 sede
2831 2847 3234 2902 perseverasse
3250 2831 3562 2888 ostendant
3589 2848 3752 2890 anno

2082 2923 2189 2977 972
2218 2926 2274 2978 et
2305 2919 2689 2993 sequentibus
2720 2920 2897 2975 etiam
2930 2924 3062 2992 post
3091 2919 3243 2975 Petri
3273 2924 3541 2988 mortem,
3561 2919 3750 2992 hujus

2084 3011 2514 3068 restitutionem
2547 3025 2613 3064 ac
2659 3009 3042 3064 remotionem
3084 3009 3324 3065 Honesti
3354 3025 3422 3066 eo
3479 3013 3752 3081 tempore

2084 3116 2458 3174 nequaquam
2488 3098 2815 3171 patiuntur.
2835 3098 3010 3154 Porro
3040 3097 3100 3152 in
3123 3097 3377 3153 laudatis
3408 3097 3589 3170 gestis
3624 3098 3752 3153 Re-

317 3204 556 3245 causam
587 3183 1010 3256 ἀῇυάίϐἱὶνϐτίῖ»
1045 3179 1346 3252 suspicati.
1379 3178 1501 3234 haec
1554 3182 1817 3234 aCtOPum
1851 3180 1964 3234 Βε-
1997 3166 2040 3234 C
2081 3166 2385 3246 mensibus
2402 3166 2579 3243 causa
2595 3190 2652 3242 et
2671 3185 2961 3242 restitutio
2981 3185 3288 3242 Petricum
3309 3166 3488 3242 causa
3505 3189 3564 3241 et
3579 3187 3752 3242 resti-

318 3276 540 3333 mensis
571 3273 777 3347 synodi
824 3271 1001 3327 verba
1049 3268 1513 3341 praecedentibus
1571 3269 1771 3324 statim
1831 3269 1971 3324 sub-

309 3368 469 3440 jecta
518 3363 780 3420 referunt
831 3378 844 3416 :
902 3383 930 3410 «
989 3360 1194 3415 Petrus
1253 3358 1576 3413 Honestum
1631 3357 1970 3414 monasterii

317 3453 471 3511 beati
501 3450 854 3526 Apollinaris
886 3449 1158 3505 abbatem
1189 3447 1403 3519 (supple
1431 3449 1770 3519 receperat),
1795 3463 1969 3518 quem

316 3546 640 3603 Honestum
673 3540 807 3614 [cxx]
838 3539 1092 3596 domnus
1117 3537 1374 3592 Joannes
1406 3552 1556 3608 papa
1585 3543 1970 3608 cognomento

316 3635 511 3690 Bonus
542 3632 614 3688 ad
647 3628 1115 3687 consecrandum
1148 3624 1313 3699 prius
1343 3624 1454 3681 sibi
1512 3623 1774 3681 oblatum
1803 3620 1967 3695 vidit,

315 3739 494 3796 quam
515 3722 586 3776 de
607 3719 757 3776 Petri
779 3714 1217 3790 dejectione,vel
1248 3714 1404 3769 fama
1424 3714 1732 3770 nuntiante
1759 3731 1970 3788 cogno-

317 3815 495 3868 verat.
538 3831 566 3860 »
617 3807 778 3863 Duos
827 3822 997 3877 porro
1053 3806 1341 3858 Honestos
1399 3801 1803 3874 distinguunt;
1849 3804 1970 3859 haec

315 3904 512 3956 autem
536 3897 714 3952 verba
743 3895 812 3950 de
834 3895 1086 3949 Honeste
1117 3891 1164 3946 II
1194 3889 1550 3961 intelligunt,
1578 3908 1760 3962 quem
1791 3893 1969 3948 Joan-

316 4005 421 4045 nes
449 4003 602 4060 papa
632 3980 1008 4040 consecravit.
1068 3980 1233 4035 Hunc
1276 3994 1407 4034 vero
1438 3979 1724 4036 Joannem
1757 3997 1969 4053 cogno-

317 4081 514 4134 mento
545 4097 573 4126 «.<
608 4075 833 4130 Bonum
867 4094 894 4120 ››
927 4086 1042 4126 non
1091 4068 1377 4125 Joannem
1421 4067 1520 4122 XII
1574 4070 1745 4141 cujus
1777 4086 1969 4126 mores

316 4163 828 4239 reprehensionem
887 4161 1282 4224 incurrerunt,
1346 4157 1448 4212 sed
1505 4157 1790 4214 Joannem
1842 4159 1971 4215 XIII

315 4256 497 4312 fuisse
517 4248 980 4322 existimant,qui
1001 4249 1071 4304 ad
1087 4245 1470 4319 apostolicam
1486 4247 1683 4304 sedem
1707 4248 1973 4304 ascendit

315 4362 470 4402 anno
497 4345 624 4399 965.
658 4341 762 4397 Hic
784 4345 978 4396 autem
1002 4338 1052 4394 si
1102 4336 1460 4392 consecravit
1493 4335 1834 4403 Honestum,
1863 4339 1967 4394 Pa-

315 4433 536 4508 piensis
567 4431 770 4504 utique
825 4429 1083 4502 synodus
1126 4424 1262 4482 anni
1318 4426 1426 4480 962
1472 4426 1545 4481 de
1584 4442 1764 4482 causa
1815 4426 1968 4482 Petri

2077 3279 2302 3335 tutione
2331 3275 2591 3333 Ratherii
2621 3277 2702 3331 ita
2735 3276 2863 3346 conj
2875 3275 3134 3348 ungitur,
3161 3279 3226 3330 ut
3256 3278 3506 3347 utraque
3530 3275 3746 3332 eodem
3770 3338 3772 3340 τ

2071 3367 2296 3440 judicio
2355 3365 2555 3421 decisa
2611 3363 2802 3431 fuerit,
2863 3367 2919 3419 et
2977 3362 3274 3437 abrogatis
3339 3363 3485 3419 actis
3537 3366 3750 3422 contra

2080 3461 2419 3529 utrumque,
2453 3453 2672 3526 quibus
2703 3454 2870 3510 Petro
2897 3453 3121 3525 dejecto
3144 3451 3744 3521 Honestus,Ratherio

2079 3549 2276 3604 autem
2308 3543 2443 3600 Milo
2467 3543 2747 3598 suffectus
2768 3542 3229 3614 fuerat,uterque
3251 3542 3310 3596 in
3339 3558 3511 3598 suam
3541 3542 3754 3599 sedem

2080 3635 2257 3692 fuerit
2277 3633 2606 3689 restitutus.
2641 3631 2804 3687 Sicut
2827 3647 2965 3704 ergo
2988 3632 3191 3688 actain
3216 3629 3559 3688 Ratberinm
3570 3631 3752 3687 abro-

2079 3727 2216 3796 gata
2239 3723 2474 3778 fuerunt
2494 3720 2554 3776 in
2575 3719 2820 3777 concilio
2841 3720 3112 3793 Papiensi
3137 3720 3273 3777 anni
3291 3722 3418 3788 962,
3454 3720 3534 3775 ita
3562 3719 3752 3777 etiam

2078 3812 2297 3868 ibidem
2327 3811 2649 3883 eodemque
2674 3826 2826 3866 anno
2854 3809 3058 3876 recisa,
3091 3825 3219 3880 quae
3265 3808 3326 3866 in
3358 3809 3593 3878 Petrum
3625 3809 3753 3864 Ra-

2076 3902 2385 3956 vennatem
2417 3903 2581 3970 gesta
2609 3897 2866 3953 fuerunt.
2901 3896 3212 3954 Restitutio
3238 3897 3421 3969 igitur
3451 3895 3630 3968 hujus
3646 3897 3752 3953 de-

2079 3991 2237 4044 creta
2266 3987 2326 4042 in
2357 3987 2577 4059 synodo
2624 3986 2894 4057 Papiensi
2943 3986 3144 4042 referri
3179 3984 3392 4057 nequit
3412 3986 3486 4042 ad
3517 4003 3750 4045 annum

2077 4078 2204 4143 971,
2237 4077 2337 4132 sed
2369 4074 2506 4130 huic
2536 4091 2688 4130 anno
2719 4075 2880 4148 afﬁgi
2913 4075 3085 4132 debet
3140 4091 3209 4132 ea
3237 4075 3615 4148 episcopatus
3649 4075 3752 4130 di-

2080 4165 2489 4237 missio,quam
2507 4164 2568 4224 S.
2586 4164 2791 4220 Petrus
2807 4164 3130 4221 Damianus
3147 4167 3205 4221 et
3232 4163 3331 4220 alii
3363 4180 3568 4222 omnes
3579 4179 3751 4220 com-

2079 4254 2244 4311 muni
2275 4254 2564 4310 sententia
2593 4253 3205 4326 prodiderunt.1taque
3223 4253 3338 4309 duo
3362 4252 3514 4309 facta
3534 4251 3756 4314 distin.

2079 4345 2329 4418 guenda,
2366 4343 2582 4415 quibus
2613 4343 2815 4398 omnia
2843 4342 3250 4409 conciliantur,
3285 4344 3351 4397 ut
3383 4357 3456 4398 ne
3485 4357 3633 4414 opus
3664 4341 3750 4399 sit
3811 4409 3814 4411 Α

2079 4433 2226 4490 duos
2246 4433 2534 4488 Honestos
2567 4435 2848 4498 astruere,
2884 4447 2949 4487 ac
2998 4429 3302 4487 Remensis
3333 4429 3542 4504 synodi
3558 4430 3751 4488 verba

315 4528 514 4582 contra
543 4523 862 4579 Honestum
886 4519 1155 4590 judicare
1181 4533 1296 4570 non
1341 4515 1548 4587 potuit.
1581 4517 1829 4572 Censent
1857 4516 1968 4572 ita-
1998 4540 2045 4605 D
2077 4519 2975 4591 aliorsuminterpretari.Petrus
3009 4519 3289 4578 nimirum
3311 4518 3503 4590 primo
3521 4519 3594 4574 ab
3617 4518 3749 4591 epi-

314 4631 427 4687 que
448 4610 702 4669 laudatis
730 4609 922 4664 verbis
943 4605 1150 4680 synodi
1182 4604 1488 4660 Remensis
1513 4605 1778 4675 indicari,
1811 4605 1965 4678 quod

315 4701 528 4759 accidit
557 4715 709 4755 anno
735 4699 860 4766 971,
889 4713 1004 4768 quo
1037 4697 1243 4751 Petrus
1291 4695 1542 4750 Honeste
1574 4695 1969 4751 Ravennatem

316 4790 883 4863 archiepiscopatum
941 4785 1241 4842 dimisisse
1284 4784 1575 4852 traditur;
1628 4785 1728 4841 ubi
1773 4788 1968 4842 tamen

316 4883 557 4938 monent
586 4901 614 4929 ‹‹
649 4893 764 4932 non
795 4892 922 4931 esse
954 4873 1182 4930 veritati
1234 4872 1406 4944 plane
1452 4872 1713 4930 innixam
1744 4873 1969 4947 opinio-

315 4985 451 5024 nem
497 4966 682 5034 illam,
716 4981 842 5038 quae
891 4960 1222 5018 communis
1279 4967 1389 5029 est,
1451 4961 1687 5018 Petrum
1746 4961 1971 5019 scilicet

317 5060 523 5130 sponte
545 5053 841 5112 dimisisse
863 5050 1437 5108 administrationem
1467 5051 1729 5108 Ecclesiae
1752 5052 1972 5108 Raven-

317 5145 470 5202 natis
487 5145 764 5215 (Honesto
785 5141 875 5213 ll),
907 5157 1042 5196 cum
1075 5139 1366 5210 deiectum
1417 5140 1554 5195 sede
1593 5140 1777 5196 fuisse
1807 5156 1967 5196 asse-

315 5238 448 5291 rant
475 5235 674 5290 Patres
705 5230 1014 5288 Gallicanae
1063 5228 1269 5300 synodi
1302 5249 1330 5278 »
1363 5228 1687 5284 Remensis.
1722 5229 1848 5286 Non
1879 5247 1968 5286 as-

315 5321 621 5379 sentimur.
658 5321 764 5386 Qui
819 5320 976 5375 enim
1036 5318 1271 5372 Petrum
1313 5317 1510 5372 sedem
1571 5318 1967 5375 Ravennatem

314 5413 568 5468 Honeste
594 5410 891 5467 dimisisse
923 5408 1305 5476 tradunt,non
1329 5407 1681 5464 recentiores
1703 5413 1968 5467 auctores

315 5504 474 5568 sunt,
508 5501 609 5558 sed
639 5499 891 5573 antiqui,
924 5513 1093 5571 quos,
1127 5495 1242 5552 nisi
1271 5496 1412 5568 quid
1451 5496 1747 5554 evidenter
1777 5503 1964 5571 cogat,

315 5593 587 5664 deceptos
622 5589 805 5650 fuisse
825 5589 1118 5647 afﬁrmare
1150 5603 1266 5645 non
1298 5602 1636 5659 possumus.
1669 5587 1734 5646 In
1759 5586 1852 5646 his
1882 5592 1971 5646 est

2078 4614 2318 4683 scopatu
2352 4611 2684 4665 Ravennate
2714 4607 2988 4665 exclusus
3037 4609 3148 4664 sub
3204 4607 3428 4663 Joanne
3483 4607 3610 4674 XII,
3637 4623 3754 4683 qui

2078 4700 2320 4774 ignarus
2353 4697 2692 4769 dejectionis
2711 4697 2839 4768 ejus
2869 4697 3192 4754 Honestum
3223 4695 3602 4754 consecravit.
3628 4695 3747 4752 Ne-

2079 4804 2193 4860 que
2221 4789 2449 4842 moveat
2479 4800 2802 4858 cognomen
2837 4805 2866 4834 ‹‹
2900 4784 3155 4840 Bonus.»
3185 4783 3306 4855 Nisi
3331 4783 3486 4841 enim
3514 4781 3748 4841 inhanc

2077 4892 2280 4933 vocem
2309 4890 2470 4930 error
2501 4873 3016 4946 irrepsit,Joannes
3044 4872 3150 4928 XII
3171 4871 3501 4941 ironice,vel
3527 4888 3596 4928 ex
3625 4870 3747 4930 alio

2077 4964 2247 5020 titulo
2279 4979 2459 5034 quam
2489 4979 2559 5018 ex
2587 4962 2854 5023 moribus
2877 4985 2903 5012 ‹‹
2928 4962 3124 5018 Bonus
3155 4984 3187 5011 υ
3218 4961 3331 5017 dici
3357 4958 3748 5034 potui_t.Certe

2077 5052 2287 5111 Joanni
2310 5050 2438 5106 XIII
2453 5050 2562 5108 etsi
2583 5050 2824 5123 optimis
2845 5051 3110 5124 moribus
3130 5050 3517 5123 praedito,nen
3539 5053 3744 5108 tamen

2077 5167 2105 5194 ‹‹
2138 5141 2333 5210 boni,»
2367 5141 2469 5196 sed
2501 5162 2528 5190 ‹‹
2558 5139 2789 5213 gallinae
2823 5139 2968 5197 albze
2998 5156 3357 5218 :icognomen
3377 5139 3635 5196 inditum
3648 5155 3746 5196 ac~

2075 5231 2361 5304 cepimus.
2393 5229 2537 5285 Dein
2569 5246 2721 5286 anno
2750 5230 2858 5290 962
2888 5229 3094 5304 synodi
3112 5229 3417 5303 Papiensis
3448 5228 3744 5287 sententia

2075 5318 2372 5392 abrogatis
2403 5316 2583 5391 gestis
2616 5318 2676 5373 in
2703 5319 2942 5375 Petrum
2969 5315 3148 5391 aeque.
3179 5335 3245 5375 ac
3274 5318 3333 5373 in
3368 5315 3740 5388 Ratherium,

2075 5410 2249 5466 ambo
2282 5425 2402 5464 suae
2434 5408 2557 5464 sedi
2590 5407 3022 5464 restituti.Hinc
3051 5407 3292 5480 quidem
3317 5405 3470 5463 Petri
3491 5406 3619 5477 jam
3649 5423 3745 5462 ar-

2075 5496 2433 5572 chiepiscopi
2477 5499 2860 5553 monumenta
2903 5501 3240 5570 supersunt,
3279 5511 3568 5566 annorum
3603 5496 3739 5567 963,

2077 5589 2203 5660 965,
2235 5589 2361 5658 967,
2396 5590 2453 5644 et
2481 5585 2703 5645 970.De
2727 5585 2837 5644 hoc
2868 5586 3058 5662 primo
3089 5586 3239 5647 facto
3269 5585 3593 5661 loquuntur
3623 5583 3741 5644 Re-
