4086 6188
329 243 412 313 53
1343 244 1952 311 PROLEGOMENA.
1985 279 2064 292 —
2093 244 2470 308 RATHERII
2512 244 2720 308 VITA.

3657 246 3748 310 η*

332 400 465 440 mea
477 384 570 440 sis
611 382 839 441 concilii
871 384 1090 441 Patres.
1116 382 1354 441 Factum
1385 381 1634 438 alterum
1672 382 1731 437 S.
1783 381 1988 437 Petrus
2011 381 2070 449 Α
2095 379 2309 434 timum
2323 379 2662 451 episcopum
2679 383 2881 436 contra
2901 379 3174 436 Milonem
3199 381 3562 454 probaret,eo
3583 401 3738 442 revo-

331 473 652 530 Damianus
683 478 740 530 et
767 474 995 546 antiqui
1021 473 1329 529 chronistae
1373 472 1670 527 memoriae
1722 470 1980 526 tradide-

331 567 471 618 runt
490 564 652 618 Anno
695 562 918 619 scilicet
959 564 1059 618 971
1097 563 1320 629 Petrus,
1355 562 1530 617 rebus
1561 578 1696 617 cum
1729 561 1982 616 Honesto

331 652 701 723 compositis,
732 653 1134 724 episcopatum
1167 649 1353 706 eidem
1384 655 1593 722 sponte
1614 649 1840 704 dimisit
1871 667 1884 717 ;
1916 665 1983 703 ac

330 745 638 813 propterea
661 740 1078 811 subsequentia
1099 740 1450 795 documenta
1467 739 1702 794 Honesti
1725 737 1981 810 episcopi

331 829 690 885 mentionem
724 829 962 898 faciunt,
992 828 1088 901 qui
1121 845 1259 900 erga
1290 829 1772 900 prwdecessorem
1807 842 1983 881 suum

331 922 558 991 gratus,
593 921 725 990 post
760 917 944 990 ipsius
974 922 1224 974 mortem
1254 935 1406 974 anno
1445 918 1552 972 975
1589 915 1987 972 anniversaria

334 1023 502 1064 sacra
532 1023 638 1079 pro
657 1009 783 1078 ejus
807 1007 1003 1062 anima
1030 1007 1309 1074 instituit,
1331 1012 1395 1062 ut
1413 1007 1606 1063 videre
1628 1009 1716 1062 est
1733 1007 1793 1060 in
1807 1006 1985 1061 docu-

334 1101 532 1152 mento
564 1113 598 1151 a
625 1097 964 1151 memoratis
999 1095 1306 1152 annalistis
1325 1095 1873 1151 Camaldulensibus
1895 1111 1985 1151 re-

333 1184 450 1240 lato
481 1188 625 1240 tom.
657 1185 704 1252 l,
745 1185 876 1255 [cxx]
909 1184 1247 1256 appendicis
1279 1202 1410 1257 pag.
1443 1185 1532 1241 93.

411 1275 504 1328 85.
536 1273 701 1328 Nune
729 1273 965 1328 tertiam
996 1273 1299 1345 Papiensis
1343 1276 1550 1347 synodi
1581 1291 1819 1331 causam
1851 1291 1988 1346 pro-

340 1362 621 1417 feramus.
647 1361 1013 1418 Frodoardns
1031 1363 1102 1417 ad
1122 1379 1343 1418 annum
1355 1363 1466 1436 762
1478 1380 1713 1419 causam
1732 1363 1994 1435 suggerit

337 1449 605 1522 Hugonis
658 1448 986 1519 Remensis,
1045 1467 1226 1522 quam
1275 1451 1334 1505 in
1395 1451 1656 1506 Romana
1711 1450 1992 1522 primum,

332 1541 539 1611 postea
557 1553 690 1593 vero
715 1538 774 1592 in
808 1537 1081 1610 Papiensi
1101 1539 1322 1612 synodo
1342 1539 1724 1611 dijudicatam
1746 1542 1997 1594 testatur

334 1626 568 1683 Mortuo
620 1625 844 1682 scilicet
889 1626 1123 1682 Attaldo
1150 1628 1465 1683 Remorum
1505 1627 1768 1684 antistite
1809 1627 1995 1700 pridie

335 1713 459 1772 Kal.
480 1715 746 1772 Octobris
767 1716 904 1770 anni
921 1716 1046 1784 961,
1061 1717 1132 1771 de
1145 1733 1479 1772 successore
1495 1715 1760 1789 eligendo
1778 1733 1993 1789 magna

339 1804 636 1860 contentio
667 1803 796 1870 fuit,
820 1821 948 1876 quae
969 1805 1041 1859 ad
1073 1821 1294 1860 annum
1329 1809 1669 1877 sequentem
1702 1809 1994 1877 protracta

335 1893 754 1966 est.Hugonem
774 1893 931 1949 enim
950 1892 1294 1966 episcopum
1321 1899 1493 1950 antea
1535 1895 1994 1950 excommuaica-

340 1985 469 2037 tum
507 1986 642 2038 ante
664 1980 976 2054 depulsum
1000 1983 1417 2056 consanguinei
1448 1984 1577 2055 ejus
1598 1984 1993 2056 redintegrare

345 2070 757 2140 moliebantur,
778 2071 1004 2127 favente
1034 2071 1273 2146 Hugone
1294 2072 1441 2128 duce
1475 2073 1849 2128 Francorum.
1886 2073 1992 2128 Lo-

343 2159 570 2215 tharius
595 2158 918 2216 Galliarum
943 2177 1041 2216 rex
1059 2183 1087 2211 ‹‹
1107 2160 1336 2217 locutus
1359 2166 1758 2235 cum‘Hugone
1789 2179 1994 2218 conso-

343 2249 515 2305 brino
536 2266 697 2316 suo,»
727 2248 807 2305 ait
831 2250 1197 2306 Frodoardus
1220 2251 1278 2305 in
1300 2250 1581 2306 Chronico
1603 2268 1696 2305 an.
1718 2250 1844 2318 962,
1870 2267 2001 2322 «pe-

347 2337 490 2393 titus
511 2341 600 2394 est
621 2338 692 2394 ab
717 2355 803 2406 eo,
831 2342 895 2394 ut
925 2339 1158 2411 praefato
1183 2339 1412 2412 Hugoni
1436 2341 1782 2396 Remensem
1823 2341 1996 2396 resti-

341 2429 470 2482 tuat
488 2427 890 2499 episcopatum
912 2445 926 2494 ;
943 2427 1194 2500 indeque
1218 2427 1487 2484 inducias
1511 2429 1891 2501 paeiscuntur
1907 2447 2000 2484 us-

342 2529 456 2586 que
468 2513 541 2569 ad
556 2515 816 2570 medium
833 2516 1052 2571 mensis
1065 2516 1581 2589 Aprilis.Synodus
1592 2517 1872 2572 tredecim
1886 2517 2003 2589 epi-

341 2619 657 2675 scoporum
674 2604 734 2657 in
751 2621 900 2676 pago
914 2603 1198 2660 Meldensi
1212 2622 1388 2676 super
1398 2605 1722 2660 Maternam
1736 2605 1998 2674 ﬂuvium,

349 2707 423 2747 ex
450 2691 728 2746 Remensi
755 2691 1026 2747 videlicet
1057 2709 1122 2747 ac
1140 2693 1462 2749 Senonensi
1487 2693 1718 2749 dimcesi
1745 2693 2002 2750 celebra-

349 2783 472 2851 tur,
506 2779 854 2851 praasidente
911 2779 1233 2837 Senonensi
1291 2782 1556 2854 praesule,
1599 2784 1999 2855 satagentibus

351 2867 716 2940 quibusdam
747 2869 1060 2941 episcopis,
1093 2874 1159 2925 ut
1187 2871 1416 2943 Hugoni
1449 2889 1600 2942 saepe
1634 2872 1784 2928 dicto
1802 2873 1999 2929 redde-

346 2961 513 3013 retur
571 2957 856 3013 Remense
909 2957 1312 3032 episcopium;
1363 2959 1750 3017 renitentibus
1800 2969 1995 3018 autem

345 3045 636 3119 praecipue
667 3047 948 3104 Roricone
978 3049 1707 3116 Laudunensi,etGibuino
1730 3051 1995 3107 Catalau-

2093 473 2278 539 catur,
2314 467 2454 540 quia
2502 468 2660 524 nullo
2719 470 2996 525 canonico
3018 470 3247 541 judicio
3279 473 3602 544 depositus,
3633 491 3736 531 nec

2092 563 2303 630 sponte
2331 557 2562 624 cedens,
2598 559 2697 613 sed
2733 558 2854 614 sola
2885 560 2936 613 vi
2968 559 3239 616 exclusus
3289 561 3488 616 Miloni
3544 563 3737 620 locum

2093 648 2348 702 dederat.
2386 647 2514 702 Haec
2545 651 2740 703 autem
2771 649 2915 704 ratio
2946 665 3078 705 cum
3118 649 3217 706 illa
3243 651 3515 720 concinit,
3550 669 3676 725 quis
3707 671 3742 709 a

2092 733 2364 805 Papiensi
2397 734 2641 789 concilio
2672 736 3009 807 approbata,
3043 737 3102 792 in
3134 737 3277 794 aetis
3310 740 3618 796 Remensis
3643 758 3738 814 sy-

2094 823 2230 878 nodi
2262 823 2398 878 anni
2430 823 2525 878 99l
2556 823 2851 879 indicatur
2878 825 2950 880 iis
2979 827 3206 881 verbis:
3233 851 3259 878 «
3284 829 3396 884 Nec
3419 829 3738 886 abdicatio-

2094 910 2186 966 nis
2200 911 2691 982 porrectolibello,
2709 930 2814 969 nec
2832 916 3292 972 sacerdotalibus
3313 917 3743 989 depositisinsi-

2093 1000 2308 1072 gnibus
2340 1016 2735 1056 successorem
2771 1009 3083 1076 receperat.
3120 1028 3148 1053 »

2164 1091 2253 1144 86.
2287 1089 2600 1146 Ratherius
2662 1091 2721 1146 in
2773 1091 2944 1163 epist.
2977 1096 3010 1147 8
3038 1094 3109 1148 ad
3158 1093 3455 1164 Milonem,
3490 1114 3652 1153 num.
3685 1099 3739 1166 3,

2096 1179 2395 1252 imperiale
2426 1179 2682 1236 edictum
2716 1186 3022 1249 memorat,
3047 1183 3563 1254 etjusjurandum,
3587 1189 3744 1258 quod

2096 1272 2346 1323 nontam
2381 1269 2905 1343 Ratherius,quam
2938 1271 3075 1326 Milo
3096 1271 3290 1328 Ottoni
3325 1275 3742 1346 praestiterunt.

2101 1357 2380 1413 «Suadeo
2438 1359 2674 1430 cogites,
2707 1358 2917 1432 inquit,
2972 1377 3150 1432 quam
3209 1366 3411 1418 contra
3461 1363 3738 1437 teipsum,

2102 1461 2236 1501 cum
2269 1451 2570 1517 persancte
2613 1446 2974 1520 imperatori,
3010 1454 3075 1505 ut
3104 1455 3162 1506 et
3188 1468 3313 1525 ego,
3347 1451 3522 1508 ﬁdem
3575 1455 3744 1527 jura-

2103 1533 2277 1600 veris,
2299 1549 2436 1606 agas
2462 1552 2476 1600 ;
2499 1552 2632 1590 cum
2655 1536 2878 1592 editum
2911 1537 3066 1594 illius
3090 1541 3389 1596 destruere
3417 1542 3663 1609 moliris,
3687 1549 3748 1601 et

2103 1621 2254 1691 illos,
2281 1623 2380 1694 qui
2397 1622 2449 1678 ei
2471 1623 2624 1679 idem
2643 1625 3065 1695 jusjurandnm
3091 1628 3370 1698 fecerunt,
3395 1633 3546 1702 quod
3565 1637 3650 1699 tu,
3675 1634 3750 1689 ad

2101 1713 2188 1767 tui
2220 1711 2278 1766 in
2312 1712 2420 1767 hoc
2449 1713 2734 1769 trahendo
2765 1714 3048 1770 auxilium
3081 1717 3348 1788 pejurare
3369 1720 3694 1792 compellis.
3720 1744 3750 1771 ››

2105 1800 2374 1856 Edictum
2409 1800 2656 1868 Ottonis,
2689 1804 2845 1874 quod
2881 1803 3013 1859 Milo
3041 1810 3245 1877 postea
3277 1806 3516 1864 molitus
3541 1815 3631 1865 est
3659 1811 3757 1867 de-

2103 1893 2498 1956 struere,cum
2535 1891 2877 1947 Ratherium
2908 1909 3245 1966 oppugnare
3279 1913 3392 1952 non
3419 1898 3663 1965 destitit,
3697 1903 3754 1956 et

2102 1982 2466 2034 Veronenses
2497 1978 2736 2037 clericos
2768 1981 3024 2038 fautores
3051 2001 3191 2040 suos
3215 1984 3272 2040 in
3293 1987 3564 2044 eumdem
3592 2005 3753 2045 com-

2103 2068 2300 2137 movit,
2327 2068 2471 2123 illud
2502 2085 2629 2125 esse
2648 2070 2897 2140 videtur,
2919 2089 3033 2144 quo
3053 2072 3326 2130 laudatus
3343 2093 3440 2132 rex
3461 2077 3751 2136 Veronam

2103 2157 2426 2229 ingressus,
2452 2158 2792 2214 Ratherium
2824 2159 2880 2214 in
2903 2177 3073 2217 suam
3096 2163 3293 2219 sedem
3326 2165 3663 2236 restituens,
3689 2172 3754 2224 ut

2104 2244 2435 2318 legitimum
2467 2248 2808 2320 episcopum
2841 2249 2913 2304 ab
2945 2251 3222 2307 omnibus
3254 2252 3433 2325 recipi
3463 2254 3663 2323 voluit,
3697 2261 3755 2314 et

2105 2352 2178 2390 ne
2208 2335 2348 2407 quid
2379 2334 2438 2388 in
2461 2353 2595 2391 eum
2616 2341 2962 2408 tentaretur,
2989 2338 3258 2411 praecepit
3281 2357 3292 2395 :
3316 2342 3472 2398 unde
3495 2350 3636 2400 sunt
3655 2344 3758 2403 illa

2109 2423 2167 2477 in
2185 2424 2390 2479 eadem
2404 2425 2475 2478 ad
2500 2423 2775 2479 Milonem
2799 2425 3044 2496 epistola
3068 2443 3081 2481 :
3109 2450 3134 2475 ‹‹
3161 2431 3370 2484 Contra
3384 2431 3756 2502 imperatoris

2111 2509 2267 2566 mala
2279 2511 2474 2566 omnia
2495 2511 2899 2568 interdicentis
2911 2516 3757 2588 prazceptum.»Jusjurandum

2109 2615 2264 2665 vero,
2292 2616 2408 2671 quo
2433 2603 2557 2654 tum
2586 2599 2743 2666 Milo,
2770 2618 2896 2656 tum
2920 2602 3249 2671 Ratherius,
3274 2607 3399 2661 tum
3427 2608 3616 2663 caeteri
3639 2626 3757 2666 om-

2110 2706 2214 2745 nes
2236 2690 2422 2745 eidem
2447 2688 2694 2762 principi
2720 2690 2890 2745 ﬁdem
2916 2691 3157 2764 polliciti
3181 2698 3339 2763 sunt,
3364 2696 3494 2768 ejus
3523 2713 3756 2772 quoque

2108 2778 2280 2834 edicti
2311 2778 2701 2834 obedientiam
2729 2780 3099 2851 requirebat;
3133 2799 3198 2838 ac
3258 2790 3565 2858 propterea
3611 2789 3754 2845 dum

2107 2868 2242 2924 Milo
2255 2871 2455 2924 contra
2469 2868 2808 2924 Ratherium
2823 2870 3027 2926 turbas
3039 2872 3324 2942 excitavit,
3339 2873 3482 2931 illud
3497 2877 3755 2934 edictum

2108 2959 2273 3014 nisus
2301 2957 2480 3013 fuisse
2512 2958 2830 3026 destruere,
2859 2964 2916 3014 et
2938 2977 3054 3015 una
3084 2977 3215 3015 cum
3252 2963 3578 3019 fautoribus
3629 2967 3756 3023 suis

2109 3048 2347 3120 perjurii
2379 3048 2596 3102 crimen
2625 3047 2842 3103 dicitur
2871 3049 3204 3106 incurrisse.
3245 3051 3314 3106 Ut
3345 3053 3480 3108 Milo
3532 3055 3604 3109 ad
3664 3072 3754 3111 ce-

346 3136 514 3193 nensi
570 3135 943 3208 praesulibus,
977 3143 1034 3194 et
1061 3138 1480 3208 asserentibus,
1514 3141 1668 3212 quod
1701 3159 1735 3197 a
1758 3146 1843 3197 tot
1870 3142 1992 3216 epi-
2023 3119 2066 3187 C
2105 3119 2364 3193 dendum
2389 3137 2660 3193 Ratberio
2681 3137 3083 3210 episcopatum
3108 3137 3751 3213 faciliusinduceretur,

347 3224 540 3297 scopis
552 3226 1151 3295 excommunicatus,a
1165 3227 1629 3285 minorinumero
1643 3230 1864 3286 absolvi
1881 3250 1994 3288 non

347 3317 592 3387 poterat.
623 3314 708 3370 Ita
749 3314 1104 3387 relinquitur
1158 3333 1346 3389 usque
1375 3318 1447 3374 ad
1478 3317 1994 3392 interrogationem

348 3404 511 3476 papa
543 3403 809 3460 Romani.
847 3426 875 3453 »
907 3405 977 3460 Et
1024 3409 1158 3478 post
1207 3406 1490 3462 nonnulla
1544 3408 1746 3464 eodem
1798 3427 1992 3467 anno:

349 3515 375 3542 ‹‹
401 3492 636 3566 Legatio
656 3493 894 3550 veniens
923 3495 996 3549 ab
1025 3495 1249 3551 Joanne
1279 3496 1722 3568 papaintimatae
1736 3499 1994 3571 prfatum

346 3581 652 3655 Hugonem
680 3583 979 3654 quondam
1010 3584 1351 3656 episcopum
1380 3589 1503 3639 tam
1535 3586 1606 3640 ab
1663 3587 1791 3657 ipso
1823 3605 1994 3659 papa,

345 3670 526 3741 quam
556 3671 628 3725 ab
659 3671 820 3727 omni
855 3672 1120 3728 Romana
1149 3673 1370 3744 synodo
1401 3675 1995 3744 excommunicatum,

351 3759 454 3814 sed
487 3759 558 3815 ab
592 3759 708 3815 alia
736 3761 960 3833 synodo
991 3761 1146 3832 apud
1188 3761 1428 3832 Papiam
1477 3761 1784 3817 celebrata.
1817 3763 1998 3834 Cujus

340 3845 652 3919 legationis
681 3848 890 3905 redditi
923 3849 1198 3905 certiores
1228 3866 1332 3921 per
1359 3850 1690 3906 Brunonem
1720 3853 2002 3928 archiepi-

341 3953 590 4011 scOpum
621 3938 1074 4008 (Coloniensem)
1115 3938 1404 4012 elegimus
1464 3940 1536 3994 ad
1593 3940 1993 4014 episcopatum

343 4026 693 4083 Remensem
734 4027 1070 4083 Odalricum
1121 4026 1417 4084 illustram
1463 4028 1830 4088 clericum...
1861 4035 1994 4106 qui-

340 4131 455 4187 que
483 4115 682 4172 Remis
712 4117 1017 4172 ordinatur
1046 4117 1119 4173 ab
1147 4117 1435 4190 episcopis
1469 4118 1712 4176 Widone
1735 4123 1993 4178 Suessio-

341 4203 496 4272 nico,
527 4205 812 4262 Roricone
870 4207 1258 4276 Laudunensi,
1296 4229 1324 4257 »
1354 4212 1465 4264 etc.
1501 4208 1753 4266 Inducize
1797 4228 1830 4267 a
1859 4229 1993 4286 rege

338 4294 612 4351 Lothario
642 4299 724 4351 et'
754 4295 996 4368 Hugone
1048 4296 1196 4352 duce
1252 4295 1467 4352 idcirco
1513 4302 1692 4370 pactae
1722 4299 1994 4356 videntur

339 4385 596 4456 «(usque
615 4384 687 4440 ad
709 4384 972 4441 medium
1004 4386 1224 4441 mensis
1251 4385 1467 4458 Aprilis
1492 4408 1518 4435 »
1543 4388 1679 4442 anni
1701 4388 1992 4461 962,quod

2107 3229 2344 3299 sponsio
2376 3228 2638 3293 forsitan,
2669 3231 2770 3282 aut
2795 3227 3004 3284 saltem
3031 3245 3244 3303 magna
3265 3246 3398 3303 spes
3419 3232 3753 3289 succedenti

2106 3319 2189 3373 illi
2223 3317 2522 3390 proposita
2552 3318 2681 3383 fuit,
2717 3333 2851 3371 cum
2883 3317 3028 3373 alter
3058 3323 3212 3374 esset
3232 3321 3344 3375 fere
3367 3320 3754 3394 septuagena—

2105 3408 2251 3473 rius,
2266 3407 2412 3463 alter
2437 3423 2570 3462 vero
2592 3407 2663 3461 ad
2677 3406 2918 3460 modum
2932 3406 3187 3475 juvenis.
3205 3407 3354 3462 Hinc
3371 3408 3681 3464 Ratherius
3694 3410 3755 3466 in

2106 3500 2431 3551 memorata
2455 3493 2700 3567 epistola
2717 3493 3024 3563 inquirens
3045 3509 3150 3547 cur
3169 3509 3203 3548 a
3226 3494 3438 3550 Milone
3455 3512 3756 3567 oppugne-

2106 3588 2206 3638 tur
2238 3601 2251 3637 ;
2285 3584 2413 3637 Haec
2445 3597 2644 3646 causa,
2668 3579 2882 3651 inquit,
2902 3601 2930 3628 »
2953 3581 3256 3648 recentior,
3291 3581 3409 3636 imo
3432 3583 3761 3654 praesentis-

2109 3674 2261 3730 sima
2318 3674 2424 3736 est,
2461 3668 2615 3740 quod
2675 3684 2781 3724 nec
2812 3667 3050 3734 morior,
3083 3685 3187 3724 nec
3236 3669 3386 3738 ineo,
3422 3675 3486 3726 ut
3522 3671 3755 3742 incitas,

2112 3757 2312 3835 fugam
2348 3776 2360 3816 :
2397 3781 2424 3810 »
2459 3759 2736 3814 alterutro
2779 3757 2935 3814 enim
2966 3759 3139 3815 modo
3199 3759 3299 3816 ille
3323 3759 3382 3816 in
3437 3761 3759 3819 Veronensi

2106 3852 2444 3925 episcopatu
2476 3849 2877 3914 successisset,
2909 3847 2994 3904 uti
3021 3849 3257 3922 quidem
3285 3851 3589 3922 successit,
3622 3869 3758 3910 cum

2107 3940 2420 3999 Ratherius
2453 3955 2605 3995 anno
2635 3940 2742 3994 968
2773 3937 3176 4012 episcopatum
3209 3957 3452 4013 prorsus
3473 3941 3718 4000 dimisit.

2173 4032 2264 4086 87.
2289 4029 2347 4084 S.
2375 4028 2654 4084 Metronis
2675 4045 2910 4100 corpus,
2935 4030 3088 4100 quod
3111 4029 3170 4084 in
3199 4029 3441 4086 basilica
3461 4033 3519 4085 S.
3550 4030 3774 4088 Vitalis'

2106 4119 2382 4192 martyris
2409 4118 2837 4188 continebatur,
2857 4134 2922 4173 ac
2955 4118 3484 4175 innumerabilibus
3502 4120 3760 4177 clarebat

2105 4206 2425 4276 miraculis,
2448 4207 2598 4263 clam
2617 4207 2962 4280 subreptum
2983 4209 3233 4281 [cxni]et
3254 4209 3368 4264 alio
3393 4213 3758 4281 asportatum

2105 4299 2218 4354 fuit
2249 4299 2340 4354 die
2361 4296 2715 4352 27Januarii
2747 4297 2906 4351 annii
2935 4297 3064 4363 962,
3089 4302 3152 4352 ut
3182 4296 3759 4366 indicavimuspaulo
3793 4299 3806 4306 ”

2107 4395 2260 4452 ante,
2295 4386 2769 4456 num.81,Hujus
2792 4385 3026 4456 quidem
3051 4384 3187 4439 furti
3215 4383 3762 4454 dubiuminspergit

339 4471 454 4527 sub
476 4471 536 4527 id
555 4475 791 4545 tempus
814 4472 1208 4530 controversia
1227 4473 1286 4528 in
1310 4474 1532 4546 synodo
1554 4474 1834 4532 Meldensi
1855 4479 1994 4533 diri-
2025 4487 2076 4552 D
2106 4475 2419 4532 Ratherius
2435 4476 2494 4528 in
2516 4475 2685 4529 titulo
2707 4471 3025 4538 Invectivae,
3041 4471 3366 4526 hisverbis:
3383 4492 3410 4519 ‹‹
3426 4470 3758 4542 Exportatio

338 4561 560 4618 menda
586 4567 940 4634 speraretur.
963 4562 1109 4618 Cum
1139 4578 1274 4617 vero
1294 4562 1553 4634 episcopi
1574 4562 1635 4617 in
1661 4569 1856 4635 partes
1876 4566 1992 4621 dis-

337 4648 479 4706 cissi
496 4651 766 4707 eamdem
785 4667 1023 4708 causam
1038 4652 1110 4707 ad
1133 4651 1381 4707 Romani
1397 4651 1693 4722 pontificis
1702 4652 1998 4723 judicium

336 4738 732 4806 remisissent,
753 4740 1020 4796 Romana
1049 4741 1309 4812 synodus
1331 4743 1467 4811 post
1493 4739 1750 4812 Aprilem
1773 4741 1994 4812 habita,

336 4831 394 4884 et
405 4825 726 4900 aliquando
741 4829 918 4885 etiam
930 4829 1218 4902 posterior
1229 4829 1489 4901 synodus
1510 4829 1812 4902 Papiensis
1825 4848 1999 4905 agno-

339 4918 544 4973 scitur.
578 4917 662 4974 Ne
691 4935 868 4990 porro
898 4919 1044 4975 duas
1073 4917 1328 4990 synodos
1357 4917 1548 4990 Papiae
1581 4918 1690 4975 hoc
1719 4937 1871 4977 anno
1890 4921 1998 4977 962

342 5003 670 5063 celebratas
699 5007 924 5078 absque
963 5006 1310 5063 necessitate
1339 5011 1698 5076 astruamus,
1746 5026 1995 5082 quarum

342 5092 626 5151 altera'de
657 5095 932 5153 Ratherio
976 5095 1299 5152 Veronensi
1346 5111 1412 5150 ac
1443 5096 1611 5152 Petro
1642 5098 1996 5170 Ravennate,

343 5181 528 5240 altera
559 5183 630 5241 de
659 5184 904 5258 Hugone
933 5185 1206 5241 Remensi
1239 5183 1590 5240 sententiam
1621 5184 1854 5255 tulerit;
1879 5193 1996 5245 tres

343 5272 636 5344 ejusmodi
667 5290 850 5330 causa
877 5274 937 5329 in
969 5274 1169 5330 eadem
1202 5273 1426 5346 synodo
1451 5272 1717 5344 Papiensi
1744 5277 1852 5331 sub
1882 5294 1998 5333 me~

341 5361 510 5418 dium
539 5363 679 5418 anni
699 5362 982 5437 962(cxu)
1000 5362 1264 5436 cognitas
1281 5361 1462 5417 fuisse
1492 5378 1558 5418 ac
1585 5362 1852 5420 deﬁnitas
1865 5382 1996 5437 pro-

343 5449 604 5509 babilius
660 5452 1041 5519 arbitramur,
1087 5451 1274 5519 Ratio,
1334 5467 1512 5523 quam
1572 5450 1883 5509 Ratherius
1937 5453 1998 5512 in

341 5539 518 5613 epist.
549 5541 586 5598 5
610 5542 685 5602 ad
714 5541 1006 5602 Joannem
1037 5540 1656 5613 pontiﬁcem'protulit,
1681 5545 1747 5601 ut
1765 5557 1828 5602 se
1857 5541 2000 5619 legi-

2107 4563 2445 4637 deploratur
2475 4563 2653 4618 sextis
2685 4564 2929 4617 exeunte
2969 4559 3118 4614 Jano
3175 4557 3472 4628 Kalendis,
3507 4557 3762 4616 inaniter

2111 4650 2401 4724 quamvis.
2432 4651 2672 4706 Factum
2704 4663 2960 4719 namque
2993 4645 3071 4703 sit
3094 4664 3197 4704 nec
3229 4665 3322 4716 ne,
3343 4648 3759 4722 temporalium

2108 4739 2257 4797 nulli
2289 4738 2588 4812 cognitum
2623 4739 2768 4794 bene
2799 4736 2991 4793 fuerit.
3029 4759 3056 4787 »
3089 4739 3322 4794 Addens
3371 4755 3542 4812 porro
3564 4762 3592 4789 «
3624 4737 3760 4796 licet

2105 4827 2443 4894 verisimile,
2475 4831 2612 4883 tunc
2643 4827 2924 4899 temporis
2950 4843 3083 4882 cum
3114 4833 3311 4884 actum
3361 4833 3469 4897 est,
3502 4828 3761 4885 creditur

2107 4924 2262 4976 certe
2296 4934 2308 4974 :
2346 4940 2373 4967 »
2401 4916 2701 4990 vulgarem
2731 4917 2801 4972 de
2833 4915 2989 4971 furto
3010 4916 3303 4988 ejusmodi
3327 4917 3664 4989 opinionem
3685 4916 3762 4972 si-

2106 5009 2372 5083 gniﬁcat:
2391 5023 2454 5062 ac
2477 5006 2533 5062 in
2560 5006 2688 5079 ipsa
2706 5007 2976 5062 Invectiva
2998 5007 3219 5061 furtum
3242 5007 3437 5079 ipsum
3455 5010 3756 5078 peractum

2107 5095 2427 5171 praesumit.
2448 5096 2611 5151 Certe
2643 5111 2775 5150 vero
2806 5094 2893 5150 vel
2924 5095 3076 5151 idem
3101 5101 3368 5151 sanctum
3391 5111 3603 5168 corpus
3617 5096 3758 5152 sub-

2108 5192 2338 5259 reptum
2372 5201 2485 5240 non
2520 5183 2646 5252 fuit,
2679 5182 2765 5239 vel
2797 5201 2912 5239 non
2947 5185 3129 5240 multo
3163 5187 3297 5257 post
3326 5189 3755 5256 recuperatum;

2107 5291 2239 5330 cum
2269 5291 2335 5329 ex
2355 5272 2803 5328 immemorabili
2826 5272 3760 5330 traditioneinS.Vitalisecclesia

2107 5363 2489 5430 custodiatur,
2508 5361 2782 5434 nullaque
2812 5361 2924 5420 alia
2945 5363 3146 5418 civitas
3173 5379 3434 5435 unquam
3457 5361 3760 5429 fuerit,aut

2109 5469 2266 5510 nunc
2298 5452 2392 5520 sit,
2426 5467 2552 5524 quae
2600 5450 2746 5508 illud
2802 5451 2912 5509 sibi
2970 5451 3298 5521 vindicarit,
3333 5455 3434 5508 aut
3479 5450 3754 5507 vindicet.

2109 5543 2317 5603 Confer
2347 5557 2474 5613 quas
2533 5539 2644 5598 hac
2699 5541 2771 5598 de
2829 5540 3353 5600 re'animadvertit
3406 5541 3467 5597 P.
3499 5539 3753 5597 Joannes
