4100 6200
1363 289 1812 396 RATHERIUS
1853 291 2040 357 VERI

2151 290 2346 356 BNSIS
2367 288 2812 356 EPISCOPUS
2823 335 2837 351 .
3732 286 3816 353 90

408 426 1106 488 FranciscusManzonius
1120 426 1368 484 Oratorii
1382 427 1756 501 presbyterin
1767 427 2052 501 opusculo
2080 427 2138 496 Α
2167 430 2456 499 praecepto
2480 425 2722 498 perinde
2741 423 3062 492 constricti,
3083 421 3675 480 veniam'eorumdsm
3695 421 3812 478 cri-

404 518 824 576 edito-Veronzs
857 534 950 572 an.
986 517 1146 583 1756,
1179 515 1272 571 cui
1300 516 1511 572 titulus
1545 533 1557 572 :
1593 517 1803 572 Notizie
1832 518 2053 572 interno

403 611 621 664 asanto
651 606 902 662 Metrone.
934 605 1228 676 Frequens
1280 609 1404 660 erat
1460 621 1564 677 per
1611 605 1732 659 haec
1790 609 2055 677 tempora

401 712 600 754 sacras
629 693 910 766 reliquias
935 699 1038 749 aut
1068 710 1311 766 corpora
1339 694 1542 749 furari.
1566 695 1683 749 Hoc
1714 698 1910 749 autem
1935 695 2052 748 fur-

398 789 527 840 tum
559 801 626 839 eo
657 783 888 840 facilius
922 782 1151 849 accidit,
1185 783 1324 855 quia
1364 799 1498 838 cum
1555 799 1624 838 ex
1672 783 1802 854 ejus
1861 783 2050 837 sitatis

401 873 592 930 abusu
611 873 737 944 jam
765 888 799 926 ε.
820 872 1120 942 sexaginta
1141 870 1312 926 annis
1334 870 1582 926 laudata:
1596 870 1847 926 basilicae
1865 871 2052 926 reddi-

399 965 498 1019 tas
527 960 692 1017 laicis
721 961 779 1014 in
804 959 1150 1015 beneficium
1176 959 1426 1014 militare
1449 959 1646 1014 traditi
1675 963 1891 1026 essent,
1926 957 2051 1013 nul-

397 1049 492 1105 lus
524 1049 828 1121 presbyter
857 1047 976 1103 illic
1005 1047 1269 1117 degebat,
1303 1045 1405 1118 qui
1465 1063 1698 1102 sacrum
1751 1063 1961 1117 corpus
1993 1049 2051 1102 et

397 1137 704 1196 ecclesiam
726 1137 1065 1192 custodiret.
1091 1139 1164 1190 Ut
1188 1135 1443 1207 primum
1465 1135 1605 1190 furti
1629 1135 1904 1191 notitiain
1922 1134 2048 1189 vul-

395 1243 537 1302 gum
559 1226 774 1299 prodiit
800 1226 969 1298 (forte
1001 1223 1282 1296 procediit
1305 1223 1398 1279 die
1419 1228 1620 1279 octava
1638 1223 1796 1291 Maii,
1823 1211 1941 1295 qua
1957 1223 2052 1278 dc-

396 1317 610 1390 positio
632 1316 690 1372 S.
715 1313 993 1372 Metronis
1022 1312 1367 1384 celebratur)
1387 1311 1584 1384 plures
1615 1314 1675 1368 in
1706 1312 2048 1384 episcopum

396 1405 630 1477 culpam
663 1402 922 1474 rejicere,
957 1406 1015 1457 et
1047 1400 1240 1456 acrius
1270 1401 1528 1474 obloqui,
1561 1419 1626 1456 ac
1657 1401 1706 1457 si
1735 1401 1924 1473 ipsius
1955 1418 2051 1457 ne-

396 1493 694 1568 gligentia,
722 1491 808 1550 vel
865 1489 1042 1546 etiam
1096 1506 1385 1546 consensu
1433 1491 1654 1545 furtum
1706 1489 2046 1561 bujusmodi

396 1586 691 1655 patratum
722 1579 949 1636 fuisset.
984 1583 1127 1634 Cum
1158 1577 1488 1650 episcopus,
1523 1578 1622 1650 qui
1652 1578 2042 1651 pungebatur,

393 1674 552 1729 esset
587 1669 713 1742 ipse
770 1667 1103 1735 R'atherius,
1139 1667 1489 1723 Invectivam
1550 1667 1896 1734 lucubravit,
1929 1683 2048 1738 qua

393 1760 535 1816 dum
560 1758 622 1814 in
653 1757 802 1814 alios
829 1757 1064 1830 culpam
1097 1757 1287 1822 refert,
1311 1773 1372 1812 se
1395 1756 1590 1828 ipsum
1623 1755 1901 1811 defendit.
1927 1755 2046 1810 Hoc

392 1847 743 1923 Opusculum
757 1851 888 1919 post
904 1845 1135 1902 tertiam
1152 1836 1409 1902 Ratberii
1432 1843 1858 1900 reetitutionem
1882 1843 2046 1899 lucu-

393 1938 628 1996 bratum
659 1936 806 1993 satis
841 1934 1060 1990 indicat
1091 1933 1480 2007 Frisingensis
1503 1933 1700 2002 codex,
1724 1933 1784 1988 in
1806 1949 1921 2005 quo
1952 1933 2047 1988 in~

392 2030 624 2098 tegrum
657 2023 1014 2080 describitur
1045 2040 1058 2078 :
1093 2023 1153 2076 in
1183 2039 1250 2077 eo
1281 2021 1437 2078 enim
1471 2022 1659 2094 ipsius
1689 2037 1866 2094 opera
1918 2025 2048 2094 post

392 2114 626 2170 tertiam
648 2111 1085 2175 restitutionem
1111 2111 1330 2183 scripta
1349 2110 1721 2166 solummodo
1744 2110 2044 2166 continen-

393 2205 509 2258 tur.
546 2202 704 2258 Idem
724 2200 909 2258 multo
941 2199 1266 2258 evidentius
1295 2200 1604 2256 conﬁrmat
1624 2222 1652 2250 ‹‹
1678 2198 2046 2271 imperatoris

391 2291 690 2365 Augusti»
713 2289 924 2346 titulus
947 2289 1143 2346 Ottoni
1165 2287 1422 2345 tributus
1453 2305 1619 2344 num.
1644 2289 1700 2355 3,
1725 2287 1824 2360 qui
1846 2304 2044 2345 mense

394 2379 706 2445 Februario
736 2379 874 2436 anni
903 2378 1011 2433 962
1030 2379 1104 2434 ab
1125 2377 1327 2434 eodem
1359 2381 1702 2450 assumptus
1735 2377 1862 2432 fuit.
1889 2377 2048 2434 Licet

392 2485 565 2542 porro
593 2468 791 2540 ipsum
823 2468 1048 2522 furtum
1079 2465 1388 2539 contigerit
1417 2465 1509 2522 die
1531 2469 1597 2520 27
1618 2465 1883 2522 Januarii
1905 2467 2044 2523 anni

391 2559 676 2631 ejusdem,
702 2561 766 2613 ut
785 2555 977 2614 fusius
1007 2555 1066 2610 in
1097 2554 1494 2612 admonitione
1523 2555 1902 2626 conjecimus;
1935 2554 2043 2612 boc

391 2651 599 2704 tamen.
617 2645 970 2719 opusculum
1003 2644 1277 2718 deinceps
1301 2648 1622 2709 exaratum,
1648 2644 1838 2700 eidem
1863 2661 2041 2716 anno,

390 2734 490 2791 vel
510 2735 920 2794 adsummum
951 2733 1178 2790 ineunti
1210 2751 1364 2789 anno
1395 2733 1661 2806 sequenti
1682 2733 2042 2805 afﬁgendum

391 2823 604 2888 suadet
632 2821 906 2880 laudatus
961 2822 1354 2894 Frisingensis
1382 2823 1580 2888 codex,
1615 2821 1673 2875 in
1733 2838 1848 2893 quo
1905 2837 2041 2878 cum

393 2912 594 2970 omnia
625 2910 882 2968 Ratherii
914 2925 1090 2982 opera
1119 2909 1178 2965 in
1213 2909 1681 2982 chronologicam
1713 2910 1923 2966 seriem
1951 2911 2041 2965 vi-

389 3003 607 3059 dentur
634 2999 944 3073 disposita,
976 3003 1104 3055 tum
1131 3015 1266 3056 vero
1298 2997 1406 3055 hoc
1446 2998 1796 3071 opusculum
1851 2999 2040 3072 primo

389 3091 517 3150 loco
548 3089 903 3147 describitur
930 3092 1065 3145 ante
1097 3087 1353 3146 Ratberii
1388 3088 1553 3159 [cxrv]
1585 3087 1936 3144 sententiam
1979 3089 2039 3144 in

2160 515 2388 571 minum
2402 515 2778 586 deprecantes
2789 557 2801 580 ,
2817 529 2918 585 per
2933 512 3060 569 loca
3071 521 3237 569 sacra
3258 509 3812 585 peregrinabantur;

2159 607 2400 660 sanctus
2435 607 2632 658 autem
2660 602 2839 658 Metro
2862 605 3066 657 catena
3086 600 3218 674 pedi
3258 599 3812 673 imposita,plumbo

2160 707 2289 746 eam
2320 692 2379 747 in
2414 707 2625 764 magno
2651 690 2844 763 lapide
2865 694 2998 746 ante
3012 691 3260 762 januam
3283 689 3531 745 laudatae
3555 687 3813 744 ecclesiae

2157 782 2498 848 obﬁrmans,
2532 780 2835 852 septennia
2867 778 3087 836 ibidem
3119 779 3408 852 pcenitens
3457 778 3812 835 immoratus

2157 875 2265 938 est,
2299 871 2480 926 donec
2510 869 2710 936 clavis,
2742 886 2859 942 qua
2889 873 3104 924 catenis
3157 885 3353 924 seram
3403 867 3714 935 clauserat,
3747 866 3811 925 in

2157 959 2490 1030 proximum
2507 959 2770 1014 Athesim
2791 959 2863 1014 ab
2885 957 3011 1030 ipso
3039 957 3440 1029 projeeta,Deo
3462 955 3818 1029 disponente

2155 1047 2389 1104 inventa
2420 1049 2549 1104 fuit.

2227 1139 2316 1193 88.
2349 1138 2434 1194 Ad
2468 1137 2577 1193 hoc
2610 1136 2839 1192 circiter
2866 1140 3102 1208 tempus
3131 1135 3434 1192 referenda
3479 1138 3620 1192 sunt
3677 1150 3812 1208 qua

2158 1231 2358 1282 narrat
2415 1226 2725 1282 Ratherius
2776 1230 2928 1299 part.
2964 1243 2982 1281 1
3015 1231 3093 1282 De
3150 1227 3457 1296 contemptu
3510 1240 3814 1293 canonum,

2157 1331 2319 1370 num.
2342 1317 2396 1370 8.
2424 1337 2453 1364 «
2481 1315 2627 1370 Nam
2650 1319 2707 1370 et
2730 1331 2837 1387 ego
2860 1314 2982 1386 ipse
3005 1315 3327 1386 quondam,
3353 1331 3486 1370 cum
3514 1313 3808 1386 imperiali

2157 1408 2438 1476 praecepto
2472 1419 2812 1475 urgeremur
2841 1403 3093 1460 Gardam
3124 1403 3392 1459 obsidere
3435 1407 3718 1469 castrum,
3750 1407 3811 1459 et

2157 1491 2412 1564 episcopi
2447 1496 2501 1546 et
2531 1491 2726 1547 clerici
2759 1491 2930 1548 istius
2963 1491 3290 1564 provinciae,
3327 1509 3443 1548 non
3504 1490 3808 1564 religionis

2156 1580 2392 1652 quidem
2423 1597 2641 1646 amore,
2674 1582 2772 1636 sed
2809 1579 3028 1637 laboris
3087 1580 3472 1637 obtenderent
3524 1579 3680 1649 odio,
3711 1580 3817 1636 sui-

2154 1669 2263 1726 hoc
2275 1669 2495 1725 ordinis
2514 1669 2754 1725 minime
2769 1671 2917 1726 forte
2935 1669 3240 1742 petulanti,
3258 1673 3323 1724 ut
3335 1686 3506 1742 saepe,
3531 1669 3813 1742 respondi

2155 1775 2424 1815 sermone
2457 1776 2470 1814 :
2504 1758 2577 1814 Ut
2606 1775 2722 1813 non
2754 1757 3102 1831 permittunt
3131 1774 3382 1814 canones
3439 1757 3662 1815 clerico,
3695 1776 3812 1831 pn-

2158 1863 2357 1920 gnare,
2389 1847 2468 1902 ita
2490 1863 2597 1903 nec
2628 1850 2919 1919 stuprare.
2957 1868 2987 1896 »
3016 1847 3257 1902 Factum
3281 1875 3284 1879 -
3306 1845 3620 1915 indicatur,
3646 1847 3814 1920 quod

2157 1936 2479 2009 contigerat
2501 1934 2655 1992 circa
2683 1953 2905 1992 annum
2923 1935 3050 1991 962.
3074 1939 3218 1991 Cum
3244 1934 3404 1992 enim
3434 1935 3566 1992 Otto
3600 1935 3666 1992 in-
3689 1936 3814 1994 Ita-

2154 2023 2293 2080 liam
2325 2024 2581 2080 venisset
2609 2025 2720 2080 sub
2742 2025 2929 2081 tinem
2961 2023 3100 2080 anni
3125 2023 3250 2091 961,
3275 2027 3340 2080 ut
3385 2023 3812 2098 Berengarium

2157 2113 2202 2170 II
2234 2119 2379 2185 [cxv]
2409 2113 2724 2185 subigeret,
2743 2113 2791 2167 is
2814 2113 2869 2167 in
2895 2115 2951 2167 8.
2969 2112 3176 2168 Leonis
3201 2111 3487 2185 oppidum
3504 2127 3632 2170 sese
3646 2128 3808 2172 recc:

2155 2202 2259 2274 pit,
2293 2201 2466 2259 Willa
2494 2205 2689 2258 autem
2720 2203 2848 2274 ejus
2876 2219 3021 2258 uxor
3048 2201 3107 2256 in
3162 2201 3482 2273 quamdam
3519 2201 3808 2273 insulam,

2154 2308 2282 2363 quae
2304 2290 2518 2347 dicitur
2533 2291 2604 2346 ad
2623 2291 2680 2346 S.
2697 2291 2727 2346 ,Ι
2737 2290 2942 2357 alium,
2963 2306 3030 2346 ac
3047 2293 3325 2362 preterea
3344 2289 3810 2348 tresaliazmuni-

2153 2380 2362 2446 tiones,
2394 2379 2605 2445 Garda,
2631 2379 3012 2450 Travallium,
3037 2383 3093 2434 et
3113 2378 3275 2435 lacus
3305 2378 3552 2438 Cumani
3583 2379 3805 2450 insula,

2153 2471 2224 2526 ab
2256 2471 2520 2541 ejusdem
2552 2468 2878 2524 fautoribus
2905 2468 3274 2524 tenebantur.
3306 2471 3476 2524 Anno
3503 2468 3612 2525 962
3639 2472 3806 2541 poet-1

2153 2575 2331 2631 quam
2363 2559 2519 2615 idem
2551 2558 2684 2614 Otto
2715 2558 2910 2614 Romae
2941 2557 3257 2631 imperator
3276 2557 3646 2615 renuntiatus
3665 2559 3809 2630 fuit,

2151 2647 2406 2705 insulam
2431 2649 2500 2704 ad
2529 2648 2586 2704 S.
2605 2646 2829 2704 Julium
2855 2646 3048 2720 coepit.
3068 2648 3213 2704 Cum
3233 2647 3545 2721 verozalias
3567 2664 3806 2721 quoque

2152 2737 2511 2796 munitiones
2541 2753 2881 2809 oppugnare
2911 2737 3209 2810 cogitaret,
3243 2737 3355 2794 sub
3377 2737 3532 2794 idem
3563 2741 3804 2812 tempus

2150 2825 2455 2898 episcopos
2486 2831 2544 2881 et
2575 2826 2815 2883 clericos
2845 2826 3016 2883 istius
3039 2826 3354 2899 provindiaz
3401 2827 3800 2901 compulitxad

2151 2913 2518 2970 obsidionem
2534 2914 2754 2982 Gardze,
2776 2932 2903 2987 quae
2930 2919 3123 2972 tamen
3138 2920 3384 2973 exeunte
3398 2919 3630 2973 tantum
3645 2924 3802 2975 anno

2146 3003 2252 3057 963
2283 3003 2340 3058 in
2373 3003 2502 3075 ejus
2531 3007 2876 3075 potestatem
2905 3005 3085 3076 venit,
3117 3008 3184 3060 ut
3215 3005 3586 3063 continuator
3625 3007 3802 3081 Regi~

2149 3091 2321 3147 nonis
2346 3096 2402 3147 et
2432 3091 2730 3148 annalista
2760 3093 2909 3149 Saxo
2945 3092 3334 3150 tradiderunt.
3370 3095 3498 3150 Haec
3538 3099 3804 3154 castrum

385 3180 630 3244 clericos
654 3179 726 3236 ab
755 3177 1023 3235 invasore
1054 3177 1373 3244 ordinatos,
1398 3192 1576 3249 quam
1597 3177 1795 3232 datam
1817 3177 2038 3234 videbi-
2067 3168 2123 3236 Ci
2148 3184 2274 3236 erat
2301 3181 2768 3238 munitissimum
2798 3181 2858 3237 in
2889 3180 3119 3238 diacesi
3165 3182 3485 3241 Veronensi
3516 3185 3589 3242 ad
3635 3202 3804 3244 oram

387 3286 522 3334 mus
536 3269 744 3328 Idibus
765 3267 1063 3325 Februarii
1090 3265 1227 3323 anni
1249 3265 1566 3338 sequentis.
1597 3265 1858 3339 Idipsum
1879 3283 2038 3324 com-

385 3359 596 3433 probat
623 3355 912 3432 particula
936 3380 963 3408 «
989 3372 1175 3428 nuper
1205 3376 1233 3405 »
1262 3354 1320 3410 in
1348 3370 1661 3411 numerum
1684 3355 1924 3412 tertium
1949 3355 2038 3411 in-

383 3453 754 3522 serta,,qua-
795 3450 1000 3503 auctor
1055 3445 1206 3501 hanc
1265 3444 1614 3500 Invectivam
1676 3461 1792 3500 non
1853 3444 2038 3502 multo

382 3542 517 3610 post
543 3536 915 3611 imperatoris
946 3535 1282 3609 ingressum
1315 3535 1374 3589 in
1404 3532 1634 3589 Italiam
1661 3534 1940 3606 scriptam
1957 3534 2040 3591 si-

381 3628 642 3702 gnificat.
665 3627 824 3686 Idem
855 3630 1053 3682 autem
1080 3622 1434 3698 opusculum
1459 3623 1699 3680 maximi
1720 3623 1921 3680 haberi
1940 3625 2037 3682 de-

381 3719 522 3776 bet:
557 3719 774 3774 etenim
829 3715 1124 3772 vetustius
1179 3718 1270 3770 est
1325 3715 1772 3782 documentum,
1804 3730 1873 3770 ex
1920 3731 2036 3786 quo

384 3807 444 3863 S.
477 3806 757 3864 Metronis
778 3803 1107 3876 gesta,licct
1129 3803 1391 3875 pressius
1411 3803 1765 3870 indicata,ad
1785 3820 1891 3859 nos
1913 3821 2040 3875 per-

381 3892 843 3952 venerunt.Dum
865 3891 1178 3948 Ratherius
1197 3893 1421 3957 num.2,
1435 3891 1730 3948 veteribus
1753 3890 2036 3962 laudatis,

380 3983 482 4057 qui
513 3985 850 4038 sanctorum
883 3979 1259 4052 antiquorum
1292 3982 1423 4034 acta
1453 3978 1740 4050 scripsere
1767 3997 1780 4046 ;
1815 4002 1843 4029 «
1878 3995 2036 4036 nunc

377 4089 532 4140 vero,
580 4069 729 4144 proh
758 4068 982 4142 pudor!
1010 4091 1038 4118 »
1061 4067 1281 4135 subdit,
1316 4091 1344 4117 ‹‹
1373 4067 1592 4123 nostris
1639 4067 1843 4139 utique
1901 4085 2033 4124 avo-

380 4175 633 4234 rumque
663 4158 1095 4232 temporibus...
1130 4160 1294 4213 tanta
1323 4157 1525 4212 orbem
1566 4156 1764 4228 inopia
1821 4156 2037 4216 invasit

378 4251 759 4324 scriptorum,
789 4253 855 4304 ut
884 4247 932 4304 si
965 4263 1082 4320 qua
1110 4244 1197 4302 vel
1230 4245 1470 4313 nostris,
1495 4244 1584 4301 vel
1614 4245 2035 4319 illorum,quos

377 4335 1025 4417 protulit,temporibus
1057 4335 1258 4408 aliqua
1285 4334 1628 4390 meritorum
1655 4333 1875 4392 effulsit
1896 4353 2038 4409 prae-

375 4430 655 4506 rogativa,
670 4428 861 4504 magis
891 4426 1002 4483 hoc
1031 4423 1262 4498 vulgus,
1284 4439 1464 4497 quam
1496 4422 1744 4496 quilibet
1764 4423 2036 4481 extulerit

373 4521 690 4587 litteratus;
712 4541 740 4569 n
759 4516 982 4574 nullam
995 4515 1054 4571 S.
1071 4513 1350 4571 Metronis
1362 4511 1734 4581 vitam,nulla
1746 4513 2038 4571 miracula.

375 4609 596 4680 scripta
626 4609 812 4664 fuisse
829 4605 1162 4678 signiﬁcat;
1196 4602 1500 4676 solamque
1521 4618 1830 4676 superesse
1854 4604 2031 4660 tradi-

377 4698 600 4756 tionem
626 4695 951 4768 vulgarem,
971 4710 1040 4750 ex
1069 4709 1187 4766 qua
1215 4709 1334 4748 una
1363 4692 1490 4765 ipse
1516 4691 1795 4764 proficere
1817 4691 2026 4764 potuit.

374 4785 572 4844 Verba
581 4797 1037 4858 porreuavorum
1052 4782 1450 4855 temporibus»
1469 4781 1742 4838 eumdem
1759 4785 2031 4840 sanetum

379 4898 409 4928 ‹‹
445 4889 686 4932 avorum
718 4895 747 4923 ››
777 4872 934 4929 aetati
959 4887 1297 4945 supparem,
1326 4869 1414 4927 vel
1449 4870 1656 4928 saltem
1694 4887 1809 4926 non
1842 4871 2029 4928 multo

380 4963 771 5037 antiquiorem
800 4961 1079 5028 innuunt,
1114 4959 1216 5033 qui
1247 4963 1552 5032 propterea
1581 4958 1653 5015 ad
1687 4975 1909 5014 nonum
1939 4959 2028 5017 vel

377 5057 653 5111 octavum
713 5049 995 5109 saeculum
1048 5049 1338 5124 pertinere
1393 5048 1640 5104 videtur.
1673 5047 2028 5106 Pcenitentiaa

376 5157 586 5218 genus,
619 5141 712 5199 cui
760 5139 860 5197 ille
914 5155 1042 5197 sese
1073 5137 1313 5206 addixit,
1347 5141 1414 5193 ut
1442 5135 1627 5193 ferrea
1656 5139 1862 5193 catena
1889 5153 2028 5194 saxo

373 5231 650 5306 alligatus
680 5235 816 5288 ante
845 5233 901 5285 8.
929 5227 1142 5284 Vitalis
1173 5226 1447 5300 martyris
1478 5224 1784 5282 ecclesiam
1823 5227 2028 5285 tandiu

373 5325 574 5389 staret,
602 5319 794 5392 quoad
814 5319 969 5378 Deus
985 5316 1153 5390 signo
1175 5313 1372 5388 aliquo
1391 5318 1626 5386 peccata
1645 5313 1758 5369 sibi
1783 5315 2028 5374 dimissa

372 5409 843 5476 ostenderet,usu
859 5395 1152 5479 frequenti
1165 5407 1464 5477 receptum
1485 5401 1734 5459 aliorum
1758 5411 2029 5476 exempta

372 5515 407 5554 a
425 5495 740 5556 Mabilonio
770 5494 948 5552 allata
977 5492 1277 5551 declarant
1301 5491 1550 5563 (Prafat.
1573 5492 1646 5547 ad
1677 5491 1797 5551 Sara
1818 5491 2023 5551 II.0rd.

373 5585 578 5651 Bonet!“
600 5602 658 5645 n.
674 5587 748 5656 4);
772 5582 1194 5651 Aliisolumob
1234 5580 1482 5643 crimina
1502 5579 1740 5654 publica
1763 5581 2042 5658 episc0pi,

2147 3268 2311 3328 lacus
2342 3269 2570 3337 Benasi,
2605 3271 2663 3325 in
2696 3287 2812 3342 quo
2843 3270 3017 3343 paulo
3049 3275 3183 3328 ante
3211 3271 3522 3330 Adelaides
3536 3273 3802 3332 Lotharii

2147 3358 2300 3432 regis
2331 3358 2506 3414 vidua
2535 3359 2770 3432 (DONIZO
2825 3362 2943 3417 Vita
2969 3361 3165 3429 Matit.,
3187 3359 3288 3417 lib.
3319 3361 3356 3433 ι)
3386 3379 3421 3418 a
3448 3363 3800 3437 Berengario

2146 3447 2196 3504 II
2223 3447 2454 3520 captiva
2482 3448 2718 3505 detenta
2747 3449 2957 3506 fuerat.
2990 3448 3257 3522 Episcopi
3312 3467 3445 3508 vero
3488 3455 3546 3508 et
3601 3451 3800 3512 clerici

2146 3535 2318 3592 istius
2343 3535 2670 3608 provinciae,
2694 3553 2842 3608 quos
2871 3537 3004 3594 Otto
3027 3538 3099 3593 ad
3133 3539 3386 3595 Gardam
3409 3539 3802 3599 obsidendam

2146 3624 2429 3695 incitavit,
2453 3624 2538 3680 illi
2563 3627 2817 3694 fuerunt,
2834 3626 2935 3698 qui
2963 3626 3116 3682 hanc
3145 3626 3328 3684 Italiae
3342 3632 3569 3700 partem
3595 3629 3802 3688 Gardfa

2144 3714 2482 3772 viciniorem
2512 3713 2864 3784 incolebant,
2879 3732 2997 3772 non
3022 3732 3156 3773 vero
3178 3733 3384 3774 omnes
3403 3718 3567 3792 regni
3587 3718 3800 3791 Italici,

2145 3809 2248 3860 aut
2273 3804 2711 3878 Longobardiaa,
2745 3808 2810 3862 ut
2839 3821 2956 3862 non
2981 3805 3203 3862 nemini
3259 3806 3456 3863 visum
3509 3811 3624 3865 est.
3652 3808 3804 3866 Nam

2142 3893 2325 3949 Valdo
2341 3894 2653 3966 episcopus
2664 3893 2965 3950 Comensis
2981 3893 3040 3950 in
3053 3893 3170 3951 alia
3182 3895 3418 3952 militari
3431 3897 3806 3970 expeditione

2143 3985 2483 4052 occupatus,
2509 3981 2764 4038 insulam
2787 3981 2846 4038 in
2868 3981 2998 4038 lacu
3030 3983 3289 4040 Cumano
3311 3985 3664 4058 expugnavit
3687 4003 3787 4043 an.

2142 4069 2270 4140 964,
2287 4073 2351 4124 ut
2376 4068 2692 4142 Reginonis
2719 4069 3090 4128 continuator
3119 4076 3336 4130 narrat.
3369 4074 3643 4147 Episcopi
3697 4073 3790 4130 nié

2143 4157 2360 4214 mirum
2391 4163 2449 4216 et
2471 4157 2809 4230 clericijam
2841 4158 2979 4218 inde
3007 4178 3043 4216 a
3068 4161 3258 4219 Caroli
3290 4163 3488 4236 Magni
3519 4165 3801 4237 tempori.

2142 4247 2254 4304 bus
2281 4265 2446 4304 arma
2488 4248 2749 4315 induere,
2783 4253 2841 4305 et
2883 4249 2944 4306 in
2995 4251 3313 4308 exercitum
3368 4253 3665 4326 proﬁcisci
3720 4254 3806 4310 ab:

2143 4337 2289 4410 ipsis
2321 4336 2558 4411 regibus
2588 4338 2945 4410 cogebantur
2973 4355 3040 4396 eo
3086 4341 3343 4411 nomine,
3377 4343 3552 4416 quod:
3589 4341 3810 4400 multis:

2144 4425 2442 4500 regalibus
2471 4427 2823 4495 fruerentur,
2842 4431 2902 4484 et
2921 4428 3176 4487 ferendis
3195 4430 3584 4488 vassaliorum
3609 4431 3812 4490 onerio‘

2062 4516 2252 4602 Dhus
2311 4517 2687 4574 crederentur
2741 4516 3027 4575 obstricti.
3061 4518 3178 4576 Hac
3234 4520 3473 4593 quidem
3511 4521 3799 4580 decem

2146 4625 2174 4656 «
2205 4605 2420 4662 dicitur
2449 4605 2624 4664 hodie
2670 4605 3058 4676 levissimum,
3091 4608 3286 4682 inquit
3341 4610 3674 4679 Eutherius,
3727 4615 3810 4668 ut:

2140 4694 2313 4767 quasi
2342 4699 2581 4769 prepter
2610 4694 2950 4754 ﬁdelitatem
2978 4697 3072 4754 sui
3103 4697 3352 4756 senioris
3366 4699 3449 4770 (id
3479 4699 3810 4773 est‘princic'

2139 4783 2256 4857 pis)
2287 4783 2455 4840 malit
2479 4784 2782 4857 presbyter
2809 4783 3090 4844 loricatus
3121 4787 3396 4862 preliari,
3427 4804 3606 4862 quam
3662 4804 3810 4861 per--

2131 4874 2309 4946 jurus
2359 4872 2593 4942 vocari;
2625 4889 2760 4930 cum
2809 4877 3008 4932 tamen
3056 4876 3386 4949 perjurium
3444 4876 3814 4951 gravissima-

2140 4962 2501 5036 pjcenitentia,
2535 4961 2693 5019 istud
2718 4979 2851 5020 vero
2881 4963 3047 5021 nulla
3075 4965 3299 5039 expiari
3329 4965 3568 5024 dicatur.
3588 4966 3796 5038 (Pan-1

2136 5053 2213 5109 De
2235 5057 2545 5124 contemptu
2571 5067 2691 5108 con.
2724 5069 2782 5108 n.
2812 5053 2880 5109 12
2909 5053 3040 5126 (col.
3071 5055 3198 5124 351,
3230 5056 3314 5126 h).
3347 5078 3376 5108 »ι

2210 5140 2300 5196 89.
2333 5140 2508 5198 Plura
2533 5141 2713 5214 hujus
2739 5142 3082 5217 corruptela
3111 5145 3379 5219 exempla
3397 5146 3566 5202 atl‘ert
3592 5144 3793 5202 Mura-

2137 5230 2327 5287 torius
2362 5231 2424 5303 (l.
2458 5231 2509 5288 II
2537 5232 2720 5305 Antiq.
2773 5232 2951 5290 Italic.
2999 5233 3141 5291 diss.
3201 5235 3315 5308 26).
3375 5235 3536 5292 Licet
3590 5237 3810 5291 autem.

2136 5319 2534 5378 immunitatis
2565 5320 2935 5394 privilegium
2967 5323 3038 5378 ab
3068 5323 3180 5380 hoc
3208 5324 3449 5382 servitia
3486 5323 3787 5381 eximeret.

2135 5427 2251 5470 non
2282 5414 2482 5468 tamen
2533 5409 2823 5466 eximebat
2862 5413 3144 5482 omnino;
3177 5415 3334 5471 unde
3393 5415 3453 5470 in
3483 5411 3812 5488 privilegio

2135 5499 2552 5568 immunitatis,
2570 5498 2735 5571 .quod
2760 5498 2834 5555 ab
2865 5499 3074 5560 Ottone
3095 5503 3118 5560 Ι
3137 5520 3492 5562 concessum
3515 5501 3792 5577 episcopo

2134 5587 2558 5652 Wormatisnsi.
2583 5587 3356 5665 anno..9662apud.eumdcm
3373 5625 3378 5638 ε
3397 5591 3812 5654 Μάειιὸτὶιιιιι·
