4100 6200
344 362 455 426 101

1356 364 1973 431 PROLEGOMENA.
2009 404 2087 415 —
2118 367 2493 434 RATHERII
2539 371 2749 436 VITA.

3643 375 3759 438 102

345 496 773 570 morphitarum
804 498 1046 557 haeresis
1075 502 1280 557 renata
1304 499 1364 555 in
1408 499 1645 557 dimcesi
1693 500 2000 558 Vicentina
2025 506 2083 572 Α
2112 519 2377 576 mosyna,
2411 522 2478 561 ac
2530 506 2871 579 poenitentia
2921 521 3057 561 cum
3103 506 3330 580 jejunio
3384 508 3758 581 copulantur.

341 585 664 644 Veronensi
694 588 966 656 ﬁnitima,
998 605 1174 663 quam
1206 588 1525 645 confutavit
1548 589 1860 647 Ratberius
1882 608 1999 646 ser-

343 691 517 733 mone
547 693 589 733 n
617 677 785 735 valde
822 678 1045 752 prolixo
1076 680 1148 736 de
1193 678 1673 751 Quadragesima.
1714 699 1735 728 ι
1770 680 1999 736 Nudius

342 763 500 822 enim
529 766 760 834 tertius,
777 789 806 819 ››
834 767 1029 840 inquit
1049 767 1321 833 num.29,
1343 788 1366 818 ι
1390 767 1631 839 quidam
1645 768 1997 825 nostratium

342 854 542 912 retulit
567 857 763 930 nobis,
794 859 1166 932 presbyteros
1197 855 1517 913 Vicentinas
1566 858 1855 927 dioecesis,
1890 876 1999 915 no-

343 949 500 1002 stros
530 946 734 1019 utique
760 946 1002 1016 vicinos,
1028 951 1235 1020 putare
1261 963 1605 1019 corporeum
1631 947 1814 1004 Deum
1847 964 1995 1016 esse,

341 1032 454 1091 hac
485 1034 775 1109 siquidem
789 1036 1093 1093 occasione
1108 1036 1400 1103 inductos,
1424 1038 1581 1108 quod
1604 1037 1662 1092 in
1680 1036 1998 1110 Scripturis

342 1121 592 1197 legatur:
652 1125 811 1181 Oculi
859 1126 1080 1182 Domini
1105 1141 1270 1197 super
1321 1125 1508 1194 iustos,
1559 1133 1612 1182 et
1665 1142 1827 1183 aures
1882 1126 1999 1198 ejus

342 1213 408 1267 in
428 1229 615 1285 preces
661 1230 850 1272 eorum
901 1215 1074 1287 (Psal.
1124 1231 1324 1282 xxxm,
1378 1214 1491 1287 l6);
1524 1219 1621 1271 et:
1672 1216 1864 1271 Manus
1892 1223 2000 1270 tua:

336 1302 593 1374 fecerunt
630 1320 719 1360 me
769 1304 943 1375 (Psal.
974 1320 1170 1370 cxvm,
1203 1303 1334 1374 73);
1383 1308 1441 1359 et
1490 1305 1771 1360 Faciamus
1823 1304 1997 1360 homi-

338 1407 477 1446 nem
502 1392 572 1448 ad
601 1394 973 1462 imaginemet
1019 1393 1444 1449 similitudinem
1490 1400 1739 1449 nostram
1773 1392 1926 1466 (Gen.
1959 1409 1999 1461 1,

336 1479 460 1551 26).
486 1503 510 1533 ι
544 1480 608 1535 ld
637 1497 771 1536 cum
789 1481 1207 1553 permovissset
1226 1479 1588 1553 episcopum,
1606 1480 1806 1537 habito
1825 1480 1883 1535 in
1907 1496 2004 1552 po-

342 1567 483 1642 pulo
513 1585 804 1636 sermone,
840 1586 957 1642 quo
988 1569 1135 1625 tanti
1168 1569 1382 1625 erroris
1412 1569 1737 1641 periculum
1769 1586 1803 1623 a
1844 1585 1997 1623 com-

342 1656 529 1714 misso
558 1656 669 1714 sibi
700 1672 877 1732 grege
906 1661 1148 1725 arceret,
1180 1656 1569 1730 deprehendit
1613 1658 1890 1714 eumdem
1921 1656 2004 1712 ita

345 1747 703 1819 quibusdam
732 1745 1065 1811 inhesisse,
1093 1750 1159 1802 ut
1178 1744 1495 1802 nonnullos
1515 1746 1694 1802 etiam
1715 1746 2004 1802 Veronen-

346 1852 446 1892 ses
466 1836 795 1893 sacerdotes
824 1839 1156 1908 occuparet,
1192 1834 1569 1908 quiepiscopi
1600 1833 1877 1891 concione
1899 1850 2002 1890 au-
2030 1880 2035 1887 η

346 1925 478 1981 dita
520 1925 1039 1981 obmurmurantes
1084 1923 1378 1980 dixerunt:
1412 1946 1439 1973 «
1473 1922 1620 1987 Quid
1669 1921 2003 1979 faciemus?

344 2012 545 2087 Usque
571 2028 730 2071 nunc
759 2013 984 2086 aliquid
1007 2013 1199 2069 visum
1232 2016 1322 2069 est
1349 2011 1522 2068 nobis
1568 2012 1641 2067 de
1671 2011 1789 2067 Deo
1828 2010 1998 2067 scire.

347 2102 521 2159 Modo
549 2102 781 2160 videtur
804 2102 995 2170 nobis,
1031 2102 1185 2174 quod
1211 2100 1611 2157 nihilomnino
1656 2100 1732 2156 sit
1761 2099 2002 2167 Deus,si

346 2194 528 2265 caput
546 2207 663 2249 non
690 2192 888 2260 habet,
924 2190 1123 2248 oculos
1155 2206 1283 2247 non
1301 2190 1496 2258 habet,
1525 2205 1740 2246 manus
1768 2205 1885 2245 non
1905 2188 2004 2244 ha-

334 2279 468 2349 bet,
491 2281 669 2353 pedes
718 2298 834 2337 non
891 2279 1088 2336 habet.
1124 2300 1151 2329 ››
1197 2280 1452 2336 Tantum
1502 2279 1702 2352 itaque
1746 2293 2002 2334 errorem

346 2369 527 2427 ofﬁcii
559 2368 651 2426 sui
681 2385 810 2426 esse
839 2367 1005 2424 duxit
1024 2366 1202 2424 latius
1227 2365 1484 2424 refellere
1514 2367 1571 2422 in
1613 2366 1849 2423 laudato
1880 2383 2002 2422 ser-

347 2475 524 2515 mone
553 2458 811 2515 secundo
832 2458 903 2515 de
916 2456 1394 2529 Quadragesima,
1419 2456 1519 2529 qui
1537 2456 1622 2512 sic
1638 2454 2000 2513 inscribitur:

352 2568 387 2601 ο
416 2548 620 2604 Sermo
647 2545 815 2605 valde
843 2544 1106 2619 prolixus
1138 2545 1209 2601 de
1238 2545 1701 2618 Quadragesima
1746 2542 2006 2599 Ratherii

344 2636 731 2705 Veronensis,
760 2634 852 2691 vel
884 2635 1153 2691 inefﬁcax
1183 2651 1246 2691 se
1275 2633 1522 2700 vivente,
1554 2636 1621 2688 ut
1650 2636 1739 2688 est
1768 2631 1882 2688 sibi
1920 2630 2004 2686 vi-

348 2741 511 2797 sum,
542 2724 817 2799 garritus.
853 2746 881 2773 »
912 2723 1079 2780 Hunc
1100 2732 1431 2779 sermonem
1453 2721 1744 2794 pertinere
1762 2720 1833 2777 ad
1856 2720 2005 2784 Qua-

348 2813 749 2886 dragesimam
779 2812 918 2869 anni
948 2813 1059 2869 964
1071 2829 1139 2868 ex
1169 2815 1289 2868 not.
1315 2812 1341 2866 1
1376 2810 1742 2882 exploratum
1765 2810 1883 2865 ﬁet.
1909 2810 2009 2865 llic

351 2918 571 2971 sermo,
604 2919 711 2959 seu
735 2901 932 2975 potius
962 2904 1247 2957 tractatus
1277 2899 1501 2956 divisus
1532 2898 1589 2953 in
1612 2897 2008 2972 paragraphos

358 2993 452 3062 41,
484 3008 669 3048 unum
693 2995 787 3048 est
806 3008 874 3047 ex
894 2989 1317 3063 insignioribus
1345 3006 1408 3044 ec
1439 2986 1791 3061 perutilibus
1821 2987 2007 3060 Operi-

358 3082 476 3139 bus
504 3097 632 3153 qum
680 3079 992 3136 Ratherius
1024 3072 1278 3150 scripsit.
1329 3077 1569 3145 Etenim,
1604 3094 1740 3133 cum
1793 3074 2009 3150 stylum

355 3171 505 3228 satis
534 3169 790 3225 nitidum
813 3169 1063 3241 praefert,
1097 3172 1224 3223 tum
1252 3182 1388 3223 vero
1418 3172 1627 3241 praeter
1655 3164 2010 3223 confutatio—

2174 592 2265 647 95.
2299 593 2508 649 Prester
2533 593 3263 668 Anthropomorpbitarum
3285 595 3557 652 haeresim
3580 614 3759 670 quam

2106 677 2284 736 latius
2306 685 2362 737 et
2391 682 2616 739 naviter
2643 683 2874 753 refellit,
2906 682 3087 739 alium
3119 683 3466 740 crassiorem
3508 696 3763 742 errorem

2107 769 2168 824 in
2199 771 2401 826 eodem
2429 788 2701 829 sermone
2746 772 3106 845 perstringit,
3156 787 3274 844 quo
3303 772 3365 829 S.
3424 773 3763 832 Michaelem

2106 856 2251 914 feria
2279 860 2537 916 secunda
2550 861 2791 918 missam
2819 866 3053 918 cantare
3076 860 3313 933 quidam
3338 861 3761 931 existimantes,

2107 946 2412 1004 ecclesiam
2442 950 2571 1021 ejus
2599 951 2803 1007 eodem
2836 950 2929 1005 die
2958 949 3151 1021 potius
3173 965 3353 1022 quam
3371 948 3505 1007 aliis
3528 949 3765 1008 visitare

2108 1035 2374 1108 religioni
2407 1038 2720 1094 ducebant.
2751 1040 2930 1095 Recta
2959 1038 3096 1094 licet
3123 1043 3180 1094 et
3205 1054 3350 1095 sana
3376 1043 3532 1096 esset
3579 1039 3643 1096 in-
3672 1039 3767 1097 his

2109 1124 2367 1181 Ratherii
2398 1126 2684 1195 doctrina;
2715 1127 2898 1182 vitare
2919 1131 3113 1183 tamen
3159 1144 3274 1182 non
3330 1127 3522 1200 potuit
3568 1143 3765 1202 repre-

2108 1212 2451 1271 hensionem
2466 1215 3013 1287 nonnullorum,qui
3034 1214 3260 1287 aliquot
3278 1217 3603 1275 sententias
3623 1234 3764 1275 con-

2109 1304 2200 1356 tra
2244 1302 2896 1376 Anthropomorphitas,
2945 1308 3006 1358 et
3035 1308 3239 1359 contra
3286 1305 3763 1376 superstitiosum

2109 1393 2166 1445 8.
2201 1390 2499 1448 Michaelis
2529 1392 2754 1448 cultum
2787 1391 2986 1448 minus
3027 1395 3180 1448 recte
3212 1392 3442 1448 fuerant
3482 1394 3764 1450 assecuti.

2113 1478 2312 1550 Itaque
2342 1496 2469 1536 sese
2498 1480 2712 1537 clarius
2743 1480 3033 1554 explicare
3063 1479 3474 1554 debuit,idque
3496 1482 3770 1554 appendi-

2112 1567 2165 1621 ci
2191 1565 2558 1640 apologeticm
2589 1569 2853 1640 ejusdem
2887 1568 3175 1625 sermonis
3204 1584 3446 1629 causam
3475 1570 3656 1627 dedit.

2112 1673 2294 1747 §XV.
2328 1706 2396 1713 —
2426 1674 2587 1729 Liber
2641 1674 2913 1741 Ratherii;
2973 1676 3416 1747 Deicontemptu
3471 1692 3767 1744 canonum,

2186 1746 2318 1821 Qua:
2340 1815 2352 1821 _
2375 1761 2558 1802 causae
2575 1748 2791 1821 fuerint
2811 1746 3161 1821 _scribendi.__
3181 1746 3327 1821 Vitia
3351 1751 3406 1821 et
3449 1749 3650 1821 abusus
3674 1751 3773 1821 qui

2188 1818 2247 1870 in
2296 1815 2449 1889 clero
2492 1815 2913 1889 grassabantur.
2964 1819 3041 1873 De
3094 1818 3401 1889 ilh’gitimis
3447 1815 3772 1876 clericoer

2182 1887 2473 1959 conjugiis.
2497 1887 2581 1943 'De
2608 1890 2795 1943 minus
2825 1906 2981 1959 (aqua
3015 1887 3328 1943 rcdtlitaum
3372 1890 3771 1948 ecclrsiustico-

2182 1975 2307 2042 runt
2336 1958 2739 2042 distrilmtione,
2770 1969 2821 2015 et
2849 1958 3014 2042 matis
3042 1959 3242 2042 exinde
3290 1962 3565 2042 profectis.
3610 1961 3772 2018 Nisus

2181 2030 2429 2086 [latitet-ii
2451 2034 2511 2085 ut
2537 2032 2837 2102 aequiorem
2886 2030 3333 2087 distributionem
3374 2030 3677 2101 induceret,
3718 2042 3777 2091 et

2180 2105 2492 2173 potestatem
2547 2104 2923 2173 episcoporum
2981 2102 3282 2158 canonibus
3335 2112 3603 2160 assertum
3644 2105 3771 2161 vin-

2181 2172 2404 2229 dicaret.
2435 2172 3056 2242 Quantum’obslitcrint
3081 2175 3289 2241 clerici,
3321 2183 3373 2231 et
3400 2191 3520 2231 cur.

2181 2280 2270 2334 96.
2307 2278 2429 2335 Sub
2460 2283 2698 2351 tempus
2725 2279 2868 2349 (vid.
2920 2284 3040 2335 not.
3095 2279 3154 2335 in
3186 2280 3288 2336 lib.
3342 2283 3414 2337 De
3465 2288 3773 2357 contemptu

2110 2367 2259 2439 can.)
2293 2368 2755 2440 quadragesimae
2788 2369 2931 2423 anni
2977 2369 3086 2424 964
3119 2367 3276 2424 aliud
3337 2369 3569 2444 insigne
3624 2388 3773 2443 opus

2112 2456 2426 2512 Ratherius
2438 2456 2858 2529 ediditduplici
2876 2456 3050 2512 titulo
3068 2456 3441 2528 inscriptum,
3462 2459 3771 2532 Perpendi-

2114 2543 2448 2611 culum,seu
2468 2545 2543 2600 De
2556 2548 2891 2616 contemptu
2909 2560 3220 2600 canonum.
3242 2544 3316 2600 Ut
3328 2549 3565 2615 pateant
3584 2563 3774 2603 causas

2114 2632 2297 2704 hujus
2328 2630 2539 2704 operis,
2573 2649 2689 2704 quo
2719 2630 2886 2687 vitiis
2918 2632 2977 2687 in
3009 2631 3162 2688 clero
3210 2633 3624 2705 grassantibus
3672 2634 3775 2690 ob-

2112 2721 2267 2777 viam
2299 2722 2404 2787 ire,
2434 2726 2490 2778 et
2513 2738 2814 2778 sacrorum
2847 2737 3137 2778 canonum
3159 2721 3591 2780 observantiam
3614 2739 3774 2782 revo-

2116 2827 2248 2867 care
2277 2810 2504 2866 studuit
2533 2810 2770 2885 [cxxm],
2804 2827 2896 2866 res
2918 2809 3099 2866 altius
3130 2812 3444 2883 repetenda
3466 2816 3576 2869 est.
3602 2813 3777 2869 Sem-

2117 2916 2220 2973 per
2240 2899 2367 2971 jam
2398 2898 2532 2956 inde
2564 2918 2597 2955 a
2625 2900 2715 2956 sui
2748 2899 3120 2973 episcopatus
3152 2899 3318 2956 initio
3357 2901 3511 2957 inter
3562 2901 3777 2959 Ruthe-

2118 2989 2271 3045 rium
2311 2994 2368 3045 et
2397 2989 2637 3045 clericos
2666 2990 3029 3045 Veronenses
3064 2989 3377 3045 dissidium
3408 2986 3598 3064 viguit
3628 2991 3777 3063 (Dis—

2116 3078 2324 3145 cordia,
2385 3096 2444 3135 n.
2502 3078 2667 3149 1,5),
2728 3079 2884 3151 quod
2943 3086 3010 3134 ex
3040 3079 3467 3135 sententiarum
3527 3076 3775 3135 dissidio

2119 3167 2405 3240 originem
2432 3168 2696 3223 duxerat.
2716 3166 3041 3240 Episcopus
3066 3166 3223 3223 enim
3255 3167 3312 3222 in
3336 3167 3522 3239 sacris
3546 3167 3779 3227 canoni-

353 3276 492 3317 nem
537 3257 777 3316 haeresis
814 3240 1548 3331 Anthropomorphitarum
1600 3254 1817 3311 multas
1865 3252 2011 3310 alias
2038 3240 2084 3309 C
2120 3256 2233 3312 bus
2262 3255 2547 3324 eruditus,
2581 3272 2716 3311 cum
2733 3272 2833 3312 eos
2848 3255 3110 3311 desertos
3131 3260 3188 3311 et
3213 3254 3509 3327 neglectos
3527 3254 3774 3323 videret,

353 3348 622 3423 egregias
651 3347 1069 3415 instructiones
1112 3346 1390 3404 continet.
1447 3343 1620 3401 Initio
1670 3342 2016 3417 perstringit

343 3424 646 3510 iquosdam
666 3435 1135 3508 abusus,quibus
1158 3433 1619 3507 quadragesima:
1644 3432 2015 3489 observantia

353 3527 745 3584 inﬁciebatur.
761 3524 897 3582 Illos
922 3525 1235 3597 vituperat,
1261 3523 1361 3596 qui
1384 3522 1609 3579 alterno
1631 3522 1725 3578 die
1737 3523 2015 3594 jejunan-

353 3618 467 3686 tes,
519 3619 579 3673 et
626 3613 850 3671 alterno
908 3612 1159 3687 crapulze
1217 3616 1274 3669 et
1302 3611 1568 3669 ebrietati
1618 3609 2012 3683 indulgentes,

355 3704 872 3781 quadragesimam
902 3722 965 3760 se
991 3704 1299 3761 observare
1318 3700 1753 3771 existimabant,
1776 3715 1911 3755 cum
1932 3697 2015 3753 vi-

358 3794 506 3870 ginti
536 3797 768 3855 tantum
801 3792 1007 3868 jejunii
1038 3792 1164 3849 dies
1192 3790 1554 3858 vicesimam,
1579 3804 1695 3844 non
1714 3804 1848 3844 vero
1871 3803 2017 3859 qua-

358 3884 757 3959 dragesimam
787 3883 1061 3939 facerent.
1092 3879 1350 3953 Antiqua
1365 3876 1676 3951 jejunandi
1707 3874 2018 3947 disciplina

349 3975 481 4046 jam
506 3972 796 4047 mitigata,
824 3971 1037 4028 licebat
1096 3986 1250 4026 nona
1279 3967 1425 4025 hora
1444 3966 1740 4039 jejunium
1772 3964 2014 4020 solvere.

362 4062 613 4128 Quidam
642 4077 777 4117 vero
806 4058 917 4116 hac
950 4075 1228 4116 concessa
1256 4056 1402 4112 hora
1425 4053 1572 4111 nihil
1602 4058 1923 4123 sumentes,
1950 4070 2016 4109 eo

359 4151 479 4208 ﬁne
507 4151 581 4207 ad
612 4155 843 4207 noctem
875 4165 1064 4222 usque
1095 4145 1358 4221 quotidie
1372 4144 1745 4218 jejunabant,
1779 4148 1845 4199 ut
1867 4167 1895 4193 «
1920 4160 2018 4198 no-

361 4244 453 4297 cte
484 4238 655 4313 quasi
686 4228 822 4294 cum
854 4236 1089 4293 licentia
1134 4239 1394 4291 ventrem
1443 4232 1703 4289 valerent
1750 4232 2018 4306 ingurgi-

358 4332 506 4386 tare.
545 4349 576 4379 »
603 4328 763 4386 Alios
791 4326 1007 4400 arguit,
1035 4323 1354 4398 quijejunii
1376 4321 1851 4379 solvendihoram
1875 4321 2018 4377 adeo

358 4416 798 4493 prmveniebant
828 4416 955 4489 ipso
978 4414 1231 4472 Sabbato
1253 4415 1474 4479 sancto,
1507 4415 1573 4466 ut
1602 4410 1746 4467 hora
1764 4410 1934 4465 tertia
1946 4411 2019 4466 ob

361 4505 667 4581 crapulam
697 4510 755 4562 et
783 4505 1124 4563 ebrietatem
1157 4501 1405 4575 pedibus
1438 4503 1732 4567 nutarent;
1767 4515 1872 4554 nec
1903 4516 2018 4554 non

2120 3360 2322 3401 eorum
2335 3344 2762 3401 observantiam
2777 3342 3097 3415 disciplina:
3110 3342 3231 3400 zelo
3246 3343 3513 3400 volebant
3534 3343 3777 3400 induce-

2121 3432 2412 3490 re.Clerici
2426 3438 2665 3491 econtra
2679 3433 2901 3489 abusus
2915 3431 3272 3504 adisciplina
3283 3449 3575 3488 canonum
3591 3431 3780 3488 maxi-

2123 3540 2216 3580 me
2228 3522 2736 3593 abhorrentes,qui
2748 3521 2926 3577 latius
2940 3519 3315 3588 inoleverant,
3333 3518 3779 3576 consuetudinis

2123 3611 2360 3666 nomine
2388 3610 2581 3665 licitos
2612 3609 2745 3676 rati,
2798 3609 3071 3680 episcopo
3118 3606 3422 3672 obsistere,
3470 3622 3543 3661 ne
3569 3624 3603 3662 a
3632 3605 3777 3673 suis,

2122 3698 2209 3753 uti
2228 3698 2532 3765 vocabant,
2576 3694 3105 3752 consuetudinibus
3153 3694 3603 3763 abducerentur,
3659 3709 3778 3748 non

2124 3785 2491 3843 desinebant.
2525 3784 2671 3841 Hinc
2730 3784 2789 3840 in
2820 3783 2970 3840 libro
3028 3782 3363 3852 Discordize,
3420 3798 3585 3838 num.
3621 3783 3677 3852 1,
3720 3798 3783 3839 se

2125 3892 2429 3948 nunquam
2462 3874 2721 3948 potuisse
2752 3873 2834 3931 ait
2851 3890 2986 3930 cum
3013 3872 3222 3929 iisdem
3242 3870 3469 3929 clericis
3486 3872 3634 3929 mire
3651 3888 3786 3928 con-

2124 3965 2407 4031 cordiam,
2442 3988 2470 4015 ‹‹
2505 3980 2640 4019 cum
2663 3962 2745 4018 illi
2766 3961 3493 4035 semperconsuetudinem
3519 3964 3783 4018 anteces-

2124 4071 2325 4111 sorum
2355 4052 2732 4126 pontiﬁcibus
2764 4050 2888 4108 suis
2920 4051 3284 4109 incessanter
3304 4048 3631 4118 rebellium,
3656 4067 3789 4106 san-

2125 4143 2234 4200 ctis
2265 4147 2323 4199 et
2352 4160 2387 4199 a
2416 4143 2532 4198 Deo
2559 4142 2807 4198 decretis
2863 4140 3228 4214 praetulerint
3279 4139 3625 4196 canonibus:
3678 4153 3784 4211 ego

2127 4236 2359 4289 sanctos
2390 4236 2448 4288 et
2477 4248 2511 4287 a
2535 4222 2651 4288 Deo
2681 4230 2943 4287 decretos
2957 4246 3210 4286 canones
3228 4229 3508 4284 adiabolo
3533 4226 3785 4284 inventis

2126 4320 2514 4393 praeferendos
2546 4319 2872 4393 putaverim
2894 4320 3123 4375 usibus.
3153 4341 3180 4369 »
3205 4318 3496 4373 Maximus
3517 4316 3782 4388 quidem,

2127 4414 2186 4467 et
2215 4426 2249 4465 a
2277 4410 2459 4466 sacris
2490 4408 2817 4465 canonibus
2855 4408 3110 4464 maxime
3160 4406 3508 4478 reprobatus
3558 4404 3783 4461 abusus

2128 4502 2252 4555 erat
2280 4496 2624 4553 clericorum
2656 4519 2684 4546 «
2723 4495 3143 4561 mulierositas,
3178 4515 3205 4542 ››
3238 4508 3416 4563 quam
3447 4490 3563 4546 late
3588 4494 3645 4545 et
3677 4506 3786 4562 pu-

358 4578 519 4663 illos,
554 4595 659 4668 qui
688 4594 784 4651 die
814 4592 997 4648 Ccsnze
1029 4590 1262 4647 Domini
1294 4594 1429 4645 ante
1450 4604 1665 4643 nonam
1698 4586 1913 4643 missas
1936 4603 2023 4643 ce-
2046 4584 2100 4674 7D
2129 4587 2277 4643 blice
2307 4590 2675 4659 grassantem
2708 4584 2768 4638 in
2800 4582 3103 4639 Discordia
3154 4580 3247 4636 his
3296 4578 3487 4635 verbis
3536 4578 3787 4651 explicat

356 4685 694 4752 lebrabant,
729 4683 924 4756 [cxxn]
955 4684 1013 4737 et
1063 4680 1313 4737 subinde
1353 4676 1651 4751 jejunium
1701 4674 2020 4732 solvebant:

360 4772 803 4845 nonnullosque
825 4770 1118 4828 exstitisse
1139 4767 1494 4832 subindicat,
1528 4764 1628 4838 qui
1649 4764 2021 4821 violationem

361 4862 575 4937 jejunii
602 4862 699 4921 his
731 4861 963 4918 duobus
991 4859 1198 4915 diebus
1220 4858 1402 4915 Coena;
1437 4854 1665 4912 Domini
1697 4858 1754 4911 et
1781 4853 2021 4911 Sabbati

363 4952 558 5010 sancti
589 4969 658 5008 ea
679 4950 899 5008 ratione
911 4948 1302 5006 excusandam
1324 4946 1626 5019 putabant,
1647 4944 1802 5016 quod
1825 4943 1883 4999 hi
1906 4943 2024 4998 duo

336 5114 339 5117 Α
367 5040 495 5098 dies
524 5038 894 5113 compensari
919 5037 1178 5094 dicerent
1196 5036 1427 5091 duobus
1448 5033 1579 5090 aliis
1592 5032 1802 5106 jejunii
1817 5031 2024 5088 diebus

366 5128 837 5203 quadragesima;
871 5125 1137 5199 adjectis,
1171 5123 1452 5180 nimirum
1488 5125 1699 5194 quarta
1726 5124 1784 5177 et
1820 5119 2026 5194 quinta

366 5216 516 5274 feria
544 5222 678 5275 ante
708 5217 961 5291 primam
991 5212 1357 5271 Dominicam
1378 5208 1859 5284 quadragesimae,
1884 5225 2019 5264 cum

366 5306 512 5363 olim
543 5330 573 5357 «
606 5310 781 5380 caput
804 5303 1019 5379 jejunii
1053 5325 1081 5352 ››
1112 5320 1145 5359 a
1175 5300 1366 5376 prima
1382 5299 1688 5357 Dominica
1721 5299 2020 5371 inciperet.

364 5395 497 5454 Alia
526 5400 701 5469 atque
730 5390 847 5451 alia
876 5393 1016 5450 vitia
1044 5393 1103 5449 in
1124 5391 1465 5464 jejunantes
1494 5388 1813 5462 irrepentia
1839 5391 2020 5455 notat,

366 5500 499 5559 quis
530 5484 751 5541 nostris
782 5499 1016 5558 quoque
1063 5479 1428 5554 temporibus
1477 5476 1816 5536 communia
1862 5479 2024 5545 sunt;

342 5588 689 5647 'vsramque
700 5572 951 5647 explicat
961 5568 1274 5645 jejunandi
1299 5566 1607 5637 rationem,
1624 5582 1743 5640 qua
1766 5583 1881 5623 non
1903 5569 2024 5622 tam

337 5665 406 5730 ἰ
434 5663 604 5738 cibis,
636 5678 818 5742 quam
838 5680 875 5722 a
899 5659 1155 5741 peccatis
1179 5655 1511 5720 abstinetur
1538 5660 1597 5719 et
1624 5655 1830 5729 oratio,
1876 5654 2025 5715 elea-

2132 4691 2297 4730 num.
2336 4675 2386 4727 l:
2424 4694 2453 4723 ‹‹
2485 4671 2815 4727 Prohibitas
2848 4670 3005 4726 enim
3030 4670 3091 4725 in
3121 4668 3354 4724 Nicazna
3401 4666 3621 4741 synodo
3654 4683 3785 4723 mu-

2130 4761 2305 4819 lieres
2319 4765 2439 4817 tam
2454 4757 3284 4830 consuetudinaliter,tamque
3296 4755 3527 4829 publice
3547 4755 3785 4823 habere,

2132 4856 2251 4908 tam
2286 4850 2635 4925 parvipensa
2683 4848 2778 4905 Dei
2809 4852 2867 4904 et
2914 4847 3223 4904 hominum
3269 4845 3607 4914 reverentia,
3658 4845 3786 4917 ipso

2134 4958 2250 5015 quo
2304 4941 2515 4995 timore
2588 4937 2865 5013 gehennae
2935 4935 3231 4992 intantum
3305 4930 3660 5007 posthabito,
3720 4937 3787 4989 ut

2132 5034 2341 5105 putent
2365 5029 2506 5085 adeo
2538 5027 2664 5084 ﬁeri
2698 5044 2815 5082 non
2847 5027 3020 5083 modo
3052 5024 3247 5091 licere,
3280 5022 3383 5079 sed
3413 5021 3589 5079 etiam
3608 5038 3784 5094 opor-

2131 5123 2273 5189 tere,
2306 5122 2370 5174 ut
2400 5133 2571 5174 nemo
2601 5116 2711 5172 hoc
2745 5114 2929 5172 facere
2959 5114 3222 5171 devitans
3247 5112 3515 5167 videatur
3543 5111 3627 5168 eis
3649 5127 3784 5183 pes-

2132 5208 2282 5267 simo
2303 5207 2423 5274 illo,
2458 5205 2613 5279 quod
2643 5202 2958 5278 Apostolus
2990 5204 3050 5259 in
3079 5199 3339 5275 Epistola
3368 5200 3440 5255 ad
3490 5200 3788 5257 Romanos

2132 5299 2437 5363 memorat,
2466 5294 2684 5351 scelere
2711 5309 2882 5365 posse
2899 5309 3115 5358 carere,
3134 5308 3250 5347 non
3269 5289 3373 5346 tibi
3403 5287 3638 5345 videtur
3658 5289 3782 5345 dia-

2128 5384 2333 5442 bolum
2359 5381 2681 5440 invenisse?
2712 5404 2741 5433 »
2772 5381 2976 5438 Clerici
3002 5378 3224 5438 scilicet
3250 5378 3333 5434 ita
3383 5378 3605 5451 passim
3657 5395 3785 5434 mu-

2130 5473 2305 5532 lieres
2333 5472 2650 5543 habebant,
2681 5475 2746 5527 ut
2798 5469 3099 5528 crederent
3143 5469 3369 5525 licitum
3422 5467 3578 5541 quod
3627 5484 3787 5524 com-

2133 5562 2300 5621 muni
2330 5578 2443 5618 usu
2473 5564 2599 5617 erat
2627 5564 2948 5634 receptum;
2971 5563 3030 5617 et
3049 5576 3164 5616 non
3194 5556 3389 5616 solum
3410 5555 3660 5625 licitum,
3682 5555 3785 5613 sed

2115 5649 2533 5717 necessarium
2577 5649 2755 5713 etiam
2803 5648 3105 5723 baberent,
3132 5662 3206 5707 ne
3253 5645 3388 5725 quis
3438 5638 3786 5708 mulieribus
