4046 6186
331 419 334 422 ἢ
380 328 498 389 108

1343 323 1795 424 RATHEBIUS
1835 322 2330 388 VERONENSIS
2353 323 2833 392 EPISCOP-US.

3647 357 3658 404 ξ
3677 328 3798 391 £04

377 475 604 532 expers,
637 457 888 515 nefando
913 474 980 515 ac
1001 458 1261 531 pessimo
1292 459 1690 533 sceleri,quod
1709 459 2032 515 detestatur
2058 458 2116 526 Α
2144 475 2305 515 num.
2343 460 2408 530 4,
2458 464 2662 518 auctor
2708 463 2906 518 noster
2943 459 3184 519 clericos
3233 465 3396 530 notat
3445 484 3475 512 ‹‹
3501 461 3799 519 canonica:

336 554 341 560 ’
365 545 710 620 'Apostolus,
743 546 1078 604 deserviret.

443 681 538 736 97.
569 680 689 737 Hoc
719 680 929 736 vitium
958 685 1081 738 tam
1112 680 1227 738 late
1257 681 1575 749 obtinebat,
1609 685 1674 737 ut
1703 697 1768 738 eo
1792 698 1908 738 non
1939 698 2032 737 so-

371 767 500 827 lum
532 771 786 843 majores
813 769 1123 827 etditiores
1139 771 1354 839 clerici,
1386 773 1488 829 sed
1512 771 1770 827 minores
1790 770 1965 827 etiam
1978 775 2036 826 et

371 859 754 932 pauperiores
786 859 1418 932 laborarentMajores
1437 861 1676 933 quidem
1705 877 1772 916 ac
1793 859 2034 916 ditiores

373 951 659 1005 notantur
679 951 829 1020 part.
869 949 892 1003 1
927 947 1008 1003 De
1041 952 1381 1022 contemptu
1410 965 1724 1016 canonum,
1759 965 1925 1004 num.
1977 950 2030 1017 4,

379 1052 517 1092 cum
547 1053 644 1092 eos
677 1036 1002 1109 potioribus
1026 1041 1083 1093 et
1103 1037 1494 1110 amplioribus
1517 1038 1780 1094 Ecclesiae
1802 1035 2037 1094 redditi-

370 1125 484 1182 bus
514 1125 728 1182 ditatos
760 1125 869 1182 hac
900 1127 972 1183 de
1003 1143 1182 1183 causa
1212 1127 1368 1184 inter
1396 1131 1633 1184 caeteras
1658 1127 1873 1198 tradat,
1907 1149 1935 1178 «
1969 1130 2035 1182 ut

341 1212 628 1270 -habeant
654 1230 909 1287 quoque,
946 1215 1101 1270 unde
1129 1214 1268 1270 ﬁliis
1297 1231 1528 1283 uxores,
1563 1215 1798 1272 ﬁliabus
1833 1214 2032 1288 acqui-

371 1306 506 1359 rant
535 1303 803 1360 maritos.
840 1325 868 1352 »
901 1304 1156 1360 Minores
1186 1321 1321 1360 vero
1352 1309 1409 1360 et
1438 1305 1818 1378 pauperiores
1839 1303 2031 1361 clerici

335 1440 338 1442 γ
369 1389 707 1448 indicantur
739 1391 798 1447 in
828 1392 1152 1461 Discordia,
1185 1409 1348 1449 num.
1383 1395 1438 1461 6,
1472 1393 1572 1449 ubi
1594 1398 1906 1466 postquam
1933 1405 2032 1450 eos

370 1479 443 1535 ad
465 1478 745 1536 mulieres
769 1480 1153 1537 dimittendas
1171 1479 1461 1554 imperiali
1484 1487 1772 1554 pramepto
1793 1483 2032 1538 adactos

368 1568 834 1641 prodidit,'hanc
865 1586 1072 1626 eorum
1103 1570 1542 1627 excusationem
1580 1566 1800 1626 subdit:
1833 1592 1860 1620 ‹‹
1893 1571 2030 1626 Om-

369 1659 547 1714 nium
566 1675 727 1731 pene-
744 1659 1043 1715 excusatio
1071 1660 1316 1728 exstitit,
1337 1677 1454 1718 non
1475 1675 1646 1734 posse
1662 1664 1900 1733 propter
1914 1659 2033 1716 ino-

365 1745 524 1818 piam
557 1746 667 1802 hoc
687 1745 806 1802 ullo
840 1747 1012 1803 modo
1036 1748 1180 1816 ﬁeri;
1206 1747 1470 1820 potuisse
1487 1765 1620 1804 vero
1640 1753 1959 1821 utcunque,
1979 1748 2029 1804 si

2143 547 2256 623 legi
2291 549 2566 607 adversos
2598 567 2787 623 usque
2837 551 2909 608 ad
2940 555 3194 625 nuptum
3243 535 3565 624 publicum.
3603 573 3631 601 ››
3663 551 3802 623 (Ne-

2143 657 2256 712 que
2303 639 2396 696 his
2448 640 2856 697 contradicunt
2908 641 3009 697 illa
3059 641 3316 698 auctoris
3370 641 3546 698 verba
3601 639 3742 697 libri
3771 657 3806 695 v

2141 727 2622 801 Prteloquiorum,
2649 746 2821 785 num.
2872 731 2959 798 18,
2993 729 3105 787 col.
3148 731 3270 800 155,
3321 747 3372 786 c.
3398 730 3618 805 quibus
3649 729 3809 786 inter

2142 826 2260 882 alia
2299 827 2655 884 discrimina
2698 827 3232 886 ecclesiasticarum
3281 845 3316 885 a
3343 828 3507 885 laicis
3537 831 3810 886 recenset

2143 915 2322 984 istud,
2357 939 2384 968 «
2418 916 2574 990 quod
2632 934 2747 973 non
2791 934 2827 972 a
2856 916 3046 985 nobis,
3106 921 3173 972 ut
3201 916 3273 974 ab
3319 917 3439 984 eis,
3488 917 3808 975 ducuntur

2137 1022 2370 1062 uxores.
2407 1028 2436 1056 »
2467 1006 2598 1062 Haec
2639 1005 2798 1062 enim
2828 1007 2900 1062 ab
2953 1004 3082 1080 ipso
3112 1007 3335 1080 scripta
3370 1005 3605 1079 jamdiu
3636 1009 3806 1073 ante,

2141 1110 2210 1152 ex
2241 1098 2361 1150 toto
2395 1098 2667 1150 contextu
2726 1111 2843 1150 non
2875 1094 3214 1150 referuntur
3268 1095 3340 1150 ad
3390 1094 3806 1169 clericos,gsed

2141 1183 2213 1240 ad
2245 1184 2572 1257 episcopos,
2603 1183 2674 1239 de
2703 1200 2957 1256 quorum
3004 1184 3268 1240 moribus
3313 1184 3530 1241 ibidem
3559 1201 3629 1240 ex
3655 1201 3805 1257 pro-

2144 1281 2334 1355 posito
2364 1281 2626 1338 disserit.
2657 1281 2818 1338 Alias
2873 1298 3010 1338 vero
3041 1285 3208 1353 parte
3256 1281 3514 1338 secunda
3551 1281 3630 1338 De
3658 1299 3808 1342 con-

2125 1375 2368 1443 temptu
2402 1387 2716 1438 canonum,
2752 1387 2918 1425 num.
2949 1375 3008 1442 2,
3039 1370 3150 1427 col.
3200 1371 3338 1438 367,
3359 1387 3410 1428 ο.
3430 1370 3543 1427 ιιιὺί
3570 1370 3698 1443 agit
3723 1371 3806 1428 de

2142 1461 2406 1516 moribus
2462 1458 2827 1528 clericorum,
2879 1475 3015 1516 cum
3054 1460 3207 1517 inter
3263 1459 3607 1522 discrimina
3644 1459 3807 1523 isto-

2143 1567 2276 1606 rum
2311 1567 2346 1606 a
2388 1549 2578 1618 laicis,
2627 1549 2838 1606 iisdem
2887 1550 3004 1606 fere
3051 1549 3506 1623 Praloquiorum
3554 1547 3809 1606 vocibus

2140 1640 2415 1707 referens,
2449 1656 2578 1712 quae
2612 1637 2839 1696 clericis
2871 1644 3013 1696 sunt
3042 1639 3503 1712 cum-episcopis.
3525 1653 3809 1698 commu-

2139 1739 2241 1794 nia
2266 1738 2446 1806 istud,
2481 1761 2509 1788 ‹‹
2544 1738 2702 1810 quod
2733 1754 2850 1794 non
2883 1737 2956 1794 ab
2985 1737 3154 1810 ipsis,
3186 1742 3252 1794 ut
3279 1736 3528 1805 alaicis’,
3571 1737 3807 1793 ducun-

365 1834 731 1908 stipendium
756 1837 959 1907 [cxxiv]
981 1837 1244 1893 debitum
1260 1854 1328 1893 ex
1355 1837 1529 1893 rebus
1551 1837 1900 1894 habuissent
1921 1838 2021 1893 Ec-
2048 1833 2098 1900 Β
2127 1833 2226 1886 tur
2252 1843 2483 1894 uxores.
2519 1847 2547 1878 »
2577 1825 2794 1882 idcirco
2824 1825 3056 1882 videtur
3087 1825 3377 1894 omisisse,
3411 1823 3550 1897 quia
3577 1823 3804 1896 nuptis

362 1923 578 1981 clesize.
616 1947 645 1975 ››
675 1925 954 1981 Notanda:
984 1941 1150 1982 voces
1201 1948 1228 1975 ‹‹
1263 1927 1530 1981 omnium
1565 1949 1593 1975 »
1643 1930 1700 1982 et
1731 1950 1758 1977 «
1790 1929 2028 1999 prepter

362 2012 648 2085 inopiam,
685 2035 715 2062 »
744 2029 870 2086 qua:
902 2029 1026 2069 rem
1058 2013 1505 2086 pauperioribus
1552 2014 1720 2071 valde
1758 2032 2022 2072 commu-

361 2117 500 2158 nem
550 2101 880 2174 designant.
939 2103 1236 2166 Quatenus
1294 2109 1491 2159 autem
1547 2123 1569 2152 α
1598 2103 1806 2177 inopiae
1841 2127 1870 2154 »
1920 2120 2025 2177 per

365 2189 643 2246 mulieres
706 2191 1124 2264 prospicerent,
1187 2191 1462 2264 explicari
1526 2197 1718 2266 potest
1772 2210 1842 2249 ex
1898 2193 2020 2266 epi-

365 2277 518 2336 stola
547 2279 719 2334 coaevi
750 2278 1006 2353 episcopi
1037 2280 1265 2337 Attonis
1305 2280 1691 2338 Vercellensis
1737 2283 1810 2338 ad
1831 2299 2018 2338 suum

363 2367 585 2424 clerum
617 2369 900 2424 adversus
930 2368 1169 2426 clericos
1201 2370 1632 2426 incontinentes
1672 2372 1738 2443 (t.
1775 2372 1796 2426 Ι
1822 2373 2018 2444 Spurii.

334 2457 698 2529 »Acnsa.,:p.
730 2458 876 2528 MO).
911 2480 938 2508 «
973 2458 1122 2513 Sunt
1153 2458 1252 2529 qui
1292 2460 1364 2514 de
1413 2460 1765 2515 feminarum
1815 2465 2019 2516 contu-

360 2544 564 2601 bernio
599 2561 664 2600 se
685 2561 962 2602 excusare
983 2552 1269 2619 quaerunt,
1294 2548 1432 2603 dum
1454 2566 1622 2604 suam
1641 2548 1810 2620 quasi
1829 2563 2019 2605 neces-

335 2633 595 2690 sitatem
625 2640 944 2706 exponunt.
977 2636 1364 2704 Aiuntenim,
1396 2638 1537 2710 quia
1567 2639 1696 2693 nisi
1755 2639 2017 2712 ipsarum

361 2723 640 2779 manibus
687 2727 1174 2793 sustentaremur,
1219 2726 1346 2797 jam
1404 2728 1578 2796 fame,
1622 2726 1708 2782 vel
1752 2727 2017 2783 nuditate

363 2809 775 2866 deﬁceremus.

413 2938 522 2995 ‘98.
555 2939 823 2996 Dubitari
856 2945 1066 3014 potest,
1126 2960 1270 2998 num
1311 2943 1434 3001 haec
1486 2945 1830 3004 clericorum
1884 2965 2016 3004 mu-

361 3025 655 3086 lierositas
687 3031 829 3086 adeo
884 3031 1216 3096 communis
1245 3037 1304 3089 et
1360 3033 1614 3108 publica,
1676 3054 1804 3109 qua:
1855 3036 2016 3094 licita

362 3115 708 3186 habebatur,
742 3119 814 3174 de
871 3121 1236 3190 concubinis,
1271 3138 1308 3194 q
1340 3140 1446 3179 uas
1475 3123 1602 3196 ipso
1658 3121 1854 3182 divino
1881 3127 2014 3198 jure

361 3205 686 3278 probibitas
718 3207 986 3279 ignorare
1016 3214 1242 3283 poterat
1272 3227 1462 3278 nemo,
1492 3212 1872 3287 intelligenda
1913 3215 2008 3272 sit.
2037 3204 2085 3272 C

361 3292 672 3350 Ratherius
686 3297 923 3368 quidem
939 3319 966 3348 «
996 3314 1100 3353 con
1099 3299 1334 3372 jugium
1357 3321 1386 3350 »
1409 3301 1807 3360 intercessisse
1831 3303 2012 3376 signi-

359 3381 515 3448 ﬁcat,
546 3400 681 3438 cum
707 3383 766 3439 in
798 3384 1106 3451 Qualitatis
1137 3390 1488 3461 conjectura,
1524 3407 1687 3448 num.
1718 3393 2014 3449 Zelericos

357 3471 651 3542 ejusmodi
683 3474 1034 3531 mulieribus
1081 3477 1322 3549 junctos
1371 3479 1645 3536 adulterii
1703 3475 2010 3551 accusans,

360 3582 389 3612 «
420 3559 648 3634 illegale
677 3564 1017 3637 conjugium
1070 3567 1337 3624 nominat
1383 3568 1760 3640 adulterium;
1797 3595 1825 3620 »
1867 3575 1923 3628 et
1951 3573 2010 3628 in

353 3650 746 3726 Apologetico,
811 3671 973 3710 num.
1005 3656 1144 3712 7de
1201 3656 1427 3713 clericis
1485 3661 1854 3733 monogamis
1910 3661 2008 3717 ait:

361 3760 388 3789 ‹‹
417 3740 786 3798 Adulterium
819 3743 1123 3815 publicum
1157 3746 1299 3801 dum
1348 3746 1573 3820 illegale
1620 3751 1821 3822 utique
1869 3767 2012 3808 con-

348 3827 586 3900 jugium
618 3830 714 3898 sit;
755 3853 783 3880 »
836 3831 978 3886 etin
1031 3832 1354 3904 Discordia,
1407 3853 1570 3891 num.
1607 3840 1656 3894 1;
1709 3861 1736 3887 ‹‹
1768 3838 2013 3895 Adulter

356 3913 514 3968 enim
546 3917 716 3972 nobis
745 3921 854 3985 est,
888 3918 987 3989 qui
1015 3923 1217 3975 contra
1247 3937 1499 3979 canones
1550 3925 1790 3980 uxorius
1840 3930 1945 3982 est.
1981 3948 2010 3975 »

329 3996 478 4056 ’Vox
509 4025 537 4053 «
571 4003 811 4060 uxorius
846 4027 874 4054 ››
925 4007 1264 4080 conjugium
1313 4026 1446 4065 cum
1498 4011 1742 4069 muliere
1796 4013 2011 4070 initum

355 4091 678 4162 praesumit.
712 4092 856 4148 Hinc
885 4094 1182 4151 decretum
1215 4098 1420 4168 synodi
1476 4099 1832 4159 Ravennatis
1873 4119 2010 4160 con-

354 4182 446 4236 tra
475 4178 820 4238 clericorum
855 4182 1338 4241 mulierositatem
1388 4190 1516 4242 tum
1565 4188 1812 4246 Romani
1865 4208 2008 4264 pon-

352 4266 528 4324 tiﬁcis
559 4270 904 4327 auctoritate
946 4277 1072 4328 tum
1127 4271 1498 4345 imperatoris
1545 4283 1831 4351 praecepto
1881 4297 2010 4337 mu-

353 4356 566 4427 nitum,
600 4358 912 4417 Ratherius
942 4359 1000 4416 in
1037 4362 1352 4430 Discordia,
1385 4382 1550 4422 nnm.
1582 4369 1636 4421 6.
1670 4366 1760 4423 his
1817 4367 2010 4426 verbis

352 4447 658 4518 expressit:
695 4469 724 4498 «
757 4447 903 4505 Cum
935 4449 1005 4506 de
1032 4450 1382 4508 dimittenda
1430 4453 1851 4513 mulierositate
1899 4460 2010 4514 Au-

353 4535 602 4638 gustalis
634 4535 1300 4638 intonuisset-adversus
1327 4541 1457 4599 illos
1487 4543 1781 4613 voluntas,
1816 4569 1836 4595 η
1874 4551 2006 4616 etc.,
2036 4572 2087 4638 Β

353 4622 411 4678 in
455 4625 701 4697 epistola
755 4645 890 4685 vero
947 4630 1020 4686 ad
1080 4629 1423 4687 Nannonem
1483 4651 1646 4690 num.
1702 4637 1739 4688 2
1789 4637 2010 4693 vocavit

355 4735 383 4764 «
417 4711 765 4786 legationem
799 4717 986 4790 ipsius
1007 4735 1168 4792 papae
1198 4719 1269 4776 de
1292 4721 2008 4782 uxoribusdimittendiszn

353 4801 438 4858 ita
467 4808 533 4859 ut
589 4803 746 4861 idem
790 4805 867 4862 sit
914 4830 941 4856 «
976 4808 1047 4864 de
1095 4808 1444 4866 dimittenda
1500 4813 1940 4884 mulierositate,
1978 4838 2007 4866 »

352 4907 422 4946 ac
445 4914 472 4941 ‹‹
502 4891 578 4948 ’ἁο
604 4892 886 4951 uxoribus
919 4894 1304 4954 dimittendis.
1340 4921 1370 4949 ››
1419 4899 1636 4958 Uxores
1692 4903 1872 4976 igitur
1903 4904 2005 4960 ha-

329 4979 660 5063 bebantur,
696 4997 820 5054 quas
847 5000 980 5038 cum
1013 4983 1236 5042 clericis
1262 4986 1678 5047 cobabitabant
1707 4993 2003 5050 mulieres:

352 5067 528 5141 idque
588 5070 698 5126 etsi
746 5071 1070 5130 canonibus
1127 5080 1285 5131 esset
1336 5076 1735 5149 interdictum,
1769 5086 1826 5138 et
1855 5105 1883 5133 «
1915 5081 2007 5138 lex

353 5155 516 5213 nulla
546 5158 752 5215 altaris
784 5160 1074 5218 ministris
1118 5161 1419 5238 indulgeat
1465 5168 1742 5241 conjugia
1791 5171 2004 5243 (Itiner.

352 5262 409 5302 n.
473 5248 582 5318 15);
646 5271 674 5298 »
735 5265 908 5306 omne
963 5255 1160 5307 tamen
1209 5250 1552 5324 hujusmodi
1627 5257 2006 5316 interdictum

352 5337 778 5422 consuetudine
809 5339 1178 5412 abrogatum,
1205 5344 1264 5398 et
1293 5347 1535 5400 eatenus
1567 5345 1688 5402 haec
1734 5349 2009 5422 conjugia

349 5421 523 5480 licere
571 5426 976 5497 credebantur;
1035 5433 1092 5485 et
1119 5429 1202 5486 ita
1247 5431 1635 5491 credebantur
1687 5435 1880 5506 licere,
1922 5421 2007 5494 fut

352 5513 576 5587 absque
631 5511 751 5571 ulla
802 5517 1114 5574 formidine
1171 5517 1401 5593 publice
1459 5523 1637 5580 etiam
1686 5543 1721 5580 a
1780 5525 2006 5583 clericis

2135 1935 2250 1974 non
2309 1915 2391 1970 ita
2443 1918 2610 1970 erant
2663 1930 2699 1968 a
2751 1911 3124 1981 clericisyut
3177 1913 3254 1969 ab
3314 1910 3603 1985 episcopis
3632 1909 3800 1966 alie-

2132 2006 2265 2079 nae.)
2321 2009 2442 2060 Hoc
2501 2003 2700 2075 itaque
2771 2001 2982 2059 saeculo
3039 2002 3098 2059 in
3159 2001 3376 2060 nostris
3453 1999 3803 2074 regionibus

2132 2113 2249 2152 non
2276 2095 2528 2151 obscura
2554 2092 2809 2150 emicant
2857 2091 3025 2148 initia
3081 2092 3211 2164 ejus
3287 2088 3628 2164 corruptelae
3656 2097 3801 2162 quas

2135 2183 2407 2258 sequenti
2465 2181 2680 2239 saeculo
2737 2181 2928 2255 magis
2977 2181 3164 2238 multo
3213 2180 3520 2249 deferbuit,
3573 2178 3800 2236 multe-

2103 2299 2246 2355 ~que
2276 2282 2411 2337 nisu
2469 2280 2710 2336 defensa
2761 2279 2874 2335 fuit
2922 2297 2956 2335 a
3009 2278 3213 2336 multis
3271 2277 3798 2352 propugnantibus

2130 2370 2303 2427 licere
2359 2369 2634 2442 conjugis
2685 2367 3201 2425 clericorum.'lta
3257 2367 3434 2424 etiam
3511 2367 3620 2424 sub
3657 2366 3798 2424 hoc

2103 2464 2364 2532 tempus
2422 2482 2450 2508 «
2481 2458 2597 2530 ipsi
2655 2457 2848 2514 clerici
2898 2457 3093 2530 palam
3143 2474 3355 2514 uxores
3409 2457 3723 2525 ducebant,
3745 2473 3788 2507 τ»

2128 2551 2214 2604 uti
2275 2548 2524 2604 habetur
2581 2548 2923 2620 (MABILLON.
2982 2564 3032 2602 c.
3089 2549 3125 2601 7
3163 2549 3280 2603 Act.
3335 2547 3436 2605 SS.
3483 2547 3564 2603 ~0.
3626 2547 3790 2619 B.p.

2125 2640 2252 2711 841)
2284 2639 2341 2692 in
2388 2637 2520 2693 Vita
2549 2635 2609 2692 S.
2658 2634 2954 2692 Adalberti
3011 2635 3269 2709 episcOpi
3319 2633 3792 2708 Pragensis‘ste-

2127 2727 2245 2783 culi
2278 2727 2464 2799 [cxxv]
2496 2723 2708 2781 decimi
2739 2741 2906 2780 num.
2940 2725 3029 2790 11,
3061 2723 3358 2780 necnon-in
3375 2722 3602 2796 Anglia,
3621 2723 3794 2780 utvi-

2125 2817 2262 2872 dere
2292 2819 2381 2872 est
2393 2815 2547 2887 apud
2565 2813 2903 2869 Ordericum
2918 2812 3191 2880 Vitalem,
3209 2812 3366 2868 lib.v
3385 2812 3600 2868 Hister.
3626 2808 3788 2869 Eccl.

2124 2920 2257 2977 pag.
2287 2905 2439 2971 574,,
2456 2904 2704 2974 ejusque
2721 2901 2802 2958 rei
2832 2901 3116 2958 indicium
3136 2905 3330 2958 exstat
3352 2901 3532 2958 etiam
3559 2901 3622 2956 in
3637 2900 3786 2957 Vita

2124 3001 2183 3057 S.
2215 2999 2539 3056 Etholvoldi
2571 2999 2828 3072 episcopi
2855 2999 3284 3056 Wintoniensis
3305 3016 3364 3054 n.
3393 2999 3466 3055 16
3489 2990 3787 3072 (Manium,

2122 3090 2223 3157 ib.,
2258 3107 2314 3162 p.
2345 3090 2495 3161 602).
2525 3089 2965 3146 Observandum
2997 3104 3132 3144 vero
3166 3093 3256 3144 est
3285 3087 3407 3144 haec
3438 3086 3790 3161 conjugium

2123 3177 2351 3234 clericis
2379 3177 2587 3234 saltem
2621 3177 2915 3250 plerisque
2944 3177 3088 3232 inita
3115 3181 3249 3233 ante
3279 3176 3518 3232 ordines
3555 3185 3784 3246 sacres,

2120 3266 2206 3323 ita
2232 3272 2426 3323 tamen
2463 3271 2526 3322 ut
2556 3266 2656 3340 qui
2687 3266 2770 3323 sic
2817 3266 3123 3322 duxissent
3169 3283 3380 3323 uxores
3428 3265 3782 3322 nondimit-

2119 3359 2310 3412 terent
2339 3355 2580 3424 clerum,
2598 3357 2697 3412 sed
2715 3356 2771 3410 in
2789 3372 2856 3412 eo
2880 3360 3310 3428 permanerent,
3325 3359 3383 3411 et
3398 3354 3470 3411 ab
3493 3353 3783 3411 uxoribus

2121 3471 2494 3527 nequaquam
2527 3453 2799 3526 separati,
2832 3454 2904 3510 ad
2938 3470 3134 3510 sacros
3165 3454 3340 3509 etiam
3371 3452 3604 3509 ordines
3639 3467 3779 3524 pro-

2121 3548 2510 3600 moverentur.
2555 3543 2742 3614 Hujus
2793 3543 2873 3600 rei
2901 3542 3192 3615 praecipua
3241 3542 3516 3598 videntur
3560 3540 3787 3597 indicia

2121 3632 2179 3687 in
2212 3631 2495 3705 opusculo
2554 3631 2811 3688 Ratherii
2871 3632 2943 3688 de
2993 3632 3190 3704 Nuptu
3238 3630 3462 3688 illiCito.
3513 3631 3783 3704 Nuptum

2121 3721 2416 3790 illicitum,
2453 3724 2622 3794 cujus
2643 3738 2822 3777 causa
2842 3720 2952 3777 hoc
2972 3721 3322 3793 opusculum
3335 3719 3600 3793 scripsit,
3616 3719 3784 3796 fuere

2119 3812 2339 3884 nuptia:
2371 3811 2678 3883 cujusdam
2737 3809 2951 3879 clerici,
3014 3826 3190 3882 quem
3235 3810 3575 3882 pater-ejus
3631 3808 3781 3865 item

2122 3898 2370 3954 clericus
2401 3915 2535 3954 cum
2549 3897 3574 3969 clericiﬁliamatrimoniojunxerat.
3601 3895 3781 3952 Aliu’d

2120 4004 2353 4060 quoque
2384 3987 2628 4044 alterius
2649 3986 2844 4043 clerici
2865 3987 3209 4061 conjugium
3231 3991 3394 4060 patre
3426 3990 3781 4062 procurante

2118 4083 2334 4139 initum
2356 4083 2573 4140 ibidem
2595 4088 2901 4141 memorat.
2927 4085 3042 4141 Hos
3073 4088 3267 4141 autem
3299 4088 3358 4140 et
3375 4083 3531 4140 alios
3551 4081 3783 4156 similes

2123 4171 2365 4228 clericos
2396 4173 2654 4246 conjugii
2687 4187 2866 4230 causa
2895 4190 3011 4230 non
3042 4173 3298 4230 evasisse
3345 4171 3548 4244 laicos,
3570 4171 3682 4228 sed
3711 4171 3778 4227 i‘n

2120 4259 2273 4317 clero
2305 4261 2634 4334 perstitisse
2666 4262 2922 4319 innuunt
2945 4261 3046 4319 illa
3067 4280 3230 4318 num.
3264 4263 3316 4330 4,
3343 4261 3554 4335 quibus
3578 4263 3783 4318 noster

2121 4351 2428 4424 episcopus
2459 4349 2701 4408 clericos
2731 4351 3161 4409 incontinentes
3192 4351 3520 4424 alloquens,
3557 4350 3782 4415 «0ῠο-

2119 4436 2290 4506 circa,
2323 4461 2350 4490 κ
2385 4439 2597 4512 inquit,
2633 4463 2660 4490 (ι
2694 4440 2970 4497 monendi
3018 4445 3076 4496 et
3123 4439 3488 4506 obsecrandi,
3538 4439 3778 4511 fratres,

2118 4531 2185 4582 ut
2215 4528 2355 4599 quia
2386 4528 2702 4601 prohiberi,
2735 4528 2880 4601 proh
2913 4528 3096 4586 dolori
3132 4547 3166 4586 a
3192 4527 3538 4585 mulieribus
3567 4525 3780 4584 valetis

2121 4625 2283 4682 nullo
2311 4627 2505 4696 modo;
2541 4626 2692 4684 ﬁlios
2723 4628 2792 4684 de
2829 4627 2992 4685 vobis
3041 4632 3349 4702 generatos
3400 4625 3778 4704 dimitteretis

2120 4714 2325 4771 saltem
2359 4732 2487 4772 esse
2517 4715 2718 4785 laicos,
2755 4715 2904 4773 ﬁlias
2933 4716 3098 4773 laicis
3122 4713 3472 4790 jungeretis,
3501 4719 3565 4771 ut
3589 4714 3680 4771 vel
3711 4713 3778 4772 in

2117 4804 2232 4860 ﬁne
2292 4803 2498 4861 saltem
2554 4808 2746 4862 vestro
2797 4805 3230 4874 terminaretur,
3293 4809 3349 4861 et
3383 4813 3680 4877 nusquam
3712 4805 3779 4864 i‘n

2116 4895 2296 4949 tinem
2328 4892 2525 4950 szseuli
2559 4894 2795 4950 duraret
2825 4894 3178 4951 adulterium
3205 4899 3488 4951 vestrum.
3525 4916 3554 4944 »
3589 4891 3777 4949 Adul-

2115 4982 2327 5036 terium
2359 4981 2455 5038 hic
2499 4999 2733 5055 quoque
2786 4987 2952 5040 vocat
3004 4983 3349 5040 clericorum
3403 4982 3772 5055 conjugium.

2117 5092 2144 5121 ‹‹
2178 5069 2482 5143 Nusquam
2518 5093 2546 5120 »
2579 5088 2712 5128 vero
2745 5095 2772 5123 «
2806 5072 2864 5127 in
2899 5073 3076 5128 ﬁnem
3115 5072 3310 5129 saeculi
3343 5093 3372 5123 »
3405 5073 3620 5127 durare
3667 5081 3774 5160 po-

2117 5166 2330 5224 tuisset
2361 5167 2715 5225 adulterium
2738 5186 2807 5224 ex
2839 5169 3176 5226 memoratis
3233 5168 3549 5242 conjugiis,
3584 5167 3633 5224 si
3662 5163 3772 5224 ﬁlii

2116 5255 2307 5312 clerici
2339 5262 2471 5329 post
2521 5256 2859 5330 conjugium
2914 5257 3264 5314 excidissent
3315 5274 3345 5314 e
3376 5257 3552 5328 clero,
3602 5260 3660 5312 et
3708 5257 3772 5333 in

2093 5338 2398 5401 'laicorum
2429 5345 2679 5419 gradum
2703 5344 3074 5402 transissent.
3103 5347 3237 5404 Ideo
3260 5352 3456 5403 autem
3483 5344 3543 5401 in
3566 5361 3774 5420 perpe-

2113 5437 2284 5490 tuum
2314 5434 2661 5491 duraturum
2696 5433 2966 5502 traditur,
3000 5435 3138 5508 quia
3168 5452 3299 5492 cum
3333 5434 3418 5491 illi
3449 5440 3584 5509 post
3629 5451 3774 5491 con-

2093 5519 2345 5607 jugium
2376 5535 2572 5590 essent
2598 5529 2658 5586 in
2677 5528 2913 5599 clero,et
2924 5533 2995 5589 ad
3022 5531 3290 5592 altiorem
3300 5534 3480 5591 etiam
3500 5531 3770 5612 ordinem

279 5665 284 5670 .
329 5599 658 5662 inirentur.
693 5607 880 5676 Quare
911 5606 971 5665 in
1011 5622 1283 5670 sermone
1329 5609 1400 5668 de
1432 5607 1620 5676 Maria
1665 5617 1723 5672 et
1752 5613 2001 5689 Martha,
2097 5599 2614 5700 .bremoverentur,
2638 5617 2791 5682 ﬁlios
2819 5635 2891 5682 ex
2909 5620 3544 5702 bujusmodicom'ugio
3563 5607 3770 5706 susse;
