4100 6200
328 354 444 420 ῒοῦ

1340 354 1947 423 PROLEGOMENA.
1979 386 2059 404 -
2087 355 2462 421 RATHERII
2508 357 2714 422 VITA.

3619 365 3734 429 106

329 497 460 565 ptes
503 489 661 552 clero
724 488 1079 559 addicerent,
1128 498 1186 550 et
1217 493 1595 550 matrimonio
1641 493 1976 566 jungerent,
2006 490 2062 558 Α
2092 489 2471 548 ecclesiarum
2519 493 2795 549 omnibus
2834 490 3091 549 ecclesiae
3130 491 3378 564 clericis,
3429 497 3532 552 sed
3564 500 3734 570 juxta

329 579 720 653 similiterque
760 582 820 637 in
868 583 1047 640 ﬁnem
1085 581 1284 641 saeculi
1309 586 1604 639 contracta
1629 581 1976 638 clericorum

329 669 622 742 conjugis,
672 671 1030 729 adulterium
1077 677 1426 744 perpetuum
1471 671 1799 730 redderent.
1853 671 1976 727 lIuc

331 758 623 830 pertinent
663 759 766 816 illa
817 761 1081 832 ejusdem
1127 760 1355 818 numeri
1383 778 1396 816 :
1426 784 1452 810 ‹‹
1481 759 1626 817 Cum
1654 760 1973 834 presbyter,

331 851 432 906 aut
453 848 759 916 diaconus,
783 866 1021 908 uxorem
1046 849 1370 923 legitimam
1403 866 1517 906 non
1549 848 1734 921 possit
1764 848 1978 905 habere

331 936 378 991 si
406 935 594 992 ﬁlium
626 937 696 997 de
726 937 861 1010 ipsa
885 937 1284 1006 fornicatione,
1321 937 1431 1008 vel,
1465 938 1620 1010 quod
1666 937 1834 1009 pejus
1864 941 1974 1003 est,

331 1024 617 1090 adulterio
665 1026 953 1099 genitum,
1004 1049 1032 1077 »
1081 1027 1333 1084 subaudi
1382 1049 1410 1077 «
1443 1031 1501 1082 et
1540 1026 1913 1084 matrimonio
1945 1044 1980 1081 a

332 1116 770 1188 patrejunctum
793 1116 932 1173 facit
953 1117 1396 1190 presbyterum;
1429 1113 1524 1171 ille
1554 1115 1805 1172 alterum
1819 1114 1890 1170 de
1915 1131 1978 1170 se

329 1202 602 1264 similiter
647 1204 914 1277 genitum
964 1206 1100 1260 facit
1138 1205 1586 1277 presbyterum;
1635 1203 1734 1262 ille
1763 1204 1976 1260 iterum

328 1309 507 1356 suum
533 1309 742 1361 ;suum
765 1291 913 1351 alter
932 1293 1142 1350 iterum
1172 1312 1185 1361 ;
1213 1293 1510 1365 pullulans
1533 1292 1678 1349 illud
1710 1309 1897 1366 usque
1917 1291 1977 1348 in

327 1381 510 1439 ﬁnem
543 1381 735 1440 taliter
763 1381 1140 1448 adulterium,
1187 1384 1358 1453 cujus
1397 1387 1505 1448 est,
1538 1382 1654 1438 nisi
1684 1381 1847 1438 illius
1877 1380 1981 1452 qui

323 1469 478 1528 illud
489 1471 766 1544 primitus
778 1471 1128 1530 seminavit?
1141 1469 1981 1528 nNotandadistinctio<<lilium

327 1561 400 1620 de
427 1559 834 1626 fornicatione,
882 1561 994 1626 vel,
1027 1561 1183 1633 quod
1217 1561 1388 1632 pejus
1435 1564 1543 1628 est,
1597 1559 1666 1615 de
1691 1558 1982 1615 adulterio

327 1647 833 1722 genitum.Filium
857 1648 927 1705 de
950 1648 1331 1707 fornicatione
1353 1672 1382 1698 ››
1405 1664 1540 1705 eum
1564 1653 1769 1705 auctor
1787 1646 1984 1720 appel-

330 1735 875 1810 let,quemclericus
885 1753 954 1794 ex
966 1737 1152 1795 libera
1163 1737 1641 1810 muliere,[cxxvi]
1656 1753 1759 1794 seu
1773 1752 1984 1793 concu-

329 1825 472 1886 bina
488 1827 879 1929 suscepisset;
908 1850 936 1877 «
961 1827 1033 1929 de
1054 1825 1339 1926 adulterio
1359 1847 1388 1876 »
1411 1831 1607 1882 autem
1621 1840 1979 1929 curm-quem
2011 1862 2060 1929 Β

328 1915 690 1988 suscepisset
701 1932 770 1972 ex
791 1913 1008 1989 illegali
1025 1915 1488 1988 conjugio,quod
1508 1913 1764 1970 Ratberii
1779 1913 1982 1986 lingua

332 2028 363 2057 α
409 2004 766 2062 adulterium
811 2026 842 2056 ››
891 2004 1126 2061 dicitur.
1174 2005 1352 2060 Erant
1394 2004 1574 2076 igitur
1620 2002 1838 2072 clerici,
1877 2002 1979 2075 qui

331 2094 694 2154 concubinas
732 2094 987 2160 alebant,
1037 2099 1205 2150 erant
1233 2093 1332 2150 alii
1363 2093 1464 2166 qui
1496 2110 1723 2150 uxores.
1759 2092 1980 2148 Horum

331 2189 532 2242 autem
554 2183 658 2240 ﬁlii
669 2184 788 2241 fere
817 2199 1022 2240 omnes
1041 2184 1278 2239 erantin
1309 2183 1531 2239 clerum
1554 2181 1813 2254 ascripti,
1837 2181 1979 2236 adeo

331 2278 401 2349 ξι
429 2273 488 2328 in
523 2297 550 2326 «
585 2273 884 2330 ltinerario
910 2296 938 2322 ››
961 2289 1129 2328 num.
1150 2275 1205 2328 5.
1233 2272 1327 2327 vix
1357 2271 1613 2345 aliquem
1665 2269 1978 2344 puerulum

333 2363 394 2419 in
426 2362 582 2421 clero
602 2362 909 2418 inventum
929 2361 999 2417 iri
1025 2361 1296 2428 afﬁrmet,
1331 2361 1431 2435 qui
1459 2383 1487 2412 «
1512 2377 1832 2429 manzeres,
1857 2381 1884 2410 ››
1920 2358 1978 2414 id

330 2456 422 2509 est
451 2469 520 2508 ex
545 2450 945 2518 fornicatione,
972 2455 1074 2508 aut
1102 2450 1389 2508 adulterio
1414 2455 1589 2506 natus
1613 2467 1728 2506 non
1750 2452 1927 2506 esset.
1951 2471 1980 2499 ››

335 2541 397 2597 Si
447 2556 747 2610 manseres
794 2538 1124 2611 abjicerem,
1179 2557 1354 2612 quem
1383 2556 1452 2595 ex
1481 2539 1690 2596 iisdem
1722 2536 1983 2611 puerulis

331 2629 560 2686 starein
575 2628 1178 2700 choropermitterem
1208 2632 1236 2682 ?
1255 2651 1283 2678 ››
1315 2628 1534 2684 Omnes
1562 2628 1704 2682 item
1729 2626 1984 2698 exceptis

333 2716 608 2792 puerulis
641 2717 752 2774 hoc
778 2716 996 2790 illegali
1028 2716 1572 2790 conjugioirretitos
1610 2715 1806 2771 innuit
1835 2713 1983 2771 scri-

335 2807 502 2867 bens.
522 2804 620 2864 »Si
663 2804 1030 2868 multinubos
1051 2823 1084 2860 a
1124 2804 1396 2862 clericatu
1429 2803 1980 2876 repellerem,quem

335 2895 454 2957 nisi
505 2893 782 2967 puerulos
811 2894 872 2952 in
903 2893 1148 2952 ecclesia
1169 2894 1603 2966 relinquerem?
1654 2916 1676 2944 ι
1713 2895 1849 2949 Esto
1881 2909 1984 2966 per

332 2983 714 3058 hyperbolem
737 2988 796 3040 et
817 2984 1322 3058 exaggerationem
1346 2983 1665 3056 scripserit,
1693 3000 1762 3039 ex
1782 2983 1875 3038 his
1895 2988 1983 3039 ta-

336 3089 474 3132 men
523 3072 801 3135 omnibus
845 3071 1044 3145 negari
1075 3089 1190 3129 non
1226 3076 1416 3146 potest
1453 3071 1660 3128 vitium
1691 3071 1983 3144 ejusmodi

338 3163 558 3224 multos
583 3162 701 3222 imo
730 3161 1040 3234 plerosque
1059 3161 1298 3219 clericos
1327 3177 1668 3234 occupasse.

2086 579 2382 650 propriam
2406 580 2764 639 voluntatem
2787 580 2928 640 solis
2940 580 3285 639 diaconibus
3308 587 3366 640 et
3376 586 3735 660 presbyteris

2086 667 2318 736 debent,
2369 687 2496 740 qua:
2547 669 2865 728 Veronensi
2911 670 3167 728 ecclesiae
3210 671 3419 730 collata
3447 681 3608 744 sunt,
3639 692 3734 750 ce-

2086 755 2247 826 dere,
2274 779 2302 807 ››
2323 761 2433 814 etc.
2451 759 2661 815 Confer
2673 759 2848 816 etiam
2864 759 3300 832 Apologeticum
3315 760 3544 836 [unum
3564 772 3734 823 num.

2083 845 2139 896 7.
2170 845 2331 909 Quod
2361 866 2388 898 α
2409 845 2551 902 solis
2581 847 2926 906 diaconibus
2953 852 3010 904 et
3039 849 3444 922 presbyteris»
3476 851 3580 920 ait,
3614 870 3732 912 non

2087 932 2158 988 de
2188 933 2465 992 omnibus
2480 936 2826 994 diaconibus
2849 942 2905 994 et
2916 937 3267 1011 presbyteris
3286 939 3732 1015 intelligendum

2086 1026 2193 1088 est,
2227 1023 2324 1078 sed
2358 1023 2430 1079 de
2462 1024 2807 1096 majoribus,
2841 1043 2990 1098 quos
3015 1029 3302 1084 canonicos
3327 1029 3732 1102 appellamus;

2087 1115 2254 1166 erant
2273 1111 2430 1168 enim
2453 1111 2871 1171 aliiinferiores
2887 1116 3230 1187 presbyteri,
3255 1118 3360 1189 qui
3391 1119 3452 1174 in
3479 1119 3735 1183 Judtcato

2088 1198 2425 1256 indicantur
2470 1218 2776 1274 pauperes,
2829 1207 2887 1258 et
2916 1226 2945 1252 «
2995 1205 3318 1278 presbyteri
3368 1207 3655 1280 capellan‘i
3705 1230 3734 1261 η

2087 1287 2492 1347 nominantur:
2515 1291 2623 1347 hos
2639 1294 2836 1348 autem
2852 1296 2986 1349 ante
3001 1293 3440 1366 presbyteratus
3467 1295 3736 1358 ordinem

2088 1375 2148 1434 in
2176 1378 2488 1436 diaconatu
2518 1379 2861 1452 aliquandiu
2892 1381 3228 1440 constitisse
3256 1382 3404 1440 nihil
3433 1390 3527 1443 est
3556 1387 3736 1444 dubi-

2090 1467 2356 1524 tandum.

2167 1555 2286 1609 100.
2311 1554 2439 1610 Ηωο
2464 1557 2658 1614 minus
2673 1574 2838 1631 aequa
2850 1559 3186 1616 reddituum
3204 1561 3733 1627 ecclesiasticarum

2091 1640 2431 1700 distributio
2445 1643 2694 1701 aliorum
2711 1662 2946 1719 quoque
2957 1647 3390 1724 vitiorumque:
3404 1649 3466 1708 et
3480 1653 3734 1726 majores

2090 1734 2148 1788 et
2178 1731 2481 1790 inferiores
2507 1733 2749 1792 clericos
2774 1735 3132 1806 inﬁciebant,
3155 1754 3395 1800 causam
3417 1743 3738 1814 prabuisse

2091 1820 2344 1876 traditur
2373 1822 2470 1891 (De
2496 1827 2804 1896 contemptu
2831 1841 2981 1894 can.,
3015 1831 3166 1899 part.
3219 1844 3259 1897 ι,
3293 1829 3455 1902 n..4).
3488 1831 3738 1904 Maiores

2090 1907 2246 1965 enim
2297 1909 2486 1979 ditati,
2536 1912 2763 1969 facilius
2809 1919 3014 1970 contra
3067 1913 3408 1990 episcopum
3467 1912 3739 1992 poterant

2091 1996 2396 2068 rebellare,
2443 2004 2499 2056 et
2551 2001 2630 2057 ita
2678 2002 2970 2059 dominari
3007 2002 3404 2074 inferioribus,
3449 2011 3516 2064 ut
3543 2025 3644 2066 eos
3675 2010 3736 2067 in

2090 2102 2230 2145 suas
2281 2093 2499 2161 partes,
2545 2107 2683 2146 cum
2731 2091 2963 2162 vellent,
3006 2093 3184 2150 etiam
3235 2112 3338 2168 per
3385 2101 3735 2170 potestatem

2089 2173 2294 2232 laicam
2320 2178 2686 2250 compellere,
2717 2184 2777 2236 et
2806 2181 3307 2254 adjusjurandum
3322 2184 3619 2244 fidelitatis
3637 2187 3737 2246 alii

2089 2265 2382 2338 episcopo,
2439 2283 2612 2339 quem
2669 2268 3469 2344 attraxissent,prastandum
3499 2268 3736 2349 cogere,

2091 2358 2145 2409 et
2171 2354 2220 2410 si
2253 2371 2367 2410 non
2399 2355 2720 2425 obedirent,
2753 2359 2824 2415 de
2853 2358 3100 2415 ecclesia
3147 2361 3323 2417 etiam
3362 2359 3572 2434 ejicere
3601 2381 3737 2438 pos-

2091 2448 2240 2499 sent.
2294 2445 2602 2502 Inferiores
2650 2451 2848 2503 autem
2887 2463 3023 2503 cum
3074 2465 3190 2506 non
3235 2447 3538 2520 haberent,
3583 2455 3739 2510 unde

2093 2549 2347 2604 congrue
2374 2533 2651 2600 viverent,
2684 2540 2742 2592 et
2757 2533 3309 2609 studiisefﬁciisque
3329 2537 3739 2598 ecclesiasticis

2091 2625 2382 2689 vacarent,
2418 2621 2538 2678 haec
2569 2623 2836 2679 deserere
2880 2622 2967 2679 vel
3001 2623 3296 2699 negligere
3324 2642 3440 2684 non
3466 2629 3742 2686 vereban-

2093 2714 2216 2776 tur;
2251 2726 2318 2765 cx
2347 2726 2464 2782 quo
2495 2711 2661 2768 initia
2684 2712 3426 2786 detegunturetcausaacur
3443 2717 3739 2777 minorum

2093 2798 2365 2857 ordinum
2445 2800 2634 2856 ofﬁcia
2698 2800 3012 2869 declinare,
3070 2819 3138 2859 ac
3209 2803 3430 2863 sensim
3491 2807 3740 2866 deiicere

2093 2889 2388 2962 cceperint.
2450 2889 2653 2946 Tantis
2717 2890 2894 2947 malis
2941 2897 3007 2948 ut
3063 2893 3388 2950 remedium
3457 2897 3742 2968 praeberet

2093 2979 2743 3052 episcopus,aequiorem
2775 2981 3110 3038 reddituum
3129 2981 3608 3042 distributionem
3642 2986 3740 3043 inc

2093 3068 2421 3124 ducendam
2445 3068 2708 3125 credidit.
2735 3069 2796 3126 Id
2818 3086 2938 3126 sua:
2960 3071 3266 3143 potestatis
3287 3087 3417 3130 esse
3428 3076 3742 3132 contende-

2092 3159 2193 3214 bat
2235 3173 2308 3214 .ex
2350 3158 2532 3215 sacris
2575 3159 2920 3227 canonibus,
2949 3176 3102 3232 quos
3154 3161 3214 3217 in
3269 3161 3421 3223 hanc
3452 3179 3574 3219 rem
3604 3169 3740 3221 ante

408 3252 499 3308 99.
525 3250 870 3308 Inferiorum
893 3251 1680 3308 clericorumexcusationem
1705 3254 1985 3324 «propter
2011 3227 2056 3296 Cn
2095 3264 2264 3302 suam
2310 3248 2628 3303 secundum
2678 3248 3079 3320 expulsionem
3127 3251 3420 3308 memoria
3462 3252 3738 3324 juvandrs

335 3341 599 3414 inopiam
627 3363 654 3390 »
702 3340 880 3414 paulo
910 3345 1046 3398 ante
1070 3339 1480 3397 indicavimus.
1507 3339 1672 3395 Alius
1701 3339 1983 3394 nimirum

335 3431 564 3494 abusus
593 3429 936 3496 increverat,
962 3445 1080 3502 quo
1109 3445 1243 3485 cum
1275 3429 1528 3500 majores
1556 3427 1750 3484 clerici
1781 3443 1987 3484 omnes

337 3521 460 3578 fere
485 3518 746 3577 ecclesiis
780 3517 1043 3575 redditus
1073 3517 1185 3575 sibi
1224 3517 1643 3587 vindicassent,
1683 3516 1988 3573 inferiores

339 3609 601 3665 maxima
627 3612 882 3681 egestate
913 3608 1347 3680 premebantur.
1376 3630 1404 3658 «
1430 3607 1622 3662 Causa
1641 3628 1669 3656 »
1695 3606 1752 3660 id
1781 3609 1990 3673 est,res

339 3704 398 3756 et
423 3699 577 3756 bona
603 3721 631 3748 «
662 3697 897 3754 illorum
925 3720 951 3747 ››
973 3695 1318 3753 clericorum
1349 3695 1606 3752 ecclesiae
1637 3692 1991 3750 cathedralis

342 3809 376 3838 ιι
405 3804 539 3844 cum
570 3787 686 3843 Deo
706 3787 894 3860 gratia
924 3803 1041 3842 non
1066 3783 1378 3841 mediocris
1407 3783 1593 3849 sit,ita
1635 3799 1738 3856 per
1767 3798 1991 3837 massa-

339 3876 510 3934 ritias
538 3879 595 3932 et
623 3875 739 3931 alia
769 3873 1149 3944 husjusmodi
1183 3876 1372 3929 exstat
1417 3870 1623 3937 divisa,
1659 3873 1724 3924 ut
1753 3868 1995 3940 quidam

338 3965 581 4026 illorum
629 3963 764 4021 inde
811 3965 1119 4031 ditescant,
1151 3960 1468 4018 multitudo
1493 3978 1626 4016 vero
1653 3961 1998 4032 paupertate

348 4054 731 4127 languescat;
765 4057 822 4110 et
860 4051 1028 4125 (proh
1061 4051 1287 4122 nefas!)
1313 4050 1414 4122 qui
1447 4049 1642 4121 majus
1673 4049 1788 4104 Deo
1815 4047 1874 4102 in
1903 4063 1995 4102 ec-

348 4143 531 4201 clesia
548 4142 824 4198 exhibent
841 4139 1279 4208 servitium,aut
1299 4137 1465 4206 nihil,
1483 4143 1583 4194 aut
1599 4136 1896 4194 modicum
1910 4152 1999 4192 ac-

2095 3351 2275 3392 causa
2301 3335 2633 3408 collegerat.
2657 3337 2855 3409 Neque
2882 3354 3016 3394 vero
3047 3354 3214 3396 mens
3245 3340 3373 3412 ejus
3400 3345 3528 3398 erat
3543 3341 3741 3399 cathe-

2097 3424 2279 3480 dralis
2308 3424 2562 3480 ecclesiae
2592 3425 2765 3481 bonis
2793 3422 3119 3498 quidquam
3141 3428 3468 3501 decerpere,
3494 3429 3744 3502 aliisque

2096 3512 2391 3569 vindicare
2407 3530 2420 3580 ;
2436 3513 2537 3568 sed
2551 3513 2608 3568 id
2625 3530 2808 3568 unum
2825 3513 3306 3586 prospiciebat,ut
3334 3533 3463 3588 quas
3476 3518 3744 3588 ejusdem

2100 3600 2355 3657 ecclesia:
2397 3601 2550 3655 clero
2595 3601 2916 3672 generatim
2965 3602 3199 3656 fuerant
3245 3601 3474 3672 collata,
3508 3603 3746 3675 mquiori

2101 3689 2414 3764 partitione
2457 3688 2800 3759 congruenti
2849 3688 3116 3745 omnium
3155 3692 3443 3764 cujusque
3471 3693 3746 3751 ordinum

2103 3778 2444 3835 clericorum
2473 3777 2884 3834 sustentationi
2905 3779 3259 3849 sufﬁcerent,
3275 3798 3348 3838 ne
3367 3781 3603 3839 divinus
3633 3782 3750 3840 culo

2104 3872 2200 3924 tus
2232 3873 2290 3924 et
2318 3884 2486 3924 sacra
2513 3866 2705 3922 ofﬁcia
2735 3867 3150 3926 detrimentum
3171 3875 3530 3944 caperent,et
3555 3871 3653 3928 alii
3675 3875 3748 3930 ob

2107 3958 2348 4014 nimiam
2381 3973 2576 4013 rerum
2607 3955 3031 4014 abundantiam
3057 3963 3232 4032 atque
3253 3962 3575 4034 potentiam
3598 3962 3754 4020 inse.

2106 4047 2412 4110 lescerent,
2446 4045 2545 4102 alii
2571 4047 2646 4102 ob
2676 4046 2882 4119 inopiae
2904 4049 3306 4106 causationem
3338 4051 3752 4110 mulierositati

2110 4137 2430 4201 studerent,
2477 4152 2799 4208 omnesque
2842 4137 2898 4191 in
2927 4137 3140 4194 diversi
3173 4140 3404 4212 generis
3433 4141 3574 4198 vitia
3604 4140 3755 4198 dila-

351 4228 1050 4306 cipiunt;quipenenihil
1069 4230 1141 4285 de
1165 4226 1449 4284 famulitio
1463 4243 1724 4299 unquam
1756 4224 2003 4282 actitant
2110 4227 2406 4281 berentur.
2439 4225 2596 4282 Nihil
2621 4225 2862 4296 justius,
2896 4231 2954 4281 et
2983 4227 3166 4284 sacris
3207 4229 3532 4285 canonibus
3564 4229 3754 4301 magis

348 4300 609 4390 homini,
632 4300 949 4392 locupletes
997 4318 1070 4374 de
1120 4318 1297 4374 rebus
1337 4315 1746 4372 ecclesiasticis
1775 4314 1937 4368 ﬁant.
1973 4333 2002 4362 »
2112 4332 2457 4371 consonum.
2490 4314 2636 4369 Huic
2653 4319 2850 4370 tamen
2873 4315 3200 4371 auctoritati
3223 4321 3279 4371 et
3297 4317 3556 4387 aequitati
3576 4300 3756 4371 Vero-

350 4410 438 4468 Ita
468 4410 529 4466 in
560 4408 840 4468 Discordia
870 4423 1034 4463 num.
1058 4408 1112 4462 6.
1134 4427 1161 4456 «
1183 4406 1292 4462 Per
1316 4403 1680 4460 massaritias
1703 4425 1730 4453 ››
1749 4402 2005 4458 dividere
2116 4420 2329 4460 nenses
2359 4401 2554 4457 clerici
2605 4402 3066 4474 haudquaquam
3116 4402 3539 4474 acquiscentes,
3568 4401 3756 4458 solam

350 4499 512 4558 idem
560 4503 669 4565 est,
721 4513 787 4553 ac
831 4513 932 4568 per
983 4511 1203 4567 campos
1230 4498 1281 4550 et
1327 4510 1510 4549 vineas
1539 4491 1813 4558 dividere,
1848 4491 2005 4562 quod
2115 4491 2208 4545 cui
2232 4490 2656 4556 innitebantur,
2681 4490 3174 4561 praedecessorum
3197 4493 3762 4546 suorumconsuetu-

353 4587 812 4660 inaequalitatem
836 4583 1005 4642 facile
1039 4583 1266 4641 induxit
1307 4584 1391 4655 (V.
1421 4587 1538 4637 not.
1563 4583 1617 4645 7,
1651 4580 1708 4634 in
1740 4579 2005 4651 Discord.)
2037 4596 2086 4664 Ι)
2120 4579 2320 4635 dinem
2337 4575 3762 4650 opponchant,eamquecuiquemquitati,quibus-

355 4675 720 4734 Potentiores
733 4673 890 4731 enim
907 4679 964 4730 et
977 4675 1228 4745 majores
1243 4670 1435 4727 clerici
1451 4669 1646 4743 plores
1657 4685 1722 4724 ac
1740 4667 2010 4726 meliores
2120 4684 2231 4740 que
2245 4665 2567 4721 canonibus
2585 4665 3016 4722 anteferendam
3039 4665 3419 4738 putabant.Et
3432 4683 3548 4723 non
3570 4667 3762 4724 solum

357 4781 604 4838 campos
627 4764 741 4822 sibi
763 4762 1294 4826 vindicaverant,ex
1322 4759 1538 4832 quibus
1567 4758 2011 4830 prebendarum
2123 4758 2376 4828 majores
2407 4753 2600 4810 clerici
2634 4754 2861 4821 divites,
2892 4771 3093 4810 verum
3127 4753 3301 4810 etiam
3332 4756 3513 4828 (quod
3547 4756 3763 4814 mirum

359 4853 743 4927 pinguiorum
775 4852 938 4925 origo
987 4850 1373 4924 dignoscitur.
1410 4847 1691 4904 Similiter
1719 4845 1778 4902 in
1809 4846 2011 4902 eodem
2123 4846 2362 4917 accidet)
2394 4843 2696 4900 inferiores
2727 4859 3013 4918 pauperes
3041 4843 3474 4916 congruentiori
3505 4845 3590 4901 illi
3619 4845 3766 4916 divi-

362 4958 538 5016 Opere
582 4958 745 5000 num.
789 4943 843 4996 2.
893 4938 1274 5012 conqueritur
1311 4956 1322 4993 :
1385 4961 1412 4987 ‹‹
1459 4937 1619 5001 Quod
1668 4933 2016 5009 generaliter

365 5029 643 5090 omnibus
665 5032 752 5086 est
764 5027 989 5086 clericis
1003 5026 1334 5100 delegatum
1345 5025 1445 5093 ,ita
1466 5023 1829 5096 inaequaliter
1845 5027 1901 5078 et
1912 5039 2016 5094 per

367 5117 739 5178 mearitias
769 5117 1070 5182 dividitur,
1104 5121 1169 5171 ut
1197 5115 1437 5186 quidam
1460 5113 1694 5170 illorum
1716 5113 1850 5168 inde
1872 5113 2016 5167 fiant

367 5203 1324 5280 anuper-rimislocupletissimi,
1357 5203 1598 5275 quidam
1628 5201 2016 5269 mediocriter,

369 5293 622 5370 quidam
653 5293 802 5351 nihil
837 5310 907 5350 ex
951 5310 1019 5350 eo
1051 5292 1342 5365 accipiant
1367 5291 1606 5348 omnino
1633 5307 1735 5362 per
1763 5306 1938 5346 usum
1963 5292 2022 5344 et

367 5383 880 5452 consuetudinem,
907 5404 936 5433 ››
961 5399 1080 5455 qua
1107 5398 1177 5438 ea
1208 5380 1416 5437 divisio
1448 5378 2021 5453 propugnabatur.Et

369 5465 524 5547 part.
579 5473 606 5529 1
658 5471 735 5531 De
772 5475 1084 5542 contemptu
1128 5487 1420 5538 canonum,
1478 5485 1642 5526 num.
1684 5469 1716 5522 4
1762 5485 1775 5523 :
1823 5490 1851 5518 »
1905 5465 2023 5540 Ipsi

605 5559 910 5622 dividunt:
935 5559 1098 5618 inter
1140 5577 1226 5628 se,
1274 5563 1447 5632 prout
1503 5557 1751 5632 quilibet
1816 5572 2022 5612 eorum

366 5649 673 5736 Mr
689 5651 882 5714 estet
901 5656 1024 5709 non
1059 5649 1236 5722 juxta
1261 5647 1745 5722 consuetudinem
1774 5645 2024 5708 aliarum

692 5776 966 5858 Panos.
1007 5774 1318 5861 CXXXVI.

2123 4935 2272 4991 sioni
2289 4933 2558 4990 reddituu
2570 4933 3033 5004 m,quae[cxxvm]
3049 4932 3158 4989 sibi
3174 4933 3767 5005 profuisset.maxime

2123 5023 2488 5081 obsistebant
2519 5022 2750 5077 duabus
2779 5021 2850 5076 de
2880 5021 3217 5093 causis(lbi.
3253 5039 3312 5077 n.
3336 5024 3387 5090 4,
3413 5027 3471 5077 et
3486 5023 3771 5080 Discordia

2126 5132 2182 5169 n.
2215 5115 2267 5168 6.
2298 5131 2310 5168 :
2346 5111 2560 5184 prima,
2593 5116 2656 5164 ut
2704 5110 3064 5184 paupertatis
3110 5111 3416 5166 occasione
3447 5128 3509 5168 se
3537 5111 3770 5169 facilius

2128 5205 2367 5276 possent
2397 5218 2430 5256 a
2460 5199 2652 5255 divino
2676 5198 2906 5255 servitio
2929 5200 3254 5256 subducere
3275 5217 3287 5269 ;
3305 5198 3506 5270 altera,
3532 5201 3686 5274 quod
3710 5217 3773 5258 se

2129 5291 2379 5364 quisque
2392 5291 2653 5361 speraret
2664 5286 3392 5360 tandiuvicturum,quoad
3407 5289 3465 5344 in
3481 5289 3772 5362 majorum

2130 5378 2472 5437 obeuntium
2505 5376 2752 5450 gradum
2781 5375 3098 5448 aliquando
3127 5377 3575 5435 ascenderetJta
3603 5395 3775 5451 porro

2130 5469 2404 5526 omnibus
2427 5465 2825 5522 obnitentibus
2846 5465 3116 5539 epiSCOpo
3141 5465 3287 5522 nihil
3310 5467 3656 5541 episcopalis
3680 5484 3779 5542 po-

2131 5558 2359 5616 testatis
2388 5556 2501 5612 sibi
2549 5553 2816 5610 relictum
2848 5555 3115 5627 queritur
3133 5577 3166 5607 «
3195 5549 3402 5629 praeter
3441 5555 3780 5614 chrismatis

2133 5645 2578 5718 confectionem,
2609 5646 2668 5704 et
2713 5641 3078 5704 ohrismandi
3123 5643 3410 5724 quidlibet
3431 5649 3780 5722 potestatem

3423 5773 3468 5860 ι
