4100 6200
399 268 519 339 H3

395 517 469 559 ne
501 501 648 558 forte
679 504 730 560 si
762 505 1331 581 Miloepiscopatum,
1358 514 1438 568 uti
1464 516 2042 587 putabat,evinceret,

392 606 522 648 eam
551 595 766 648 terram
791 600 1094 666 repeteret,
1127 603 1184 654 et
1211 598 1271 655 in
1293 603 1397 672 jus
1428 603 1683 660 ecclesiae
1731 611 2041 663 revocaret.

392 681 535 736 Cum
566 680 897 750 Ratherius,
927 702 1285 760 quaecunque
1316 691 1555 747 Sikerus
1604 694 1860 762 dederat,
1896 697 2042 752 ami-

391 769 536 825 citiae
568 772 1317 848 causacollataaccepisset,
1338 780 1446 835 hoc
1460 783 1663 837 audaci
1699 782 1882 840 Sikeri
1907 785 2040 842 nisu

389 858 634 927 detecto,
671 861 936 936 paenituit
966 881 1026 919 se
1057 864 1140 920 illi
1171 871 1385 923 terram
1401 870 2040 945 dedisse.lmperatoris

385 963 520 1004 vero
533 947 791 1020 diploma
804 952 1104 1020 reveritus,
1123 954 1348 1012 nullam
1363 959 1433 1013 de
1459 965 1650 1016 castro
1671 962 2036 1033 questionem

387 1052 628 1093 movens
667 1037 924 1110 diploma
964 1043 1264 1112 reveritus,
1319 1045 1482 1102 nulla
1511 1049 1582 1104 de
1621 1054 1811 1107 castro
1843 1069 2035 1124 quaes-

384 1125 602 1182 tionem
621 1143 859 1184 movens
877 1132 1452 1207 respondit[cxxxv1]:
1467 1138 1798 1196 «Sufﬁceret
1811 1141 1864 1196 ei
1879 1143 2035 1214 quod

381 1214 510 1286 ipse
535 1215 770 1271 dederat
803 1223 1084 1276 castrum.
1110 1244 1139 1270 ››
1163 1222 1264 1278 Illo
1291 1229 1486 1280 autem
1520 1228 1849 1285 affirmante
1875 1246 1937 1286 se
1981 1235 2037 1286 et

377 1306 600 1360 terram
626 1303 772 1360 velle
796 1309 995 1363 tenere
1016 1310 1152 1381 jure
1183 1327 1309 1380 suo,
1343 1317 1400 1369 et
1430 1320 1710 1384 castrum,
1745 1318 1901 1388 quod
1935 1336 2037 1390 per

378 1415 408 1442 ‹‹
444 1393 601 1448 donu
612 1410 668 1447 In
679 1416 706 1442 ››
719 1397 1097 1467 Imperatoris
1110 1400 1182 1454 ad
1199 1416 1260 1456 se
1274 1404 1605 1473 pervenisse
1619 1405 2032 1462 mentiebatur.

375 1479 724 1553 indignatus
754 1483 1062 1557 episcopus
1091 1505 1218 1544 eam
1247 1489 1359 1561 ipsi
1392 1495 1608 1547 terram
1629 1493 1889 1549 abstulit.

373 1571 403 1640 §
431 1569 596 1647 XVll.
625 1600 695 1647 —_-
722 1572 975 1628 Ratheriz'
999 1580 1124 1630 acta
1152 1579 1292 1631 armi
1317 1578 1441 1634 966.
1481 1580 1681 1636 Scribit
1723 1582 2032 1647 Qualitatis

445 1642 869 1717 conjucturam.
903 1647 969 1700 In
994 1647 1218 1703 abbatia
1229 1650 1543 1717 Maguzam',
1570 1642 1812 1709 submoto
1841 1655 2034 1711 abbate

444 1713 1137 1796 ηιαιθριοναιρηὺιδῑίια-ίιι
1170 1713 1410 1796 clericos.
1471 1713 1537 1778 ιη’
1563 1725 2030 1796 _Quadragesima

1404 284 2016 358 PROLEGOMENA.
2049 323 2130 344 -
2159 291 2542 369 RATHERII
2585 298 2792 373 νιτΑ.

396 411 572 504 terra,
606 411 780 470 sicuti
809 413 1430 494 imperialidiplomate
1447 425 1517 480 de
1537 426 1775 484 castello
1796 434 2042 500 caverat,
2075 430 2128 499 Α
2160 431 2337 504 tibus,
2371 455 2476 495 nec
2501 439 2519 495 i

3690 318 3810 388 1M

2524 458 2630 514 psa
2659 442 2811 501 bona
2840 449 2897 502 et
2925 442 3098 506 laude
3129 447 3309 526 digna
3328 468 3431 527 per
3449 469 3812 531 se,perversa

2153 523 2630 598 interpretatione
2657 531 3160 607 distorquentibus
3191 523 3251 596 in
3283 523 3664 612 mslum,tota
3683 547 3806 606 haec

2154 615 2273 668 cavi
2283 614 2555 674 llatorum
2577 636 2820 679 censura
2845 624 3076 698 insigne
3095 631 3351 688 auctoris
3374 637 3707 692 encomium
3729 639 3809 693 vi-

2153 702 2530 798 debitur,quo
2550 716 2957 770 accusatorum
2976 716 3312 790 malignitas
3331 723 3474 778 satis
3497 725 3804 798 detegitur.

2150 790 2501 864 Episcopum
2533 798 2688 854 enim
2720 800 2950 858 exhibet
2979 821 3014 859 a
3044 807 3337 877 superbia,
3389 826 3424 864 a
3467 790 3714 881 deliciis,
3774 833 3810 871 a

2146 891 2490 947 muneribus
2523 893 2798 965 alienum,
2833 904 3292 973 contemptorem
3324 905 3800 980 divitiarum,hu-

2148 977 2368 1045 milem,
2394 997 2731 1054 pauperem,
2764 987 3154 1059 paenitentem,
3181 992 3282 1064 qui
3305 994 3565 1051 vestibus
3587 977 3807 1054 incom-

2145 1066 2262 1158 ptis
2285 1071 2342 1122 et
2363 1070 2605 1127 minime
2626 1073 3154 1150 pretiosis,aliaque
3175 1083 3453 1138 mediocri
3477 1085 3805 1158 supellecti-

2145 1151 2182 1208 li
2209 1156 2480 1212 utebatur
2502 1176 2515 1212 :
2537 1160 3044 1234 quioccupabatur
3060 1151 3723 1238 servilibus,dorrniebat
3744 1176 3801 1231 in

2145 1267 2405 1319 scamno,
2431 1259 2531 1310 aut
2555 1255 2836 1314 libentius
2868 1258 3070 1329 humi;
3107 1264 3208 1334 qui
3260 1265 3487 1339 frugem
3535 1277 3800 1329 mensam

2145 1341 2387 1430 parabat
2415 1347 2472 1398 et
2501 1345 2570 1398 ad
2603 1361 2731 1401 eam
2759 1363 3045 1420 pauperes
3067 1351 3380 1409 adhibebat
3403 1373 3416 1423 ;
3442 1373 3593 1430 saepe
3614 1361 3796 1416 absti-

2145 1428 2320 1484 nebat
2347 1447 2380 1484 a
2410 1433 2685 1490 carnibus
2713 1439 2769 1491 et
2809 1436 2928 1493 fere
2959 1455 2994 1495 a
3048 1440 3204 1508 vino,
3265 1443 3421 1500 unde
3477 1428 3801 1505 abstemius

2143 1519 2493 1610 vocabatur;
2519 1523 2619 1593 qui
2633 1523 2944 1594 jejunabat
2967 1532 3023 1583 et
3044 1531 3441 1600 paenitentiam
3466 1535 3675 1610 agebat
3695 1555 3799 1610 pro

2144 1603 2314 1696 aliis;
2350 1624 2464 1663 non
2498 1611 2815 1681 quaerebat,
2849 1614 2968 1669 imo
2998 1616 3398 1676 detestabatur
3419 1603 3801 1696 gloriammec

2143 1695 2389 1784 curabat
2421 1697 2468 1751 si
2498 1699 2750 1771 quisque
2801 1701 2870 1757 de
2901 1720 2963 1758 se
3021 1695 3469 1780 obloqueretur;
3529 1712 3672 1782 quin
3722 1715 3798 1784 (7)

442 1784 707 1871 symgum
731 1787 991 1871 96131,,th
1025 1791 1475 1871 {,‘t‘gypodicam-
1511 1782 1660 1871 είίίῖ,Δ
1702 1782 2032 1871 opugcujum
2061 1798 2110 1864 Β
2140 1782 2508 1841 oblocutores
2539 1790 2595 1842 et
2623 1788 3015 1848 conviciantes
3048 1795 3400 1868 quandoque
3421 1799 3677 1871 praemiis
3697 1782 3796 1857 doi

443 1853 682 1927 ejusdem
709 1856 776 1911 de
802 1856 998 1930 Nupta
1033 1853 1254 1916 illicito.
1291 1863 1595 1918 Romanum
1638 1853 1755 1920 iter‘
1796 1853 2028 1923 medita-

446 1931 557 1993 tur,
589 1935 640 1982 et
665 1943 782 1983 cur.
818 1927 1189 1986 Itinerarium
1221 1934 1457 2007 evulgat.

445 2013 566 2070 109.
599 2015 743 2071 Cum
777 2015 1033 2073 Ratherii
1065 2017 1266 2076 hostes
1283 2021 1708 2080 intellexissent
1728 2041 1860 2081 eum
1876 2025 2029 2083 nolle

368 2101 770 2176 episcopatum
802 2104 1001 2162 Miloni
1033 2109 1259 2177 cedere,
1293 2110 1407 2167 nisi
1449 2111 1818 2184 imperatoris
1877 2132 2026 2187 prai-

367 2196 533 2264 cepto
554 2197 875 2265 cogeretur,
892 2211 1084 2250 mores
1098 2200 1154 2252 et
1174 2197 1354 2253 vitam
1371 2200 1501 2272 ejus
1523 2201 2021 2270 multiscensuris,

365 2297 469 2336 seu
498 2281 694 2353 potius
726 2280 1194 2341 cavillationibus
1253 2292 1551 2358 cmperunt
1610 2289 2019 2363 perstringere,

360 2369 582 2442 quibus
594 2368 1088 2443 adimperatorem
1104 2373 1334 2446 delatis,
1351 2376 1652 2449 imperiale
1666 2383 2020 2452 praeceptum

361 2459 519 2532 quod
543 2458 887 2532 expetebant
915 2460 1239 2518 eliceretur.
1270 2464 1389 2521 Hoc
1419 2471 1616 2521 autem
1645 2467 1921 2523 molimen
1954 2474 2020 2524 ut

358 2546 670 2620 episcopus
700 2547 953 2619 elideret,
1008 2551 1242 2608 easdem
1300 2553 1699 2611 cavillationes
1753 2556 2015 2627 ipsorum

359 2637 830 2694 adversariorum
863 2639 1098 2695 nomine
1111 2657 1177 2696 ac
1197 2641 1389 2698 verbis
1402 2643 1632 2714 publice
1644 2647 2015 2716 exponendas

359 2720 530 2782 duxit
557 2726 618 2782 in
650 2726 953 2800 epusculo,
971 2730 1125 2801 quod
1143 2729 1476 2803 inscripsit:
1509 2754 1537 2780 ‹‹
1557 2731 1866 2798 Qualitatis
1883 2751 2014 2790 con-

347 2809 582 2886 jectura
648 2815 981 2886 cujusdam.
1043 2838 1070 2865 »
1137 2817 1458 2875 Censorum
1525 2836 1766 2876 suorum
1839 2821 2009 2877 mali-

345 2903 644 2978 "gnitatem
676 2903 968 2976 explicans
991 2904 1048 2959 in
1069 2906 1406 2978 Apologetz'co
1428 2911 1650 2964 num.4.
1685 2932 1712 2960 «
1737 2909 2004 2980 Quidam,

358 2991 575 3063 inquit,
612 2992 729 3048 sive
758 2993 998 3063 putatis,
1031 2994 1150 3049 sive
1182 3012 1215 3050 a
1244 3012 1306 3051 se
1363 2998 1552 3070 magis
1603 2999 1867 3054 confictis
1914 3015 2007 3056 me

347 3079 620 3152 jaculant
647 3080 1016 3136 criminibus.
1046 3081 1295 3147 Quidam
1325 3085 1499 3154 bona,
1534 3087 1584 3141 si
1644 3103 1760 3158 qua
1807 3085 2007 3143 videor

2144 1879 2322 1935 nabat
2351 1898 2362 1936 :
2392 1883 2490 1954 qui
2523 1884 2645 1942 zelo
2672 1886 2995 1958 disciplinae
3014 1891 3490 1962 abripiebaturin
3516 1897 3796 1956 acriorem

2139 1967 2656 2038 reprehensionem
2688 1975 2975 2041 omnium,
3009 1993 3114 2032 nec
3163 1977 3278 2035 sibi
3329 1980 3442 2054 ipsi
3499 1986 3792 2056 parcebat,

2137 2055 2238 2110 sed
2271 2073 2377 2112 sua
2409 2075 2639 2131 quoque
2653 2061 2900 2117 crimina
2922 2063 3116 2136 palam
3139 2067 3542 2142 confitebatur,
3570 2075 3628 2130 et
3648 2055 3795 2132 non-

2135 2169 2438 2226 nunquam
2468 2156 2666 2224 etiam,
2700 2163 2765 2214 ut
2806 2158 3132 2231 innuimus,
3182 2167 3452 2238 augebat,
3481 2185 3792 2252 exaggera-

2131 2241 2347 2330 batque
2372 2262 2384 2308 ;
2420 2244 2520 2316 qui
2555 2246 2788 2304 nolebat
2812 2249 3149 2308 ministrum
3179 2253 3269 2308 vel
3293 2241 3662 2330 capellanuni
3686 2259 3789 2316 ha-

2129 2329 2286 2397 bere,
2317 2348 2434 2388 non
2465 2334 2662 2390 adibat
2688 2353 2882 2409 regem
2907 2343 3006 2393 aut
3048 2346 3374 2414 magnetes,
3409 2361 3514 2400 nec
3546 2347 3616 2403 ab
3642 2349 3786 2420 ipsis

2129 2419 2451 2492 quidquam
2481 2421 2853 2493 postulabat;
2888 2426 2986 2496 qui
3029 2443 3250 2498 pronus
3305 2434 3432 2485 erat
3462 2434 3532 2487 ad
3587 2419 3785 2491 sacras

2124 2513 2398 2572 basilicas
2429 2519 2871 2586 struendas,aut
2909 2524 3326 2594 restruendas;
3362 2525 3506 2584 nihil
3537 2545 3568 2582 e
3609 2529 3784 2587 rebus

2126 2601 2377 2658 ecclesiae
2410 2605 2467 2659 in
2500 2607 2965 2679 consanguineos
2995 2609 3223 2667 volebat
3261 2614 3560 2685 conferre;
3624 2621 3780 2676 totus

2123 2695 2247 2746 erat
2276 2691 2335 2746 in
2367 2691 2551 2761 libris,
2587 2694 2974 2769 frequentiam
3007 2699 3224 2768 oderat,
3251 2702 3487 2758 amabat
3509 2705 3776 2763 solitudi-

2121 2795 2254 2835 nem
2281 2799 2348 2851 ;a
2371 2780 2960 2850 ludis,vcnationibus
2983 2791 3040 2842 et
3060 2775 3354 2858 similibus
3375 2791 3772 2851 oblectamen-

2119 2877 2192 2932 tis
2223 2878 2572 2937 abhorrebat
2601 2881 2730 2938 Haec
2760 2888 2816 2939 et
2845 2882 2959 2940 alia
2981 2883 3160 2958 hujus
3179 2880 3408 2958 generis
3433 2906 3547 2946 non
3561 2907 3769 2964 pauca,

2115 2964 2222 3020 etsi
2255 2967 2507 3024 maxime
2536 2971 3028 3028 commendabilia
3057 2973 3196 3042 sint,
3229 2993 3261 3048 a
3283 2993 3521 3034 censore
3547 2977 3766 3037 tamen

2115 3051 2174 3107 in
2199 3055 2667 3126 reprehensionis
2687 3065 3098 3132 argumentum
3121 3079 3188 3118 ac
3209 3064 3463 3136 speciem
3502 3070 3768 3139 proposi-

345 3141 549 3241 agere,
583 3167 839 3225 sinistris
867 3169 1444 3244 interpretationibus
1475 3141 1590 3230 non
1621 3141 2006 3232 desinuntin-
2037 3162 2082 3230 (ἶ
2122 3145 2180 3198 tu
2202 3159 2259 3244 Ψ
2282 3141 2518 3244 “Edim
2539 3149 3767 3244 ΟΡθΓθΡὟῙθΓωωΓ·Ῑυδθῃωτθρωοὼυω

354 3257 607 3314 fuscare.
644 3280 672 3308 ››
707 3257 854 3314 Cum
884 3276 1056 3332 porro
1087 3259 1242 3316 idem
1274 3262 1535 3334 seipsum
1567 3282 1683 3320 non
1714 3269 2011 3322 vereretur

355 3346 804 3419 reprehendere,
839 3351 897 3404 et
926 3365 1034 3404 sua
1064 3366 1296 3421 quoque
1325 3351 1542 3407 leviora
1566 3353 1778 3410 delicta
1799 3371 2011 3428 augere

353 3441 411 3491 et
439 3451 788 3509 exaggerare
834 3436 1066 3510 soleret,
1100 3442 1166 3492 ut
1195 3439 1254 3493 in
1312 3439 1577 3495 libellum
1637 3443 2012 3514 Confessz’mzis

352 3524 794 3581 observavimus
828 3544 841 3594 ;
876 3525 956 3580 nil
989 3527 1205 3582 mirum
1239 3527 1289 3583 si
1319 3529 1378 3583 in
1402 3530 2013 3602 Qualitatisconjectura

353 3618 766 3669 accusatorum
797 3615 1086 3687 ejusmodi
1113 3615 1367 3673 indolem
1401 3623 1657 3674 secutus.
1683 3623 1747 3673 ut
1801 3619 2011 3674 iisdem

355 3702 664 3758 materiam
677 3703 956 3775 praeberet
968 3720 1371 3775 censurarum,
1387 3706 1447 3761 in
1471 3723 1646 3762 censu
1657 3707 1762 3762 risi
1770 3723 2011 3779 psorum

271 3782 276 3785 “
350 3791 596 3848 nomine
627 3793 916 3863 expressis
948 3815 976 3844 «
1005 3810 1143 3849 vera
1172 3794 1355 3861 falsis,
1412 3795 1732 3867 opinabilia
1778 3796 1950 3852 certis
1982 3819 2010 3848 »

355 3879 772 3948 immiscuerit,
807 3880 892 3936 uti
921 3897 1166 3938 numero
1200 3883 1390 3955 primo
1421 3883 1734 3956 significat.
1798 3886 2008 3954 Rarus,

352 3983 460 4026 seu
489 3967 689 4040 potius
721 3969 1040 4042 singularis
1069 3969 1166 4026 hic
1196 3972 1490 4027 scribendi
1523 3989 1588 4029 ac
1629 3974 2010 4047 semetipsum

355 4056 712 4113 criminandi
743 4058 977 4114 modus.
1012 4082 1040 4110 «
1074 4059 1350 4128 similem,
1385 4061 1497 4130 cui,
1536 4084 1562 4110 ››
1604 4065 1669 4117 ut
1726 4067 1850 4136 ipse
1906 4064 2006 4133 ait,

356 4166 387 4196 «
421 4149 554 4200 ante
585 4161 700 4211 me,
731 4147 923 4211 credo,
957 4147 1029 4202 de
1059 4164 1120 4203 se
1151 4148 1349 4205 nullus
1379 4149 1550 4205 fecit:
1587 4172 1615 4200 ››
1673 4167 1807 4206 cum
1865 4169 2008 4224 pras-

353 4232 560 4289 sertlm
606 4233 699 4288 sui
755 4234 1038 4290 vindicias
1094 4237 1238 4291 adeo
1297 4236 1632 4311 neglexerit,
1693 4243 1758 4293 ut
1815 4241 2011 4311 pejora

355 4321 549 4378 adhuc
580 4323 651 4378 de
682 4339 743 4379 se
777 4321 1096 4380 existimari
1129 4325 1342 4397 cuique
1370 4326 1721 4400 permiserit,
1755 4329 2006 4384 addens:

353 4434 384 4460 «ι
415 4411 596 4483 Legat
625 4428 762 4483 ergo
794 4411 894 4484 qui
925 4411 1095 4480 volet,
1146 4418 1203 4468 et
1260 4414 1331 4470 de
1387 4430 1479 4470 me
1536 4415 1790 4487 proferat
1842 4417 2010 4488 pejus

353 4497 666 4570 quiddam,
702 4499 750 4555 si
780 4499 957 4597 valet.
983 4525 1010 4550 ››
1035 4502 1188 4597 Ἠίηο
1219 4502 1452 4558 difficile
1492 4505 1602 4597 erit
1637 4504 2008 4597 dis-cernere,
2042 4533 2088 4597 D

353 4601 627 4657 quaenam
652 4602 912 4643 censura:
943 4587 1001 4643 in
1035 4588 1142 4645 hoc
1184 4607 1356 4663 opere
1416 4591 1687 4647 Ratherio
1747 4593 2008 4666 impacta:

353 4674 472 4730 sint
529 4697 556 4723 ‹‹
617 4691 784 4746 veras,
842 4696 870 4725 »
926 4676 1104 4744 falsa),
1143 4701 1169 4727 ››
1229 4695 1497 4750 quaenam
1534 4701 1562 4729 «
1612 4685 1806 4750 certae,
1841 4704 1868 4730 ››
1921 4682 2011 4738 vel

353 4761 685 4835 opinabiles
717 4787 744 4813 ν(
778 4767 1072 4837 [cxxxxu].
1109 4789 1136 4816 ››
1168 4767 1250 4821 Ex
1280 4767 1398 4823 zelo
1428 4772 1646 4836 tamen,
1671 4786 1785 4842 quo
1827 4770 2011 4827 ferve-

354 4849 480 4916 bat,
515 4865 583 4905 ac
613 4867 682 4906 ex
710 4852 994 4908 severiore
1041 4854 1267 4910 vivendi
1328 4859 1552 4912 rattone
1609 4853 1796 4929 ipsius
1843 4858 2013 4915 valde

357 4935 638 4994 credibile
668 4944 777 5006 est,
810 4940 1074 5012 graviora
1105 4941 1333 5010 saltem,
1369 4960 1496 5015 qua:
1557 4945 1615 5000 in
1667 4963 1801 5002 eum
1851 4947 2013 5020 inge-

356 5031 572 5081 runtur
599 5027 868 5098 crimina,
901 5029 987 5086 vel
1020 5028 1168 5086 falsa
1197 5031 1437 5087 omnino
1463 5049 1612 5099 esse,
1642 5035 1729 5090 vel
1765 5035 2016 5091 nimium

357 5119 726 5188 exaggerata.
759 5116 970 5174 Confer
996 5118 1432 5176 Admonitionem
1463 5121 1521 5176 in
1566 5124 1890 5195 Excerptum
1944 5141 2014 5180 ea:

355 5201 576 5273 dialogo
605 5207 991 5277 confcssioﬂali
1016 5225 1178 5263 num.
1199 5209 1251 5264 3.
1285 5212 1565 5265 Caeterum
1582 5216 1733 5267 recte
1745 5213 2014 5282 judican-

429 5309 485 5377 (7
492 5309 747 5390 )_(Quam
779 5312 910 5390 forti
932 5319 1251 5390 pacatoque
1277 5314 1472 5390 animo
1498 5318 2014 5390 nosterepiscopus

358 5379 696 5458 ferretnon
715 5383 907 5438 solum
932 5379 1316 5458 oblocutores,
1351 5386 1452 5441 sed
1476 5387 1647 5441 etiam
1685 5379 2017 5458 pérsccdto-

356 5467 475 5529 res,
507 5450 701 5507 altiori
718 5460 912 5511 mente
932 5457 1108 5513 veluti
1130 5450 1410 5529 magnum
1443 5475 1619 5529 suum
1647 5450 1862 5515 bonum
1913 5461 2016 5518 ha-

353 5524 900 5611 ben8,gttecunque
911 5529 1210 5611 acerbiora
1222 5524 1377 5585 mala
1395 5528 1648 5611 calipsis.
1662 5532 2014 5601 prodierant,

361 5595 684 5668 perspicies
714 5614 782 5656 ex
805 5595 987 5656 dictis
1007 5618 1184 5673 supra
1217 5617 1380 5657 num.
1428 5595 1527 5657 23f
1583 5595 1728 5658 Hinc
1787 5595 2019 5678 quoque

2121 3235 2322 3287 contra
2348 3233 2602 3302 Judaeos,
2637 3235 2737 3308 qui
2771 3237 3007 3294 Veronm
3037 3243 3424 3311 praepotentes
3454 3233 3635 3300 fuisse
3663 3262 3771 3301 no-

2117 3334 2384 3398 seuntur,
2418 3348 2641 3399 necnon
2673 3338 2873 3390 contra
2904 3333 3056 3403 illos,
3081 3337 3180 3410 qui
3203 3337 3422 3396 Judzeis
3449 3341 3769 3402 amicitiam

2119 3423 2175 3474 et
2206 3418 2458 3475 favorem
2487 3422 2843 3492 praestabant
2876 3425 3182 3496 [cxxxmu].
3218 3426 3508 3484 Notantur
3550 3425 3772 3492 abusus

2120 3507 2339 3578 quibus
2371 3508 2556 3574 multa
2587 3510 2855 3566 ecclesiae.
2876 3511 3029 3568 bona
3058 3512 3190 3567 aliis
3215 3518 3389 3584 atque
3420 3513 3553 3571 aliis
3593 3517 3777 3574 nomi-

2119 3593 2295 3648 nibus
2327 3595 2556 3650 fuerant
2583 3595 2800 3667 injuste
2812 3598 3111 3653 distracta.
3136 3599 3383 3665 Quidam
3406 3602 3563 3660 enim
3589 3603 3770 3660 eccle-

2121 3681 2219 3737 sia
2250 3681 2374 3754 agri
2401 3700 2434 3737 a
2462 3684 2797 3754 potentibus
2827 3685 3112 3759 occupati,
3145 3685 3232 3742 vel
3264 3687 3440 3744 etiam
3460 3689 3534 3750 ab
3557 3689 3776 3766 episco-

2100 3770 2212 3842 pis
2235 3769 2494 3843 primum
2529 3772 2919 3830 usufructario
2953 3775 3186 3832 nomine
3217 3776 3478 3833 concessi
3501 3777 3574 3836 ad
3620 3783 3771 3836 tem-

2118 3885 2251 3941 pus,
2284 3867 2367 3923 ita
2396 3871 2597 3941 postea
2625 3870 2907 3944 principis
2932 3872 3250 3945 diplomate
3276 3875 3768 3947 conferebantur,

2118 3962 2177 4012 et
2207 3957 2724 4025 conﬁrmabantur,
2749 3964 2814 4015 ut
2833 3961 2990 4018 velut
3019 3961 3187 4032 injus
3208 3963 3436 4036 regium
3455 3966 3674 4024 redacti
3697 3967 3771 4030 ab

2119 4044 2373 4102 ecclesiae
2397 4047 2533 4118 jure
2563 4049 2910 4105 exciderent.
2945 4049 3291 4124 Conferquae
3305 4053 3375 4108 de
3397 4054 3598 4116 Sikero
3621 4059 3773 4135 retu-

2119 4133 2298 4193 limus
2324 4136 2432 4191 sub
2465 4135 2641 4192 ﬁnem
2675 4138 3023 4211 paragraphi
3057 4141 3459 4212 praecedentis.
3486 4133 3768 4201 Perstrin-

2119 4227 2340 4294 guntur
2371 4228 2488 4280 tres
2515 4231 2924 4285 contractuum
2957 4228 3201 4299 species,
3253 4231 3470 4302 quibus
3516 4231 3770 4295 ecclesiae

2120 4311 2273 4366 bona
2301 4312 2800 4384 distrahebantur,
2835 4315 2890 4370 id
2923 4320 3014 4372 est
3047 4337 3074 4366 κ
3125 4318 3637 4384 commutationes,
3697 4317 3772 4372 1i-

2118 4409 2278 4478 belli,
2309 4415 2366 4465 et
2396 4411 2694 4478 precaria:
2728 4434 2754 4461 »
2791 4412 3030 4484 haecque
3059 4413 3260 4468 omnia
3289 4413 3481 4484 partin
3521 4413 3773 4468 necessi-

2117 4499 2234 4551 tate
2265 4496 2692 4569 episcoporum,
2723 4499 2933 4569 partim
2958 4515 3060 4569 per
3081 4498 3305 4561 fraudis
3333 4498 3773 4574 subreptioncm

2120 4583 2436 4657 contigisse
2469 4586 2793 4640 traduntur.
2831 4586 3138 4644 Concludit
3160 4585 3472 4642 Ratherius
3497 4603 3631 4664 cum
3656 4587 3774 4654 elo-

2121 4672 2214 4744 gio
2245 4672 2472 4728 Ottonis
2503 4674 2891 4745 imperatoris,
2929 4690 3106 4746 quem
3163 4679 3229 4730 ut
3283 4675 3397 4732 sibi
3452 4677 3774 4750 propitium

2122 4761 2349 4828 reddat,
2384 4778 2523 4817 suas
2540 4763 2843 4833 angustias
2870 4767 2927 4818 et
2939 4763 3264 4836 periculum
3278 4764 3774 4840 paucisexplicat.

2122 4850 2204 4906 Ne
2234 4853 2428 4905 autem
2459 4849 2584 4906 suis
2613 4849 2882 4908 hostibus
2898 4850 3076 4908 falsas
3107 4851 3544 4916 criminationes
3577 4856 3780 4913 obtru-

2123 4947 2396 5003 dentibus
2429 4947 2627 5004 faciles
2651 4965 2824 5004 aures
2854 4954 2912 5005 et
2940 4949 3118 5006 ﬁdem
3145 4951 3418 5022 praebeat,
3451 4968 3581 5009 eam
3619 4953 3776 5026 ipso-

2125 5052 2258 5091 rum
2277 5036 2758 5092 consuetudinem
2779 5042 3084 5109 notat,qua
3099 5039 3158 5094 in
3181 5039 3524 5112 episcopum
3545 5040 3779 5115 culpam

2124 5123 2391 5195 rejiciant
2422 5127 2811 5197 quorumdam
2845 5126 3155 5195 malorum,
3189 5144 3442 5200 quorum
3501 5129 3613 5202 ipsi
3644 5135 3783 5189 sunt

2123 5214 2226 5269 rei.
2246 5213 2590 5286 Exemplum
2613 5215 3083 5274 recentissimum
3101 5217 3323 5290 profert
3341 5219 3654 5291 cujusdam
3671 5220 3783 5281 cle-

2123 5317 2447 5392 intelligere
2480 5319 2821 5392 licebitque
2872 5337 3048 5377 sensu
3076 5323 3388 5380 Everaelus
3412 5325 3785 5382 Leodioensis

2125 5391 2438 5467 episcopus
2466 5391 2539 5467 ad
2572 5391 3199 5467 Ratherium‘scribens
3229 5395 3400 5467 epist.
3427 5396 3516 5460 14,
3540 5395 3781 5463 εοΙ.570,

2125 5461 2208 5530 ΒΖ,
2241 5461 2584 5534 patientiam
2616 5463 2744 5532 ejus
2775 5464 2833 5518 in
2865 5465 3126 5521 adversis
3157 5461 3540 5522 extulerithis
3567 5461 3781 5522 verbis.

2129 5557 2152 5584 ‹‹
2168 5532 2453 5608 Patientia
2485 5533 2534 5608 si
2569 5541 2923 5608 memoratur
2943 5537 3012 5608 (si
3049 5539 3135 5594 fas
3158 5549 3247 5594 est
3263 5539 3453 5598 dicere
3474 5538 3587 5598 ﬁde
3604 5536 3783 5602 salva,

2131 5623 2202 5662 ne
2231 5605 2415 5661 Deum
2448 5604 2764 5678 offendam)
2794 5611 2857 5664 tu
2891 5604 2959 5667 es
2984 5609 3130 5682 ipsa.
3161 5614 3218 5678 »)
