4046 6186
333 319 453 390 115

1295 321 1748 391 RATHERIUS
1793 317 2285 389 VERONENSIS
2329 318 2784 387 EPISCOPUS.

3636 316 3766 400 HQ

329 461 437 518 rici
466 459 538 518 ad
568 458 938 518 diaconatum
972 457 1043 517 ab
1074 458 1343 518 invasere
1367 460 1637 534 promoti,
1687 458 1790 531 qui
1851 473 1984 513 cum
2015 455 2070 524 Α
2100 453 2490 512 dioecesanam
2521 457 2808 528 synodum
2841 451 3322 524 convocavit.Qui
3353 457 3551 512 autem
3572 453 3759 529 hujus

330 555 547 606 terram
570 550 726 622 juris
755 549 1105 623 episcopalis
1136 567 1238 623 per
1269 554 1614 622 potestatem
1647 546 1985 604 saecularem

330 642 572 706 teneret,
605 643 780 711 atque
809 639 1090 712 diriperet
1118 657 1130 708 ;
1161 662 1189 689 ‹‹
1218 640 1290 695 ad
1323 639 1500 710 pedes
1529 638 1762 693 nemine
1793 653 1986 709 perse-

332 732 550 802 quente
579 728 924 800 confugiens
966 727 1199 784 Domini
1256 727 1647 800 imperatoris,
1708 724 1989 780 mentitus

330 821 422 873 est
452 816 612 888 quod
643 838 672 867 ››
705 816 1062 889 (Ratherius)
1091 838 1119 866 ‹‹
1145 833 1319 871 suum
1342 816 1392 871 ci
1417 815 1763 871 beneficium
1796 814 1992 869 abstu-

332 905 522 962 lisset.
557 927 586 956 »
615 909 728 960 Cur
757 905 866 961 hoc
889 903 1239 976 opusculum
1258 905 1571 976 afﬁgamus
1594 902 1815 960 ineunti
1837 918 1990 958 anno

333 994 461 1061 966,
496 1011 564 1050 ex
591 993 888 1049 notatione
930 992 1142 1066 prima,
1203 1009 1381 1065 quam
1440 993 1552 1065 ipsi
1608 991 1988 1063 subjecimus,

335 1083 700 1155 exploratum
734 1082 853 1137 fiet.

407 1171 529 1227 110.
563 1170 680 1226 Hoc
711 1170 915 1230 eodem
944 1172 1226 1242 tempore,
1255 1185 1371 1241 quo
1399 1168 1711 1225 Ratherius
1743 1191 1770 1220 «
1797 1167 1993 1224 male-

334 1259 601 1317 volorum
676 1257 1142 1315 cavillationibus
1194 1281 1222 1309 »
1279 1258 1559 1314 acerrime
1605 1257 1996 1330 impetebatur

341 1345 692 1421 opusculum
750 1346 932 1402 edidit
959 1347 1026 1402 de
1079 1347 1365 1402 Abbatiola
1420 1346 1770 1415 Magonziani
1837 1362 1995 1401 nunc

339 1437 653 1507 Magumm’,
681 1435 781 1491 ubi
813 1435 1158 1491 mutationis
1188 1434 1246 1490 in
1278 1451 1406 1490 eam
1438 1435 1685 1490 inductae
1709 1435 1994 1489 rationem

341 1526 597 1599 exponit.
630 1525 762 1580 Haec
792 1522 1108 1590 abbatiola,
1135 1522 1194 1577 in
1226 1522 1478 1578 confinio
1513 1523 1771 1578 dizecesis
1824 1521 1998 1577 Vero-

341 1614 562 1682 nensis,
592 1612 873 1670 Brixianae
893 1610 1156 1684 proximo
1185 1612 1318 1679 sita,
1343 1628 1476 1665 cum
1500 1627 1606 1666 suo
1655 1610 1871 1682 praedio
1915 1609 1996 1666 ita

339 1700 713 1775 dispositioni
791 1699 1198 1772 episcoporum
1249 1700 1514 1770 subjecta
1570 1703 1714 1764 erat,
1773 1702 1839 1755 ut
1894 1703 1997 1755 aut

341 1793 591 1848 obeunte
616 1789 834 1844 ibidem
865 1788 1093 1856 abbate,
1127 1791 1229 1843 aut
1259 1788 1410 1844 male
1434 1791 1657 1843 morato
1676 1791 1733 1843 et
1754 1788 1995 1843 incorri-

341 1879 528 1954 gibili,
557 1878 708 1935 alius
720 1876 1074 1933 Veronensis
1088 1876 1387 1932 dioeccssis
1405 1877 1476 1932 ab
1489 1877 1760 1949 episcopo
1777 1876 1998 1932 substi-

340 1971 628 2036 tueretur,
659 1966 761 2039 qui
792 1966 1048 2022 efﬁceret
1079 1969 1142 2020 ut
1171 1964 1493 2021 militantes
1525 1964 1586 2020 in
1617 1981 1685 2021 ea
1714 1960 1996 2021 monasti-

343 2074 474 2116 cam
501 2056 682 2112 vitam
743 2053 1123 2110 custodirent.
1175 2053 1238 2108 Id
1298 2057 1492 2108 autem
1547 2070 1616 2108 ex
1672 2053 1999 2111 fundatoris

347 2149 540 2202 mente
567 2161 684 2200 non
713 2144 861 2200 bene
891 2145 1146 2198 cesserat
1168 2141 1440 2213 [CXXXIX].
1477 2141 1865 2215 Hungari,qui
1892 2143 2000 2198 hoc

345 2233 558 2294 saeculo
587 2231 815 2290 Italiam
846 2231 1206 2297 invadentes,
1231 2229 1516 2286 incendiis
1540 2247 1607 2286 ac
1627 2230 2003 2304 depraadatio-

347 2325 523 2380 nibus
550 2324 936 2387 vastaverant,
964 2319 1228 2390 ejusdem
1259 2318 1508 2374 abbatize
1541 2320 1870 2376 ccenobium
1911 2321 2001 2376 in-

347 2413 684 2478 cenderant,
717 2425 900 2482 eoque
930 2405 1215 2479 angustiae
1247 2423 1339 2462 res
1386 2406 1573 2478 ipsius
1617 2408 1882 2478 abbatize,
1946 2413 2005 2464 et

344 2505 678 2573 temporum
711 2495 1040 2568 corruptela
1063 2498 1488 2567 processerant,
1519 2499 1584 2550 ut
1604 2495 1766 2552 solus
1785 2497 2001 2554 ibidem

346 2591 530 2647 abbas
560 2587 850 2654 existeret,
911 2585 1185 2656 idemque
1245 2583 1508 2639 moribus
1561 2601 1836 2657 nequam,
1899 2587 2001 2659 qui

345 2678 581 2753 publico
611 2692 747 2733 cum
781 2672 1056 2731 scandan
1074 2689 1310 2728 uxorem
1345 2677 1403 2728 et
1426 2672 1576 2729 ﬁlios
1599 2673 1810 2730 alebat.
1836 2675 2001 2732 Hunc

346 2767 658 2824 Ratherius
684 2764 757 2820 ad
787 2761 1254 2820 emendationem
1286 2777 1552 2817 revocare
1582 2762 1810 2819 studuit
1838 2781 1852 2831 ;
1897 2765 2000 2820 sed

348 2857 586 2912 frustra.
620 2854 734 2909 Ter
758 2851 916 2906 enim
949 2850 1086 2921 fuga
1117 2865 1178 2904 se
1199 2849 1496 2915 subduxit,
1544 2865 1610 2904 ac
1665 2867 1768 2922 per
1820 2851 1999 2907 inter-

347 2944 585 3001 nuntios
615 2940 812 2997 oblata
845 2938 1118 3011 episcopo
1170 2942 1442 3008 pecunta,
1501 2953 1625 2992 rem
1680 2955 1814 2994 cum
1874 2941 2000 3012 ipso

347 3047 696 3106 componere
725 3029 893 3085 nisus
924 3030 1032 3083 est.
1066 3026 1379 3082 Exhorruit
1408 3026 1719 3082 Ratherius
1769 3030 2000 3084 tantum

347 3122 580 3189 scelus;
613 3117 782 3174 haesit
795 3114 1137 3188 aliquandiu
1169 3113 1309 3185 quid
1328 3119 1544 3186 ageret.
1577 3115 1680 3170 «Si
1702 3115 1997 3190 enimego,

2097 544 2304 615 synodi
2335 544 2525 600 exitus
2583 544 2776 612 fuerit,
2841 545 3018 600 refert
3071 545 3132 600 in
3190 543 3428 600 laudato
3471 545 3765 618 opusculo.

2099 649 2264 688 num.
2299 635 2352 687 6.
2387 635 2534 688 Ante
2567 635 2856 705 synodum
2889 637 3266 706 praeceperat,
3300 638 3367 689 ut
3392 635 3572 690 biduo
3620 640 3762 690 ante

2100 721 2569 794 archipresbyter
2595 728 2652 777 et
2684 722 3128 778 archidiaconus
3142 739 3276 777 cum
3289 723 3624 792 ordinariis,
3649 740 3761 779 seu

2099 811 2396 866 canonicis
2425 810 2797 879 cathedralis,
2833 828 2931 866 eos
2961 811 3063 883 qui
3089 815 3214 866 tum
3244 828 3313 867 ex
3342 809 3532 867 titulis
3569 812 3761 877 urbis,

2099 903 2228 954 tum
2241 916 2308 954 ex
2320 898 2588 970 plebibus
2603 899 2899 955 ruralibus
2914 900 3193 956 interesse
3207 900 3760 973 debebantsynodo,

2099 989 2480 1056 discuterent,
2513 992 2570 1044 et
2599 990 2649 1044 si
2680 1006 2808 1060 quae
2838 992 3034 1044 essent
3059 988 3424 1062 corrigenda,
3449 989 3767 1063 diligenter

2101 1076 2484 1149 inquirerent,
2521 1081 2588 1132 ut
2616 1077 2709 1132 die
2728 1077 2924 1142 tertia,
2957 1094 3074 1150 qua
3114 1077 3261 1150 [CLX]
3307 1077 3616 1150 episc0pus
3663 1097 3766 1152 sy-

2101 1166 2252 1222 nodo
2285 1182 2534 1238 praeesse
2581 1166 2851 1232 debebat,
2883 1167 2994 1239 ipsi
3041 1166 3411 1222 emendanda
3451 1169 3764 1225 referrent.

2101 1255 2226 1310 Non
2250 1254 2412 1311 solus
2442 1254 2928 1328 archipresbyter,
2962 1271 3066 1310 nec
3097 1254 3258 1311 solus
3289 1254 3764 1324 archidiaconus,

2101 1343 2202 1398 sed
2231 1359 2434 1399 omnes
2464 1342 2728 1398 canonici
2749 1360 2865 1415 prae
2897 1343 3272 1400 multitudine
3289 1345 3768 1401 convenientium

2102 1431 2175 1488 ad
2207 1433 2520 1503 synodum,
2560 1436 2628 1486 ut
2657 1448 2898 1487 examen
2931 1432 3107 1487 biduo
3139 1433 3542 1500 conficeretur,
3565 1432 3766 1505 inqui-

2101 1518 2266 1575 rendi
2299 1519 2558 1575 ofﬁcium
2583 1523 2977 1592 susceperant.
3001 1520 3209 1576 Coacta
3233 1521 3454 1593 synodo
3477 1521 3568 1576 die
3591 1522 3771 1577 tertia

2102 1624 2238 1664 cum
2267 1609 2580 1681 episcopus
2611 1608 2874 1665 residens
2904 1609 3324 1683 interrogasset
3373 1609 3514 1682 quid
3563 1613 3769 1667 actum

2102 1696 2331 1762 fuisset,
2347 1698 2837 1768 responditunus,
2860 1699 3032 1770 cujus
3054 1698 3431 1770 potissimum
3462 1698 3766 1766 intererat,

2104 1801 2204 1840 eos
2234 1784 2554 1857 inquisisse
2579 1785 2651 1840 de
2679 1784 2925 1856 psalmis
2955 1785 3094 1840 etde
3112 1783 3245 1840 aliis
3265 1785 3632 1856 hujusmodi,
3669 1790 3774 1842 net

2107 1873 2225 1930 Deo
2255 1872 2474 1946 gratias
2507 1890 2621 1929 non
2654 1873 2876 1928 malum
2907 1873 3050 1928 adeo
3084 1873 3395 1930 invenisse.
3428 1895 3457 1924 »
3518 1874 3596 1931 Ad
3642 1874 3771 1930 haec

2109 1963 2441 2034 episcopus,
2471 1963 2572 2035 qui
2602 1961 2756 2018 mala
2791 1962 2976 2018 multa
3007 1979 3120 2018 non
3173 1961 3500 2034 ignorabat,
3552 1962 3775 2019 ironice

2109 2051 2409 2107 subdidit:
2444 2073 2472 2103 ‹‹
2504 2051 2649 2114 Quid
2683 2051 2960 2108 haberem
2989 2067 3126 2123 ergo
3158 2052 3228 2108 de
3252 2055 3338 2107 tot
3367 2052 3608 2123 sanctis,
3657 2051 3778 2108 nisi

2110 2140 2227 2196 Deo
2256 2139 2476 2213 gratias
2507 2140 2697 2196 dicere
2717 2139 2744 2194 ?
2777 2161 2804 2188 ››
2837 2141 2905 2196 Et
2927 2144 3059 2212 post
3087 2156 3316 2212 pauca:
3345 2163 3373 2189 ‹‹
3406 2140 3463 2195 Si
3487 2141 3557 2196 de
3605 2139 3778 2213 psal-

2109 2229 2244 2295 mis,
2277 2233 2333 2284 et
2361 2245 2477 2284 non
2510 2229 2580 2284 de
2605 2227 2718 2284 alio
2749 2228 2808 2282 in
2836 2228 2950 2284 isto
2979 2228 3201 2285 concilo
3245 2229 3416 2285 debet
3445 2245 3574 2285 esse
3626 2246 3777 2286 con-

2111 2319 2362 2390 questio,
2396 2334 2487 2374 me
2515 2318 2774 2389 primum
2806 2319 3135 2374 adexamen
3152 2318 3776 2391 producite;convinci

2111 2423 2247 2462 nam
2278 2422 2542 2478 possum,
2578 2423 2670 2462 me
2700 2405 2833 2462 illos
2865 2422 3003 2475 non,
3049 2409 3113 2461 ut
3168 2409 3542 2478 competeret,
3595 2407 3773 2463 scire.

2111 2495 2274 2552 Unde
2305 2495 2485 2568 igitur
2513 2495 2773 2567 synodus
2803 2499 3091 2567 ageretur,
3151 2495 3234 2550 nil
3295 2493 3554 2566 amplius
3610 2497 3774 2567 quod

2111 2585 2522 2641 emendaretur
2553 2584 2828 2639 invento?
2866 2583 3213 2641 Sciscitatus
3271 2582 3469 2655 itaque
3524 2585 3594 2640 de
3655 2585 3776 2641 ﬁde

2112 2673 2369 2742 illorum,
2404 2673 2596 2728 inveni
2627 2672 2915 2745 plurimos
2947 2689 3050 2729 nec
3081 2672 3277 2745 ipsum
3311 2689 3513 2744 sapere
3535 2675 3775 2746 symbo-

2111 2762 2257 2830 lum,
2291 2763 2444 2835 quod
2477 2763 2658 2818 fuisse
2687 2761 2948 2817 creditur
2987 2760 3411 2834 apostolorum.
3462 2762 3578 2818 Hac
3599 2779 3777 2820 occa-

2111 2851 2277 2906 sione
2307 2850 2654 2923 Synodicam
2686 2849 2940 2906 scribere
2954 2849 3232 2922 omnibus
3252 2850 3610 2923 presbyteris
3634 2867 3772 2906 sum

2111 2938 2450 3011 conpulsus.
2489 2960 2516 2987 ››
2549 2938 2707 2993 Hanc
2739 2938 3028 3010 synodum
3061 2961 3089 2988 ‹‹
3123 2936 3415 3012 mediante
3437 2938 3778 3012 Quadrage-

2111 3027 2262 3084 sima
2293 3049 2322 3077 »
2347 3021 2636 3094 habitam,
2661 3030 2718 3082 et
2744 3026 2804 3081 in
2825 3042 2893 3082 ea
2921 3025 3271 3099 Synodicam
3288 3025 3774 3088 editamindicat:

2114 3117 2269 3190 quod
2298 3115 2748 3187 intelligendum
2780 3116 2850 3170 de
2883 3115 3077 3172 media
3119 3115 3580 3189 Quadragesima
3629 3118 3778 3173 anni

347 3209 561 3282 inquit,
621 3202 1160 3279 possessiunculam
1211 3201 1310 3257 Dei
1377 3201 1653 3258 Genitrici
1730 3189 2000 3260 collatam
2033 3189 2076 3256 C
2113 3189 2309 3260 966m
2338 3204 2747 3260 Admonitione
2775 3204 2846 3260 ad
2910 3203 3101 3278 ipsam
3155 3205 3502 3276 Synodicam
3550 3206 3774 3278 proba-

351 3298 565 3356 melius
595 3294 761 3367 quasi
794 3293 1242 3365 dispensaturus
1309 3292 1454 3346 mihi
1512 3292 1843 3362 retinerem,
1906 3300 2008 3350 aut
2113 3293 2328 3351 vimus.

354 3400 620 3444 meorum
651 3382 825 3440 alicui
863 3383 1083 3450 darem,
1116 3395 1190 3436 ne
1219 3396 1591 3437 sucessorum
1611 3379 1825 3453 aliquis
1847 3397 2004 3439 meo-

355 3493 487 3532 rum
519 3491 649 3530 meo
682 3471 952 3529 similiter
981 3469 1198 3524 faciens
1228 3468 1514 3541 exemplo,
1573 3468 2004 3543 cleemosynam

351 3563 586 3621 illorum
618 3563 906 3618 bonorum
938 3559 1284 3624 destrueret,
1316 3575 1429 3613 non
1471 3557 1620 3613 nihil
1677 3560 1936 3615 verebar.
1971 3582 1998 3610 ››

348 3653 492 3709 Cum
524 3656 722 3707 autem
752 3662 1056 3721 perrarum
1087 3650 1144 3702 et
1172 3643 1410 3701 difficile
1441 3650 1595 3701 esset
1625 3662 1692 3702 eo
1746 3654 2002 3720 tempore

349 3739 669 3798 monachos
683 3735 1048 3812 propositum
1061 3738 1255 3790 exacte
1268 3733 1643 3790 observantes
1660 3735 2000 3809 subrogare,

346 3833 464 3885 tres
496 3828 862 3899 presbyteros
893 3840 1028 3880 cum
1053 3823 1318 3889 diacono,
1353 3822 1734 3888 subdiacono,
1779 3828 1836 3878 et
1891 3823 2001 3879 ali-

346 3919 490 3988 quot
518 3913 742 3970 clericis
767 3913 828 3967 in
859 3911 1063 3966 eadem
1094 3909 1329 3965 abbatia
1343 3908 1667 3975 collocavit,
1691 3910 1791 3980 qui
1816 3911 1999 3966 sacris

343 4001 553 4061 officiis
580 4004 870 4057 vacarent.
900 3999 1078 4053 Suam
1111 3996 1321 4068 cuique
1351 3996 1922 4067 taxavitportionem,
1942 4003 1999 4054 et

342 4089 658 4148 declaravit
685 4087 898 4145 ofﬁcia.
955 4084 1152 4140 Alium
1210 4084 1613 4156 presbyterum
1673 4084 1995 4156 graviorem

341 4180 619 4237 omnibus
651 4174 921 4250 praefecit,
955 4173 1055 4245 qui
1085 4171 1406 4244 disciplinae
1435 4177 1491 4227 et
1508 4172 1843 4229 reddituum
1875 4175 1996 4231 dis-

339 4266 646 4326 tributioni
675 4263 1031 4339 praesideret.
1065 4262 1195 4319 Alia
1225 4259 1507 4318 nonnulla
1550 4261 1991 4332 desideraniur;

340 4373 476 4416 nam
510 4353 861 4428 opusculum
887 4352 1003 4407 ﬁne
1033 4355 1209 4408 caret.

409 4446 534 4502 lil.
569 4445 715 4500 Cum
747 4443 957 4513 (Itiner.
993 4458 1156 4497 num.
1187 4438 1244 4510 5)
1273 4439 1364 4495 bis
1395 4437 1454 4493 in
1486 4455 1638 4494 anno
1687 4440 1991 4513 episcopos

2188 3384 2465 3439 ll2.Ha3e
2490 3382 2762 3456 Synodz'ca
2809 3383 3062 3438 maxime
3121 3381 3351 3455 insigne
3409 3386 3500 3438 est
3556 3381 3774 3439 decimi

2115 3472 2311 3528 saeculi
2338 3474 2778 3541 documentum,
2810 3488 2879 3526 ex
2911 3488 3024 3544 quo
3061 3469 3441 3543 disciplinam
3500 3472 3774 3544 ejusdem

2113 3561 2394 3633 temporis
2425 3560 2802 3632 potissimum
2820 3560 3217 3632 agnoscimus.
3234 3559 3522 3633 Inscripta
3540 3565 3629 3616 est
3644 3577 3776 3617 om-

2113 3649 2288 3706 nibus
2319 3649 2670 3723 presbyteris
2692 3653 2749 3705 et
2759 3649 2981 3705 ceteris
2994 3647 3300 3705 ordinibus
3313 3665 3417 3726 per
3435 3649 3774 3708 universam

2111 3738 2410 3795 dioecesim
2441 3737 2794 3793 constitutis.
2823 3738 2936 3792 Ter
2960 3753 3058 3793 eos
3089 3737 3160 3792 ad
3193 3752 3435 3791 examen
3464 3737 3523 3792 in
3547 3739 3772 3810 synodo

2109 3833 2450 3884 vocaverat:
2485 3831 2542 3882 et
2570 3843 2704 3882 cum
2736 3827 2808 3882 ob
2841 3824 3160 3882 multarum
3192 3842 3390 3881 rerum
3439 3827 3665 3898 copiam
3698 3845 3771 3884 ac

2108 3917 2401 3987 potiorum
2433 3916 2694 3987 capitum
2725 3914 3150 3988 ignorationem
3165 3913 3312 3969 nihil
3335 3915 3453 3971 fere
3477 3906 3772 3988 potuisset

2106 4004 2300 4059 verbis
2356 4004 2660 4070 conﬁcere,
2722 4002 2831 4058 hac
2888 4002 3150 4076 synodali
3210 4001 3459 4074 epistola
3531 3995 3772 4090 scriptis

2105 4090 2343 4163 vulgata
2372 4091 2793 4163 providendum
2825 4091 3092 4146 credidit.
3128 4091 3200 4148 Ut
3224 4091 3558 4147 mederetur
3597 4092 3769 4164 igno-

2108 4180 2306 4235 rautiae
2337 4180 2490 4236 circa
2519 4179 2874 4253 symbolum,
2909 4181 3022 4237 tria
3053 4178 3318 4253 symbola
3348 4180 3657 4236 scribenda
3708 4187 3771 4238 et

2107 4268 2401 4323 memoriaa
2435 4268 2769 4324 mandanda
2799 4269 3094 4342 princepit,
3119 4269 3176 4324 id
3207 4273 3298 4324 cst
3325 4269 3634 4340 symbolum
3655 4285 3768 4326 seu

2102 4356 2447 4412 collationem
2474 4358 2858 4429 apostolorum,
2900 4380 2929 4408 «
2980 4358 3134 4413 sicut
3186 4357 3246 4412 in
3290 4357 3583 4429 spalteriis
3631 4348 3769 4414 cor-

2104 4445 2278 4501 rectis
2307 4445 2618 4513 invenitur,
2657 4467 2684 4495 ››
2718 4445 2859 4501 illud
2885 4447 3039 4518 quod
3071 4446 3130 4501 in
3162 4449 3350 4502 mtssa
3391 4446 3641 4512 canitur,
3704 4453 3770 4504 et

315 4535 628 4608 synodum
661 4533 875 4622 habere
906 4529 1055 4622 sacri
1087 4544 1340 4622 canones
1364 4527 1715 4622 j-ubeantpid
1757 4532 1994 4622 exsequi
2025 4555 2073 4622 Β
2104 4532 2249 4589 illud
2283 4535 2438 4606 quod
2469 4537 2526 4588 S.
2557 4533 2861 4590 Athanasii
2894 4533 3130 4591 nomine
3160 4534 3587 4604 circumfertur,
3632 4551 3767 4592 mo-

334 4640 453 4681 non
484 4620 953 4695 praetermisisset
982 4617 1314 4685 Ratherius,
1349 4617 1398 4673 si
1439 4617 1581 4688 quid
1637 4616 1696 4672 in
1755 4620 1994 4692 synodis

334 4712 559 4770 utiliter
583 4728 753 4785 agere
783 4725 846 4765 se
875 4726 1049 4780 posse
1073 4707 1439 4764 credidisset.
1472 4706 1690 4763 Verum
1704 4731 1732 4758 «
1759 4708 1986 4774 scitis,»

333 4800 532 4874 inquit
555 4802 616 4856 in
644 4799 941 4856 Itinerario
970 4799 1041 4853 ad
1067 4813 1207 4854 suos
1263 4795 1528 4862 clericos,
1589 4819 1617 4846 «
1678 4795 1842 4853 scitis
1895 4814 1988 4853 me

331 4905 564 4961 semper
590 4888 700 4944 hoc
731 4883 1378 4960 agereideodistulisse,
1413 4885 1565 4956 quod
1591 4885 1846 4941 dicerem
1871 4903 1984 4953 me,

305 4976 486 5032 unde
524 4973 812 5047 synodare
870 4971 1164 5042 deberem,
1227 4971 1465 5026 omnino
1524 4972 1766 5029 nescire.
1829 4972 1988 5030 Solet

327 5063 485 5121 enim
515 5062 575 5118 in
608 5061 868 5135 synodis,
901 5059 951 5116 si
978 5061 1119 5133 quid
1154 5064 1356 5115 nontra
1386 5076 1641 5116 canones
1661 5064 1857 5117 actum
1875 5067 1986 5134 est,

326 5151 650 5208 emendari.
683 5151 791 5207 Sed
821 5149 871 5206 si
903 5149 1014 5204 hoc
1043 5165 1212 5222 agere
1245 5147 1644 5215 tentavissem,
1687 5149 1983 5216 omnibus,

295 5257 456 5314 ~quae
482 5240 542 5297 in
573 5238 898 5297 canonibue
930 5242 1069 5294 sunt
1098 5236 1336 5311 scripta,
1369 5237 1676 5308 regyratis,
1700 5238 1770 5292 de
1820 5237 1982 5295 nullo

323 5347 527 5387 eorum
557 5347 660 5386 vos
683 5345 885 5384 curare
925 5327 1182 5384 viderem
1239 5325 1597 5383 omnimodo.
1660 5348 1688 5376 »
1740 5325 1980 5399 Aliquot

323 5418 526 5476 subdit
553 5418 836 5490 exempla,
871 5434 998 5489 quae
1029 5416 1309 5487 temporis
1339 5415 1684 5488 pravitatem
1727 5431 1794 5471 ac
1848 5432 1982 5488 per-

321 5506 652 5564 versitatem
686 5505 1001 5562 declarant.
1037 5503 1107 5558 Ut
1135 5508 1330 5558 autem
1362 5503 1826 5575 experimentum
1871 5503 1980 5559 ali-

323 5595 478 5668 quod
506 5595 738 5664 faceret,
773 5593 881 5650 hoc
910 5593 1202 5658 ann0966,
1233 5591 1699 5664 Quadragesimm
1718 5594 1977 5665 tempore

2103 4621 2349 4695 nuitque
2380 4622 2674 4678 neminem
2705 4623 2778 4678 ad
2826 4623 3214 4679 sacerdotium
3268 4623 3764 4694 promovendum,

2098 4717 2200 4767 aut
2224 4713 2281 4766 in
2315 4711 2636 4778 sacerdotio
2654 4710 3247 4783 psrmansurum,nisi
3263 4711 3467 4766 eadem
3491 4711 3770 4783 symbola

2098 4799 2440 4856 memoriam
2467 4803 2708 4866 teneret,
2743 4817 2878 4855 cum
2909 4801 3217 4872 «proxime
3249 4822 3276 4850 »
3306 4799 3378 4854 ad
3402 4816 3644 4855 examen
3665 4788 3770 4874 vo-

2097 4890 2326 4945 cabitur
2355 4889 2568 4961 (Itiner.
2602 4905 2766 4944 num.
2793 4889 2871 4960 7):
2903 4887 3144 4945 Vocavit
3169 4891 3506 4960 autempost
3527 4886 3770 4960 aliquot

2098 4993 2350 5045 menses,
2383 4994 2516 5033 cum
2553 4977 2656 5034 hoc
2686 4978 2889 5034 eodem
2911 4995 3065 5034 anno
3085 4979 3412 5034 Romanum
3436 4976 3548 5032 iter
3568 4977 3765 5034 medi—

2097 5070 2353 5133 taretur;
2385 5083 2452 5121 ac
2506 5070 2810 5138 propterea
2863 5067 3263 5123 inobedientes
3323 5064 3541 5121 inventi
3586 5069 3766 5123 tanto

2096 5159 2256 5210 metu
2290 5171 2594 5227 pcenarum
2646 5155 2884 5211 fuerunt
2941 5155 3217 5228 perculsi,
3264 5159 3332 5210 ut
3383 5169 3500 5209 non
3557 5141 3765 5211 solum

2094 5243 2473 5316 promiserint
2503 5260 2564 5299 se
2603 5245 2880 5316 deinceps
2937 5245 3134 5300 omnia
3182 5261 3309 5317 quae
3364 5243 3766 5316 imperaverat

2092 5333 2477 5406 praestituros,
2510 5351 2712 5390 verum
2744 5333 2914 5407 [ωειλ]
2938 5334 3112 5391 etiam
3146 5333 3369 5401 multis,
3401 5335 3466 5387 ut
3495 5331 3757 5402 videtur,

2092 5423 2328 5478 nomine
2361 5423 2434 5478 ad
2469 5422 2608 5478 illue
2638 5422 3114 5494 itercarpendum
3139 5439 3309 5494 opem
3332 5419 3577 5494 polliciti
3600 5419 3755 5476 sint.

2089 5511 2433 5568 Utilissimis
2464 5528 2634 5584 porra
2661 5509 3133 5568 institutionibus
3162 5516 3284 5566 tota
3323 5506 3614 5584 Synodica
3666 5525 3763 5565 re-

2087 5601 2233 5657 ferta
2263 5605 2371 5660 est.
2410 5601 2488 5659 De
2513 5599 2973 5660 sanctiﬁcatione
3003 5601 3098 5659 dei
3129 5599 3441 5660 Dominica:
3473 5601 3532 5656 et
3569 5597 3757 5656 festo-
