4100 6200
349 300 480 373 11⁵1

1321 383 1323 385 ,
1377 305 1986 376 PROLEGOMENA.
2016 339 2096 357 --
2123 303 2501 376 RATHERII
2543 309 2752 376 VITA.

3639 296 3769 374 110

356 457 495 499 .rum
525 439 796 516 pluribus
825 441 966 517 agit,
1003 458 1226 500 necnon
1268 441 1339 499 de
1383 443 1475 510 iis,
1507 461 1633 516 quae
1677 444 1868 501 clerici
1900 442 2015 499 cal-
2043 443 2100 512 Α
2129 443 2226 499 size
2259 443 2526 514 clericus,
2551 445 2650 519 qui
2689 445 2748 503 in
2789 445 3135 520 praecedenti
3165 441 3622 518 Quadragesima
3651 441 3772 502 ﬁlio

355 530 475 587 lere
506 536 563 587 et
606 532 665 587 in
708 532 926 604 quibus
968 531 1218 588 exerceri
1258 533 1487 588 debent.
1526 535 1672 587 Dum
1705 532 1884 588 studii
1917 549 2016 587 ne-

357 621 690 678 cessitatem
721 620 1002 690 inculcat,
1034 620 1288 676 declarat
1329 621 1686 676 ordinandos
1732 620 1894 676 nulla
1926 639 2017 675 ra-

356 709 514 766 tione
546 711 617 765 ad
650 710 886 766 ordines
914 712 1249 781 promotum
1290 709 1542 775 iri,«nisi
1570 718 1670 764 aut
1700 710 1758 764 in
1792 710 2019 764 civitate

361 803 581 866 nostra,
601 821 621 848 ι
651 798 843 870 inquit
866 820 893 848 «
917 799 973 852 id
1004 801 1093 852 est
1113 798 1171 851 in
1196 797 1397 853 schola
1427 799 1614 871 ipsius
1641 798 2016 868 cathedralis)

361 910 388 938 «
419 893 521 942 aut
563 887 624 942 in
669 886 866 959 aliquo
925 885 1302 951 monasterio,
1333 885 1421 942 vel
1480 888 1633 958 apud
1694 886 2017 959 quemlibet

355 977 678 1049 sapientem
710 976 784 1031 ad
819 981 1051 1047 tempus
1084 975 1412 1030 conversati
1446 976 1682 1044 fuerint,
1717 981 1774 1031 et
1806 975 2016 1030 litteris

358 1063 788 1136 aliquantulum
822 1064 1059 1130 eruditi,
1083 1068 1148 1119 ut
1180 1063 1372 1119 idonei
1404 1065 1713 1120 videantur
1742 1063 2017 1119 ecclesia-

359 1154 514 1210 sticas
546 1153 838 1225 dignitati.
866 1176 893 1203 »
924 1152 1243 1208 Peculiaris
1293 1157 1383 1208 est
1431 1152 1787 1209 abstinentia
1827 1169 1860 1207 a
1891 1169 2017 1207 ear-

359 1242 534 1298 nibus
565 1245 816 1313 quatuor
861 1241 1328 1297 hebdomadibus
1360 1247 1492 1296 ante
1542 1242 1743 1297 Natale
1783 1240 2017 1296 Domini

357 1331 550 1404 (festis
580 1331 788 1385 diebus
818 1329 1095 1402 exceptis)
1130 1331 1487 1402 praescripta,
1523 1331 1694 1386 sicuti
1737 1336 1795 1386 et
1833 1330 2016 1385 conti-

358 1418 563 1475 nentia
594 1419 933 1490 praescripta
964 1419 1292 1490 conjugatis
1325 1423 1449 1474 tum
1481 1419 1540 1474 in
1574 1420 1865 1485 Adventu,
1888 1423 2016 1474 tum

358 1507 537 1564 etiam
563 1507 771 1563 diebus
798 1506 1004 1578 viginti
1035 1512 1167 1578 post
1191 1507 1414 1574 Natale,
1440 1507 1499 1561 in
1533 1508 1752 1563 octavis
1785 1506 2016 1562 Paschas

355 1600 413 1652 et
443 1596 836 1663 Pentecostes,
870 1595 929 1650 in
972 1595 1211 1663 litaniis,
1246 1600 1304 1651 et
1333 1595 1599 1650 omnium
1632 1596 2016 1650 festivitatum

355 1683 780 1757 vigiliis,sextis
811 1683 989 1739 etiam
1013 1683 1497 1756 feriis,praecipue
1518 1689 1713 1740 autem
1739 1684 2016 1740 omnibus

358 1773 565 1829 diebus
614 1771 954 1827 Dominicis.
984 1771 1182 1836 Quoad
1242 1770 1448 1826 horam
1489 1771 1699 1842 jejunii
1751 1772 2012 1827 solvendi

353 1860 823 1932 Quadragesimar.
849 1864 1133 1931 tempore,
1157 1859 1356 1914 mitior
1381 1860 1622 1915 inducta
1644 1860 2016 1932 cognoscitur

351 1949 751 2006 ecclesiastica
779 1948 1271 2021 disciplina.Cum
1297 1949 1452 2004 enim
1486 1965 1554 2004 ex
1582 1948 1757 2004 veteri
1784 1949 2015 2004 institu-

351 2039 510 2095 tione
541 2037 696 2093 idem
720 2035 1018 2108 jejunium
1049 2037 1511 2109 protrahendum
1541 2043 1696 2093 esset
1722 2038 1793 2093 ad
1815 2054 2013 2110 vespe-

354 2145 482 2184 ram
515 2143 723 2199 usque,
747 2127 808 2181 in
840 2125 1110 2199 Synodz’ca
1130 2125 1345 2182 solutio
1375 2127 1505 2198 ejus
1527 2127 1864 2184 conceditur
1881 2131 2015 2200 post

357 2217 563 2273 horam
597 2233 832 2272 nonam.
867 2218 979 2272 Hac
1005 2217 1076 2272 de
1119 2233 1178 2271 re
1208 2216 1424 2272 videsis
1455 2216 1623 2288 plura
1654 2216 1713 2270 in
1744 2217 2012 2272 eamdem

355 2306 710 2379 Synodicam,
771 2310 891 2361 not.
927 2307 1014 2361 48.
1050 2306 1298 2378 Expetit,
1359 2321 1429 2360 ne
1484 2304 1613 2360 ulla:
1675 2305 2014 2362 festivitates

363 2400 704 2454 sanctorum
737 2395 1011 2467 (exceptis
1043 2393 1207 2450 festis
1247 2399 1310 2449 Β.
1345 2393 1558 2466 Maria),
1591 2394 2010 2467 apostolorum,

359 2502 426 2543 ac
459 2483 716 2541 ecclesia:
748 2483 1000 2556 patroni)
1034 2484 1091 2538 in
1121 2483 1597 2556 Quadragesima,
1627 2489 1685 2539 et
1717 2483 1773 2538 in
1807 2483 2015 2539 diebus

347 2575 566 2646 jejunii
599 2577 851 2646 quatuor
879 2579 1213 2645 temporum
1244 2573 1630 2639 celebrentur,
1655 2572 1761 2627 hac
1793 2573 2015 2627 ratione

356 2663 556 2720 allata.
584 2663 722 2735 quia
752 2662 844 2718 his
871 2663 1078 2719 diebus
1108 2686 1134 2716 α
1153 2661 1343 2734 magis
1367 2662 1662 2732 jejunium
1692 2651 2013 2717 tenendum

359 2770 540 2826 quam
572 2752 855 2808 festivitas
876 2751 1279 2808 celebranda.»
1305 2751 1448 2806 Cum
1477 2751 1697 2806 scilicet
1725 2768 1793 2806 ex
1825 2750 2011 2806 Eccle-

356 2842 455 2898 siae
489 2840 804 2914 disciplina
833 2842 1042 2897 diebus
1074 2840 1296 2897 festivis
1337 2856 1451 2895 non
1490 2845 1818 2895 servaretur
1855 2841 2012 2911 jeju-

356 2931 628 2998 nium,ut
667 2947 736 2985 ex
773 2929 920 3002 ipsis
943 2929 1413 3002 Quadragesima:
1452 2928 1768 2984 Dominicis
1809 2927 2008 3001 liquet,

356 3021 524 3087 festa,
549 3037 678 3092 quae
709 3020 768 3074 in
820 3019 942 3074 dies
982 3019 1343 3090 jejuniorum
1387 3018 1730 3085 inciderent,
1761 3019 2012 3074 transfe-

358 3109 542 3167 renda
597 3107 992 3164 existimabat.
1021 3107 1168 3163 Illud
1199 3108 1435 3163 tandem
1496 3124 1610 3162 non
1664 3107 2012 3178 praetermit-

2044 1814 2091 1880 B

2129 550 2234 588 suo
2263 535 2401 590 item
2426 535 2629 592 clerico
2652 553 2886 592 uxorem
2909 536 3246 592 tradiderat.
3266 540 3408 594 Cum
3427 534 3772 590 clericorum

2128 623 2363 694 nuptias
2393 626 2700 698 episcopus
2732 643 2960 697 semper
2989 629 3077 681 est
3115 626 3457 691 detestatus,
3487 628 3612 678 tum
3642 638 3776 678 vero

2129 712 2186 765 in
2221 712 2328 767 has
2351 714 2672 784 praesertim
2699 714 3009 780 invehitur,
3035 731 3100 770 eo
3124 713 3280 785 quod
3309 712 3646 784 illegalitate
3669 712 3779 766 du-

2128 799 2262 871 plici
2303 807 2360 855 et
2402 802 2870 875 Quadragesima:
2924 807 3181 874 tempore
3230 800 3384 856 inita:
3436 799 3671 867 fuerint,
3726 803 3784 854 et

2129 893 2293 944 nocte
2324 889 2629 945 Dominica
2655 896 3094 947 consummatre.
3121 889 3322 946 Simile
3343 889 3646 962 quidpiam
3675 903 3778 944 an-

2128 981 2221 1032 tea
2256 979 2466 1034 fecerat
2497 980 2912 1049 Pedrevertus;
2947 981 3045 1036 sed
3092 980 3150 1034 in
3202 996 3269 1034 ea
3315 977 3580 1034 cautione
3633 992 3779 1032 usus

2127 1065 2333 1134 fuerat,
2351 1071 2413 1122 ut
2435 1068 2877 1124 matrimonium
2911 1087 2944 1124 a
2978 1068 3097 1124 ﬁlio
3128 1068 3504 1124 contrahetur
3529 1065 3776 1131 occulte,

2123 1154 2380 1209 Joannes
2400 1172 2532 1210 vero
2560 1180 2586 1205 ‹‹
2613 1160 2732 1211 tam
2765 1157 3070 1212 manifeste
3102 1157 3208 1212 hoc
3231 1157 3464 1222 fecit,ut
3483 1155 3777 1210 neminem

2126 1242 2300 1298 istius
2332 1243 2579 1301 civitatis
2611 1245 2787 1301 latere
2817 1245 3124 1301 valuerit.»
3148 1247 3403 1300 Tantum
3431 1242 3776 1300 scandalum

2127 1349 2241 1387 non
2269 1333 2570 1388 ferendum
2595 1333 2906 1406 episcOpus
2927 1335 3118 1400 duxit;
3141 1356 3167 1383 ‹‹
3190 1333 3328 1404 quia
3348 1334 3394 1388 si
3419 1331 3778 1403 irreprehen-

2126 1436 2257 1474 sum
2281 1421 2795 1493 relinquitur,jure
2817 1423 3034 1478 factum
3055 1422 3294 1478 omnino
3316 1420 3636 1476 videbitur:
3653 1418 3779 1476 nul-

2126 1506 2220 1563 lus
2251 1509 2406 1564 enim
2431 1526 2543 1564 non
2565 1510 2856 1566 dubitabit
2876 1510 3208 1583 exemplum
3229 1510 3364 1565 inde
3383 1509 3774 1581 capere,quod

2125 1598 2474 1668 compererit
2495 1599 3233 1671 neminemvituperasse.»
3257 1599 3509 1654 Mentem
3533 1597 3773 1668 quidem

2124 1689 2432 1756 parentum
2455 1685 2514 1741 in
2537 1687 2697 1743 hisce
2721 1687 2974 1743 liliorum
2997 1687 3217 1759 nuptiis
3238 1687 3620 1759 procurandis
3643 1702 3773 1742 eam

2124 1773 2306 1829 fuisse
2335 1774 2820 1847 existimat,quod
2853 1776 2913 1830 in
2936 1775 3366 1847 comparatione
3391 1774 3530 1836 mali
3561 1773 3775 1831 melius

2123 1867 2278 1918 esset
2308 1879 2407 1918 eos
2428 1864 2526 1918 uni
2559 1865 2720 1919 uxori
2744 1865 3240 1937 conjungi,quam
3267 1879 3369 1936 per
3388 1862 3586 1935 plures
3605 1862 3772 1923 femi-

2123 1968 2228 2006 nas
2261 1951 2448 2024 magis
2499 1953 2793 2008 mortifere
2840 1952 3118 2026 divagari.
3151 1954 3260 2009 Sed
3293 1955 3501 2024 praeter
3526 1952 3772 2009 vetitum

2123 2040 2460 2112 nuptiarum
2491 2044 2724 2113 tempus
2754 2041 2896 2097 illud
2927 2042 3213 2114 praecipue
3235 2041 3455 2098 malum
3475 2041 3548 2100 ob
3571 2040 3771 2098 oculos

2121 2129 2306 2202 ponit,
2341 2131 2494 2201 quod
2547 2129 2605 2184 in
2653 2130 2944 2202 ejusmodi
2973 2131 3316 2187 clericorum
3348 2130 3594 2202 nuptiis,
3623 2146 3771 2202 quas

2123 2217 2304 2274 sacris
2352 2218 2676 2274 canonibus
2724 2219 3067 2275 interdictas
3098 2219 3369 2276 adulterii
3406 2219 3533 2275 loco
3574 2219 3770 2286 habet,

2122 2324 2256 2363 cum
2289 2312 2484 2379 patres
2515 2307 2707 2364 clerici
2739 2309 2891 2364 ﬁlios
2944 2309 3084 2364 item
3116 2308 3355 2364 clericos
3400 2308 3773 2366 matrimonio

2114 2397 2390 2468 jungant,
2423 2402 2479 2452 et
2509 2397 2785 2453 similiter
2815 2397 2916 2452 ﬁlii
2959 2414 3094 2452 cum
3134 2396 3260 2452 suis
3289 2396 3425 2451 ﬁliis
3457 2413 3520 2452 se
3547 2401 3772 2468 gerant,

2124 2489 2431 2556 parentum
2463 2484 2817 2540 adulterium
2847 2483 3057 2539 transit
3087 2483 3145 2538 in
3173 2483 3345 2550 ﬁlios,
3374 2488 3429 2538 et
3460 2483 3540 2537 ita
3571 2499 3774 2554 perpe-

2122 2579 2292 2628 tuum
2351 2573 2620 2628 efﬁcitur.
2646 2571 2998 2643 «.Quocirca,
3021 2594 3047 2620 »
3085 2570 3294 2642 inquit,
3325 2594 3346 2620 ι
3383 2570 3657 2625 monendi
3717 2575 3775 2626 et

2123 2661 2487 2728 obsecrandi,
2510 2662 2736 2731 fratres,
2764 2666 2828 2717 ut
2859 2661 2996 2733 quia
3028 2651 3356 2733 prohibere,
3388 2661 3532 2732 proh
3565 2659 3774 2716 dolor?

2123 2769 2156 2807 a
2186 2750 2531 2806 mulieribus
2555 2750 2758 2807 valetis
2789 2750 2949 2807 nullo
2981 2751 3176 2818 modo,
3200 2749 3352 2810 ﬁlios
3382 2751 3452 2806 de
3483 2748 3646 2806 vobis
3667 2766 3772 2822 ge-

2123 2845 2353 2896 nerat-os
2384 2839 2742 2896 dimitteritis
2771 2840 2978 2896 saltem
3009 2829 3140 2896 esse
3183 2839 3382 2908 laicos,
3413 2837 3564 2894 filias
3604 2837 3770 2895 laicis

2111 2929 2444 3002 jungeritis,
2463 2933 2527 2984 ut
2546 2929 2631 2985 vel
2658 2930 2714 2984 in
2740 2930 2852 2984 ﬁne
2878 2928 3086 2985 saltem
3108 2933 3299 2990 vestro
3331 2927 3764 2996 terminaretur,

2120 3024 2175 3074 et
2197 3035 2490 3090 nusquam
2525 3018 2582 3072 in
2607 3019 2781 3074 tinem
2815 3018 3008 3074 saeculi
3039 3019 3277 3074 duraret
3297 3016 3649 3073 adulterium
3671 3033 3766 3072 ve-

2122 3107 2662 3167 strum.»Similiter
2681 3108 2932 3163 deterret
2951 3106 3128 3163 etiam
3149 3106 3347 3174 laicos,
3370 3122 3439 3162 ne
3461 3105 3612 3161 ﬁlias
3634 3122 3768 3162 cum

357 3200 620 3265 tendam,
654 3196 790 3252 huic
821 3197 1127 3268 Synodicee,
1161 3215 1195 3252 a
1226 3214 1388 3251 num.
1422 3198 1456 3250 6
1487 3196 1559 3250 ad
1596 3195 2007 3252 duodecimum
2042 3181 2084 3247 C
2123 3195 2349 3253 clericis
2359 3198 2644 3268 jungant;
2665 3214 2732 3252 ac
2751 3201 3053 3268 propterea
3070 3195 3321 3251 nobilem
3341 3196 3773 3266 [enumquam-

361 3304 550 3359 usque
579 3287 881 3352 insertam,
905 3285 1018 3358 legi
1045 3284 1368 3341 solemnem
1395 3285 1713 3356 quamdam
1746 3283 2014 3340 ecclesia-

361 3377 573 3434 sticam
629 3374 965 3442 formulam,
1003 3391 1129 3446 quae
1174 3373 1438 3446 legenda,
1474 3377 1576 3428 aut
1630 3373 1926 3430 recitanda
1955 3372 2013 3427 in

362 3465 607 3539 synodo,
640 3464 968 3530 Admonitio,
1004 3480 1105 3519 seu
1133 3467 1322 3518 Sermo
1350 3462 1630 3534 synodalis
1661 3463 1719 3517 in
1760 3461 2016 3518 melioris

365 3560 513 3612 notae
544 3553 845 3610 codicibus
875 3552 1249 3620 inscribitur;
1274 3568 1522 3624 quaeque
1543 3553 1819 3607 Sermonis
1849 3551 2016 3606 titulo

366 3643 547 3702 Leoni
577 3643 650 3699 IV
672 3661 704 3698 a
725 3641 1022 3698 nonnullis
1045 3658 1346 3714 perperam
1371 3640 1730 3695 attribuitur.
1748 3640 1888 3695 Vide
1909 3639 2019 3694 hac

368 3734 438 3789 de
470 3749 530 3789 re
562 3731 732 3804 plura
771 3730 832 3786 in
880 3730 1289 3786 Admonitione
1339 3729 1410 3784 ad
1462 3729 1652 3800 ipsam
1695 3727 2022 3798 Synodz'ca-m

367 3838 532 3878 num.
566 3825 617 3878 2.
1393 3815 1400 3822 '

441 3912 564 3966 113.
589 3911 733 3966 Cum
755 3909 944 3964 hacin
966 3909 1239 3982 Synodz’ca
1264 3907 1594 3981 episcopus,
1611 3911 1673 3962 ut
1695 3906 2019 3974 innuimus,

370 3998 888 4057 sanctiﬁcationem
917 3999 1030 4054 diei
1075 3997 1388 4054 Dominica:
1434 3997 1806 4070 potissimum
1835 3995 2022 4051 incul-

373 4095 481 4156 cet,
517 4089 626 4145 hac
671 4089 975 4145 occasione
1032 4089 1614 4144 commemorandum
1671 4087 2028 4141 arbitramur

372 4179 594 4235 factum
625 4178 921 4250 quoddam
957 4178 1028 4233 ad
1057 4178 1321 4232 eamdem
1345 4175 1866 4232 sanctiﬁcationem
1899 4192 2027 4246 per-

372 4269 591 4334 tinens,
625 4265 816 4341 [cxcu]
847 4283 915 4322 ex
954 4283 1068 4338 quo
1120 4265 1475 4338 exploratius
1517 4258 1759 4336 patebit,
1795 4268 2026 4336 quanta:

2122 3287 2257 3341 dam
2310 3285 2589 3340 feminam
2622 3308 2648 3334 ‹‹
2685 3286 2935 3340 dominae
2972 3308 2999 3334 ››
3046 3283 3431 3356 appellatione
3474 3283 3772 3349 donatam,

2125 3393 2251 3447 quae
2285 3375 2476 3429 fratris
2511 3374 2602 3430 sui
2655 3373 2849 3429 clerici
2906 3373 3085 3428 ﬁliam
3119 3372 3326 3429 clerico
3376 3373 3624 3428 Joannis
3655 3372 3775 3427 ﬁlio

2126 3463 2332 3535 nuptui
2367 3463 2623 3529 dederat,
2655 3463 2748 3518 his
2777 3462 2969 3517 verbis
3001 3462 3212 3516 affatur
3242 3478 3405 3516 num.
3439 3463 3471 3516 3
3503 3478 3561 3516 :«
3594 3463 3638 3517 Ο
3669 3461 3780 3516 uti-

2127 3570 2268 3608 nam.
2297 3557 2380 3617 tu,
2408 3551 2666 3618 domina,
2694 3549 2786 3606 cui
2830 3556 2948 3605 tam
2980 3551 3168 3604 bonus
3211 3551 3390 3604 frater
3437 3554 3598 3604 tanta
3625 3549 3780 3604 bona

2129 3640 2370 3696 dimisit.
2395 3639 2503 3693 hoc
2534 3643 2707 3692 antea
2736 3637 3076 3708 cogitasses;
3105 3642 3161 3690 et
3189 3635 3370 3721 filiam
3402 3635 3590 3706 ipsius
3619 3635 3779 3690 illius

2131 3730 2299 3783 bonis
2331 3726 2692 3781 benedictam
2727 3725 2828 3780 uni
2863 3725 3012 3779 bono
3034 3723 3296 3780 dedisses
3328 3722 3495 3790 laico,
3519 3727 3575 3779 et
3604 3724 3781 3778 ﬁnem

2130 3815 2318 3888 ipsius
2372 3814 2759 3887 imposuisses
2820 3817 3110 3886 peccato,»
3161 3813 3442 3868 nimirum
3496 3811 3781 3885 illi,quod

2134 3905 2484 3962 adulterium
2516 3905 2757 3962 vocavit.
2785 3903 2863 3960 Iis
2891 3920 3046 3970 vero,
3066 3903 3165 3976 qui
3191 3902 3530 3960 memoratis
3561 3901 3783 3975 nuptiis

2133 3995 2374 4051 vetitum
2406 4000 2637 4065 tempus
2667 3992 2976 4061 violarunt,
2997 3991 3382 4065 quadraginta
3410 3992 3638 4048 dierum
3672 4007 3786 4063 pce-

2135 4084 2440 4140 nitentiam
2502 4083 2798 4154 imposuit,
2861 4088 2946 4150 ct,
3007 4083 3162 4154 quod
3225 4082 3283 4136 in
3341 4080 3783 4137 aediﬁcationem

2122 4173 2387 4249 maxime
2418 4172 2587 4238 cedit,
2617 4173 2882 4228 eamdem
2934 4188 3164 4244 quoque
3213 4171 3615 4243 pcenitentiam
3645 4168 3791 4224 sibi-

2139 4263 2371 4334 metipsi
2405 4261 2782 4334 praescripsit,
2816 4261 3034 4333 quippe
3073 4260 3194 4331 qui,
3228 4260 3328 4325 ait,
3356 4280 3386 4309 «
3418 4258 3619 4329 utique
3649 4257 3787 4312 hac-

375 4374 528 4414 curas
561 4355 672 4428 ipsi
703 4356 879 4412 fuerit
907 4356 1026 4411 haec
1057 4354 1446 4412 observantia.
1473 4377 1498 4403 ‹‹
1524 4353 1668 4409 Cum
1702 4369 2031 4409 cxcommu-
2140 4356 2334 4416 tenus,
2357 4350 2500 4404 dum
2535 4367 2649 4404 non
2697 4350 2907 4419 restiti,
2931 4348 3303 4404 consentiens
3331 4345 3431 4400 fui.
3461 4368 3488 4394 »
3510 4345 3640 4400 Haec
3670 4361 3789 4415 pce-

377 4444 668 4502 nicatione
697 4444 992 4513 interdixi,
1016 4465 1044 4494 »
1072 4444 1264 4515 inquit
1295 4443 1353 4497 in
1386 4444 1554 4515 epist.
1587 4444 1654 4496 12
1685 4442 1755 4498 ad
1788 4442 2031 4496 Ambro-
2142 4440 2388 4495 nitentia
2418 4439 2475 4492 in
2501 4439 2729 4509 jejunio
2761 4437 3134 4509 potissimum
3159 4435 3272 4490 sita
3301 4437 3443 4499 erat,
3467 4455 3495 4482 ‹‹
3530 4432 3611 4486 ita
3638 4431 3795 4486 vide-

375 4536 602 4601 sium,«
634 4539 698 4588 ut
727 4535 797 4589 ab
827 4550 998 4606 opere
1030 4533 1223 4598 servili
1263 4530 1566 4587 Dominica
1597 4531 1688 4585 die
1715 4534 2028 4585 cessarent.
2063 4545 2110 4609 D
2143 4528 2297 4595 licet,
2329 4533 2394 4582 ut
2423 4527 2470 4579 si
2505 4526 2694 4581 caeteri
2718 4525 2918 4580 ﬁdeles
2941 4523 3282 4578 reﬁciuntur
3302 4521 3472 4576 tertia
3499 4519 3664 4586 hora,
3688 4535 3795 4574 nos

378 4624 439 4681 Id
467 4639 603 4679 cum
624 4623 886 4678 evincere
910 4621 1072 4678 nullo
1095 4622 1266 4677 modo
1288 4619 1626 4686 valuissem,
1651 4622 1848 4691 portas
1869 4619 2030 4688 (sub-
2066 4607 2099 4609 _
2145 4621 2334 4682 sexta;
2369 4615 2417 4669 si
2452 4613 2533 4667 illi
2566 4617 2744 4677 sexta,
2769 4629 2874 4667 nos
2896 4627 3077 4677 nona;
3107 4609 3156 4665 si
3176 4607 3258 4664 illi
3282 4626 3455 4677 nona,
3481 4625 3588 4664 nos
3610 4623 3798 4679 usque

378 4711 798 4784 audicivitatis)
812 4711 1069 4768 obserari
1091 4708 1596 4767 contravenientia
1616 4707 1880 4780 plaustra
1897 4724 2035 4779 prae-
2146 4707 2216 4762 ad
2243 4719 2545 4775 vesperam
2569 4702 2976 4772 jejunemus.»

380 4802 529 4875 cepi.
554 4802 706 4856 Num
738 4799 796 4856 id
828 4801 936 4856 sub
969 4800 1079 4856 hoc
1115 4799 1402 4871 Synodicze
1433 4802 1686 4868 tempus,
1715 4795 2035 4867 eodemque
2219 4795 2340 4849 115.
2374 4792 2504 4847 Otto
2537 4792 2555 4847 Ι
2589 4792 2926 4862 imperator,
2953 4805 3106 4844 anno
3133 4790 3259 4856 966,
3289 4788 3515 4845 Italiam
3548 4786 3800 4859 repetiit,

382 4909 536 4948 anno
557 4890 663 4944 966
683 4889 1010 4962 contigerit,
1030 4906 1102 4944 an
1133 4887 1450 4962 aliquando
1483 4890 1615 4942 ante
1643 4884 1732 4941 vel
1763 4889 1916 4957 post,
1946 4885 2034 4938 in-
2148 4889 2215 4940 ut
2241 4880 2613 4938 rebellionem
2645 4884 2847 4935 contra
2868 4879 3154 4935 Joannem
3175 4878 3301 4934 ΧΙΙΙ
3323 4893 3624 4934 summum
3657 4892 3802 4949 pon-

387 4986 611 5036 certum
633 4979 917 5036 est.Certe
936 4995 1070 5034 vero
1100 4978 1210 5034 hoc
1236 4978 1455 5033 factum
1489 4993 1522 5030 a
1554 4974 1852 5031 malevolis
1883 4991 2036 5029 arre-
2147 4973 2363 5028 tiﬁcem
2395 4970 2703 5027 excitatam
2764 4968 3125 5040 reprimeret.
3151 4967 3269 5023 Hac
3316 4968 3461 5024 forte
3509 4967 3580 5022 de
3627 4981 3806 5021 causa

390 5074 555 5142 ptum
585 5073 788 5142 postea
818 5068 947 5131 fuit,
975 5084 1108 5122 cum
1141 5071 1341 5139 aperta
1367 5063 1680 5120 rebellione
1700 5063 2039 5135 episcopum
2153 5060 2443 5135 episcopis
2473 5059 2742 5132 praecepit
2765 5061 2829 5113 ut
2855 5057 3077 5113 milites
3098 5073 3236 5113 suos
3261 5061 3543 5128 tanquam
3576 5052 3807 5125 imperii

392 5157 590 5213 multis
621 5155 1102 5215 accusationibus
1134 5154 1578 5227 impetiverunt;
1613 5153 1767 5208 unde
1801 5153 2001 5208 subdit
2034 5171 2047 5208 :
2160 5150 2442 5207 vassallos
2467 5149 2536 5203 ad
2565 5147 2783 5203 bellum
2805 5146 3141 5218 dirigerent.
3169 5146 3365 5218 Itaque
3395 5143 3611 5199 milites
3631 5143 3808 5198 etiam

2163 5239 2502 5296 Ratherium
2537 5238 2765 5292 mittere
2790 5235 2990 5307 jussit.
3025 5235 3087 5291 In
3119 5235 3270 5292 hanc
3300 5251 3424 5290 rem
3454 5232 3816 5289 animadver-

2162 5331 2341 5386 tenda
2357 5329 2470 5384 duo
2495 5326 2988 5398 testimonia,qum
3008 5324 3286 5398 leguntur
3303 5325 3363 5380 in
3381 5323 3610 5379 duobus
3630 5318 3823 5377 nostri.

2165 5417 2419 5474 auctoris
2449 5413 2751 5488 opusculis
2783 5414 3018 5486 scriptis
3047 5415 3250 5469 eodem
3286 5431 3439 5469 anno
3468 5412 3594 5468 966.
3629 5410 3816 5481 Impe-

2166 5507 2307 5563 riale
2341 5507 2694 5578 przeceptum
2724 5503 2795 5559 de
2843 5502 3128 5559 militibus
3158 5501 3477 5576 dirigendis
3508 5499 3730 5556 indicat
3758 5496 3817 5549 in

2173 5611 2442 5652 sermone
2462 5593 2527 5649 de
2551 5591 2726 5649 Maria
2751 5597 2800 5650 et
2828 5593 3038 5650 Martha
3060 5591 3364 5650 lucubrato
3397 5595 3529 5665 post
3557 5586 3818 5647 medium

392 5269 419 5296 «
450 5247 567 5302 Hoc
600 5245 830 5301 facinus
881 5251 981 5300 aut
1031 5249 1238 5311 morte,
1267 5248 1369 5299 aut
1420 5241 1761 5314 expulsione
1793 5259 1923 5298 mea
1953 5243 2049 5297 de-

391 5335 527 5392 bere
551 5334 907 5407 judicabant
936 5334 1178 5407 expiari.
1217 5356 1244 5382 ››

464 5426 588 5480 114.
626 5424 761 5480 Post
813 5423 1340 5500 Quadragesimam
1397 5420 1534 5478 anni
1586 5421 1694 5475 966
1744 5420 2053 5476 Ratherius

386 5512 743 5588 epusculum
787 5513 1026 5586 scripsit
1075 5512 1140 5568 de
1189 5513 1374 5583 Nupta
1404 5511 1606 5566 illicito
1639 5508 1790 5578 (Vid.
1826 5513 1945 5563 not.
1976 5508 2051 5579 4).

393 5603 543 5662 Huic
559 5602 927 5661 occasionem
951 5600 1201 5676 praebuit
1219 5601 1474 5659 Joannes
1498 5596 1853 5655 Veronensis
1869 5597 2055 5653 Eccle-
