4026 6186
309 277 430 351 119

1267 271 1718 347 BATHERIUS
1761 267 2262 343 VERONENSIS
2304 263 2758 342 EPISGOPUS.

3605 257 3720 336 120

308 419 640 496 Augustum
697 414 834 478 anni
892 416 1158 494 ejusdem
1214 429 1379 475 nam.
1410 413 1441 473 4
1473 435 1486 473 :
1513 437 1542 466 «
1583 405 1816 481 Milites,
1849 410 1951 479 ait,
1981 405 2036 478 Α
2063 403 2417 483 cpueculum
2448 411 2713 483 ejusdem
2745 415 2835 467 est
2861 406 3076 468 indolis
3106 424 3172 468 ac
3198 407 3345 467 illud
3376 407 3442 467 de
3471 408 3720 468 Contem-

311 512 549 583 quando
578 510 756 566 etiam
788 525 949 567 meos
977 511 1054 566 ob
1083 508 1331 566 Caesaris
1361 521 1502 579 cogo
1532 505 1904 576 praeceptum.
1934 519 1962 549 n

311 600 512 672 Ipsum
538 614 672 656 vero
703 603 1057 672 praeceptum
1090 599 1149 654 in
1181 595 1602 670 expeditionem
1636 594 1962 648 Romanam

311 686 424 745 sibi
461 689 589 761 jam
623 689 1034 745 denuntiatum
1067 687 1360 760 signiﬁcat
1390 685 1448 739 in
1491 678 1966 751 Itinerario,quod

311 777 468 835 circa
497 778 714 834 festum
741 779 800 834 S.
822 778 1064 834 Andrea
1095 775 1372 840 exaravit,
1393 774 1534 828 dum
1567 787 1732 826 num.
1769 770 1792 824 1
1830 767 1970 823 scri-

311 865 402 922 bit
441 882 504 923 se
548 867 794 924 Romam
841 867 1237 939 profecturum
1261 886 1289 914 ‹‹
1323 879 1438 920 non
1489 857 1796 934 imperiali,
1832 855 1969 930 quia

314 954 668 1029 imperatum
691 960 781 1012 est
801 955 1064 1022 minime,
1082 956 1280 1026 jussu,
1300 951 1516 1008 milites
1537 949 1728 1006 solum
1751 951 1815 1004 ut
1838 946 1970 1002 mit.-

188 1071 200 1076 -
313 1047 499 1101 tarem
532 1059 693 1100 meos
725 1046 795 1100 ab
826 1061 892 1101 eo
921 1043 1154 1114 (Ottone
1182 1043 1225 1115 I)
1259 1057 1390 1097 cum
1435 1037 1583 1095 mihi
1615 1039 1690 1093 sit
1719 1037 1969 1108 impera-

313 1135 511 1189 tum.»
533 1133 679 1188 Cum
712 1133 784 1189 de
815 1133 1078 1188 Romano
1110 1131 1314 1186 itinere
1345 1133 1498 1202 agat,
1529 1127 1682 1200 quod
1715 1141 1831 1180 non
1860 1124 1970 1178 im-

314 1219 518 1293 periali
539 1222 736 1293 jussu,
765 1237 871 1277 nec
902 1219 1037 1276 belli
1071 1235 1249 1275 causa
1278 1233 1341 1273 se
1371 1219 1781 1288 suscepturum
1814 1212 1970 1267 aflir-

316 1312 461 1376 mat,
484 1306 887 1383 proculdubio
915 1307 1189 1364 militaris
1213 1304 1520 1380 expeditio,
1538 1321 1664 1376 quae
1696 1321 1730 1359 a
1753 1303 1972 1357 Caesare

316 1401 607 1470 praecepta
637 1399 766 1466 fuit,
797 1398 856 1454 in
909 1398 1204 1454 Romanas
1252 1399 1446 1468 partes
1476 1398 1677 1450 contra
1726 1389 1972 1447 Romani

317 1487 612 1558 pontiﬁcis
640 1483 840 1543 hostes
870 1488 1088 1543 directa
1125 1503 1239 1542 non
1274 1485 1521 1540 obscure
1560 1482 1845 1537 innuitur.
1869 1480 1972 1535 So-

317 1573 408 1630 los
437 1580 632 1631 autem
665 1570 930 1632 Ecclesia:
952 1574 1305 1632 Veronensis
1325 1571 1544 1628 milites
1568 1587 1669 1626 seu
1689 1567 1974 1624 vaesallos

319 1663 482 1721 mitti—
503 1665 706 1736 jussit,
732 1658 1067 1737 imperator,
1093 1679 1209 1720 non
1259 1679 1390 1719 vero
1424 1662 1496 1718 ad
1544 1659 1763 1716 bellum
1798 1657 1973 1730 profi-

318 1752 459 1809 ci'sci
487 1751 672 1810 voluit
701 1755 878 1810 etiam
911 1753 1274 1823 Ratherium,
1299 1752 1400 1824 qui
1447 1749 1718 1806 militiam
1749 1746 1974 1802 clericis

317 1845 378 1899 et
405 1841 592 1900 multo
616 1843 807 1916 magis
839 1841 1129 1916 episcopis
1150 1843 1430 1898 canonica
1450 1839 1574 1912 lege
1605 1834 1977 1892 interdictam

321 1931 671 2004 refugiebat.

398 2020 521 2076 116.
545 2020 934 2078 Memoratum
967 2036 1135 2093 opus,
1153 2020 1308 2092 quod
1330 2017 1690 2075 Itinerarium
1717 2013 1981 2078 vocatur,

325 2122 434 2166 cur
463 2103 776 2166 Ratberius
795 2110 886 2180 (V.
911 2113 1032 2166 not.
1058 2109 1113 2181 1)
1136 2110 1246 2164 sub
1276 2109 1455 2182 hujus
1481 2107 1619 2163 anni
1647 2107 1825 2162 finem
1848 2103 1987 2160 scri-

326 2198 529 2273 pserit,
560 2195 972 2271 eXplicandum
1005 2203 1113 2254 est.
1148 2199 1564 2270 Imperatorem
1596 2198 1799 2268 [cxuv]
1847 2211 1983 2251 cum

327 2285 534 2344 multis
562 2290 690 2342 tum
729 2286 906 2343 Italiaa
941 2291 1066 2343 tum
1099 2286 1423 2343 Germanice
1462 2285 1751 2359 episcopis
1786 2285 1982 2341 Romae

328 2377 599 2433 futurum
630 2393 746 2432 non
788 2376 1141 2449 ambigebat.
1171 2398 1198 2426 «
1229 2375 1708 2448 Sapientissimos
1747 2374 1924 2442 enim,
1955 2396 1982 2423 »

330 2465 415 2523 ait
444 2483 608 2522 num.
633 2467 686 2535 3,
721 2489 740 2517 ε
774 2469 893 2521 tam
917 2466 988 2521 dc
1010 2467 1124 2522 isto
1156 2481 1334 2538 regno
1357 2464 1435 2537 (id
1459 2468 1548 2520 est
1574 2463 1983 2536 ltalico)quam

330 2559 389 2612 et
418 2554 487 2611 de
516 2554 631 2624 his,
661 2556 762 2628 qui
795 2571 927 2610 cum
957 2555 1200 2610 domino
1229 2558 1431 2610 nostro
1453 2556 1735 2609 venerunt
1755 2555 1986 2625 semper

330 2638 593 2717 Augusto
626 2644 852 2716 (utique
885 2659 952 2700 ex
981 2642 1312 2715 Germania)
1343 2642 1463 2698 illic
1495 2643 1712 2714 (Romae
1745 2641 1984 2714 scilicet)

333 2729 641 2788 adfuturos
663 2743 1016 2804 cognosco.»
1039 2731 1184 2788 Cum
1207 2749 1275 2787 ex
1305 2731 1401 2787 his
1432 2730 1761 2804 plenarium
1793 2729 1985 2786 conci-

333 2814 481 2876 lium
502 2821 630 2892 cogi
651 2825 899 2893 poterat,
915 2825 1042 2876 tum
1063 2837 1195 2876 vero
1217 2825 1598 2876 convocatum
1621 2819 1690 2875 iri
1713 2820 1988 2892 sperabat

333 2908 628 2982 pontificis
640 2913 698 2965 et
713 2909 1084 2981 imperatoris
1099 2924 1274 2982 opera
1285 2924 1335 2963 :«
1350 2925 1496 2980 quos
1513 2913 1983 2974 convocaturos,»

335 2995 548 3069 inquit,
572 3010 598 3049 «ι
634 2998 923 3072 synodum
973 3002 1215 3053 autumo
1265 2995 1677 3063 universalem,
1709 2996 1988 3052 concedat

335 3085 491 3145 Deus
521 3092 731 3145 sancta
774 3086 1065 3155 Ecclesiae,
1100 3091 1166 3142 ut
1208 3086 1458 3159 expedit,
1492 3086 1718 3143 utilem.
1744 3108 1772 3136 »
1799 3085 1986 3157 Hujus

2065 505 2167 572 pta
2194 515 2485 556 canonum.
2515 501 2666 556 Num
2706 517 2840 557 vero
2889 501 3202 558 Ratherius
3247 501 3582 558 Romanum
3613 501 3723 558 iter

2071 590 2414 662 susceperit,
2439 593 2494 645 et
2523 589 2582 644 in
2617 591 2878 645 Romana
2919 592 3139 664 synodo
3169 590 3406 647 ineunte
3451 607 3603 647 anno
3633 608 3720 647 se-

2073 678 2274 750 quenti
2306 678 2508 733 habita
2537 695 2706 734 suam
2734 695 2970 735 causam
3004 678 3390 752 proposuerit,
3415 679 3726 736 documen-

2073 771 2268 823 torum
2315 765 2512 838 inopia
2560 767 2883 840 ignoratur.
2911 766 3187 823 Nonnulli
3233 768 3471 840 quidem
3519 769 3723 824 existi—

2076 860 2242 912 mant
2273 855 2467 927 ipsum
2499 855 2609 912 hoc
2640 855 2992 928 opusculum
3020 856 3463 923 lucubrasse,ut
3486 857 3726 914 clericos

2075 945 2186 1001 hac
2216 948 2338 999 arte
2381 945 2453 1000 ad
2485 944 2946 1017 resipiscendum
2979 947 3309 1002 adduceret.
3324 948 3554 1003 Certum
3592 964 3726 1003 vero

2078 1037 2168 1089 est
2198 1048 2333 1088 eum
2377 1033 2714 1090 interfuisse
2765 1035 2985 1107 synodo
3017 1035 3198 1108 [cxav]
3230 1035 3567 1103 Ravennati,
3600 1051 3728 1110 quae

2077 1121 2188 1177 fuit
2215 1121 2372 1177 velut
2404 1124 2696 1196 appendix
2725 1123 2952 1180 concilii
2987 1124 3255 1191 Romani,
3279 1129 3344 1180 ut
3372 1141 3438 1181 ex
3466 1125 3732 1182 dicendis

2079 1211 2445 1284 paragrapho
2477 1213 2745 1284 sequenti
2780 1212 3156 1269 manifestum
3188 1214 3307 1270 ﬁet.

2079 1299 2581 1373 §XVIII.—-Acta
2627 1303 2766 1357 anni
2808 1301 2932 1358 907.
2961 1304 3036 1359 De
3082 1304 3333 1359 conciliis
3381 1305 3620 1362 Romano
3679 1309 3734 1360 et

2151 1373 2479 1428 Ravennate.
2511 1375 2796 1429 Decretum
2839 1382 3030 1430 contra
3074 1376 3522 1432 mulierositatem
3566 1377 3732 1432 cieri-

2151 1459 2357 1498 corum.
2405 1445 2694 1501 Ratherius
2741 1461 2770 1501 e
2818 1447 3128 1502 Ravennate
3182 1449 3413 1503 concilio
3470 1449 3736 1504 Veronam

2152 1531 2457 1589 regressus,
2494 1517 2890 1589 _diazcesanam
2945 1517 3212 1589 synodum
3266 1526 3540 1575 convocat.
3601 1520 3737 1574 Acta

2153 1585 2316 1656 hujus
2337 1587 2549 1662 synodi.
2566 1585 3006 1662 Pauperioribus
3035 1589 3251 1662 clericis
3265 1591 3548 1662 prospicit.
3573 1589 3737 1645 Judi-

2152 1662 2300 1724 cato,
2349 1660 2443 1733 cui
2489 1660 2834 1733 subscribunt
2885 1659 3206 1733 patriarcha
3265 1659 3633 1733 'Aquileicnsis
3686 1664 3739 1717 et

2153 1729 2633 1805 comprovinciates
2672 1729 2911 1803 episcopi
2941 1734 3002 1788 in
3035 1732 3240 1804 synodo
3271 1729 3459 1789 coacti.
3491 1735 3741 1805 Impera-

2153 1802 2302 1856 toris
2316 1803 2669 1873 privilegium
2699 1802 2950 1859 Ratherio
2971 1802 3301 1861 concessum.
3327 1802 3743 1866 Tumultus'cle-

2160 1873 2404 1947 ticorum
2457 1876 2865 1947 νβνρῃφιδίιιθη,
2913 1878 2963 1947 et
3005 1876 3323 1947 opusculum
3371 1875 3620 1947 Ratherii
3669 1876 3743 1932 de

2162 1941 2401 2018 Clericis
2430 1943 2764 2001 rebellibus.
2797 1941 3050 2016 Ejusdem
3089 1947 3318 2018 epistola
3344 1947 3415 2003 ad
3443 1941 3746 2005 Martinam

2161 2015 2470 2087 episcopum
2496 2015 2922 2074 Ferrariensem.

2164 2103 2287 2159 117.
2308 2103 2625 2177 Imperator
2656 2106 2810 2171 Otto,
2829 2106 2929 2178 qui
2962 2123 3115 2163 anno
3146 2107 3490 2180 praecedenti
3521 2108 3580 2164 in
3602 2109 3746 2164 Ger-

2092 2193 2289 2249 mania
2319 2199 2450 2266 post
2476 2193 2736 2250 medium
2781 2197 3110 2269 Augustum
3143 2195 3380 2253 comitia
3418 2198 3745 2255 celebrave-

2091 2285 2202 2348 rat,
2227 2298 2362 2337 mox
2391 2283 2450 2337 in
2482 2281 2708 2338 Italiam
2733 2283 3047 2340 descendit.
3069 2285 3218 2341 Dum
3249 2285 3407 2341 enim
3432 2285 3747 2342 Ratberius

2091 2372 2447 2428 ltinerarium
2469 2372 2670 2428 eodem
2695 2387 2847 2429 anno
2870 2373 3024 2429 circa
3049 2373 3237 2430 sancti
3257 2374 3497 2431 Andreae
3529 2375 3747 2431 festum

2091 2459 2605 2533 scripsit,ille_jam
2637 2461 2752 2517 huc
2784 2479 2915 2518 cum
2951 2462 3154 2518 multis
3183 2464 3503 2519 Germaniae
3526 2464 3748 2537 episco-

2093 2549 2184 2621 pis
2207 2572 2234 2598 «
2257 2554 2492 2605 venerat
2515 2572 2542 2598 ››
2571 2551 2815 2607 Romam
2862 2551 3249 2625 profecturus,
3276 2553 3360 2608 uti
3405 2552 3655 2609 habetur
3683 2553 3744 2609 in

2093 2639 2294 2694 eodem
2327 2639 2611 2712 cpusculo
2641 2657 2806 2696 num.
2841 2641 2893 2696 3.
2920 2641 3113 2696 Romae
3137 2641 3372 2714 quidem
3397 2645 3522 2698 erat
3552 2641 3662 2698 sub
3685 2641 3750 2698 ii-

2094 2744 2228 2784 nem
2262 2728 2610 2800 decembris,
2642 2729 2740 2785 ubi
2775 2729 3039 2786 natalitia
3071 2730 3220 2787 festa
3247 2729 3576 2786 celebravit.
3600 2729 3749 2786 Illuc

2094 2833 2228 2872 cum
2258 2817 2461 2874 eodem
2508 2820 2770 2890 Augusto
2802 2817 3001 2890 plures
3031 2817 3206 2874 etiam
3256 2818 3436 2874 Italiae
3485 2819 3746 2892 episcOpi
3807 2825 3810 2827 ‘

2094 2910 2484 2962 accesserunt.
2517 2905 2861 2974 Concilium,
2896 2906 3049 2979 quod
3090 2906 3307 2963 ibidem
3340 2923 3409 2962 ex
3439 2907 3749 2964 Germanis

2094 2993 2378 3067 [talisque
2407 2994 2695 3068 episcopis
2720 2996 3195 3070 congregandum
3228 2997 3503 3069 sperabat
3532 2996 3749 3053 Rathe-
3809 3017 3812 3026 τ

2093 3083 2239 3152 rius,
2271 3084 2539 3140 habitum
2567 3085 2804 3157 quidem
2835 3085 3018 3141 fuisse
3047 3085 3285 3142 ineunte
3315 3101 3467 3142 anno
3490 3085 3599 3141 967
3628 3099 3752 3142 cer-

337 3174 536 3248 itaque
564 3176 793 3233 concilii
817 3192 920 3249 spe
941 3190 1002 3232 se
1025 3155 1686 3247 Romaniprofccturum
1710 3155 1979 3241 testatur,
2013 3155 2056 3224 Ο
2095 3176 2221 3228 tum
2273 3175 2339 3229 ﬁt
2381 3190 2448 3229 ex
2495 3155 2796 3247 privilegio
2845 3175 3110 3246 ejusdem
3163 3173 3550 3246 imperatoris,
3587 3175 3746 3246 quod

337 3268 404 3320 ut
416 3265 647 3321 dissidii
666 3265 860 3322 causis
880 3265 1031 3321 inter
1051 3282 1113 3321 se
1134 3269 1192 3320 et
1210 3263 1452 3320 clericos
1468 3279 1608 3320 suos
1624 3264 1840 3319 ibidem
1863 3279 1990 3336 pro-

338 3353 567 3428 positis,
583 3354 722 3428 quid
749 3354 882 3424 sibi,
907 3354 1201 3425 quid'suis
1219 3351 1444 3410 clericis
1483 3353 1777 3426 agendum
1811 3355 1985 3418 esset,

335 3443 558 3501 summi
588 3442 884 3517 pontiﬁcis
916 3459 982 3499 ac
1011 3445 1098 3498 tot
1127 3442 1536 3515 episcoporum
1569 3440 1860 3497 sententia
1889 3440 1988 3496 dc-

335 3537 690 3590 cernerctur.
715 3533 1027 3606 Egregium
1050 3533 1120 3588 de
1141 3529 1483 3588 auctoritate
1503 3534 1562 3586 et
1582 3530 1848 3587 doctrina
1878 3529 1987 3586 Ro-

336 3637 522 3679 man-ae
541 3613 698 3679 sedis
714 3621 1119 3694 testimonium
1145 3618 1348 3676 inserit
1369 3623 1582 3675 num.2
1597 3637 1643 3675 :u
1661 3619 1808 3684 Quid
1831 3619 1988 3675 enim

334 3711 412 3768 de
453 3705 863 3767 ecclesiasticis
911 3707 1285 3781 dogmatibus
1334 3705 1548 3763 alicubi
1597 3706 1798 3776 scitur,
1833 3707 1988 3779 quod

338 3800 536 3858 Roma
556 3793 893 3872 ignoretur?
915 3797 1039 3852 Illic
1059 3797 1278 3854 summi
1301 3795 1384 3850 illi
1405 3797 1585 3852 totius
1609 3796 1767 3852 orbis
1786 3797 1988 3852 docto-

338 3903 456 3956 res,
471 3887 592 3943 illic
608 3886 1040 3960 prmstantiores
1064 3886 1403 3942 enituerunt
1421 3885 1769 3941 universalis
1790 3883 1988 3942 Eccle-

339 3976 438 4034 siae
468 3970 780 4048 principes.
805 3975 931 4030 Illic
960 3975 1269 4031 decretalia
1298 3974 1663 4047 pontificum,
1689 3973 1989 4030 universo-

336 4079 470 4123 rum
499 4063 892 4138 congregatio,
922 4062 1275 4119 examinatio
1300 4078 1614 4130 canonum,
1647 4061 1988 4135 approbatio

335 4150 826 4228 recipiendorum,
843 4152 1174 4226 reprobatio
1197 4151 1992 4224 spcrncndorum.Postremo

334 4239 631 4316 naequa'm
664 4241 1054 4314 ratum,quod
1086 4239 1207 4297 illic
1238 4240 1500 4308 irritum;
1537 4257 1832 4312 nusquam
1863 4239 1990 4296 irri-

333 4335 483 4400 tum,
515 4331 671 4404 quod
703 4322 823 4386 illic
873 4335 1068 4386 ratum
1101 4329 1279 4386 fuerit
1307 4329 1518 4385 visum.
1543 4328 1792 4384 Ubinam
1851 4345 1987 4402 ergo

333 4419 548 4479 melius
584 4419 930 4492 insipientia:
971 4417 1298 4474 consulitur
1337 4433 1690 4488 mete,quam
1723 4417 1823 4472 ubi
1858 4418 1986 4474 fons

2097 3270 2280 3317 actum
2311 3263 2585 3320 Romaein
2635 3263 2891 3320 favorem
2950 3265 3288 3320 monasterii
3347 3263 3748 3332 Sublacensis,

2097 3350 2372 3407 Romano:
2404 3351 2608 3424 synodi
2654 3351 3006 3408 mentionem
3041 3351 3195 3408 facit.
3231 3352 3348 3408 Hoc
3377 3351 3750 3426 privilegium

2098 3440 2288 3513 primo
2317 3457 2350 3495 a
2372 3440 2685 3496 Muratorio
2715 3441 2941 3496 editum
2973 3445 3063 3496 est
3084 3445 3225 3498 tom.
3249 3441 3299 3497 V
3316 3441 3751 3514 Antiquitatum

2097 3527 2454 3598 Italicarum,
2487 3528 2894 3598 dissertat.65;
2929 3530 3060 3586 dein
3083 3548 3116 3586 a
3139 3531 3414 3587 canonico
3434 3531 3753 3603 Garampio

2099 3635 2372 3675 recusum
2413 3618 2472 3673 in
2504 3635 2674 3691 opere
2704 3618 2769 3674 de
2796 3624 3029 3676 Numina
3061 3625 3316 3690 argenteo
3348 3621 3624 3677 Benedicti
3652 3621 3749 3686 111,

2097 3723 2232 3781 pag.
2259 3709 2382 3776 169,
2405 3725 2473 3764 ex
2503 3725 2618 3781 quo
2648 3708 2770 3764 haec
2801 3709 2976 3765 verba
3004 3710 3392 3782 appendimus
3417 3729 3466 3767 ;‹‹
3499 3710 3630 3766 Otto
3661 3709 3753 3765 di-

2094 3797 2231 3853 vina
2269 3798 2491 3854 favente
2531 3798 2839 3855 clementia
2889 3798 3204 3870 imperator
3241 3801 3564 3873 Augustus.
3598 3799 3754 3856 Peti-

2096 3886 2254 3942 tione
2291 3885 2549 3960 Gregorii
2590 3886 2697 3942 viri
2739 3888 3089 3944 venerabilis
3119 3904 3188 3943 ex
3217 3888 3549 3962 apostolica:
3593 3888 3754 3945 sedis

2097 3975 2495 4032 secundicerio
2545 3973 2801 4048 religiosi
2860 3977 3091 4032 abbatis
3148 3977 3360 4048 prioris
3409 3979 3753 4035 monasterii

2097 4063 2421 4120 beatissimi
2451 4063 2768 4131 Benedicti,
2793 4068 2848 4120 et
2887 4068 3100 4122 sancta:
3131 4065 3502 4124 Scholasticae
3533 4068 3754 4125 sororis

2096 4152 2245 4223 ejus,
2270 4153 2425 4224 quod
2469 4152 2682 4209 dicitur
2724 4153 2784 4208 in
2816 4153 3093 4222 Sublacu,
3119 4154 3217 4227 qui
3261 4155 3500 4212 veniens
3531 4154 3590 4211 in
3622 4166 3751 4229 gre-

2097 4239 2284 4296 mium
2314 4241 2567 4298 basilicaa
2611 4243 2767 4298 beati
2800 4243 2950 4298 Petri
2993 4244 3392 4320 apostolordm
3442 4245 3749 4318 principis,

2097 4329 2196 4386 ubi
2228 4347 2362 4385 cum
2393 4332 2610 4387 domno
2641 4331 2865 4387 Joanne
2892 4332 3021 4387 XIII
3062 4348 3212 4406 papa
3260 4338 3475 4391 sancta:
3527 4335 3750 4408 synodo

2096 4435 2199 4492 pro
2231 4419 2483 4475 utilitate
2513 4421 2776 4492 ejusdem
2811 4420 3079 4477 Ecclesiae
3122 4426 3178 4478 et
3205 4421 3626 4479 venerabilium
3657 4422 3750 4480 Io~

332 4509 632 4585 sapientize
687 4507 950 4566 cernitur
973 4523 1121 4564 esse.
1151 4530 1178 4556 »
1213 4507 1432 4563 Laudat
1477 4506 1652 4563 etiam
1699 4507 1983 4563 Joannem
2015 4528 2063 4595 Β
2096 4525 2295 4565 eorum
2328 4509 2736 4580 intereramus,
2770 4511 3338 4567 circumsedentibus
3375 4512 3580 4584 [CXLVI]
3613 4523 3749 4569 cum

331 4611 637 4658 summum
658 4599 1208 4670 pontificem,quem
1239 4594 1508 4653 nonnulli
1539 4612 1842 4668 perperam
1869 4613 1988 4652 cre-
2027 4594 2032 4595 ν
2096 4599 2430 4654 Ravennate
2476 4599 2913 4672 archiepiscopo
2959 4600 3412 4672 quamplurimis
3461 4599 3753 4674 episcopis

334 4687 609 4744 diderunt
635 4687 921 4742 Joannem
943 4687 1060 4754 XII,
1077 4704 1209 4742 cum
1243 4685 1434 4758 reipsa
1457 4686 1534 4741 sit
1555 4686 1809 4742 Joannes
1832 4686 1982 4742 XIII.

331 4774 603 4834 Ottonem
625 4774 821 4846 ipsum
841 4776 1251 4847 imperatorem
1274 4791 1406 4830 cum
1435 4774 1702 4847 pluribus
1733 4773 1984 4830 nomini-

332 4865 451 4921 bth‘
475 4862 697 4930 laudat,
731 4865 857 4918 tum
887 4878 956 4917 ex
990 4877 1058 4918 eo
1102 4862 1498 4935 potissimum,
1525 4863 1678 4935 quod
1711 4861 1982 4917 eumdem

327 4954 618 5011 Joannem
639 4949 765 5008 XIII
786 4951 857 5006 ad
883 4967 1186 5007 summum
1211 4952 1614 5023 pontiﬁcatum
1641 4966 1984 5022 promoven-

330 5043 473 5100 dum
504 5040 811 5097 curaVerit.
835 5039 1099 5113 Explicat
1122 5057 1292 5112 porro
1319 5045 1376 5096 et
1405 5039 1667 5112 coarguit
1696 5055 1856 5095 more
1876 5054 1981 5095 suo

329 5130 679 5189 clericorum
703 5128 1084 5203 vitia,quibus
1109 5145 1362 5185 canones
1393 5127 1851 5200 impetebantur;
1876 5128 1980 5182 Mi-

330 5219 483 5278 lonis
507 5218 794 5275 invaseris
815 5224 873 5274 et
894 5217 1201 5274 rebellium
1224 5222 1387 5291 gesta
1413 5222 1615 5274 contra
1636 5233 1696 5273 se
1719 5217 1979 5286 refricat;

331 5307 722 5368 dicacesanam
772 5310 1060 5383 synodum
1101 5309 1160 5364 in
1191 5307 1648 5381 Quadragesima
1699 5306 1984 5364 inutiliter

332 5403 707 5457 convccatam
730 5402 1171 5467 commemorat.
1188 5399 1297 5453 'I‘ot
1318 5414 1385 5452 ac
1407 5398 1589 5453 tantis
1610 5396 1782 5453 malis
1806 5413 1984 5452 reme-

330 5489 493 5546 dium
525 5487 798 5560 sperabat
835 5503 906 5542 ex
943 5485 1170 5542 concilii
1207 5487 1450 5541 Romani
1493 5487 1855 5552 auctoritate,
1889 5485 1980 5541 cui

331 5575 655 5653 imperialis
685 5591 916 5650 quoque
959 5576 1263 5649 potestatis
1313 5573 1473 5632 favor
1516 5576 1828 5633 accederet.
1866 5576 1982 5634 Hoc

2092 4703 2164 4743 ex
2194 4688 2454 4744 Romane
2484 4688 2793 4757 territorio,
2820 4694 2994 4760 atque
3025 4689 3191 4744 Italia
3220 4693 3276 4744 et
3305 4689 3751 4746 Ultramontan‘o

2093 4793 2292 4850 regno,
2329 4798 2357 4826 »
2390 4782 2497 4833 etc.
2523 4778 2681 4834 Nota:
2721 4777 3005 4833 chronica:
3051 4783 3189 4834 sunt
3224 4795 3237 4834 :
3267 4802 3287 4828 «ι
3325 4781 3469 4834 Data
3501 4777 3579 4835 Il‘I
3611 4779 3750 4836 Idus

2091 4865 2375 4934 Januarii,
2424 4883 2576 4921 anno
2637 4866 2950 4922 Dominicte
3008 4867 3452 4935 incarnat.967,
3515 4857 3748 4943 imperii

2089 4971 2224 5011 vero
2257 4955 2455 5010 domni
2477 4956 2727 5023 Ottonis,
2749 4955 3002 5028 piissimi
3025 4955 3288 5014 Czesariis
3309 4957 3363 5029 5,
3389 4957 3590 5014 indi’ct.
3621 4959 3747 5013 10.»

2088 5041 2266 5099 Vides
2294 5044 2583 5116 synodum
2613 5045 2961 5110 Romanam,
2987 5045 3080 5100 cui
3107 5060 3240 5100 cum
3272 5045 3486 5102 Italicis
3518 5061 3584 5102 ac
3607 5051 3748 5102 Ger»

2088 5131 2282 5188 manis
2313 5132 2764 5204 quampluribus
2807 5133 3096 5206 episcopis
3140 5134 3439 5191 Romanus
3487 5135 3751 5208 pontifex

2088 5222 2344 5278 Joannes
2374 5221 2500 5278 XIII
2553 5226 2610 5278 et
2664 5222 2789 5295 ipse
2847 5223 2976 5278 Otto
3035 5222 3352 5296 imperator
3407 5222 3745 5292 interfuere,

2091 5310 2355 5366 habitam
2387 5315 2521 5367 ante
2571 5311 2726 5367 diem
2761 5313 2820 5366 11
2855 5311 3120 5368 Januarii
3159 5311 3298 5368 anni
3328 5314 3450 5369 967.
3486 5312 3630 5378 Quid
3687 5313 3745 5369 in

2092 5399 2356 5455 Romana
2385 5402 2606 5473 synodo
2637 5400 3021 5456 constitutum
3054 5401 3246 5469 fuerit,
3269 5401 3428 5458 latet.
3458 5403 3519 5458 Id
3553 5401 3746 5458 solum

2091 5487 2337 5557 scimus,
2353 5494 2485 5562 post
2507 5490 2829 5544 Romanam
2855 5489 3142 5562 synodum
3173 5491 3609 5564 imperatorem,
3633 5490 3746 5548 Ra-

2090 5593 2340 5637 vennam
2375 5579 2718 5651 profectum,
2748 5577 2962 5636 ibidem
2991 5579 3314 5639 celebrasse
3345 5584 3615 5638 sanctum
3645 5572 3750 5637 Pa-
