4100 6200
286 313 402 386 [Si

1304 313 1918 386 PROLEGOMENA.
1949 314 2437 385 -RATHERII
2475 318 2691 386 VITA.

282 453 430 514 scba
457 466 576 514 una
603 470 740 514 cum
767 454 992 516 Joanne
1017 455 1240 530 Xlll,ut
1285 453 1603 530 R‘eginonis
1632 453 1937 512 continua-
1966 451 2025 520 Α
2051 457 2340 532 synodum
2368 457 2649 525 venire,et
2670 454 3020 531 legationem
3051 455 3240 531 ipsius
3271 473 3431 532 papa
3460 455 3534 516 de
3553 474 3699 515 uxo-

281 548 380 603 tor
406 547 607 603 tradit.

358 636 481 690 118.
518 636 802 692 Ravennae
834 653 1066 710 quoque
1109 637 1384 708 frequens
1435 635 1695 707 synodus
1723 636 1942 701 coacta,

285 739 415 797 quae
448 725 723 780 Romanze
753 727 1043 797 appendix
1069 725 1251 781 videri
1300 728 1510 797 potest.
1557 725 1714 779 Inter
1766 723 1944 793 hujus

282 813 494 886 synodi
524 813 726 870 Patres
756 814 867 869 fuit
895 816 1071 870 etiam
1121 814 1454 879 Ratherius,
1488 812 1571 868 uti
1618 815 1846 867 constat
1879 827 1948 867 ex

285 903 555 974 ejusdem
585 902 972 976 concilii,quae
1002 904 1128 960 sola
1157 907 1445 976 superest,
1481 900 1774 958 sententia
1807 917 1948 955 con-

283 995 380 1046 tra
408 987 721 1048 Heroldum
754 992 1255 1065 archiepiscopum
1288 991 1819 1064 Salisburgensem,
1853 988 1947 1043 cui

284 1084 488 1136 noster
513 1081 820 1154 episcopus
849 1081 1223 1154 subscriptus
1253 1080 1466 1153 legitur
1496 1080 1657 1151 (tom.
1680 1079 1752 1135 XI
1779 1082 1946 1138 Cone.

281 1169 790 1241 Ven.edit.).Hanc
802 1171 1092 1242 synodum
1107 1169 1420 1225 Ratherius
1431 1169 1780 1225 celebratam
1795 1168 1890 1222 afﬁ
1899 1184 1952 1222 r-

283 1262 414 1313 mat
442 1280 470 1308 «
503 1259 798 1314 mediante
827 1259 1008 1331 Aprili
1041 1261 1201 1331 (epist
1253 1261 1342 1325 12,
1375 1275 1541 1314 num.
1581 1260 1654 1327 1).
1691 1280 1719 1309 »
1746 1256 1947 1312 Conci-

283 1345 380 1403 nit
406 1346 646 1402 laudata
673 1348 962 1403 sententia
985 1347 1046 1405 in
1079 1347 1550 1418 Heroldum,quae
1571 1347 1839 1418 signatur
1858 1345 1950 1401 die

284 1457 318 1487 κ
348 1451 433 1490 vn
463 1434 1010 1492 Kal.Maii.»Locum
1040 1435 1261 1492 indicat
1292 1433 1775 1507 chronographus
1804 1435 1952 1489 Saxo

287 1525 364 1580 ad
393 1539 489 1580 an.
512 1524 638 1592 969,
673 1523 954 1580 nimirum
987 1547 1016 1574 «
1048 1526 1332 1581 Ravenna:
1365 1524 1423 1579 in
1457 1523 1739 1579 suburbio
1769 1523 1830 1577 in
1861 1539 1953 1578 ec-

285 1612 469 1672 clesia
490 1612 649 1669 beati
679 1613 1033 1670 confessoris
1063 1618 1120 1669 et
1149 1613 1405 1686 episcopi
1438 1612 1632 1668 Severi
1655 1611 1950 1684 (Leibnit.,

291 1708 508 1758 doceas.
538 1701 666 1757 hist.
699 1703 744 1756 t.
777 1705 823 1769 Ι,
855 1719 917 1775 p.
952 1703 1098 1770 177).
1132 1722 1161 1752 »
1195 1701 1378 1756 Multa
1409 1701 1467 1756 in
1499 1702 1701 1756 eadem
1733 1702 1954 1774 synodo

2049 547 2214 604 ribus
2261 547 2624 604 dimittendis
2673 546 2893 619 audire,
2925 550 2983 603 et
3029 547 3364 605 omnimodo
3413 547 3700 621 episcopis

2052 636 2286 694 obedire
2317 639 2460 694 adeo
2493 637 2833 710 prohibetis,
2867 642 2932 694 ut
2979 654 3079 693 eos
3125 651 3287 694 more
3336 637 3592 694 militum
3643 637 3702 693 in

2052 726 2262 783 vestris
2292 726 2567 784 manibus
2597 727 2973 799 recipiatis,et
2992 727 3077 783 eis
3099 727 3158 783 in
3190 727 3465 784 omnibus
3487 727 3707 782 abomi-

2055 815 2575 888 nationibus,quas
2606 820 2806 872 contra
2832 816 3018 872 Deum
3051 817 3290 882 faciunt,
3314 815 3703 888 patrocinium

2055 905 2203 961 ferre
2250 921 2364 960 non
2414 905 2732 974 omittatis;
2767 909 2823 961 et
2869 906 3037 978 quasi
3084 905 3248 961 vobis
3291 905 3512 961 dictum
3544 903 3639 967 sit,
3675 924 3704 953 ››

2057 994 2420 1066 Quodcunque
2470 995 2694 1050 solveris
2739 1011 2903 1066 super
2947 1000 3171 1062 terram,
3202 996 3439 1050 solutum
3493 994 3599 1050 erit
3655 1000 3708 1048 et

2057 1084 2119 1138 in
2145 1084 2352 1149 caelis,«
2385 1084 2466 1138 ita
2492 1089 2752 1139 nostram
2785 1083 3250 1140 interdictionem
3281 1101 3380 1139 eos
3409 1083 3709 1155 parvipen-

2057 1172 2194 1228 dere
2241 1172 2489 1228 faciatis.
2527 1195 2554 1220 »
2584 1172 2792 1227 Nanno
2840 1173 3024 1244 igitur
3051 1196 3080 1223 «
3112 1172 3380 1246 magistri
3413 1195 3442 1222 »
3473 1171 3709 1228 nomine

2057 1259 2470 1332 intelligendus
2519 1264 2627 1327 est;
2678 1265 2735 1316 et
2780 1258 3139 1333 Giselpertus
3169 1262 3298 1330 ejus
3341 1283 3370 1312 ‹‹
3402 1260 3643 1316 missus.
3680 1279 3708 1309 υ

2057 1349 2204 1416 Quid
2238 1353 2431 1405 autem
2464 1349 2633 1422 ii,qui
2665 1349 2736 1404 ad
2769 1349 3058 1421 synodum
3091 1348 3482 1405 convenere'h
3515 1349 3594 1403 Ex
3616 1348 3710 1402 his

2061 1436 2262 1509 aliqui,
2301 1461 2322 1486 ιι
2359 1439 2442 1493 ait
2471 1437 2595 1494 loco
2625 1437 2797 1494 citato
2828 1438 2898 1492 ad
2929 1437 3326 1503 Ambrosium,
3371 1458 3401 1488 ‹‹
3431 1452 3564 1492 cum
3590 1450 3713 1490 ma-

2060 1525 2219 1581 xima
2249 1525 2712 1584 deliberaverunt
2736 1526 3192 1599 superbia,qnod
3217 1543 3404 1598 neque
3434 1524 3711 1581 muliero-

2064 1615 2296 1670 sitatem
2329 1613 2743 1687 relinquerent,
2777 1632 2967 1687 neque
2997 1617 3070 1671 ab
3111 1615 3304 1672 officio
3332 1615 3648 1672 cessarent.
3685 1634 3712 1662 »

2063 1703 2208 1759 Hinc
2257 1702 2524 1776 colligere
2573 1700 2723 1770 licet,
2759 1703 3115 1758 Ravennatis
3160 1702 3386 1758 concilii
3415 1703 3715 1759 decretum

286 1782 608 1887 constituti!
639 1809 692 1887 «'I
699 1789 774 1846 ad
806 1789 1121 1887 utilitatem
1154 1793 1370 1846 sancta:
1407 1789 1675 1845 Ecclesiae
1707 1812 1735 1840 »
1769 1790 1953 1845 conti-
1983 1817 2030 1887 Β
2062 1797 2264 1848 contra
2294 1791 2535 1848 clericos
2567 1792 2995 1848 incontinentes
3024 1793 3368 1865 bipartitnm
3401 1791 3602 1858 fuisse,
3635 1789 3720 1845 ni-

287 1883 506 1937 auctor
555 1877 871 1951 Reginonis
916 1882 1189 1935 testatur.
1223 1879 1588 1950 Prmeipuum
1635 1878 1948 1934 consilium

287 1968 412 2026 fuit
434 1967 781 2024 restauratio
797 1967 1202 2024 ecclesiasticae
1219 1966 1363 2023 disci
1371 1965 1633 2039 plinzeld
1654 1965 1952 2039 colligitur

289 2073 364 2116 ex
392 2057 620 2114 decreto
647 2059 855 2113 contra
883 2054 1368 2112 mulierositatem
1400 2059 1460 2112 et
1489 2056 1763 2129 coniugia
1781 2055 1949 2112 cleri-

289 2161 520 2213 corum,
545 2146 715 2219 cujus
746 2143 1058 2201 Ratberius
1084 2144 1443 2201 mentionem
1474 2144 1627 2200 facit.
1660 2143 1949 2201 Veronam

287 2235 450 2293 enim
479 2249 748 2292 reversus
771 2238 906 2306 post
934 2234 1240 2290 Ravennas
1270 2233 1606 2301 concilium,
1639 2250 1774 2290 mox
1819 2234 1952 2290 dia;-

289 2333 568 2382 cesa‘nam
598 2324 887 2397 synodum
920 2323 1273 2394 convocavit,
1301 2327 1369 2378 ut
1415 2323 1680 2394 ejusdem
1721 2323 1951 2380 concilii

288 2415 528 2471 decreta
551 2416 923 2486 proponeret.
954 2415 1010 2469 et
1040 2412 1412 2485 exsequenda
1439 2416 1690 2468 curaret.
1729 2435 1750 2462 α
1795 2413 1953 2469 Cele-

289 2503 465 2560 brate.
493 2493 786 2558 mediante
814 2501 1018 2574 Aprili,
1055 2524 1083 2551 ›ι
1111 2501 1303 2574 inquit
1351 2501 1409 2556 in
1461 2500 1710 2574 epistola
1750 2503 1836 2557 12.
1868 2503 1952 2557 Ad

287 2592 670 2649 Ambrosium
697 2607 863 2646 num.
896 2593 949 2658 1,
983 2613 1011 2640 ‹‹
1046 2589 1361 2646 universali
1393 2591 1615 2662 synodo
1647 2591 1951 2659 Ravennae,

290 2687 562 2738 reversus
582 2679 921 2736 convocavit
937 2691 1006 2735 ex
1019 2680 1294 2735 omnibus
1310 2683 1524 2735 nostris
1546 2678 1814 2734 dimcesis
1835 2678 1954 2750 ple-

289 2768 471 2826 bibus
497 2769 867 2843 presbyteros
887 2769 944 2822 et
967 2765 1564 2834 diaconos,relaturus
1581 2783 1650 2822 ex
1673 2772 1955 2839 praecepto

287 2857 656 2916 serenissimi
687 2857 1054 2931 imperatoris
1076 2873 1206 2928 quze
1237 2856 1379 2911 inibi
1411 2856 1729 2913 constituta
1759 2862 1954 2913 sunt.»

292 2948 444 3004 Cum
475 2948 595 3003 hac
626 2947 956 3004 dimcesana
981 2946 1242 3019 synodus
1271 2949 1624 3020 congregata
1651 2947 1825 3002 fuerit
1845 2952 1957 3003 sta-

288 3035 406 3096 tim
438 3041 582 3108 post
601 3035 997 3092 Ravennatem
1029 3035 1382 3091 celebratam
1415 3055 1443 3086 ‹‹
1478 3035 1770 3092 mediante
1790 3035 1958 3108 Apri-

313 3125 336 3180 i
383 3125 522 3182 anni
560 3127 698 3193 967;
725 3130 795 3181 ut
838 3124 1051 3180 reditui
1101 3123 1380 3197 episcopi,
1413 3127 1471 3180 et
1501 3125 1829 3181 convocatis
1881 3126 1953 3181 ad

292 3215 589 3288 synodum
621 3185 944 3288 congruum
977 3185 1214 3286 tempus
1234 3185 1543 3280 tribuatur,
1568 3214 1859 3286 afligenda
1876 3213 1957 3270 vi-
1984 3185 2029 3256 θ

294 3303 467 3360 detur
495 3302 906 3368 mensi-Junio,
938 3301 1029 3357 vel
1055 3301 1418 3358 Julio.Porro
1451 3303 1601 3359 inter
1631 3320 1723 3372 ea,
1740 3319 1865 3376 quo:
1895 3304 1956 3360 in

295 3393 518 3465 synodo
572 3391 755 3447 edixit
803 3390 1138 3456 Ratherius,
1169 3407 1357 3446 unum
1403 3391 1623 3448 ibidem
1672 3397 1958 3450 memorat

295 3483 654 3555 preceptum
687 3480 758 3536 de
788 3477 1211 3535 mulierositate
1239 3479 1607 3535 dimittenda.
1640 3481 1758 3536 Hoc
1779 3481 1960 3553 igitur

295 3569 455 3626 inter
474 3568 766 3642 precipua
788 3569 1138 3624 Ravennatis
1158 3567 1384 3624 concilii
1408 3570 1956 3643 constituta[cx1.vu]

292 3659 422 3714 fuit.
461 3658 523 3714 ln
555 3657 664 3714 hoc
691 3657 919 3724 vitium,
955 3658 1111 3730 quod
1146 3657 1297 3712 inter
1327 3656 1567 3713 clericos
1597 3661 1717 3712 tam
1756 3657 1870 3713 late
1900 3666 1958 3716 et

293 3746 528 3820 publice
558 3747 960 3819 grassabatur,
993 3746 1457 3817 exstirpandum,
1475 3751 1533 3801 et
1561 3745 1958 3803 ecclesiastica

292 3841 352 3894 et
370 3833 696 3908 imperialis
716 3838 976 3907 potestas
998 3833 1384 3906 conspiravit;
1419 3851 1484 3890 ac
1511 3836 1817 3906 propterea
1835 3834 1958 3891 lau-

291 3926 503 3982 datum
531 3924 920 3980 constitutum
951 3922 1181 3979 concilii
1208 3922 1560 3979 Ravennatis
1601 3923 1666 3980 de
1692 3925 1954 3981 muliero-

291 4016 474 4082 silete,
489 4023 595 4069 seu
623 4012 688 4068 de
715 4014 981 4068 uxoribus
1010 4011 1352 4068 dimittendis
1379 4028 1534 4068 nunc
1561 4012 1952 4086 imperatoris,

287 4118 450 4158 nunc
482 4101 702 4158 summi
725 4101 1020 4172 pontiﬁcis
1041 4106 1393 4173 praeceptum
1411 4118 1444 4155 a
1459 4101 1733 4159 Ratherio
1756 4103 1953 4176 appel-

284 4190 465 4248 latur.
499 4213 530 4240 ε(
560 4191 920 4262 Praeceptum
950 4189 1314 4246 serenissimi
1346 4189 1712 4262 imperatoris
1730 4215 1758 4241 ››
1788 4197 1955 4249 vocat

2059 1881 2278 1937 mirum
2311 1885 2376 1935 ut
2399 1880 2486 1936 vel
2518 1881 2796 1936 mulieres
2840 1881 3219 1949 dimitterent,
3250 1879 3339 1937 vel
3369 1879 3420 1937 si
3451 1881 3553 1953 qui
3591 1879 3717 1937 nol-

2057 1969 2183 2026 lent
2229 1968 2544 2040 dimittere,
2575 1972 2860 2042 tanquam
2905 1970 3157 2042 depositi
3187 1969 3263 2026 ab
3293 1969 3486 2026 cilicio
3532 1986 3720 2026 cessa-

2059 2061 2206 2116 rent.
2239 2059 2366 2114 Non
2397 2057 2651 2125 deluere,
2685 2058 2786 2131 qui
2835 2057 2973 2115 huic
3021 2059 3252 2115 decreto
3282 2074 3486 2131 parere
3515 2057 3717 2114 nolue-

2059 2152 2217 2205 runt.
2280 2145 2394 2204 Hos
2444 2147 2778 2218 Ratherius,
2813 2147 3288 2221 «comprehendi
3339 2151 3397 2204 et
3437 2147 3719 2205 custodiae

2061 2237 2384 2310 mancipari
2415 2253 2603 2310 usque
2633 2238 2705 2293 ad
2738 2237 3197 2294 satisfactionem
3227 2236 3521 2311 praecepit.
3559 2259 3580 2286 ι
3614 2236 3717 2292 Sa-

2059 2325 2410 2383 tistactionis
2440 2327 2678 2383 nomine
2699 2327 3100 2399 pecuniariam
3130 2342 3384 2399 poenam,
3415 2343 3520 2382 seu
3565 2324 3720 2381 mul—

2059 2417 2182 2471 tam
2205 2414 2499 2487 intelligit,
2526 2420 2594 2471 ut
2622 2415 2886 2470 indicant
2913 2431 3042 2486 quae
3073 2414 3275 2470 statim
3307 2413 3600 2485 subjicit.«
3623 2414 3723 2469 Sa-

2061 2503 2412 2559 tisfactionis
2445 2519 2741 2558 summam
2772 2502 2832 2556 in
2863 2502 3267 2568 restauranda,
3302 2502 3591 2572 seu,quod
3630 2517 3722 2555 ve-

2063 2591 2187 2648 rius
2229 2595 2337 2658 est,
2371 2591 2698 2647 deeoranda
2727 2592 2926 2646 beatae
2971 2591 3071 2646 Dei
3119 2588 3428 2645 Genitricis
3479 2587 3725 2645 ecclesia

2067 2681 2312 2752 [chvm]
2347 2679 2591 2752 (scilicet
2621 2677 2959 2749 cathedrali)
2981 2694 3086 2750 spe
3115 2677 3456 2749 bujusmodi
3477 2675 3721 2742 contuli,

2065 2775 2132 2826 ut
2162 2768 2300 2843 quia
2340 2768 2425 2824 illi
2476 2769 2534 2824 in
2583 2768 2810 2842 agenda
2855 2767 3198 2841 pmnitentia
3242 2765 3720 2834 ineﬂicacissimi,

2064 2863 2265 2932 utpote
2295 2857 2678 2915 ebriosissimi
2705 2858 3100 2927 erant,Matris
3122 2857 3461 2914 intercessio
3490 2855 3722 2913 Domini

2063 2947 2182 3004 illis
2215 2947 2424 3004 saltem
2479 2948 2740 3004 obtinere
2791 2947 3132 3021 dignaretur
3157 2947 3408 3014 veniam,
3435 2946 3534 3018 qui
3564 2963 3633 3002 ex
3661 2962 3724 3002 se

2065 3039 2535 3095 emendationem
2585 3037 2759 3094 aliam
2809 3037 3065 3094 facerent
3109 3036 3356 3093 nullam.
3386 3057 3416 3087 η
3447 3035 3602 3092 Num
3633 3033 3721 3091 his

2066 3125 2528 3183 inobedientium
2587 3125 3028 3198 comprehensio
3077 3129 3135 3181 et
3182 3125 3369 3180 multa
3409 3124 3470 3178 in
3501 3125 3722 3196 synodo

2068 3215 2394 3272 dicecesana
2422 3215 2757 3285 acciderint,
2791 3231 2865 3271 an
2900 3219 3209 3288 postquam
3257 3213 3342 3268 illi
3390 3211 3518 3285 ipso
3571 3212 3722 3268 facto

2066 3305 2590 3372 demonstrassent,
2623 3321 2686 3361 se
2717 3321 2822 3361 nec
2854 3303 3336 3360 mulierositatem
3367 3301 3513 3358 velle
3555 3301 3722 3358 dese-

2065 3411 2322 3463 rere,nec
2353 3395 2426 3450 ab
2456 3394 2647 3450 ofﬁcio
2676 3395 3218 3460 cessare,incertum
3249 3397 3358 3449 est.
3391 3391 3477 3448 Ita
3508 3389 3724 3463 pariter

2067 3483 2376 3548 incertum,
2411 3500 2552 3538 num
2603 3483 2673 3536 ad
2724 3483 2930 3554 synodi
2981 3486 3215 3554 tempus
3263 3481 3565 3536 referenda
3601 3480 3721 3534 sint

2063 3571 2178 3626 tria
2202 3570 2334 3639 alia,
2367 3588 2494 3642 quae
2527 3571 2723 3625 statim
2756 3570 2954 3624 subdit
2983 3574 3164 3642 gesta.
3200 3591 3228 3617 ‹‹
3261 3568 3555 3634 Quosdam
3585 3583 3718 3620 vero

2066 3659 2137 3714 de
2168 3659 2400 3714 civitate
2433 3676 2536 3729 pro
2569 3657 2813 3713 diversis
2863 3637 3182 3712 sceleribus
3225 3658 3548 3722 accusatus,
3581 3670 3717 3709 cum

2066 3747 2138 3802 ad
2169 3745 2627 3803 satisfactionem
2657 3745 2849 3800 venire
2879 3743 3174 3818 dedignati
3218 3744 3486 3810 fuissent,
3519 3741 3718 3799 missis

2064 3852 2095 3892 e
2125 3834 2302 3891 latere
2331 3851 2460 3891 meo
2493 3835 2706 3908 (supple
2728 3835 3127 3904 bacularibus)
3159 3851 3293 3890 cum
3339 3832 3595 3889 ostiariis
3625 3848 3718 3888 ec-

2063 3924 2250 3981 clesize
2277 3924 2712 3998 comprehendi,
2747 3927 2812 3980 ut
2858 3924 3038 3980 moris
3085 3928 3191 3994 est,
3226 3923 3355 3990 ibei‘,
3388 3926 3446 3979 et
3491 3921 3721 3978 satisfa-

2063 4015 2316 4070 ctionem
2380 4015 2590 4070 factum
2633 4012 2693 4069 in
2744 4013 2900 4070 idem
2949 4031 3097 4087 opus
3148 4011 3416 4085 expendi.
3465 4012 3715 4079 Quidam

2060 4104 2362 4178 presbyter
2397 4121 2491 4160 me
2539 4119 2604 4159 os
2643 4102 2826 4160 vulva}
2874 4103 3205 4176 appellavit,
3239 4117 3415 4174 quem
3447 4099 3719 4157 similiter

2061 4191 2503 4265 comprehendi;
2537 4195 2595 4248 et
2637 4193 2776 4266 fuga
2805 4209 2940 4248 eum
2973 4191 3180 4248 fuisset
3207 4191 3463 4262 elapsus,
3495 4187 3716 4246 abstuli

278 4279 343 4338 in
375 4279 621 4335 laudata
651 4279 722 4334 ad
752 4277 1127 4334 Ambrosium
1160 4277 1409 4350 epistola
1441 4280 1951 4353 12,«Augusta1em
2061 4281 2133 4338 ab
2164 4297 2230 4337 eo
2261 4282 2413 4353 quod
2446 4281 2631 4353 potui,
2653 4298 2771 4337 non
2799 4285 2996 4337 tamen
3023 4279 3277 4335 ecclesia;
3308 4277 3550 4344 contuli;
3576 4276 3716 4348 quia

277 4367 652 4426 voluntatem
685 4389 714 4418 »
747 4367 805 4422 in
836 4367 1119 4424 Discordia
1143 4382 1309 4423 num.
1339 4369 1407 4424 ϐα
1440 4366 1791 4441 legationem
1825 4370 1950 4442 (seu
2057 4369 2287 4441 injuriae
2319 4386 2460 4426 meae
2487 4371 2808 4426 vindictam
2839 4369 3042 4426 oll‘erre
3072 4369 3188 4424 Deo
3231 4383 3414 4422 ausus
3445 4365 3710 4432 minime,

288 4458 674 4532 preceptum)
703 4471 870 4530 papae
904 4477 934 4507 «
990 4457 1049 4511 in
1101 4455 1349 4528 epistola
1385 4457 1444 4513 1i
1493 4457 1564 4512 ad
1585 4457 1948 4525 Nannonem,
2059 4460 2230 4530 cujus
2274 4460 2470 4531 potius
2514 4458 2739 4514 laxator
2785 4473 2962 4530 quam
3010 4455 3169 4512 ultor
3213 4470 3341 4510 esse
3372 4453 3711 4517 debueram,

282 4561 456 4602 num'
487 4549 547 4600 2.
1978 4559 2027 4624 ι)
2059 4547 2416 4612 fui.Quidam
2447 4547 2747 4612 diaconus,
2782 4561 2954 4616 quem
3006 4559 3159 4598 anno
3193 4539 3481 4613 praeterito
3511 4542 3715 4593 contra

352 4634 482 4691 119.
517 4631 677 4690 Licet
707 4650 912 4691 omnes
943 4635 1014 4691 ad
1047 4635 1339 4709 synodum
1380 4639 1678 4691 evocasset
1722 4635 1949 4707 episco-
2060 4649 2224 4708 spem
2255 4651 2488 4707 quoque
2520 4633 2880 4690 ordinarium
2912 4633 2993 4702 (id
3042 4633 3133 4686 est
3178 4628 3550 4695 canonicum)
3580 4625 3710 4692 feci,

274 4737 548 4798 pus,non
576 4717 776 4780 tamen
809 4741 1013 4798 omnes
1044 4711 1458 4781 convenerunt.
1491 4723 1950 4780 Namuversutia
2055 4740 2237 4778 unam
2270 4740 2404 4779 cum
2434 4740 2502 4779 ex
2527 4727 2688 4796 parte
2709 4739 2839 4778 mea
2859 4738 2928 4777 ex
2949 4718 3290 4776 melioribus
3320 4717 3548 4791 plebem
3576 4729 3710 4772 cum

280 4813 431 4872 mihi
463 4825 701 4884 semper
729 4812 1293 4886 rebellium,»inqui‘t
1322 4813 1379 4868 in
1413 4813 1859 4885 epist.12,num.
1895 4814 1945 4881 1,

281 4901 570 4973 «vitaeque
599 4916 741 4957 mea;
769 4900 1178 4959 insidiantium
1209 4906 1422 4959 nostrae
1453 4902 1660 4957 matris
1679 4901 1949 4958 Ecclesiae

2057 4816 2218 4868 curte
2245 4811 2505 4877 haberet,
2524 4827 2628 4884 ego
2659 4825 2792 4867 cum
2827 4809 3073 4876 nullam,
3102 4823 3193 4864 me
3245 4805 3538 4891 fellonem,
3565 4805 3710 4862 bau-

2056 4902 2334 4957 slatorem
2367 4903 2541 4972 atque
2570 4900 2871 4972 perjurum
2903 4897 3377 4972 appellavit;eam
3408 4893 3712 4962 abstuli,et

282 4993 577 5064 majorum
613 4991 694 5062 (id
725 4995 818 5048 est
841 4993 1284 5064 canonicorum)
1308 4993 1505 5048 venire
1537 4991 1778 5064 quidam
1810 4994 1950 5048 sunt
2049 4989 2224 5058 mihi,
2257 4990 2397 5062 quia
2426 4989 2535 5045 fuit
2565 5005 2820 5057 necesse,
2855 4988 3087 5043 retinui.
3123 5008 3152 5036 »

281 5078 648 5153 dedignati.»
678 5079 795 5137 Hos
827 5102 858 5133 «
889 5098 1006 5138 non
1033 5081 1336 5138 venientes
1365 5097 1502 5136 cum
1532 5081 1748 5137 iterum
1772 5084 1947 5153 atque

280 5167 498 5223 iterum
552 5168 749 5224 vocan'
805 5185 1126 5238 curassem,
1161 5168 1350 5226 adfuit
1405 5170 1648 5235 missus,
1708 5169 1946 5225 nomine

283 5255 672 5330 Giselpertns,
698 5261 760 5314 et
789 5272 858 5314 ex
885 5263 1051 5331 parte
1081 5259 1173 5314 sui
1205 5259 1471 5332 magistri
1514 5258 1813 5314 interdixit
1845 5276 1947 5331 per

281 5345 650 5413 bannem,ne
679 5347 940 5404 venirent
967 5346 1090 5402 ullo
1121 5348 1294 5403 modo
1327 5348 1399 5402 ad
1431 5351 1701 5402 nostrum
1750 5347 1942 5402 conci-

282 5431 452 5489 lium.
483 5457 521 5484 ω
549 5434 670 5491 Hoc
697 5437 1100 5505 interdictum,
1135 5435 1196 5492 in
1227 5436 1474 5509 epistola
1504 5435 1561 5492 1i
1601 5437 1671 5491 ad
1711 5436 1943 5492 Nanne-

285 5538 420 5579 nem
449 5535 619 5582 num.
651 5528 706 5594 2,
740 5527 849 5599 ipsi
882 5527 1148 5584 Nannoni
1177 5527 1417 5583 Veronae
1448 5525 1776 5598 comiti,qui
1804 5526 1945 5581 Bue-

285 5612 412 5669 ceni
436 5613 803 5688 subrogatus
843 5615 1356 5683 fuerat,tribuitur.
1389 5640 1419 5667 ‹‹
1450 5615 1821 5688 Presbyteros
1867 5616 1940 5671 ad

2129 5081 2252 5136 120.
2287 5075 2436 5135 Dum
2469 5079 2529 5134 in
2559 5076 2780 5152 synodo
2811 5077 3142 5134 dimcesana
3179 5073 3488 5131 Ratherius
3535 5087 3708 5146 urge-

2055 5169 2158 5225 bat
2186 5172 2539 5241 praeceptum
2570 5167 2641 5223 de
2671 5165 3090 5222 mulierositate
3119 5163 3487 5230 dimittenda,
3520 5185 3547 5212 ‹‹
3581 5177 3706 5217 om-

2055 5257 2220 5313 nium
2253 5256 2764 5329 pene(inferiorum
2796 5251 3147 5310 cathedralis
3174 5250 3494 5326 praesertim
3522 5249 3707 5306 eccle-

2055 5347 2153 5402 siae
2185 5346 2548 5417 clericorum)
2581 5345 2876 5401 excusatio
2915 5343 3156 5411 exstitit,
3188 5353 3304 5397 non
3349 5356 3525 5414 posse
3573 5356 3705 5412 pro-

2054 5439 2183 5508 pter
2220 5433 2478 5508 inopiam
2527 5434 2637 5490 hoc
2683 5433 2803 5491 ullo
2852 5434 3025 5490 modo
3076 5431 3232 5500 ﬁeri;
3267 5429 3530 5504 potuisse
3571 5445 3705 5486 vero

2053 5529 2370 5598 utcunque,
2406 5514 2454 5580 si
2486 5524 2842 5596 stipendium
2873 5521 3137 5579 debitum
3167 5539 3236 5578 ex
3268 5521 3442 5577 rebus
3471 5519 3708 5576 habuis-

2055 5621 2185 5673 sent
2213 5612 2471 5672 ecclesiaa
2501 5614 2826 5685 (Discordia:
2869 5629 3032 5671 num.
3081 5613 3163 5682 6);
3200 5633 3228 5660 »
3258 5627 3434 5686 quem
3471 5614 3703 5678 textum
