4100 6200
275 307 395 410 ω

1292 313 1908 386 PROLEGOMENA.
1936 345 2019 372 -
2045 318 2423 384 RATHEBII
2467 319 2674 386 VITA.

3588 319 3702 400 126

278 449 380 524 qui
416 447 488 506 ad
521 465 722 508 curam
744 449 1002 527 episcopi
1025 449 1674 526 pertinebant.Tertiam
1697 457 1936 513 tandem
1964 456 2022 525 Α
2050 471 2155 528 ego
2179 455 2367 512 solum
2391 473 2643 513 moerens
2665 458 3053 524 cantarem,et
3077 453 3306 514 invidiae
3338 459 3539 516 contra
3568 445 3700 518 illos

280 545 341 596 et
381 541 649 599 fortassis
670 542 953 614 potiorem
985 549 1208 616 partem
1240 545 1298 600 in
1331 547 1742 617 pauperiorum
1774 546 1940 602 cleri-

282 645 487 686 corum
530 631 917 703 provisionem
949 632 1193 688 contulit
1224 650 1288 689 eo
1320 634 1700 700 fundationis,
1725 636 1810 691 uti
1844 653 1942 692 vo-

286 723 444 786 cant,
472 719 885 788 instrumento,
919 722 1072 793 quod
1103 723 1429 778 Judz'catum
1460 724 1802 779 nominavit.

357 809 475 863 122.
510 808 573 863 In
604 807 713 864 hoc
744 809 1031 882 opusculo
1068 811 1503 867 intolerandum
1527 813 1735 868 absum
1767 817 1944 886 atque

286 896 635 953 scandalum
670 897 862 970 deﬁet,
893 916 1008 970 quo
1043 898 1345 956 inferiores
1373 899 1588 969 clerici,
1615 903 1713 974 qui
1759 904 1942 973 majo-

287 1001 416 1040 rem
443 985 502 1040 in
534 985 779 1042 ecclesia
807 986 1062 1043 laborem
1097 989 1379 1056 ferebant,
1416 990 1637 1045 fortiori
1689 1008 1941 1064 pauper-

290 1077 416 1129 tate
448 1075 728 1148 oppressi,
762 1093 874 1131 non
907 1076 1096 1132 solum
1120 1100 1146 1127 ‹‹
1171 1079 1299 1133 sine
1325 1079 1757 1136 intermissione
1789 1097 1946 1135 mur-

295 1167 624 1231 murarent,
653 1186 680 1213 »
710 1180 912 1219 verum
941 1187 968 1214 «
993 1167 1065 1221 ob
1091 1165 1350 1238 inopiam
1381 1168 1451 1222 ad
1483 1185 1682 1224 sacros
1711 1169 1944 1224 ordines

287 1250 607 1326 illegaliter
636 1253 813 1308 etiam
845 1255 1118 1310 accedere
1164 1256 1561 1323 festinarent,»
1585 1263 1648 1313 ut
1697 1257 1805 1312 hac
1854 1258 1948 1312 via

293 1339 527 1412 aliquid
563 1341 809 1396 subsidii
831 1343 976 1414 ipsis
999 1344 1353 1414 proveniret;
1376 1350 1431 1400 et
1451 1346 1791 1402 accederent
1819 1346 1947 1417 qui-

291 1429 456 1496 dem,
492 1452 520 1478 «
557 1446 690 1484 cum
722 1446 827 1485 nec
873 1435 1012 1486 aatas
1061 1432 1264 1504 utique
1313 1449 1410 1488 eos
1458 1434 1810 1500 admitteret,
1844 1451 1950 1489 nec

304 1517 554 1573 scientia
587 1520 1167 1590 commendaret,nec
1191 1537 1423 1576 morum
1443 1522 1702 1594 probitas
1729 1522 1959 1578 illustra

292 1609 440 1662 ret.»
466 1606 656 1678 Hujus
688 1606 1052 1663 fundationis
1086 1609 1348 1665 redditus
1368 1610 1668 1682 aequaliter
1692 1611 1952 1667 dividen—

289 1695 400 1750 dos
431 1695 711 1762 decernit,
747 1719 774 1745 «
811 1712 926 1750 non
960 1712 1064 1768 per
1089 1713 1332 1769 campos
1382 1702 1577 1753 tamen
1630 1703 1688 1754 et
1729 1700 1950 1767 vineas,

293 1783 400 1839 sed
433 1799 534 1855 per
563 1783 791 1839 modios
823 1789 999 1855 atque
1031 1784 1301 1853 sextaria,
1343 1790 1408 1840 ut
1452 1803 1557 1842 nec
1605 1787 1739 1842 rixae
1787 1787 1948 1842 locus

291 1871 514 1943 aliquis
559 1872 748 1940 detur,
795 1888 983 1944 neque
1027 1872 1279 1931 invidiae.
1312 1895 1340 1922 »
1371 1873 1614 1930 Nolebat
1664 1875 1945 1930 nimirum

286 1961 483 2015 certos
513 1976 750 2032 campos
796 1964 852 2015 et
897 1961 1096 2016 vineas
1135 1961 1287 2016 inter
1315 1960 1554 2018 clericos
1585 1961 1763 2018 dividi
1790 1982 1804 2032 ;
1837 1964 1947 2020 hac

291 2048 451 2106 enim
481 2049 702 2105 ratione
720 2049 838 2105 fere
858 2050 1055 2105 omnia
1079 2049 1306 2106 clericis
1328 2051 1653 2122 majoribus
1675 2057 1731 2109 et
1749 2058 1949 2125 poten-

291 2137 546 2194 tioribus
573 2138 943 2204 obvenerant,
974 2141 1194 2195 caateris
1225 2140 1597 2196 inferioribus
1653 2147 1713 2197 et
1763 2142 1946 2197 imbe-

295 2225 625 2282 cillioribus
657 2227 716 2281 in
749 2227 947 2299 in0pia
976 2226 1212 2284 relictis.
1249 2229 1589 2285 Distributio
1620 2236 1816 2286 autem
1848 2248 1950 2303 per

291 2314 524 2371 modios
544 2319 716 2387 atque
738 2332 1046 2371 mensuras
1065 2316 1455 2388 aequalitatem
1475 2318 1705 2375 facilius
1736 2323 1946 2387 servat,

291 2407 352 2458 et
379 2420 414 2458 a
444 2405 889 2476 praepotentium
924 2405 1230 2461 fraudibus
1260 2407 1638 2462 cavet.Simili
1670 2409 1740 2464 de
1771 2395 1952 2464 causa

291 2491 558 2547 redditus
589 2491 833 2547 abbatiaa
865 2492 936 2548 de
963 2493 1281 2566 Maguzano
1302 2493 1452 2550 inter
1472 2495 1948 2552 clericosibidem

289 2579 599 2635 institutos
627 2597 742 2635 non
776 2597 879 2653 per
904 2598 1141 2654 campos
1162 2587 1221 2638 et
1241 2583 1460 2650 vineas,
1476 2585 1574 2639 sed
1596 2601 1700 2656 per
1720 2600 1952 2640 mensu-

292 2685 391 2724 ras
421 2667 600 2723 dividi
624 2668 827 2741 jussit.
862 2669 1149 2726 Omnibus
1179 2669 1554 2727 inferioribus
1601 2672 1952 2728 cathedralis

293 2755 594 2813 eccclesize
624 2756 977 2830 clericis,qui
1011 2762 1138 2813 tum
1169 2757 1456 2826 vivebant,
1490 2761 1844 2832 presbyteris
1865 2778 1955 2817 ca-

291 2845 545 2919 pellanis
566 2846 1140 2918 comprehensis,hoc
1163 2847 1510 2903 beneﬁcium
1533 2866 1844 2905 commune
1857 2867 1953 2906 es-

295 2951 359 2992 se
375 2933 690 2991 voluit.His
717 2935 1070 2992 obeuntibus
1089 2935 1288 2992 omnia
1309 2953 1470 3008 aeque
1493 2937 1801 2993 dividenda
1813 2956 1954 3010 prae-

282 3010 451 3095 .cepit
479 3024 630 3078 inter
659 3023 815 3080 solos
845 3025 1145 3080 inferiores
1190 3025 1426 3081 ordines
1472 3030 1612 3094 tres,
1646 3027 1951 3083 subdiaco-

297 3129 535 3180 norum,
567 3111 968 3185 acolythorum
993 3117 1050 3169 et
1081 3113 1473 3181 ostiariorum,
1506 3113 1772 3172 videlicet
1802 3117 1954 3172 inter

2051 561 2260 601 causas
2307 546 2489 602 vitare
2545 547 2750 602 debere
2782 564 2873 602 me
2905 547 3220 603 crederem.
3257 571 3284 597 ››
3318 547 3376 604 Si
3411 566 3536 621 quae
3568 566 3702 605 vero

2051 633 2166 689 alia
2193 651 2225 687 a
2255 633 2367 705 piis
2397 634 2733 690 hominibus
2764 636 2950 691 eidem
2985 637 3324 692 inferiorum
3359 637 3704 693 clericorum

2053 721 2292 794 collegio
2338 722 2694 793 legarentur,
2726 725 2924 780 omnia
2952 742 3183 797 quoque
3219 725 3520 798 aequaliter
3552 727 3706 782 inter

2053 811 2211 882 ipsos
2261 811 2438 866 dividi
2480 813 2668 882 jubet.
2719 812 2892 867 Cavet
2935 830 3006 868 ne
3057 813 3333 886 episcopi,
3381 819 3483 869 aut
3513 815 3704 870 caeteri

2055 899 2374 971 praesertim
2409 902 2660 971 majores
2691 900 2883 956 clerim
2917 901 3266 956 cathedralis
3293 907 3425 974 post
3447 903 3597 959 hanc
3619 903 3706 959 in-

2055 988 2332 1043 feriorum
2365 989 2710 1044 clericorum
2745 990 3132 1061 provisionem
3167 991 3372 1046 iisdem
3400 993 3702 1065 quidpiam

2055 1077 2407 1132 subtrahant
2455 1095 2521 1132 ex
2561 1094 2648 1146 eo,
2683 1080 2838 1150 quod
2874 1082 3046 1133 antea
3073 1078 3220 1150 ipsis
3251 1080 3426 1134 tribui
3461 1081 3702 1149 solebat,

2055 1188 2084 1215 «
2119 1167 2284 1237 quasi
2317 1167 2548 1222 valeant
2569 1166 3042 1222 dicerezHabetis
3060 1172 3317 1224 vestrum
3347 1169 3704 1240 stipendium

2041 1254 2146 1334 ‘(ex
2176 1254 2247 1310 iis
2279 1271 2408 1327 qua:
2438 1255 2747 1310 Ratherius
2780 1254 3068 1323 contulit),
3095 1256 3351 1311 sufﬁciat
3377 1257 3534 1312 istud
3560 1276 3572 1323 ;
3608 1262 3710 1312 aut

2057 1343 2106 1398 si
2137 1342 2314 1398 vultis
2335 1344 2635 1416 vobiscum
2661 1348 2862 1399 nostra
2883 1343 3108 1415 partiri,
3129 1344 3342 1399 mittite
3366 1346 3521 1416 quod
3543 1345 3707 1401 vobis

2059 1432 2260 1486 datum
2293 1413 2398 1495 est,
2433 1432 2491 1486 in
2525 1437 2788 1488 nostrum
2824 1447 3156 1488 commune.
3183 1455 3210 1482 »
3243 1432 3369 1488 Alia
3399 1437 3573 1506 atque
3595 1434 3710 1489 alia

2061 1524 2191 1591 apte
2217 1520 2492 1591 disponit,
2513 1525 2684 1592 atque
2706 1521 2974 1592 pI‘IBStltit
2998 1539 3010 1588 ;
3038 1538 3103 1576 ac
3133 1522 3369 1578 tandem
3401 1521 3710 1595 imperato-

2062 1607 2142 1663 ris
2173 1606 2359 1681 elogio
2390 1608 2704 1676 concludit,
2739 1631 2767 1658 α
2817 1610 3007 1679 cujus,
3063 1609 3274 1680 inquit,
3327 1610 3541 1666 auxilio
3591 1612 3709 1666 fre-

2060 1700 2178 1765 tus,
2209 1714 2342 1752 sum
2402 1697 2515 1753 ista
2565 1698 2827 1763 molitus,
2861 1715 2927 1752 ac
2981 1713 3083 1769 per
3131 1696 3239 1752 hoc
3280 1699 3468 1771 magis
3499 1699 3707 1770 ipsius,

2059 1801 2236 1856 quam
2269 1802 2466 1840 meum
2498 1791 2587 1841 est
2614 1803 2781 1858 opus.
2819 1807 2846 1835 »

2133 1873 2259 1927 423.
2285 1873 2356 1928 Ut
2387 1873 2787 1946 intelligantur
2804 1874 3036 1939 verba,«
3069 1874 3240 1944 cujus
3270 1874 3708 1945 auxilio’fretus,

2057 1978 2190 2016 sum
2222 1962 2334 2017 ista
2365 1961 2664 2028 molitus,»
2687 1962 3028 2035 explicanda
3060 1967 3198 2018 sunt
3229 1961 3328 2018 illa
3359 1963 3576 2035 quibus
3598 1987 3626 2014 «
3649 1965 3714 2019 ﬁ-

2057 2050 2291 2105 duciam
2340 2049 2663 2122 imperialis
2695 2050 3013 2123 praesentia:
3046 2073 3073 2100 »
3135 2056 3423 2107 memorat
3481 2052 3540 2107 in
3594 2054 3713 2108 Dis-

2055 2140 2241 2194 cordia
2274 2157 2435 2195 num.
2469 2142 2523 2206 5,
2559 2155 2805 2212 eamque
2865 2162 2893 2189 ‹‹
2927 2140 3202 2195 ﬁduciam
3261 2139 3581 2213 imperialis
3628 2141 3710 2197 nil

2058 2228 2213 2283 aliud
2243 2245 2420 2300 quam
2449 2230 2604 2301 quod
2626 2230 2858 2299 justum
2891 2233 2979 2283 est
3009 2229 3374 2285 decernentis
3407 2231 3710 2302 praesentis

2060 2337 2089 2367 «
2119 2304 2376 2387 appellat
2404 2315 2463 2370 in
2492 2333 2760 2372 sermone
2791 2316 2855 2371 de
2887 2316 3096 2372 Octauia
3147 2317 3374 2373 Pascha,p
3431 2335 3596 2372 num.
3658 2320 3711 2373 4.

2058 2403 2203 2459 Cum
2234 2405 2512 2460 nimirum
2546 2406 2857 2476 cpiscopus
2889 2403 3092 2458 multis
3124 2405 3540 2475 experimentis
3563 2407 3713 2477 [CLII]

2059 2492 2300 2548 edoctus
2360 2492 2654 2547 canonicis
2711 2492 2859 2545 nihil
2919 2492 3140 2557 ﬁderet,
3202 2493 3436 2562 quando
3494 2493 3713 2546 beneﬁ-

2061 2580 2151 2636 cia
2180 2581 2286 2635 abs
2340 2597 2402 2635 se
2434 2581 2580 2652 ipsis
2610 2579 2818 2634 collata
2848 2580 3183 2634 renuntiare
3215 2579 3317 2633 visi
3354 2583 3511 2643 sunt,
3543 2579 3716 2635 vehe-

2062 2673 2402 2741 menterque
2436 2672 2720 2724 metueret
2750 2685 2821 2723 ne
2850 2671 3164 2740 potestates
3196 2671 3398 2723 contra
3427 2684 3489 2724 se
3536 2667 3715 2726 laicas

2061 2763 2510 2824 commoverent,
2539 2762 2602 2812 ut
2633 2760 3018 2812 memoratam
3051 2755 3476 2822 fundationem,
3507 2773 3609 2813 seu
3625 2759 3717 2814 Ju-

2060 2847 2303 2900 dicatum
2335 2846 2565 2901 irritum
2599 2846 2907 2902 redderent
2938 2863 2951 2913 ;
2985 2845 3175 2900 noluit
3205 2846 3470 2900 eamdem
3504 2847 3715 2903 tunda-

2061 2934 2281 2989 tionem
2315 2935 2544 3006 prodire
2567 2934 2623 2989 in
2649 2933 2970 3007 publicum,
2987 2933 3101 2989 nisi
3124 2933 3496 3006 imperatoris
3523 2935 3714 2992 favore

2061 3039 2128 3078 ac
2159 3023 2478 3096 patrocinio
2511 3024 2858 3079 muniretur.
2885 3023 3045 3078 Brevi
3068 3023 3502 3080 eumVeronam
3519 3035 3715 3081 'acces-

2063 3129 2270 3167 surum
2304 3111 2543 3180 sciebat,
2574 3117 2637 3166 ut
2667 3111 2863 3178 Ottoni
2897 3110 2944 3166 II
2974 3111 3092 3166 ﬁlio
3137 3128 3242 3166 suo
3291 3128 3360 3166 ex
3403 3112 3717 3168 Germania

299 3206 530 3274 septem
576 3201 967 3259 subdiaconos
1005 3203 1076 3258 de
1121 3204 1432 3259 secretario
1454 3207 1512 3259 et
1539 3209 1762 3277 septem
1810 3205 1955 3262 alios
1987 3186 2028 3253 C
2067 3201 2124 3255 in
2160 3200 2386 3256 Italiam
2416 3201 2667 3257 venienti
2699 3205 3044 3257 occurreret.
3075 3200 3338 3255 Occurrit
3384 3205 3579 3256 autem
3604 3201 3714 3256 Ve-

300 3291 694 3347 subdiaconos
723 3296 1008 3358 cantores,
1032 3291 1185 3347 inter
1215 3292 1509 3364 acolytbos
1541 3294 1610 3349 de
1641 3295 1951 3350 secretario

299 3385 528 3452 septem
557 3383 615 3436 et
644 3379 790 3435 alios
813 3378 1109 3452 acolytbos
1132 3381 1388 3453 quinque
1408 3386 1694 3448 cantores,
1730 3399 1950 3439 necnon

277 3453 358 3526 ἐι
406 3467 676 3524 ostiarios
725 3468 1628 3542 sex.Notanda«presbyterorum
1666 3473 1820 3546 [CLII]
1853 3490 1950 3528 ca-

297 3557 664 3631 pellanorum
696 3579 725 3606 »
752 3557 992 3623 mentio,
1015 3557 1112 3630 qui
1147 3557 1366 3614 scilicet
1395 3577 1428 3613 a
1459 3561 1812 3630 presbyteris
1836 3578 1955 3616 ma-

285 3646 523 3718 joribus
581 3662 686 3702 seu
745 3645 1040 3701 canonicis
1089 3647 1621 3719 distinguebantur,
1655 3648 1741 3703 uti
1797 3667 1954 3703 nunc

294 3751 532 3807 quoque
563 3735 623 3789 in
656 3738 858 3790 nostra
886 3733 1205 3790 cathedrali
1233 3734 1478 3790 ecclesia
1508 3735 1955 3808 distinguuntur

293 3822 382 3880 illi
415 3822 1027 3895 presbyteri,qui,cum
1059 3839 1173 3878 non
1207 3823 1324 3878 sint
1356 3823 1678 3890 canonici,«
1704 3823 1952 3895 capella-

297 3912 358 3967 ni
392 3933 421 3962 »
452 3916 750 3967 vocantur.
783 3912 1048 3967 Notanda
1080 3911 1298 3982 pariter
1322 3910 1619 3966 distinctio
1640 3911 1791 3967 inter
1821 3914 1955 3968 sub-

299 3999 577 4055 diaconos
607 4006 664 4054 et
690 3999 988 4072 acolythos
1023 4020 1051 4048 «
1085 4000 1155 4055 de
1185 3999 1518 4066 secretario,
1541 4021 1569 4048 »
1601 4000 1700 4072 qui
1731 4000 1954 4058 scilicet

295 4089 573 4161 episcOpo
603 4087 919 4145 celebranti
962 4088 1021 4142 in
1053 4087 1237 4144 sacris
1278 4087 1691 4156 inserviebant,
1719 4097 1777 4146 et
1806 4091 1952 4147 alios

296 4176 692 4233 subdiaconos
721 4180 894 4248 atque
925 4176 1222 4249 acolythos
1246 4200 1274 4227 «
1299 4182 1625 4249 cantores,»
1657 4179 1757 4251 qui
1787 4197 1954 4236 cane-

295 4265 445 4320 bant
471 4265 532 4320 in
563 4264 759 4321 choro.
791 4265 1148 4338 Presbyteris
1186 4271 1380 4321 autem
1425 4265 1764 4338 capellanis,
1812 4271 1951 4324 sub-

297 4353 586 4425 diaconis,
639 4359 813 4427 atque
872 4353 1157 4427 acolythis
1214 4356 1284 4410 de
1362 4356 1691 4421 secretario,
1747 4362 1954 4428 praeter

295 4446 592 4499 certorum
624 4443 958 4499 reddituum
980 4443 1302 4514 portionem
1333 4443 1618 4516 aqualiter
1642 4461 1775 4500 cum
1811 4446 1951 4501 sub-

2061 3307 2214 3345 ronaz
2246 3291 2355 3345 sub
2391 3291 2564 3344 ﬁnem
2597 3291 2862 3345 Octobris
2893 3289 3028 3344 anni
3063 3289 3187 3354 967,
3221 3288 3432 3360 hicque
3462 3305 3597 3344 cum
3647 3307 3713 3346 eo

2062 3378 2338 3434 Omnium
2360 3379 2706 3435 Sanctorum
2733 3379 2979 3435 festumc
3002 3377 3280 3433 elebravit
3299 3378 3572 3434 Kalendis
3601 3379 3713 3434 No-

2060 3468 2317 3523 vembris
2347 3469 2566 3539 (Annal.
2599 3469 2763 3533 Samo,
2800 3484 2951 3522 anno
3001 3467 3149 3536 967).
3185 3466 3301 3520 Hac
3355 3483 3490 3538 ergo
3544 3483 3710 3522 occa-

2061 3555 2223 3611 sione
2249 3557 2570 3612 Judicatum
2600 3559 2771 3610 antea
2799 3573 2834 3608 a
2865 3571 2927 3608 se
2959 3556 3226 3624 paratum
3271 3553 3609 3624 imperatori
3641 3554 3715 3608 si-

2062 3643 2373 3715 gniﬁcasse
2402 3643 2650 3709 videtur,
2685 3647 2742 3697 et
2771 3658 3037 3714 sperasse
3073 3641 3190 3694 fore
3237 3644 3299 3693 ut
3330 3639 3472 3694 illud
3523 3640 3715 3696 Caesar

2064 3748 2171 3786 sua
2225 3731 2567 3786 auctoritate
2638 3733 2984 3803 protegeret,
3039 3729 3262 3800 hacque
3319 3750 3346 3778 «
3406 3727 3624 3784 ﬁducia
3681 3751 3709 3778 »

2062 3820 2258 3892 ipsum
2291 3819 2539 3876 subinde
2579 3819 2851 3876 edidisse.
2879 3818 3040 3874 Certe
3074 3822 3138 3874 ut
3167 3817 3553 3890 potestatibus
3601 3834 3710 3873 cae-

2059 3909 2222 3978 teris,
2257 3927 2403 3982 quas
2445 3914 2648 3965 contra
2694 3926 2756 3966 se
2803 3914 2860 3966 et
2889 3913 3089 3965 contra
3119 3926 3288 3964 suam
3321 3907 3471 3964 hanc
3501 3908 3708 3964 funda-

2060 3998 2278 4054 tionem
2311 3998 2572 4054 canonici
2605 4003 2870 4071 poterant
2901 3998 3168 4067 excitare,
3188 3999 3417 4052 frenum
3450 3997 3710 4070 impone-

2061 4093 2243 4156 retur,
2277 4089 2348 4143 ab
2379 4089 2580 4143 eodem
2608 4089 2955 4160 imperatore
2977 4087 3206 4159 insigne
3254 4086 3514 4159 diploma
3563 4087 3710 4142 obti-

2061 4177 2189 4232 nuit
2219 4179 2421 4233 datum
2439 4177 2798 4234 «Balsemate
2820 4178 2929 4249 (est
2947 4177 3111 4232 locus
3132 4175 3709 4232 dicecesisVeronen-

2061 4267 2146 4322 sis
2176 4283 2353 4338 prope
2381 4267 2683 4337 Mincium)
2708 4265 2887 4322 Nonis
2910 4265 3252 4321 Novembris
3284 4281 3436 4319 anno
3458 4264 3714 4320 Domini-

2061 4372 2138 4410 cae
2179 4355 2598 4411 incarnationis
2627 4355 2751 4422 967,
2786 4355 3012 4426 imperii
3046 4371 3181 4408 vero
3209 4352 3407 4408 domni
3441 4351 3708 4417 Othonis,

2061 4442 2312 4515 piissimi
2369 4444 2609 4499 Czesaris
2665 4445 2720 4508 6,
2779 4441 3100 4498 Indictione
3147 4443 3232 4495 11.
3269 4463 3296 4488 ››
3330 4440 3391 4494 In
3453 4439 3712 4507 Qalilan’s

295 4531 564 4588 diaconis
592 4537 650 4588 et
679 4531 962 4604 acolythis
985 4531 1320 4588 cantoribus
1342 4537 1516 4604 atque
1535 4533 1790 4588 ostiariis
1813 4533 1953 4588 divi-
1983 4552 2030 4617 Β
2058 4533 2370 4603 conjectura
2400 4549 2562 4586 num.
2589 4533 2674 4597 13,
2695 4548 2758 4586 se
2788 4529 3070 4584 nonnulla
3099 4529 3549 4617 abjimperatore
3573 4527 3710 4617 peti-

294 4620 699 4688 dendam,alia
720 4622 984 4693 quaedam
1017 4622 1169 4676 bona
1193 4620 1665 4693 assignavit,qua3
1690 4621 1952 4693 ipsorum

293 4709 530 4765 tantum
561 4707 796 4764 utilitati
824 4709 1112 4776 cederent,
1133 4725 1237 4764 nec
1257 4726 1393 4764 cum
1416 4709 1754 4764 cantoribus
1777 4715 1949 4780 atque

295 4797 556 4854 ostiariis
578 4797 991 4853 dividerentur.
1008 4797 1362 4852 Peculiarem
1386 4814 1557 4869 porro
1583 4798 1745 4852 addit
1773 4799 1948 4853 ratio-

297 4903 458 4952 nem,
491 4903 596 4942 cur
625 4886 814 4942 tribus
844 4886 974 4942 istis
1005 4885 1516 4951 subdiaconorum,
1546 4885 1949 4959 acolythorum

295 4979 356 5032 et
382 4975 755 5032 ostiariorum
803 4975 1107 5032 ordinibus
1161 4975 1585 5048 providendum
1639 4976 1946 5048 putaverit.

298 5088 334 5116 ‹‹
364 5063 733 5120 Consideravi
764 5081 1038 5136 namque,
1078 5064 1270 5136 inquit
1318 5081 1482 5120 num.
1517 5065 1570 5130 4,
1605 5065 1744 5136 quia
1789 5081 1947 5131 cum,

299 5158 513 5227 praeter
532 5154 590 5209 id
611 5154 766 5225 quod
790 5154 847 5208 in
867 5153 1260 5210 ecclesiastico
1298 5157 1480 5226 agunt
1510 5153 1855 5222 ministerio,
1889 5153 1950 5210 hi

299 5247 426 5298 tres
455 5243 687 5299 ordines
715 5241 1066 5316 peculiarius
1092 5241 1312 5298 caeteris
1339 5241 1611 5298 omnibus
1633 5242 1951 5314 pontiﬁcali

299 5331 584 5388 insudent
605 5331 1177 5405 servitie,specialius
1207 5331 1429 5404 aliquid
1475 5331 1733 5404 accipere
1755 5331 1828 5385 ab
1840 5331 1954 5403 epi-

294 5437 481 5494 scopo
518 5439 621 5495 pro
660 5420 1375 5495 specialitcrilliimpenso
1410 5419 1752 5475 debuissent
1785 5420 1951 5476 obse-

298 5510 462 5583 quio.
487 5510 700 5567 Parum
720 5527 854 5566 vero
874 5511 958 5566 eis
977 5511 1104 5566 ideo
1127 5509 1507 5582 contuli,quia
1527 5512 1584 5564 et
1605 5508 1813 5564 dandis
1837 5525 1951 5564 non

253 5675 260 5678 _
298 5601 448 5658 adeo
480 5599 877 5668 abundabam,
897 5603 1098 5673 utpote
1117 5599 1218 5672 qui
1237 5598 1336 5656 ubi
1358 5597 1454 5657 alii
1478 5597 1950 5664 dominabantur,

2061 4625 2260 4675 turum
2294 4621 2628 4692 scripserat,
2659 4636 2784 4690 qua:
2817 4620 2876 4673 in
2926 4618 3034 4672 hoc
3078 4615 3338 4688 diploma
3389 4615 3714 4672 concedun-

2054 4711 2172 4763 tur.
2196 4709 2321 4763 Non
2355 4708 2545 4764 solum
2578 4708 2734 4762 enim
2769 4707 3190 4762 conﬁrmantur
3221 4703 3523 4777 privilegia
3540 4704 3712 4762 Vero-

2058 4797 2223 4853 nensi
2259 4796 2514 4853 ecclesiae
2544 4799 2618 4851 ab
2669 4795 3136 4852 antecessoribus
3181 4811 3478 4863 concessa,
3504 4809 3709 4850 verum

2057 4887 2234 4942 etiam
2257 4884 2493 4942 castella
2509 4890 2565 4942 et
2583 4902 2827 4959 persona
2849 4885 3218 4957 episcopatus
3235 4884 3410 4954 ajure
3426 4883 3708 4939 comitum

2057 4979 2115 5033 et
2136 4982 2473 5032 caeterarum
2497 4975 2832 5031 inferiorum
2860 4978 3212 5046 potestatum
3234 4973 3587 5028 eximuntur.
3605 4972 3710 5028 Ra-

2056 5063 2247 5121 therio
2278 5069 2475 5120 autem
2507 5063 2758 5136 speciale
2789 5061 3155 5134 privilegium
3187 5059 3708 5132 conceditur,quod

2062 5176 2091 5205 «
2124 5153 2624 5208 mundeburdium
2654 5175 2681 5202 »
2702 5155 2960 5220 vocatur,
2981 5152 3152 5222 cujus
3180 5150 3233 5204 vi
3267 5151 3409 5206 adeo
3439 5153 3564 5204 erat
3585 5166 3712 5222 pro-

2061 5245 2272 5308 tectus,
2305 5247 2372 5298 ut
2400 5242 2448 5297 si
2481 5243 2614 5314 quis
2642 5259 2776 5297 eum
2836 5239 3111 5312 amplius,
3172 5245 3237 5295 ut
3291 5255 3477 5310 usque
3531 5255 3706 5305 nunc,

2063 5331 2503 5403 praesumpserit
2555 5331 2898 5402 inquietare,
2944 5335 3008 5384 ut
3063 5327 3297 5384 rebellis
3328 5326 3591 5393 existere,
3622 5327 3710 5383 vel

2060 5424 2173 5476 Deo
2207 5419 2637 5483 contradixerit,
2672 5420 2826 5490 quod
2858 5434 3033 5473 suum
3067 5415 3458 5490 ministerium
3491 5420 3711 5483 est,ex-

2061 5507 2281 5576 bibere,
2318 5508 2365 5564 si
2397 5507 2642 5564 clericus
2673 5507 3075 5574 est,omnibus
3108 5523 3235 5578 quae
3261 5505 3438 5562 habet
3466 5504 3523 5559 in
3557 5509 3712 5577 pote-

2063 5602 2274 5655 statem
2303 5597 2490 5672 ipsius
2522 5596 2790 5669 redactis,
2823 5597 2892 5653 de
2931 5595 3176 5656 ecclesia
3215 5611 3403 5669 usque
3434 5595 3506 5652 ad
3538 5594 3709 5652 satis‘
