4046 6186
429 333 547 406 127

1375 323 1833 393 BATHERIUS
1876 315 2374 389 VERONENSIS
2418 321 2868 394 EPISCOP‘US.

3721 320 3831 392 128

430 472 738 534 factionem
758 465 1086 541 legitimam
1115 468 1291 537 atque
1321 463 1670 538 condignam
1705 461 1991 536 pellatur;
2027 458 2074 516 si
2104 455 2164 527 Α
2191 459 2621 534 subcriptiones
2663 465 3053 520 accesserunt.
3109 460 3231 520 Nisi
3279 458 3558 521 librarius
3606 478 3676 521 ex
3721 463 3828 523 Ra-

428 559 814 633 servus,quod
846 571 1143 615 servorum
1176 557 1286 620 est,
1315 553 1542 620 subeat,
1561 557 1618 608 et
1639 553 1697 607 in
1730 555 2076 623 potestatem

415 652 616 727 .ipsius
643 654 709 706 ut
737 665 806 705 ex
829 646 1024 702 debito
1057 646 1308 710 maneat,
1342 665 1370 691 »
1404 646 1512 697 etc.
1547 645 1855 697 Coercetur
1898 639 2075 696 etiam

419 740 620 800 omnis
647 736 928 795 comitum
960 737 1016 788 et
1044 731 1293 786 aliarum
1333 734 1689 801 potestatum
1740 727 2072 793 auctoritas,

426 848 498 890 ne
525 845 588 885 se
619 827 675 883 in
703 842 790 891 ea,
821 839 948 894 quae
977 819 1231 894 episcopi
1266 823 1424 884 sunt,
1469 823 1670 873 contra
1717 816 2073 872 voluntatem

425 918 613 991 ipsius
643 913 935 970 ullatenus
957 910 1355 981 ingerant,aut
1377 905 1653 962 clericum
1677 905 1763 961 vel
1788 903 2072 959 famulum

425 1005 718 1080 ejus,ipso
745 1018 860 1056 non
891 997 1332 1064 concedente,in
1357 994 1747 1068 patrocinium
1771 993 2071 1068 recipiant,

417 1100 528 1153 aut
555 1096 758 1150 contra
781 1107 849 1146 ea
879 1105 1004 1160 quae
1037 1085 1308 1158 episcopo
1358 1085 1674 1140 statuenda
1719 1083 2076 1138 videbuntur

424 1184 533 1256 (uti
567 1182 696 1250 fuit,
725 1178 879 1252 quod
913 1178 971 1232 in
1000 1176 1248 1233 Judicato
1291 1174 1638 1244 constituit),
1672 1171 2073 1230 obtinentibus

423 1271 707 1333 auxilium
769 1275 872 1327 aut
931 1266 1183 1322 favorem
1241 1267 1539 1337 praestent.
1593 1265 1850 1320 Tandem
1906 1259 2076 1320 libel-

423 1362 552 1420 larii
588 1365 752 1429 [ρων]
783 1359 1140 1421 contractus,
1169 1352 1659 1409 commutationes
1691 1353 2068 1425 ebtprecariaa,

423 1451 640 1524 quibus
657 1447 910 1505 ecclesia:
929 1446 1080 1500 bona
1096 1442 1227 1498 dolo
1249 1459 1311 1498 se
1336 1442 1564 1496 fuerant
1582 1439 2074 1508 alienata,rescin-

423 1541 676 1606 duntur;
711 1536 862 1611 quod
898 1535 958 1590 in
988 1531 1136 1589 votis
1164 1528 1420 1602 episcopi
1455 1528 1638 1584 fuisse
1681 1546 1750 1584 ex
1781 1530 2074 1598 Qualilatis

419 1631 729 1704 conjectura
756 1625 884 1681 loco
916 1621 1152 1678 laudato
1196 1618 1511 1673 didicimus
1543 1617 1629 1689 (V.
1665 1635 1797 1691 sup.
1830 1637 1887 1673 η.
1923 1620 2070 1690 109).

420 1720 570 1786 Haec,
608 1733 735 1790 quae.
766 1713 838 1770 ab
867 1712 1217 1783 imperatore
1247 1706 1558 1762 Ratherius
1603 1707 1877 1774 obtinuit,
1922 1708 2070 1764 fidu-

419 1809 572 1866 ciam
599 1806 733 1877 ejus
763 1802 823 1864 in
857 1796 1144 1872 imperiali
1167 1795 1477 1870 praesentia
1499 1813 1610 1851 non
1635 1796 1866 1852 inanem
1891 1797 2070 1854 fuisse
2099 1824 2149 1890 Β

406 1880 842 1954 demonstrant.
875 1889 1051 1944 Porro
1083 1903 1201 1942 una
1239 1901 1374 1940 cum
1425 1883 1711 1956 imperiali
1761 1887 2071 1957 praesentia

419 1985 652 2043 duobus
668 1981 727 2038 in
744 1963 888 2038 locis
905 1981 1076 2033 antea
1092 1973 1366 2029 indicatis
1379 1973 1766 2045 jungitetiam
1781 1976 2068 2047 synodum

417 2069 910 2147 congregandam,
941 2064 1002 2120 in
1033 2080 1150 2136 qua
1181 2077 1242 2118 se
1273 2076 1504 2134 quoque
1536 2062 1848 2119 confldisse
1886 2063 2068 2137 signi-

418 2162 576 2218 ficat.
601 2182 629 2210 ‹‹
683 2157 843 2216 Licet
889 2169 1066 2220 nunc,
1098 2149 1292 2223 inquit
1334 2149 1394 2205 in
1444 2150 1783 2206 Discordiam
1814 2169 1977 2208 num.
2009 2154 2065 2222 5,

418 2247 636 2307 ﬁducia
664 2243 988 2319 imperialis
1016 2239 1335 2314 prasentiaa
1381 2242 1438 2294 et
1485 2239 1691 2311 synodi
1739 2240 2067 2298 adunandaa

416 2338 476 2398 in
511 2338 818 2414 propatulo
850 2333 927 2389 sit
955 2331 1314 2403 designata;»
1337 2332 1392 2384 et
1409 2327 1682 2384 similiter
1705 2328 1765 2384 in
1797 2346 2066 2387 sermone

400 2430 492 2489 .Dc
522 2426 734 2485 Octavi:
764 2423 987 2479 Paschw
1020 2435 1184 2476 num.
1218 2419 1250 2473 4
1283 2434 1295 2473 :
1332 2416 1569 2472 Fiducia
1616 2417 1939 2491 imperialis
1985 2420 2066 2478 nil

398 2517 575 2577 aliud
596 2530 774 2589 quam
793 2511 949 2584 quod
968 2511 1204 2581 justum
1225 2507 1690 2563 estdecernentis
1721 2509 2084 2581 praesentiae,

396 2611 474 2671 ,et
502 2602 711 2678 synodi
741 2599 1158 2672 congreganda:
1192 2618 1220 2646 »
1243 2594 1511 2661 etc.Quid
1547 2595 1718 2650 fuerit
1738 2597 1971 2666 justum
2002 2597 2070 2653 il-

413 2695 538 2760 lud,
570 2692 727 2766 quod
758 2686 1079 2761 imperialis
1108 2683 1418 2758 praesentia
1446 2683 1718 2749 decrevit,
1749 2701 1818 2739 ex
1849 2703 2066 2742 memo-

414 2787 540 2840 rato
571 2778 890 2854 diplomate
919 2774 1295 2848 perspicuum
1327 2768 1410 2826 fit.
1443 2771 1594 2826 Satis
1633 2788 1700 2826 ex
1731 2772 1839 2828 hoc
1868 2777 2062 2830 tutum

413 2870 720 2930 videbatur
748 2865 902 2939 quod
937 2863 1248 2936 episcopus
1274 2860 1332 2916 in
1357 2859 1605 2916 Judicato
1635 2859 1908 2916 instituit.

488 2959 893 3024 126.0uaenam
915 2969 1049 3008 vero
1071 2950 1246 3006 fuerit
1271 2970 1293 2998 ι
1319 2949 1580 3018 synodus
1596 2952 2061 3022 congreganda,»

412 3053 473 3107 et
493 3063 636 3105 num
657 3043 881 3120 aliquid
906 3042 1061 3100 circa
1081 3039 1340 3096 Ratherii
1361 3037 1680 3096 iudicatum
1695 3039 2062 3111 egerit,nunc

412 3137 750 3195 videndum.
767 3132 1104 3190 Judicatum
1123 3127 1360 3200 quidem
1377 3127 1586 3184 charta
1607 3126 1839 3186 nomine
1860 3134 2064 3186 auctor

410 3224 681 3284 iudicans
707 3222 768 3280 in
797 3220 973 3294 epist.
999 3219 1066 3275 12
1094 3217 1165 3274 ad
1187 3214 1562 3272 Ambrosium
1585 3233 1750 3272 num.
1767 3219 1855 3286 4,‹‹
1883 3235 2062 3275 manu

411 3312 779 3386 patriarchae,
807 3315 865 3366 et
895 3325 1043 3375 mea,
1073 3305 1458 3376 omniumque
1497 3308 1707 3360 nostra:
1755 3307 2064 3378 provincia:

410 3401 888 3476 coepiscoporum
920 3399 1218 3453 firmatum
1255 3394 1451 3450 tradit.
1489 3417 1517 3443 ››
1569 3394 1639 3449 Ut
1686 3395 1965 3452 nimirum
1996 3415 2064 3454 ea

411 3489 675 3547 fundatio
708 3505 822 3544 non
855 3490 973 3542 tam
1009 3483 1293 3558 imperiali
1328 3501 1505 3556 quam
1539 3483 1930 3540 ecclesiastica
1961 3503 2060 3558 po-

410 3583 618 3636 testate
648 3581 775 3635 rata
801 3579 958 3633 esset
987 3578 1043 3629 et
1073 3575 1262 3640 ﬁrma,
1297 3572 1638 3646 patriarcha:
1675 3572 2062 3646 Aquileiensis

410 3665 841 3741 metropolitani
861 3664 953 3723 sui
972 3667 1430 3734 caaterorumque
1462 3663 1866 3734 episcoporum
1883 3661 2063 3735 hujus

408 3757 714 3831 provincia:
747 3751 1278 3825 subscriptionibus
1316 3752 1779 3807 conﬁrmandam
1811 3753 2058 3807 curavit.

409 3847 527 3903 Hos
546 3846 785 3902 Veronae
817 3841 1177 3907 convenisse,
1223 3855 1358 3894 cum
1407 3839 1536 3893 Otto
1587 3839 1900 3910 imperator
1946 3840 2062 3895 huc

411 3935 664 4003 advenit,
697 3930 846 3988 nihil
877 3933 969 3986 est
997 3927 1437 4000 ambigendum.
1487 3926 1547 3980 Id
1595 3927 1753 3982 enim
1795 3927 1854 3982 in
1901 3944 2060 3984 more

412 4024 670 4098 positum
699 4025 846 4088 erat,
863 4024 927 4075 ut
955 4015 1206 4089 episcopi
1242 4013 1578 4086 imperatori
1610 4013 1670 4070 in
1703 4016 2059 4088 provinciam

410 4110 740 4168 advenienti
768 4109 1155 4172 occurrerent,
1189 4105 1496 4176 eidemque
1535 4103 1882 4176 obsequium
1916 4123 2060 4178 prae-

411 4202 654 4256 starent.
670 4198 734 4254 Id
753 4200 947 4254 autem
971 4192 1157 4250 multo
1188 4193 1378 4265 magis
1409 4193 1805 4264 praestandum
1829 4194 2060 4252 eratVe-

410 4305 564 4346 ranae
596 4286 704 4348 hac
733 4284 1058 4354 occasione,
1093 4299 1209 4356 qua
1236 4281 1556 4354 imperator
1593 4280 1778 4337 filium
1823 4301 1998 4339 suum
2031 4301 2061 4340 e

410 4375 724 4446 Germania
743 4375 800 4429 in
820 4371 1048 4429 Italiam
1069 4371 1260 4446 primo
1289 4370 1712 4443 ingredientem
1739 4371 1956 4427 ibidem
1975 4390 2062 4429 re-

411 4467 585 4540 cepit.
607 4463 954 4521 Patriarchae
986 4479 1122 4535 ergo
1151 4465 1208 4516 et
1237 4459 1816 4532 comprovincialium
1844 4462 2062 4533 episco-

2187 548 2393 606 theriis
2406 550 2606 607 chedis
2618 551 2726 608 hoc
2741 551 3090 626 opusculum
3105 551 3830 620 transcribens,cbronicas

2188 642 2358 694 notas
2388 643 2444 693 et
2473 639 2934 713 subscriptiones
2965 640 3280 709 omisisset,
3314 641 3468 697 sicut
3520 640 3652 700 aliis
3691 661 3829 716 quo-

2187 743 2300 798 que
2331 728 2696 784 documentis
2728 747 3153 803 nonnunquam
3185 731 3414 786 accidit.
3446 731 3662 788 certius
3693 737 3829 788 tem-

2187 832 2299 888 pus
2332 815 2679 873 eluccsceret
2709 820 2902 890 (Epist.
2940 821 3006 874 12
3034 838 3167 874 num
3198 822 3271 888 4).
3321 820 3569 878 Missum
3619 820 3732 880 fuit
3760 823 3828 878 ad

2182 905 2554 960 Ambrosium
2589 905 2956 980 imperatoris
2987 907 3423 980 cancellarium,
3455 914 3518 964 ut
3546 925 3655 965 suo
3688 927 3828 983 quo-

2184 1008 2298 1066 que
2325 995 2477 1067 apud
2508 995 2790 1051 Caesarem
2823 998 3145 1068 patrocinio
3174 997 3473 1071 negotium
3503 1002 3786 1055 tueretur.

2257 1083 2376 1137 125.
2407 1083 2737 1151 Judicatum,
2773 1085 2881 1140 hac
2912 1084 3132 1158 duplici
3164 1090 3441 1159 tantaque
3487 1088 3830 1162 auctoritate

2183 1171 2499 1238 munitum,
2533 1173 2665 1245 quis
2710 1191 2825 1229 non
2871 1175 3016 1230 satis
3055 1179 3247 1231 tutum
3283 1175 3676 1233 credidisset?
3703 1177 3828 1236 Haec

2182 1261 2420 1334 quidem
2440 1266 2562 1317 erat
2581 1262 2758 1317 etiam
2782 1262 3039 1318 Ratherii
3059 1286 3087 1312 «
3112 1263 3381 1320 fiducia.»
3395 1266 3467 1321 At
3483 1281 3617 1338 spes
3639 1266 3830 1324 omnis

2181 1354 2482 1405 incassum
2515 1350 2740 1406 cecidit.
2776 1352 2897 1406 lmo
2923 1352 3233 1417 discordia,
3256 1369 3382 1425 quae
3414 1353 3566 1410 inter
3589 1353 3828 1412 clericos

2181 1443 2240 1494 et
2269 1438 2608 1511 episcopum
2641 1456 2872 1512 semper
2893 1444 3062 1496 antea
3078 1440 3264 1514 viguit
3289 1441 3656 1516 quidem,sed
3680 1444 3833 1500 clan-

2181 1525 2312 1582 culo
2344 1527 2632 1601 serpebat,
2665 1545 2734 1583 ex
2759 1528 2999 1586 Judicati
3027 1530 3280 1586 editione
3311 1530 3505 1602 palam
3536 1533 3756 1604 erupit,
3779 1539 3833 1610 et

2181 1615 2522 1689 episc0pum
2583 1622 2779 1690 aperte
2839 1618 3117 1691 impetere
3173 1619 3364 1692 coepit.
3399 1619 3507 1684 Qui
3535 1621 3828 1689 dicebant,

2180 1703 2373 1776 inquit
2403 1705 2460 1760 in
2493 1705 2774 1762 Discordia
2802 1723 2966 1775 num,
2999 1709 3053 1774 8,
3088 1723 3148 1762 se
3180 1725 3295 1763 non
3328 1723 3532 1765 curare
3575 1709 3626 1765 si
3673 1712 3829 1782 quod

2181 1791 2253 1848 de
2281 1809 2409 1850 meo
2440 1792 2751 1863 habebant,
2784 1796 2856 1851 ab
2888 1793 2972 1850 eis
3018 1796 3325 1866 auferrem,
3358 1813 3549 1870 neque
3596 1798 3670 1855 ob
3728 1799 3831 1858 hoc

2182 1881 2326 1938 mihi
2359 1882 2558 1940 minus
2591 1883 2790 1940 fideles
2820 1883 3152 1953 existerent,
3185 1888 3415 1941 tantum
3448 1902 3546 1942 eos
3594 1887 3667 1944 de
3717 1888 3830 1960 his,

2180 1971 2396 2043 quibus
2424 1988 2523 2028 eos
2554 1971 3055 2045 interpellaveram
3101 1972 3345 2041 (scilicet
3392 1975 3463 2031 de
3502 1976 3831 2034 redditibus

2178 2058 2332 2115 inter
2361 2059 2520 2132 ipsos
2537 2059 2674 2116 olim
2705 2060 2929 2130 divisis)
2952 2061 3274 2136 inquietare
3304 2079 3615 2134 cessarem;
3640 2067 3830 2123 securi

2178 2165 2336 2204 nunc
2366 2149 2437 2204 de
2467 2165 2596 2206 mea
2627 2148 3272 2224 cessatione(quantum
3305 2152 3376 2208 ad
3405 2151 3674 2210 laudatos
3709 2156 3833 2212 red-

2177 2237 2363 2309 ditus)
2387 2239 2457 2293 de
2490 2255 2618 2294 meo
2649 2239 2720 2293 ab
2745 2239 2829 2294 eis
2859 2239 2932 2295 ob
2966 2238 3447 2313 ingratitudinem
3479 2241 3724 2300 illorum
3755 2261 3835 2301 re-

2177 2331 2341 2398 cepto
2357 2343 2448 2381 me
2460 2331 2737 2399 satagunt
2753 2343 2854 2400 per
2866 2332 3207 2400 potestatem
3225 2332 3615 2402 quorumdam
3637 2336 3834 2406 patro-

2175 2415 2350 2472 ciniis
2379 2415 2721 2488 inquietare.
2774 2415 2862 2486 Illi
2912 2417 3213 2486 nimirum,
3257 2423 3322 2474 ut
3371 2420 3727 2490 obtinerent,
3762 2439 3831 2478 ne

2176 2503 2487 2560 Ratherius
2521 2505 2577 2558 in
2606 2521 2712 2559 sua
2742 2505 2894 2560 bona
2921 2522 2988 2561 ac
3019 2507 3281 2563 redditus
3303 2525 3510 2564 novam
3540 2509 3831 2566 distribu-

2171 2592 2392 2649 tionem
2425 2592 3066 2666 induceret,protestati
3088 2595 3337 2665 fuerant,
3357 2613 3420 2652 se
3452 2614 3566 2654 non
3597 2616 3827 2655 curare.

2174 2681 2224 2737 si
2254 2681 2623 2756 privarentur
2652 2681 2725 2736 iis
2757 2681 3206 2756 beneficiis,quae
3226 2685 3297 2740 ab
3317 2685 3442 2757 ipso
3459 2695 3825 2760 acceperant.

2171 2771 2316 2826 Cum
2346 2787 2478 2825 vero
2507 2786 2573 2824 ex
2603 2769 2730 2842 ipso
2759 2771 3006 2828 Judicato
3036 2772 3331 2845 explorate
3367 2776 3826 2848 perspexissent,

2173 2877 2235 2917 se
2267 2859 2412 2916 satis
2443 2875 2680 2914 securos
2712 2858 2772 2914 in
2803 2859 2972 2916 bonis
3002 2865 3059 2916 et
3088 2862 3414 2920 redditibus
3437 2864 3715 2937 propriis,
3735 2866 3827 2922 be-

2170 2948 2379 3006 neﬁcia
2406 2947 2518 3004 sibi
2555 2947 2695 3004 olim
2743 2947 2956 3005 collata
3000 2953 3058 3005 et
3098 2951 3415 3008 novissime
3445 2951 3660 3022 ablata,
3697 2958 3832 3010 tan-'-

2171 3053 2350 3111 quam
2382 3054 2493 3092 sua
2523 3041 2782 3110 ropetere
2823 3053 2925 3110 per
2955 3043 3302 3111 potestatem
3351 3041 3729 3098 studuerunt.
3765 3042 3829 3100 In

2171 3127 2324 3182 hanc
2356 3143 2477 3183 rem
2509 3125 2833 3199 patrocinia
2863 3127 3187 3199 potentium
3217 3132 3468 3204 captata,
3501 3133 3559 3185 et
3607 3129 3830 3204 aliquis

2093 3194 2136 3262 (ἶ
2175 3217 2246 3273 ad
2277 3194 2688 3289 imperatorem
2720 3194 2883 3270 clam-
2904 3215 3180 3286 directus,
3216 3194 3313 3290 qui
3342 3194 3686 3275 Ratherium
3714 3194 3834 3276 ’8ο-

2173 3308 2421 3372 curaret,
2455 3308 2512 3360 et
2557 3303 2754 3376 ipsum
2797 3305 3081 3362 Caesarem
3113 3305 3184 3362 ad
3215 3305 3530 3366 Judicalum
3566 3308 3834 3383 episcopi

2173 3391 3108 3465 rescindendum,quihuscunque
3139 3395 3314 3450 rebus
3359 3400 3576 3467 posset,
3595 3413 3838 3470 permo-

2165 3485 2343 3539 veret.
2379 3481 2538 3537 Hanc
2588 3481 2961 3537 manifestam
3013 3483 3389 3538 rebellionem
3441 3484 3640 3540 statim
3698 3490 3837 3560 post

2171 3570 2392 3626 editum
2422 3569 2737 3626 Judicalum
2770 3571 3034 3642 erupisse
3087 3571 3270 3645 liquet
3316 3589 3384 3628 ex
3431 3573 3720 3646 opusculo
3771 3575 3837 3631 de

2174 3659 2400 3715 Clerici:
2430 3659 2742 3728 rebellibus,
2780 3661 2934 3732 quod
2965 3659 3052 3732 (V.
3081 3666 3192 3717 not.
3224 3661 3274 3735 1)
3301 3662 3586 3736 scriptum
3619 3663 3741 3720 fuit
3775 3665 3834 3720 in

2169 3749 2435 3804 Adventu
2467 3748 2606 3803 anni
2635 3748 2994 3804 967.Eximia
3025 3749 3348 3806 moderatio
3397 3749 3655 3824 episc0pi
3715 3751 3834 3809 ibi-

2172 3837 2304 3892 dem
2335 3835 2624 3910 proditur,
2658 3837 2875 3914 quippe
2904 3837 3005 3910 qui
3035 3853 3170 3893 cum
3200 3837 3443 3894 rebelles
3476 3842 3599 3895 tam
3630 3840 3834 3896 mani-

2171 3924 2349 3981 festos
2378 3929 2506 3980 tum
2529 3925 2826 3991 canonica,
2861 3930 2986 3980 tum
3018 3924 3307 3999 imperiali
3353 3925 3700 3984 auctoritate
3734 3943 3835 3986 ex-

2171 4014 2607 4070 communicare
2637 4017 2696 4070 et
2724 4015 2794 4070 de
2826 4013 3072 4071 ecclesia
3100 4019 3298 4088 posset
3326 4015 3651 4088 extrudere,
3682 4017 3837 4073 divi-

2172 4119 2308 4157 nam
2341 4107 2536 4159 tamen
2579 4103 3040 4160 misericordiam
3089 4104 3354 4160 imitatus
3404 4103 3609 4161 noluit.
3644 4129 3674 4156 ‹‹
3714 4106 3837 4163 Hac

2169 4191 2368 4264 itaque
2398 4193 2470 4247 de
2499 4209 2696 4258 causa,
2730 4192 2810 4248 ait
2851 4211 3015 4249 num.
3047 4196 3102 4260 2,
3151 4193 3426 4270 Apostolo
3474 4195 3839 4253 conveniens

2171 4281 2343 4352 [ccvr]
2402 4279 2704 4336 dicenti.»
2763 4282 2960 4338 Estotc
3012 4283 3334 4340 imitatores
3366 4282 3488 4353 Dei,
3518 4282 3676 4340 sicut
3728 4283 3840 4340 ﬁlii

2173 4369 2503 4426 charissimi
2534 4370 2747 4442 (Ephcs.
2779 4387 2834 4439 ν,
2870 4373 2980 4441 17),
3003 4395 3031 4420 ‹‹
3068 4389 3216 4444 quos
3245 4372 3342 4430 ille
3372 4371 3845 4432 misericorditer

2172 4464 2238 4514 ut
2269 4463 2428 4531 puto,
2462 4463 2745 4532 expectat,
2767 4476 2882 4514 non
2913 4477 3094 4516 ausus
3125 4460 3436 4517 crudeliter
3464 4461 3844 4536 insequi,spe

411 4572 619 4629 porum
636 4555 925 4612 Veronam
958 4549 1377 4608 confluentium
1405 4553 1610 4621 coctus,
1643 4565 1815 4621 quem
1851 4550 2062 4607 Rathe-
2091 4563 2140 4630 D
2171 4547 2436 4613 forsitan,
2472 4546 2610 4604 licet
2638 4547 2821 4618 inani,
2861 4548 3298 4605 conversionem
3349 4549 3492 4605 mihi
3543 4549 3846 4622 pollicens

411 4645 538 4700 rius
565 4643 891 4717 cogendum
924 4637 1442 4714 praesenserat,fuit
1464 4636 1564 4694 illa
1585 4661 1613 4686 ‹‹
1639 4639 1898 4710 synodus
1919 4655 2063 4695 con-

411 4731 950 4805 greganda,»quam
971 4746 1106 4785 cum
1129 4725 1498 4799 imperatoris
1512 4727 2062 4798 praesentiaduobus

411 4821 469 4876 in
502 4818 642 4876 locis
671 4817 1001 4889 conjunxit;
1033 4832 1218 4887 eaque
1241 4815 1434 4887 reipsa
1453 4815 1682 4870 videtur
1704 4821 2063 4887 coacta,cum

413 4907 746 4983 patriarcha
775 4923 842 4962 ac
871 4905 1061 4962 caeteri
1088 4904 1271 4974 hujus
1301 4901 1598 4975 provincia
1617 4905 1876 4978 episcopi
1905 4906 2067 4962 ludi-

411 5006 531 5055 cato
560 4997 1055 5069 subscripserunt.
1083 4994 1228 5048 Cum
1259 4992 1320 5047 in
1347 4996 1592 5065 utroque
1622 4997 1814 5050 textus
1847 4994 2068 5050 Rathm-

412 5087 539 5144 rius
567 5086 858 5161 synodum
890 5082 1358 5157 congregandam
1408 5081 1694 5154 imperiali
1745 5083 2062 5156 praesentiae

411 5175 718 5248 subjiciat;
744 5175 868 5230 haec
888 5173 1146 5246 synodus
1168 5172 1366 5228 statim
1398 5176 1531 5243 post
1562 5171 1930 5242 imperatoris
1953 5172 2068 5227 dis-

413 5281 645 5321 cessum
677 5263 882 5320 habita
911 5261 1094 5320 videri
1126 5266 1335 5333 potest,
1377 5265 1690 5332 antequam
1722 5259 1803 5314 illi
1835 5259 1894 5315 in
1927 5277 2066 5315 suas

413 5355 581 5411 sedes
603 5350 1478 5425 remigrarentjiincJudicatum
1491 5348 1809 5418 antea[cr.v]
1829 5348 2065 5420 quidem

415 5459 451 5498 a
471 5443 746 5499 Ratherio
768 5445 1182 5514 paratum,non
1203 5455 1334 5494 vero
1357 5437 1600 5504 editum,
1621 5435 1732 5492 nisi
1755 5441 2066 5510 postquam

417 5531 785 5606 imperatoris
807 5545 1227 5596 assensus,seu
1260 5543 1361 5600 per
1390 5529 1781 5582 memoratum
1809 5524 2070 5598 diploma

417 5619 739 5697 imperialis
758 5619 1178 5689 tuitio,neonon
1210 5612 1550 5690 patriarchae
1575 5617 1633 5670 et
1661 5613 2069 5689 episcoporum

2174 4642 2450 4701 vestram,
2484 4653 2617 4692 cum
2669 4636 3105 4709 proposuissem
3152 4654 3254 4694 vos
3302 4638 3385 4694 uti
3418 4636 3736 4694 rebelles...
3776 4644 3848 4694 ut

2173 4730 2230 4781 et
2260 4724 2523 4798 legaliter
2551 4730 2608 4780 et
2635 4724 3017 4798 imperialiter
3047 4728 3335 4782 sancitum
3363 4731 3468 4792 est,
3495 4726 3849 4784 abEcclesia

2174 4815 2506 4882 extrudere;
2535 4814 2794 4887 pepercit
2813 4815 3047 4872 animus
3079 4815 3332 4889 diploide
3362 4815 3733 4873 confusionis
3758 4815 3849 4872 in-

2175 4904 2352 4958 duere
2381 4902 2626 4972 (Ibid.).»
2655 4902 2800 4969 Quid
2835 4905 2990 4976 quod
3023 4904 3244 4960 sciebat
3271 4903 3583 4960 canonicos
3616 4904 3690 4958 ad
3729 4905 3851 4964 im-

2175 4996 2503 5064 peratorem
2537 4992 2810 5048 nuntium
2843 4993 3098 5066 misisse,
3131 4993 3231 5067 qui
3272 4999 3475 5049 contra
3505 5009 3567 5050 se
3592 4999 3845 5067 ageret;

2176 5081 2300 5152 ipse
2333 5082 2527 5135 autem
2557 5095 2626 5136 ex
2656 5086 2820 5154 parte
2849 5097 2957 5137 sua
2986 5083 3281 5139 neminem
3316 5082 3670 5140 mittendum
3708 5098 3847 5138 cre-

2176 5168 2346 5236 didit,
2381 5173 2688 5244 totumque
2718 5170 3019 5242 negotium
3041 5172 3248 5227 divina:
3279 5171 3650 5245 providentia:
3674 5187 3855 5230 com-

2177 5256 2358 5313 misit.
2389 5257 2812 5314 Canonicorum
2843 5259 3086 5315 nuntius
3129 5260 3455 5333 potentium
3487 5259 3854 5332 patrociniis

2178 5345 2361 5402 fultus
2385 5347 2457 5403 ab
2487 5347 2834 5421 imperatore
2865 5347 3189 5405 obtinuisse
3218 5349 3582 5416 credebatur,
3615 5351 3679 5403 ut
3738 5365 3856 5422 pe-

2180 5435 2415 5492 culiaris
2458 5437 2585 5507 ejus
2631 5460 2658 5487 «
2694 5437 2917 5492 missus
2950 5461 2979 5487 »
3012 5439 3298 5495 Veronam
3347 5439 3588 5503 veniret,
3620 5436 3731 5508 qui
3787 5423 3856 5494 in

2181 5525 2488 5597 utriusque
2515 5523 2696 5596 partis
2728 5531 3028 5584 momenta
3059 5527 3461 5602 inquireret,et
3490 5527 3562 5582 ad
3587 5525 3863 5598 impera-

2179 5617 2364 5670 torem
2381 5612 2810 5679 referret.Quod
2833 5615 2884 5671 si
2905 5615 2967 5674 in
2988 5616 3140 5674 hanc
3163 5633 3285 5674 rem
3307 5614 3617 5691 peculiaris
3641 5634 3668 5664 «
3696 5615 3864 5672 mis-
