4100 6200
330 286 453 357 £29

1340 291 1957 362 PBOLEGOMENA.
1987 317 2070 344 ε·-
2096 290 2474 360 RATHERII
2518 294 2723 361 VITA.

3629 301 3750 379 1³0

330 443 436 485 sus
463 449 493 479 ››
517 425 804 485 Veronam
836 424 1095 486 directus
1126 445 1241 486 non
1272 428 1403 495 fuit,
1435 432 1586 486 certe
1625 433 1824 487 tamen
1861 430 1987 489 duce
2015 433 2073 502 Α
2102 427 2630 487 ecclesiasticorum
2659 428 3032 499 divisionem,
3057 447 3125 487 ex
3155 445 3272 503 qua
3310 430 3482 505 plura
3511 433 3666 491 mala
3695 437 3753 490 et

331 532 592 588 personae
624 515 865 573 Veronae
905 518 1273 575 dominantes
1326 516 1588 591 idipsum
1645 519 1989 591 praestitisse

327 603 663 663 videbimus
684 605 839 663 circa
859 607 1081 664 Pascha
1109 607 1245 664 anni
1273 607 1572 681 sequentis
1596 606 1723 663 978.
1745 608 1989 665 Interim

331 693 650 752 Ratherius
692 690 804 753 etsi
862 695 1051 753 noluit
1080 695 1324 754 rebelles
1353 712 1423 752 ex
1453 695 1703 753 ecclesia
1752 695 1986 770 pellere,

329 780 391 838 id
422 786 619 841 tamen
648 784 724 841 ab
747 784 834 841 eis
862 784 1048 858 petiit,
1073 802 1143 842 ne
1164 785 1223 841 in
1246 783 1568 844 cathedrali
1599 802 1769 845 sacra
1796 784 1991 844 ofﬁcia

328 877 697 947 peragerent,
738 874 838 931 sed
877 873 1052 931 aliam
1093 890 1508 948 quamcunque
1548 874 1853 939 ecclesiam
1883 874 1990 932 eli-

327 966 555 1034 gerent.
577 963 639 1020 Id
669 966 864 1021 autem
885 980 948 1020 se
968 968 1236 1038 expetere
1261 962 1362 1033 ait,
1385 981 1502 1025 non
1531 965 1689 1037 quod
1716 965 1989 1021 fraterni-

330 1055 517 1109 tatem
548 1053 1079 1124 eo'ntemnerehsed
1109 1053 1267 1126 quod
1281 1077 1309 1104 «
1336 1053 1556 1110 rustico
1586 1052 1688 1112 illo
1714 1054 1989 1110 monente

328 1141 619 1216 exemplo,
651 1159 770 1215 que
823 1140 1041 1200 dicitur
1075 1158 1137 1199 :»
1162 1142 1313 1212 Quod
1337 1143 1518 1200 oculos
1546 1159 1660 1200 non
1703 1142 1871 1212 videt,
1899 1157 1992 1199 cor

327 1246 449 1287 non
502 1230 669 1302 dolet,
702 1252 731 1281 ‹‹
770 1231 1019 1299 videtur,
1076 1231 1291 1304 inquit,
1347 1232 1615 1305 quaedam
1674 1236 1731 1291 et
1786 1247 1991 1304 perne-

330 1319 596 1377 cessaria
622 1318 841 1377 doloris
870 1319 993 1376 fore
1018 1318 1310 1393 levigatio,
1341 1319 1391 1376 si
1430 1321 1518 1376 eis
1556 1336 1672 1376 non
1700 1319 1865 1386 visis,
1892 1318 1994 1393 qui

332 1408 486 1466 mihi
516 1412 684 1465 tanta
727 1408 885 1466 mala
912 1409 1195 1478 iecerunt,
1229 1413 1287 1465 et
1315 1408 1504 1467 facere
1542 1426 1659 1466 non
1692 1408 1993 1476 desinunt,

333 1498 496 1558 absit
531 1496 961 1571 aliquantisper
1009 1497 1301 1561 malorum
1355 1496 1620 1571 ipsorum
1649 1496 1995 1563 recordatio,

335 1589 481 1647 dum
509 1591 777 1644 auctores
806 1588 1150 1643 eorumdem
1194 1585 1717 1659 quantulacunque
1749 1584 1999 1642 obnubit

336 1676 572 1737 ObllVlO.
606 1698 637 1727 ››

2099 518 2378 576 scandala
2407 519 2935 593 consequebantur,
2962 518 3272 593 episcopus
3303 522 3450 577 ferre
3480 539 3595 579 non
3625 540 3754 596 pos-

2099 609 2407 664 set.'Gesta
2444 608 2621 664 refert
2667 608 2873 678 synodi
2903 607 3242 664 dioecesana:
3273 614 3406 682 post
3452 611 3752 669 Ravenna-

2098 700 2264 753 tense
2293 695 2606 753 concilium
2633 700 2873 765 coactae;
2906 696 3186 753 describit
3210 713 3591 770 congressum
3622 703 3757 773 post

2098 786 2364 843 eamdem
2396 787 2686 859 synodum
2716 803 2852 843 cum
2894 785 3190 843 canonicis
3220 785 3512 854 babitum’,
3538 774 3754 861 [cum]

2097 880 2163 931 ut
2189 875 2638 949 pauperioribus
2669 875 2894 933 clericis
2936 876 3288 949 provideret;
3323 882 3381 933 et
3408 878 3753 934 earumdem

2100 963 2409 1020 molimina
2438 965 2595 1037 apud
2626 965 3037 1037 imperatorem
3082 964 3321 1025 indicat.
3344 965 3604 1021 Tandem
3634 982 3753 1023 sum

2099 1069 2287 1109 causae
2316 1052 2593 1108 ﬁduciam
2627 1053 2959 1126 praeferens,
2996 1054 3257 1125 repetitis
3288 1053 3403 1111 illis
3431 1054 3540 1111 Job
3572 1071 3586 1110 :
3621 1054 3757 1111 Cau-

2097 1158 2217 1198 sam
2271 1158 2437 1214 quam
2489 1142 2818 1210 nesciebam,
2887 1142 3309 1211 diligentissime
3362 1144 3759 1215 inuestigabam

2098 1230 2213 1287 Job.
2244 1247 2398 1297 xxxx,
2432 1231 2541 1301 16),
2572 1230 2631 1286 id
2663 1247 2848 1286 unum
2889 1247 2952 1286 se
2994 1236 3251 1286 metuere
3287 1229 3389 1297 ait,
3422 1249 3493 1287 ne
3522 1249 3627 1305 per
3655 1249 3758 1305 po—

2100 1319 2351 1375 tentium
2381 1318 2707 1391 patrocinia
2752 1323 2930 1391 atque
2976 1317 3396 1376 malevolorum
3432 1319 3758 1378 calumnias

2103 1405 2454 1480 imperatore
2499 1408 2916 1474 circumvento,
2947 1406 3053 1464 sibi
3117 1409 3399 1465 miscrimo
3454 1411 3755 1481 contingat,

2105 1496 2246 1568 quod
2302 1497 2518 1553 miseris
2570 1498 2815 1568 contigit,
2857 1496 2921 1553 dc
2974 1497 3168 1570 quibus
3224 1498 3444 1570 tegitur,
3496 1498 3630 1568 illis,
3662 1500 3761 1571 qui

2104 1586 2321 1649 etiamsi
2345 1584 2492 1656 apud
2520 1585 2742 1657 Scythas
2771 1602 2993 1641 causam
3038 1585 3326 1653 dixissent,
3360 1586 3635 1659 inculpati
3663 1586 3759 1643 ab-

2102 1690 2235 1746 sque
2264 1673 2431 1729 dubio
2461 1674 2679 1730 dimissi
2705 1674 2962 1745 fuissent.
3636 1676 3639 1679 ’

412 1768 532 1823 126.
552 1765 635 1822 De
661 1764 1033 1868 epistolauad
1060 1762 1401 1868 .Martinur‘n
1428 1761 1772 1868 episcopum
1799 1762 1998 1868 Ferra-
2024 1801 2074 1868 Β
2334 1760 2463 1818 Hec
2515 1761 2656 1817 dum
2698 1761 3018 1868 scribebat,
3061 1761 3475 1834 imperatorem
3524 1762 3761 1868 clericos

339 1856 759 1927 riensem,quae
806 1853 1028 1926 pariter
1056 1852 1117 1908 in
1147 1852 1412 1909 Adventu
1458 1850 1599 1908 anni
1626 1851 1733 1908 957
1764 1852 1999 1908 exarata
2024 1848 2074 1868 "
2108 1848 2323 1906 adiisse
2349 1854 2746 1922 persenserat;
2781 1850 2853 1904 ad
2899 1848 3229 1905 Romanum
3260 1867 3395 1907 vero
3424 1851 3761 1924 pontiﬁcem

337 1946 472 2013 fuit,
527 1959 713 2017 pauca
748 1941 1005 1998 indicare
1045 1940 1298 1997 sufﬁciet
1324 1941 1412 2013 (V.
1444 1948 1558 1996 not.
1596 1941 1646 2006 1,
1680 1941 1741 1995 in
1771 1955 1855 2012 cp.
1884 1937 1996 2007 10).

338 2036 507 2093 Hunc
537 2033 848 2091 Ratherius
878 2031 937 2085 in
967 2031 1301 2089 Ravennate
1321 2029 1532 2086 saltem
1558 2027 1806 2085 concilio
1826 2043 2005 2100 agno-

336 2128 522 2183 verat.
542 2119 1076 2197 Reprehensionem
1117 2135 1361 2176 suorum
1393 2117 1490 2173 ille
1532 2117 1860 2174 incurrerat
1888 2115 2004 2171 du-

341 2213 482 2288 plici
508 2229 582 2271 ex
605 2226 802 2277 causa,
819 2208 976 2282 quod
999 2224 1215 2280 pueros
1232 2210 1401 2264 aetate
1426 2205 1711 2264 canonica
1737 2208 2002 2277 expertes

340 2301 666 2372 ordinaret,
695 2297 1088 2371 idquepretio
1114 2295 1508 2353 intercedente
1535 2299 1854 2368 perageret.
1872 2293 2004 2349 Haec

340 2389 593 2466 epistola
648 2386 908 2447 Ratherii
939 2385 1130 2443 zelum
1177 2385 1559 2454 demonstrat,
1584 2383 1687 2457 qui
1741 2382 2005 2456 episcopi

340 2486 483 2544 licet
513 2477 763 2540 senioris
788 2476 933 2533 vitia
959 2475 1248 2548 corrigere
1279 2472 1527 2530 studuit.

340 2571 539 2654 [αινιι]
568 2570 605 2642 §
626 2566 767 2654 XLX-
796 2596 863 2654 -έ
892 2565 1049 2654 Acta-
1071 2565 1212 2654 αητξξ
1229 2559 2008 2654 ,969;.ιῖειί¹ιξτίαὲ,ῼ,ναέ¹1ῖε·

696 2647 935 2710 tempore
995 2651 1282 2710 sermones
1298 2634 1507 2710 .habct.
1543 2631 1644 2710 de‘
1670 2626 1825 2710 pace.
1857 2626 2005 2710 Scri-

456 2664 646 2701 εδιτηᾱί
696 2664 933 2710 tempore
995 2664 1267 2693 cornuum.)
1323 2664 1481 2690 uuuvb
1543 2664 1606 2689 tu;
1670 2664 1825 2705 μανο-
1857 2664 2001 2685 υιιι-

419 2664 497 2771 git
528 2711 802 2776 libellum,
832 2709 925 2765 cui
971 2706 1165 2765 titulus
1195 2724 1214 2762 :
1246 2703 1569 2761 Discordia.
1605 2702 2001 2776 Canonicipltog-

415 2798 568 2842 mam
615 2774 843 2838 mittunt
894 2781 1175 2845 nuntium,
1208 2777 1657 2849 quiircscriptu‘m
1706 2790 1811 2849 pro
1862 2774 2000 2849 ipsis

417 2856 633 2915 retulit.
1006 2923 1012 2925 Α
1030 2845 1514 2925 ᾼροιοᾲθιίοᾳιηξ
1709 2845 2003 2925 Inquisitio

302 2924 309 2933 ’
414 2936 612 2986 conm
638 2915 1039 2981 eumdem-dim
1063 2915 1339 2978 sermones
1369 2918 1635 2983 Ratherii,
1666 2915 2003 2990 qiuszesta-

416 3002 711 3057 mentum.
750 2996 964 3063 Nanno,
994 2997 1057 3064 ut
1097 2992 1442 3064 imperatoris
1488 2988 2003 3064 missus,placitum

419 3072 585 3128 habet
637 3074 825 3125 contra
870 3057 1137 3137 eumdem,
1170 3057 1270 3137 qui
1299 3064 1477 3137 tribus
1506 3057 1750 3137 epistolis
1791 3058 1858 3137 de
1904 3057 2003 3137 hoc

413 3143 625 3216 placito
665 3138 956 3216 queritur.
985 3131 1295 3216 γευρξναὲιτις
1329 3131 1618 3216 cpiscopus

2109 1954 2208 1995 eos
2261 1939 2479 2011 pariter
2534 1938 2868 2009 confugisse
2926 1937 3252 2009 ignorabat.
3286 1943 3503 1996 Verum
3560 1937 3666 2008 illi,
3699 1944 3763 1997 ut

2102 2025 2395 2097 judicium
2436 2027 2843 2082 institueretur
2880 2031 3083 2082 contra
3120 2027 3482 2093 Ratherium,
3516 2045 3632 2101 quo
3672 2044 3761 2085 re-

2110 2115 2476 2175 scinderetur
2522 2115 2710 2188 ipsius
2764 2115 3099 2181 Judicatum,
3132 2118 3190 2171 et
3217 2115 3373 2173 bona
3400 2116 3512 2173 sibi
3538 2117 3764 2176 .ablata

2109 2204 2515 2271 redderentur,
2536 2204 2950 2277 imperatorem
2975 2205 3333 2261 exorandum
3363 2210 3666 2278 putarunt.
3691 2206 3765 2263 Ut

2111 2298 2306 2351 autem
2339 2293 2398 2350 in
2430 2299 2729 2366 posterum
2762 2295 2916 2350 bona
2952 2293 3024 2349 ad
3063 2310 3125 2349 se
3164 2294 3516 2365 pertinentia
3545 2295 3604 2351 in
3634 2299 3762 2351 tuto

2113 2386 2327 2450 essent,
2360 2388 2417 2438 et
2447 2399 2482 2438 a
2510 2384 2646 2455 jure
2672 2381 3082 2454 episcOporum
3112 2381 3507 2437 eximerentur
3531 2387 3763 2455 aposto-

2112 2470 2235 2526 lica:
2294 2470 2450 2528 sedis
2506 2469 2911 2526 auctoritatem
2969 2467 3401 2540 implorandum
3461 2485 3760 2526 censuere.

2116 2559 2489 2635 Clamigitur
2539 2558 2785 2613 Romam
2843 2555 3103 2627 legatum
3151 2556 3516 2626 direxerunt;
3550 2554 3607 2612 et
3648 2557 3763 2612 for-

2112 2646 2289 2704 tassis
2319 2647 2473 2703 idem
2504 2644 2619 2715 ille,
2651 2645 2755 2718 qui
2798 2645 2869 2700 ad
2909 2642 3250 2700 comitatum
3300 2644 3521 2700 missus
3552 2643 3761 2715 fuerat,

2113 2738 2174 2792 in
2205 2736 2499 2793 mandatis
2528 2734 2756 2802 habuit,
2791 2740 2854 2789 ut
2896 2733 3126 2805 negotio
3164 2735 3317 2807 apud
3350 2733 3762 2806 imperatorem

2112 2829 2343 2895 exacto,
2404 2825 2736 2881 Romanum
2805 2822 3140 2896 pontificem
3215 2823 3401 2879 adiret
3453 2823 3759 2897 (Apologct.

2110 2932 2274 2972 num.
2304 2917 2384 2985 7).
2418 2914 2472 2970 Is
2530 2917 2725 2971 autem
2752 2935 2781 2964 ‹‹
2833 2911 3003 2985 quasi
3060 2911 3411 2985 apostolicus
3467 2909 3691 2969 litteras
3730 2934 3759 2965 »

2111 3004 2331 3073 retulit,
2364 3003 2581 3079 quibus
2627 3003 2740 3058 sub
2783 3018 2956 3075 paena
3008 2999 3398 3057 anathematis
3454 3000 3762 3058 interdice-

2109 3093 2303 3161 batur,
2337 3109 2409 3149 ne
2458 3090 2769 3149 Ratherius
2814 3093 2917 3146 aut
2945 3102 3313 3145 successores
3343 3089 3471 3160 ejus
3521 3106 3649 3146 sese
3700 3088 3762 3144 in

2029 3170 2075 3239 C
2112 3199 2206 3300 {es
2236 3181 2650 3300 c‘anpm'cor‘um
2680 3179 3156 3300 intromitterent.
3199 3176 3544 3300 lauriorib‘us
3570 3175 3764 3234 verbis

424 3280 487 3343 in
514 3283 799 3355 Belgicam
822 3280 1142 3335 revertitur.

425 3376 729 3431 121.‘Cum
758 3366 997 3426 rebellio
1036 3366 1267 3440 publice
1305 3365 1365 3422 in
1396 3364 1524 3423 dies
1554 3363 2006 3437 contra._episco-

346 3479 498 3540 pum
526 3461 950 3528 eﬁ'ervesceret,
972 3456 1024 3512 is
1053 3456 1113 3511 in
1142 3455 1419 3511 omnibus
1448 3453 1842 3522 sermonibus,
1856 3466 2006 3523 quos

344 3555 416 3612 in
447 3546 909 3623 Quadragesima
936 3543 1075 3601 anni
1101 3544 1209 3600 968
1233 3544 1307 3601 ad
1337 3542 1620 3616 populum
1642 3540 1848 3597 habuit
1867 3540 2008 3611 (Dis-

347 3644 561 3711 cordia,
595 3645 762 3697 num.
790 3637 872 3709 7),
896 3634 1141 3693 rebelles
1187 3635 1261 3691 ad
1302 3649 1505 3706 pacem
1553 3645 1822 3688 revocare
1869 3645 2006 3685 con-

346 3732 558 3797 tendit,
589 3744 770 3803 quam
801 3742 929 3783 sese
960 3740 1095 3781 cum
1124 3721 1272 3796 ipsis
1302 3719 1691 3778 libentissime
1718 3717 2006 3774 initurum

348 3819 682 3896 spopondit,
712 3835 736 3865 ι
768 3818 1001 3872 tantum
1035 3813 1095 3868 in
1133 3828 1270 3867 vera
1311 3826 1453 3884 pace
1482 3809 1593 3866 hoc
1637 3806 1852 3865 vellent
1878 3805 2004 3896 efﬁ-

344 3895 677 3970 cere.»Sed
723 3906 962 3962 frustra.
995 3900 1059 3958 Id
1098 3899 1254 3959 enim
1287 3900 1483 3973 potius
1511 3914 1716 3957 eorum
1754 3895 2007 3971 augebat

350 3996 712 4073 superbiam,
730 3996 787 4050 et
807 3990 1163 4049 accendebat
1184 3988 1494 4055 malitiam,
1515 3987 1659 4044 adeo
1686 3989 1751 4042 ut
1776 3986 2005 4059 pejores

346 4088 411 4144 in
436 4086 780 4160 episcOpum
809 4078 1251 4137 criminationes
1282 4080 1844 4150 spargerenhquam
1875 4090 2005 4146 quin

348 4176 410 4233 in
444 4173 738 4245 Qualitatis
792 4171 1109 4243 conjectura
1162 4164 1499 4238 nuperrime
1526 4162 1831 4221 Ambrosio
1885 4166 2003 4218 tra-

348 4266 478 4322 dita
531 4247 887 4320 refe‘runtur'.
946 4255 1064 4313 Has
1120 4254 1558 4311 criminationes
1617 4251 1886 4308 indicans
1943 4249 2004 4307 in

348 4352 691 4428 Αρωοεείοθ
744 4363 911 4405 num.
944 4347 978 4401 4
1011 4362 1024 4402 :
1058 4367 1087 4395 ‹‹
1118 4342 1388 4411 Quidam,
1437 4341 1538 4410 ait,
1589 4339 1709 4397 sive
1736 4338 2005 4428 putatis,

348 4427 474 4500 sive
503 4458 541 4499 ι
567 4456 632 4497 se
659 4436 852 4510 magis
883 4433 1148 4491 conﬁctis
1174 4447 1268 4489 me
1292 4429 1562 4503 jaculant
1580 4427 1928 4485 criminibus
1950 4444 2003 4485 »ς

346 4547 477 4605 qua:
537 4542 702 4585 num.
734 4528 769 4581 8
799 4547 829 4575 «
860 4527 1043 4593 tanta,
1091 4521 1255 4588 talia,
1284 4524 1407 4577 tam
1463 4518 1635 4587 theda,
1695 4522 1816 4608 tam
1875 4520 2006 4572 tur-
2032 4540 2082 4608 Β

349 4604 469 4695 pia,
524 4622 648 4674 tam
707 4611 1093 4680 incredibilia,
1130 4615 1190 4667 et
1244 4609 1358 4682 ipsi
1415 4608 1593 4695 etiam
1650 4604 1804 4695 aetati
1861 4621 2003 4661 mea:

348 4694 645 4766 contraria
674 4726 703 4756 »
733 4707 922 4761 vocat.
955 4702 1101 4758 Cum
1156 4699 1355 4771 itaque
1406 4694 1651 4753 rebelles
1680 4694 1754 4751 ad
1797 4709 2001 4768 pacem

348 4814 469 4855 non
519 4799 719 4871 posset
763 4793 1070 4859 deducere,
1101 4790 1305 4847 eadem
1336 4784 1794 4859 Quadragesima
1838 4783 2002 4839 lucu-

349 4886 544 4944 bravit
567 4882 919 4958 opusculum
942 4879 1315 4952 inscriptum,
1339 4874 1620 4933 Discordia
1649 4876 1798 4930 inter
1825 4874 2005 4946 ipsum

349 4980 403 5032 et
430 4975 674 5040 clericos,
707 4971 866 5045 quod
903 4968 1136 5027 dissidii
1183 4966 1352 5023 initia
1397 4968 1456 5021 et
1503 4980 1710 5021 causas
1762 4961 2001 5035 detegit.

349 5065 614 5129 Quatuor
641 5061 824 5134 hujus
864 5056 1166 5115 discordiae
1198 5071 1410 5113 causas
1438 5056 1751 5120 memorat;
1787 5052 1844 5107 1ο
1872 5067 2005 5106 mo-

350 5169 488 5209 rum
537 5149 797 5224 episcopi
846 5151 905 5205 et
949 5146 1292 5204 clericorum
1343 5140 1913 5209 dissimilitudinem;
1944 5141 2005 5194 2°

347 5239 615 5315 episcopi
639 5236 1091 5297 sollicitudinem
1106 5234 1173 5292 in
1192 5231 1590 5306 promovenda
1607 5230 1805 5304 legum
1825 5227 2007 5287 eccle-

350 5330 729 5388 siasticarum
771 5324 1167 5391 observantia;
1208 5322 1270 5378 3°
1293 5320 1561 5393 ejusdem
1591 5318 1808 5386 nisum,
1841 5320 1907 5373 ut
1935 5333 2007 5373 ex

350 5418 586 5477 concilii
620 5414 974 5474 Ravennatis
1017 5430 1084 5471 ac
1132 5410 1379 5470 Romani
1425 5407 1716 5483 pontiﬁcis
1746 5407 1998 5475 decreto,

344 5508 583 5566 necnon
612 5504 980 5580 imperatoris
1004 5502 1283 5561 mandate
1310 5498 1655 5558 clericorum
1681 5495 2005 5554 mulierosi-

346 5602 538 5669 tltem
573 5594 833 5672 tolletet,
853 5595 913 5658 t0
940 5593 1099 5678 quod
1142 5589 1343 5654 minus
1384 5602 1617 5669 aquam
1663 5584 2002 5652 reddituum

2113 3271 2223 3329 hoc
2254 3269 2473 3327 factum
2521 3267 2799 3327 describit
2846 3265 3175 3340 episcopus.
3210 3264 3361 3323 Dum
3391 3269 3587 3323 autem
3635 3281 3764 3339 pre-

2112 3361 2263 3417 tium
2305 3360 2364 3415 in
2404 3359 2557 3415 hanc
2584 3374 2708 3414 rem
2747 3356 3152 3413 intercessisse
3190 3355 3476 3425 afﬁrmat;
3517 3354 3766 3428 pecunia

2114 3449 2354 3522 quidem
2384 3451 2728 3520 corruptum
2770 3461 2886 3500 non
2926 3443 3221 3499 credimus
3250 3444 3445 3514 ipsum
3476 3443 3765 3499 Joannem

2115 3538 2244 3593 XIII
2275 3551 2581 3592 summum
2610 3531 2968 3607 pontiﬁcem,
3002 3531 3173 3602 cujus
3202 3530 3465 3602 probitas
3495 3529 3764 3602 pluribus

2113 3621 2489 3693 testimoniis,
2522 3625 2579 3676 et
2606 3621 2678 3676 ab
2723 3621 2851 3693 ipso
2881 3618 3057 3683 etiam
3089 3615 3362 3672 Ratherio
3391 3616 3767 3674 commenda-

2114 3717 2212 3769 tur
2238 3713 2450 3785 (Itiner.
2484 3727 2542 3765 n.
2572 3711 2652 3778 2),
2685 3703 2980 3774 Canonici,
3027 3705 3128 3778 qui
3179 3703 3400 3761 divitiis
3446 3703 3765 3778 pollebant,

2115 3802 2269 3859 sicut
2296 3798 2547 3874 pecunia
2582 3796 2913 3870 potentium
2955 3793 3280 3868 patrocinia
3325 3793 3620 3867 aucupati,
3653 3793 3766 3850 im-

2113 3888 2397 3966 peratoris
2428 3887 2692 3945 animum
2729 3883 3004 3943 Ratberio
3060 3900 3419 3958 propensum
3465 3882 3767 3940 subverte-

2114 3985 2272 4049 runt,
2305 3984 2371 4035 ut
2400 3976 2673 4050 deinceps
2721 3973 2974 4050 patebit;
3007 3973 3088 4029 ita
3128 3973 3331 4029 eadem
3382 3976 3504 4028 arte
3552 3970 3765 4029 Roma-

2115 4050 2542 4142 nos‘quosdam
2589 4066 2866 4142 patronos
2905 4062 3083 4132 nacti,
3115 4061 3441 4119 obtinuisse
3470 4059 3763 4130 videntur,

2115 4164 2183 4214 ut
2207 4138 2507 4231 negotium
2538 4152 2811 4212 Ratherio
2836 4138 3095 4209 “absente
3142 4155 3199 4207 et
3244 4149 3575 4207 inconsulto
3604 4153 3764 4206 tran-

2114 4247 2423 4321 sigeretur,
2456 4248 2515 4301 et
2545 4240 2872 4317 apostolicae
2907 4240 3111 4297 littera:
3141 4244 3345 4296 contra
3378 4238 3576 4311 ipsum
3620 4234 3765 4294 scri-

2114 4338 2412 4395 berentur.
2446 4337 2590 4389 Cum
2623 4332 2933 4405 episcopus
2964 4345 3091 4386 sese
3131 4327 3192 4384 in
3232 4328 3387 4383 bona
3415 4330 3473 4381 et
3498 4324 3766 4381 redditus

2114 4425 2458 4483 clericorum
2501 4417 2852 4479 cathedralis
2904 4415 3157 4475 ecclesia:
3204 4413 3591 4471 intromittere
3637 4416 3765 4468 stu-

2116 4513 2265 4581 duit,
2296 4527 2465 4568 mens
2496 4510 2629 4581 ejus
2655 4507 2783 4576 fuit,
2817 4522 2933 4562 non
2964 4510 3030 4561 ut
3058 4503 3384 4577 quidquam
3413 4517 3481 4557 ex
3507 4499 3600 4567 iis,
3634 4516 3764 4573 qua

2110 4603 2375 4677 ipsorum
2433 4602 2620 4664 erant,
2653 4596 3007 4667 decerperet,
3040 4609 3107 4649 ac
3147 4592 3208 4648 in
3249 4590 3394 4647 alios
3447 4606 3591 4647 usus
3644 4593 3764 4647 tra-

2112 4676 2372 4759 duceret,
2404 4688 2505 4745 sed
2538 4689 2602 4742 ut
2631 4703 2699 4742 ex
2724 4683 2873 4758 ipsis
2920 4682 3116 4751 rebus,
3139 4698 3267 4754 quae
3315 4676 3637 4754 generatim
3668 4695 3763 4737 ca-

2112 4778 2398 4839 thedralis
2428 4774 2680 4834 ecclesiae
2724 4770 2950 4830 clericis
2997 4771 3190 4846 legata
3218 4770 3473 4840 fuerant,
3501 4768 3583 4826 ita
3610 4768 3766 4826 inter

2113 4888 2212 4929 eos
2242 4868 2620 4943 partirentur,
2652 4881 2723 4921 ne
2765 4856 3069 4918 inferiores
3111 4863 3515 4934 premerentur
3542 4857 3762 4931 inopia,

2113 4966 2170 5018 et
2197 4955 2651 5024 divinuscultus
2686 4951 3106 5008 detrimentum
3138 4952 3389 5022 caperet.
3422 4948 3539 5004 Hac
3564 4950 3763 5003 autem

2114 5052 2308 5107 mente
2336 5043 2614 5118 episcopi,
2638 5041 2849 5115 hisque
2875 5056 3070 5096 rerum
3101 5036 3561 5095 circumstantiis
3589 5034 3761 5109 [eux]

2113 5156 2231 5196 non
2261 5134 2513 5210 cognitis
2544 5133 2833 5205 injustum
2862 5130 3046 5187 videri
3076 5132 3323 5202 poterat,
3348 5126 3619 5184 eumdem
3649 5125 3766 5199 epi-

2113 5243 2381 5301 scopum,
2413 5222 2514 5297 qui
2544 5220 2816 5295 pluribus
2847 5218 3321 5276 accusationibus
3352 5218 3425 5274 ad
3457 5215 3766 5288 imperato-

2112 5332 2237 5377 rem
2266 5313 2476 5372 delatis
2505 5310 2659 5367 male
2688 5308 2981 5375 audiebat,
3006 5308 3064 5363 in
3094 5307 3333 5364 laudata
3356 5306 3510 5363 bona
3537 5321 3604 5362 ac
3633 5305 3763 5362 red-

2113 5407 2273 5464 ditus
2302 5405 2506 5460 contra
2532 5402 2784 5455 veterem
2835 5396 3323 5455 consuetudinem
3354 5394 3502 5452 velle
3552 5410 3762 5453 novam
3800 5450 3813 5457 κ

2113 5489 2585 5552 distributionem
2614 5487 2912 5557 indu-cere,
2944 5474 3043 5543 cui
3077 5485 3120 5541 ii
3159 5485 3272 5561 ipsi
3312 5483 3614 5541 inferiores
3642 5481 3762 5540 cle-

2116 5581 2243 5658 rici.
2274 5593 2527 5664 quorum
2574 5593 2752 5641 causa
2799 5574 3102 5665 agebatur,
3132 5574 3466 5639 obstabant.
3496 5572 3640 5636 Hinc
3669 5584 3760 5650 re:
