4046 6186
370 328 480 427 ιειέι

1328 347 1778 424 suasurus
1823 335 2319 419 VEIIONENSIS
2366 343 2823 420 EPISCOPUS.

3673 348 3804 418 132:

367 473 672 569 scriptum,
707 505 822 567 quo
854 490 1033 551 iidem
1080 495 1344 552 redditus
1374 513 1408 550 a
1437 497 1720 566 potestate
1760 489 2017 564 episcopi
2044 490 2104 561 Α
2131 489 2349 546 siarum
2373 532 2386 557 ,
2445 506 2619 562 quam
2680 494 3021 548 caaterorum
3080 491 3398 546 neaessitas
3457 505 3796 562 pauperum

365 585 779 652 eximerentur,
814 583 898 639 uti
951 601 1020 639 ea
1077 585 1135 639 in
1193 583 1500 656 hypothesi
1555 581 1845 654 aaquitatis
1896 579 2018 654 ple-

368 691 511 730 num
546 672 714 729 facile
761 672 990 744 subripi
1034 673 1245 745 potuit.
1280 673 1466 743 Hujus
1516 669 1782 742 rescripti
1815 668 2020 724 notitia

365 766 500 819 ante
530 761 754 818 Pascha
807 761 942 818 anni
973 762 1082 818 968
1112 761 1400 818 Veronam
1432 759 1608 817 allata
1656 759 1792 827 fuit;
1828 756 2019 829 siqui-

366 853 499 907 dem
534 851 844 906 Ratherius
881 850 941 905 in
998 851 1354 922 Apologetico,
1389 850 1544 922 quod
1604 849 1860 903 instante
1909 847 2017 901 Pa-

366 939 564 995 schate
596 940 733 994 anni
757 940 1019 1010 ejusdem
1053 939 1425 995 lucubratum
1459 937 1764 1004 fuit,istud
1796 936 2016 990 factum

364 1047 393 1074 ‹‹
429 1027 764 1098 nuperrime
799 1048 825 1074 ››
859 1025 1140 1082 accidisse
1168 1030 1421 1082 testatur
1451 1041 1613 1080 num.
1645 1026 1698 1079 7.
1734 1020 2018 1078 Rodoaldi

362 1114 708 1186 patriarcha:
739 1113 1129 1186 Aquileiensis
1159 1115 1448 1171 sententia
1489 1114 1550 1169 in
1596 1113 1862 1169 eamdem
1893 1128 2014 1168 rem

360 1202 471 1258 hoc
501 1204 705 1258 eodem
758 1220 910 1259 anno
943 1203 1192 1258 subinde
1222 1203 1397 1270 edita,
1430 1203 1524 1258 cui
1556 1207 1681 1257 tum
1742 1200 1838 1256 alii
1892 1200 2013 1272 epi-

361 1291 544 1364 scopi,
575 1297 702 1347 tum
736 1292 860 1362 ipse
888 1291 1197 1348 Ratberius
1222 1292 1447 1347 assensi
1474 1291 1656 1346 fuisse
1676 1290 2013 1356 traduntur,

357 1379 537 1436 veluti
571 1380 973 1436 commentitia
1002 1380 1060 1435 in
1091 1380 1422 1452 Appendice
1453 1379 1793 1452 proferetur.

433 1470 555 1524 129.
589 1469 720 1524 Otto
770 1469 1106 1541 imperator,
1143 1486 1275 1524 cum
1324 1485 1477 1524 anno
1524 1467 1870 1540 praecedenti
1902 1465 2012 1521 Ve-
2055 1485 2063 1496 ί

359 1574 514 1614 ΓΟῐΙίΒ
573 1557 704 1626 fuit,
738 1557 960 1630 aliquid
1020 1558 1244 1630 argenti
1277 1556 1550 1613 Ratherio
1582 1554 1852 1627 episcopo
1910 1554 2012 1610 de-

359 1648 542 1714 derat,
575 1650 642 1702 ut
685 1645 993 1702 basilicam
1026 1645 1218 1702 sancti
1251 1645 1498 1700 Zenonis
1550 1644 1830 1699 reﬁceret.
1863 1641 2009 1697 Mul-

353 1741 482 1790 tum
513 1735 870 1792 incommodi
903 1753 970 1790 ac
1001 1739 1274 1806 sumptus
1305 1734 1428 1789 haec
1463 1731 1832 1805 imperatoris
1864 1748 2008 1804 prae-

2132 596 2239 635 cur
2291 579 2434 652 ipse,
2467 579 2569 649 qui
2627 580 2893 634 omnium
2951 579 3365 651 pauperrimus
3421 577 3796 634 restruendis

2131 667 2395 723 ecclesiis
2436 684 2507 723 ex
2543 683 2649 723 suo
2681 683 2797 723 non
2851 667 3197 735 sufﬁciebat,
3233 668 3292 723 in
3325 683 3610 740 pauperes
3649 683 3796 723 con-

2129 756 2304 811 ferret
2331 755 2473 810 illud
2517 755 2820 829 imperiale
2856 772 3096 823 munus,
3131 756 3286 828 quod
3319 755 3504 812 sancti
3533 757 3794 812 Zenonis

2128 845 2383 900 basilicae
2443 845 2765 900 reficiendae
2819 845 3100 901 traditum
3161 844 3390 901 fuerat?
3437 845 3554 902 Hac
3609 862 3795 917 porro

2127 933 2428 989 occasione
2459 933 2528 988 de
2581 933 2895 989 rebellione
2924 933 3272 990 clericorum
3321 949 3436 990 non
3469 950 3655 1005 pauca
3701 933 3794 989 in-

2127 1022 2289 1077 serit.
2323 1019 2520 1076 Multis
2579 1021 2700 1094 agit
2757 1021 2827 1076 de
2888 1021 3169 1095 rescripto
3229 1022 3414 1078 Roma
3463 1021 3793 1079 novissime

2126 1110 2320 1178 allato,
2357 1127 2472 1182 quo
2513 1110 2846 1178 cavebatur,
2881 1127 2952 1165 ne
3005 1110 3064 1165 in
3110 1126 3204 1166 res
3252 1110 3593 1166 clericorum
3654 1127 3792 1168 sese

2125 1197 2244 1254 ullo
2275 1199 2448 1255 modo
2483 1199 2788 1271 ingereret.
2824 1199 3024 1270 Ipsum
3053 1199 3427 1270 rescriptum,
3455 1215 3572 1272 quo
3603 1197 3794 1256 maxi-

2123 1303 2219 1343 me
2250 1288 2591 1360 angebatur,
2622 1285 2814 1342 latiori
2847 1303 3024 1358 quam
3056 1304 3162 1359 par
3188 1292 3279 1343 est
3302 1287 3788 1359 interpretatione

2122 1375 2459 1442 extendens,
2521 1375 2578 1430 in
2639 1391 2706 1430 eo
2750 1398 2778 1424 ‹‹
2827 1391 3022 1430 rerum
3057 1397 3084 1424 »
3119 1376 3355 1431 nomine
3413 1393 3526 1432 non
3582 1375 3783 1433 solum

2122 1464 2274 1519 bona
2302 1468 2561 1533 externa,
2589 1479 2790 1518 verum
2837 1463 3015 1518 etiam
3049 1463 3274 1520 animas
3325 1457 3669 1520 clericorum
3704 1465 3786 1522 ab

2121 1552 2379 1625 episcopi
2439 1556 2727 1625 potestate
2785 1553 3105 1608 subductas
3141 1551 3388 1625 colligit;
3449 1553 3584 1609 Hinc
3641 1570 3782 1610 vero

2121 1646 2262 1712 quot
2318 1641 2539 1697 absona
2595 1646 2654 1696 et
2709 1640 2967 1696 absurda
3021 1647 3536 1714 consequerentur,
3593 1642 3781 1700 latius

2118 1731 2514 1802 prosequitur.
2541 1731 2670 1786 Haec
2701 1729 2883 1786 illatio
2905 1746 3084 1802 quam
3115 1730 3193 1786 sit
3223 1731 3576 1798 exorbitans,
3601 1748 3779 1788 nemo

354 1825 543 1879 sentia
593 1823 868 1880 attulerat
923 1824 1214 1896 episcopo,
1249 1822 1335 1877 uti
1368 1821 1728 1894 exploratum
1786 1820 2009 1875 faciunt
2035 1858 2085 1926 Β
2118 1834 2233 1873 non
2266 1818 2439 1873 videt.
2475 1820 2556 1874 Ea
2616 1824 2832 1885 autem,
2866 1835 3041 1890 quem
3100 1818 3488 1876 recentissimi
3525 1821 3614 1876 vis
3671 1821 3778 1877 do-

354 1911 453 1968 illa
510 1913 844 1985 Apologetici
899 1928 1064 1966 num.
1113 1914 1165 1965 2.
1203 1932 1223 1958 α
1279 1911 1595 1982 Postquam
1657 1908 1874 1973 omnia,
1934 1908 2005 1963 de

353 2002 571 2072 quibus
616 2000 939 2055 habueram
986 1999 1268 2065 victitare,
1303 1999 1430 2069 ejus
1461 1997 1730 2070 (Ottonis)
1779 1995 2006 2065 obligu-

352 2082 564 2156 rierat,
625 2107 740 2145 non
800 2088 927 2143 dico
994 2088 1270 2159 potentia,
1334 2103 1479 2159 nego
1535 2084 1841 2150 violentia,
1903 2085 2005 2140 sed

353 2182 506 2232 certe
547 2176 874 2248 praesentia.
906 2199 933 2227 »
969 2177 1134 2232 Forte
1163 2177 1223 2231 in
1270 2175 1508 2230 tacitam
1553 2174 1868 2246 quamdam
1900 2173 2005 2229 ho-

353 2273 484 2320 rum
516 2269 863 2338 sumptuum
905 2264 1439 2336 compensationem
1477 2265 1798 2335 Augustus,
1834 2261 2004 2334 quid-

351 2354 491 2427 quid
524 2354 667 2410 illud
728 2355 840 2410 fuit
897 2354 1143 2426 argenti,
1176 2352 1449 2426 episcopo
1479 2351 1720 2408 tradidit
1775 2368 1841 2406 eo
1899 2368 2000 2406 no-

352 2442 529 2514 mine,
567 2448 630 2498 ut
676 2442 925 2499 laudatae
988 2442 1238 2498 basilicae
1298 2439 1619 2497 reficiendae
1676 2439 1999 2495 inserviret.

350 2531 494 2587 Cum
543 2549 678 2587 mox
708 2532 1018 2605 episcopus
1049 2531 1247 2586 omnia
1294 2531 1366 2585 ad
1420 2527 1789 2600 imperatoris
1839 2545 2000 2584 men-

348 2624 465 2676 tem
525 2621 733 2678 fuisset
790 2625 1119 2692 exsecutus,
1181 2617 1476 2691 malignus
1536 2617 1854 2683 cavillator,
1900 2633 2000 2673 ca-

348 2709 594 2766 nonicus
652 2709 746 2765 ille
801 2709 1058 2781 quidem,
1092 2709 1193 2763 sed
1249 2724 1364 2762 non
1420 2708 1500 2778 (V.
1534 2711 1647 2762 not.
1690 2707 1778 2774 13)
1824 2705 2000 2761 Vero-

348 2799 569 2865 nensis,
601 2797 858 2853 Ratherii
915 2796 1382 2852 adversariorum
1425 2795 1618 2850 fautor
1669 2799 1842 2866 atque
1899 2795 1996 2850 de-

348 2887 544 2942 fensor
582 2885 928 2958 principuus,
961 2889 1079 2939 tam
1109 2889 1333 2940 rectum
1388 2889 1444 2938 et
1482 2884 1713 2954 justum
1757 2900 1906 2955 opus
1939 2884 1997 2938 in

347 2974 569 3030 malum
601 2973 904 3029 traducere
943 2990 1044 3028 seu
1084 2971 1449 3044 interpretari
1483 2972 1798 3027 contendit.
1831 2972 1995 3027 Judze

345 3062 501 3120 enim
549 3063 813 3120 imitatus
862 3061 1213 3134 exemplum,
1245 3077 1374 3116 eam
1421 3059 1731 3132 pecuniam
1759 3060 1818 3116 in
1851 3078 1994 3133 pau-

343 3169 512 3225 peres
543 3152 814 3208 debuisse
861 3150 1106 3222 expendi
1158 3149 1462 3205 dictitabat
1491 3149 1698 3220 (Matth.
1730 3167 1880 3217 xxvr,
1913 3151 1989 3220 9).

2118 1905 2258 1962 loris
2287 1908 2593 1979 expressit,
2627 1907 3012 1963 condonanda
3071 1911 3161 1964 est
3218 1907 3466 1975 homini,
3500 1908 3601 1980 qui
3659 1909 3779 1967 cle—

2117 1995 2269 2052 ricos
2309 1996 2423 2052 sibi
2481 2013 2682 2068 parere
2741 2001 3074 2062 renuentes,
3105 2013 3288 2068 eoque
3316 1997 3598 2070 rescripto
3652 1997 3781 2056 ela-

2115 2088 2228 2150 tos,
2262 2086 2835 2158 contrajepiswpum
2867 2085 2984 2141 alia
3019 2089 3194 2158 atque
3225 2086 3337 2141 alia
3377 2085 3571 2143 moliri
3601 2104 3774 2160 expe-

2117 2173 2396 2228 ricbatur.

2191 2263 2311 2317 130.
2346 2263 2460 2318 Ho
2492 2263 2731 2335 quidem
2781 2263 3016 2336 gravius
3044 2262 3268 2335 aliquid
3316 2268 3518 2320 contra
3548 2281 3610 2322 se
3643 2283 3775 2322 ma-

2115 2349 2384 2407 chinatos
2413 2369 2479 2408 eo
2522 2368 2754 2424 quoque
2785 2353 2879 2407 die
2920 2351 3231 2409 Dominicae
3263 2369 3458 2420 omnes,
3492 2371 3606 2426 quo
3637 2355 3774 2412 illos

2115 2440 2587 2508 communicavit,
2623 2458 2739 2496 non
2798 2442 3045 2497 obscure
3101 2441 3294 2496 innuit
3350 2458 3618 2498 sermone
3675 2460 3773 2499 se-

2115 2529 2306 2583 cundo
2338 2529 2410 2584 de
2440 2529 2742 2600 Pascbate,
2775 2546 2948 2601 quem
2999 2530 3125 2602 ipso
3157 2530 3249 2587 die
3293 2531 3594 2588 Paschatis
3627 2533 3773 2588 anni

2114 2617 2418 2689 praesentis
2447 2618 2554 2673 968
2596 2618 2823 2674 habuit.
2854 2618 3170 2690 Postquam
3201 2620 3357 2675 enim
3391 2637 3624 2677 omnem
3653 2621 3773 2676 ini-

2113 2706 2397 2762 micitiam
2430 2707 2842 2778 adjiciendam,
2875 2712 2931 2762 et
2955 2708 3040 2763 vel
3074 2725 3108 2762 a
3137 2707 3288 2764 laesis
3320 2725 3525 2780 pacem
3557 2711 3773 2766 ineun-

2112 2795 2251 2850 dam
2280 2796 2630 2868 evangelicis
2657 2796 2847 2852 verbis
2868 2796 3138 2863 ostendit,
3165 2797 3284 2853 haec
3315 2799 3479 2854 addit
3503 2816 3665 2854 num.
3690 2801 3727 2854 3
3754 2816 3768 2856 :

2110 2908 2138 2935 ‹‹
2174 2885 2382 2956 Hujus,
2416 2886 2516 2941 sed
2547 2885 2691 2956 proh
2723 2884 2914 2941 dolorl
2969 2885 3195 2941 consilii
3249 2887 3311 2942 in
3365 2892 3596 2943 tantum
3625 2905 3768 2944 con-

2109 2975 2427 3046 temptores
2465 2974 2754 3044 quosdam
2782 2974 3075 3046 conspexi,
3105 2979 3162 3029 et
3193 2974 3415 3031 utinam
3467 2993 3581 3032 non
3629 2976 3768 3034 illos

2105 3061 2411 3134 praecipue,
2447 3063 2546 3134 qui
2587 3062 2908 3118 debuerant
2948 3062 3080 3119 aliis
3119 3064 3343 3120 bonum
3373 3070 3538 3135 [ccxx]
3567 3082 3767 3122 exem-

2101 3151 2264 3223 plum
2295 3151 2568 3224 prebere,
2602 3155 2666 3207 ut
2707 3151 2883 3208 etiam
2912 3151 3046 3225 ipsi,
3081 3152 3181 3224 qui
3223 3169 3435 3225 panem
3483 3160 3760 3212 sanctum

343 3242 472 3298 Haec
523 3258 771 3297 censura
825 3240 1159 3312 Apologetico
1214 3237 1514 3294 refellitur.
1561 3237 1746 3310 Negat
1803 3239 1993 3311 primo
2025 3227 2068 3294 C
2105 3239 2188 3295 eis
2214 3240 2484 3295 mittebat
2511 3239 2573 3294 in
2615 3257 2712 3295 ore
2741 3240 2987 3296 dicendo
3022 3258 3034 3296 :
3070 3243 3273 3312 Corpus
3300 3243 3534 3309 _Domim
3580 3247 3769 3300 nostri

345 3329 656 3386 Ratherius
715 3346 776 3385 se
832 3327 1092 3401 potuisse
1148 3344 1278 3383 eam
1332 3328 1640 3399 pecuniam
1695 3328 1754 3382 in
1812 3327 1993 3383 alium

344 3436 520 3477 usum
553 3423 905 3484 convertere,
938 3434 1115 3489 quam
1158 3417 1217 3472 in
1270 3433 1425 3484 eum,
1461 3415 1554 3471 cui
1614 3417 1684 3472 ab
1741 3416 1994 3488 impera-

343 3513 467 3566 tore
515 3508 729 3564 tradita
787 3507 914 3562 fuit.
948 3506 1125 3561 Addit
1181 3505 1375 3560 nullos
1406 3505 1646 3561 Verona;
1703 3507 1995 3562 exstitisse

343 3614 650 3670 pauperes,
681 3595 781 3668 qui
833 3597 914 3651 ita
962 3595 1310 3667 indigerent,
1343 3599 1406 3650 ut
1454 3611 1559 3667 pro
1590 3594 1675 3650 eis
1706 3595 1778 3649 ab
1806 3593 1992 3650 eccle-

339 3678 563 3743 VSiarum
595 3685 975 3742 restructione
1013 3683 1516 3755 supersedendum
1549 3687 1721 3739 esset.
1757 3683 1990 3739 Libera-

339 3775 562 3831 litatem
594 3773 1013 3833 Veronensium
1059 3771 1281 3839 laudat,
1313 3773 1412 3843 qui
1446 3772 1527 3827 ita
1557 3777 1722 3827 erant
1751 3772 1808 3826 in
1845 3789 1989 3844 pau-

339 3851 508 3942 peres
539 3863 728 3930 effusi,
752 3868 817 3917 ut
863 3863 988 3918 sine
1021 3859 1140 3916 ullo
1173 3860 1397 3915 delectu
1447 3859 1564 3916 illis
1613 3877 1846 3932 quoque
1877 3861 1990 3916 lar-

340 3951 472 4024 gius
506 3952 844 4020 tribuerent,
877 3949 976 4022 qui
1008 3949 1256 4021 crapula:
1288 3953 1344 4003 et
1373 3948 1638 4003 ebrietati
1671 3949 1987 4016 servirent;

339 4026 556 4111 eosque
585 4039 760 4095 etiam
793 4039 863 4094 ad
910 4037 968 4092 id
1011 4042 1142 4092 ante
1171 4037 1398 4105 horam,
1420 4037 1631 4107 jejunii
1664 4036 1811 4110 [CLX]
1845 4055 1988 4109 quo-

341 4126 453 4200 que
484 4125 1007 4200 quadragesimalis
1040 4129 1318 4197 tempore,
1352 4124 1784 4197 compellerent.
1805 4125 1991 4190 Quan-

339 4221 466 4272 tum
498 4216 655 4272 hisce
692 4215 1049 4288 pauperibus
1080 4213 1438 4286 praeferenda
1487 4215 1564 4270 sit
1610 4213 1987 4272 ecclesiarum

339 4306 819 4362 restruendarum
887 4303 1245 4369 necessitas,
1318 4303 1700 4360 demonstrat.
1758 4306 1986 4361 Etenim

340 4418 367 4446 ‹‹
399 4394 654 4451 ecclesiae
684 4393 857 4450 istius
899 4393 1117 4466 patriae,
1147 4415 1174 4441 »
1198 4393 1388 4464 inquit
1426 4410 1588 4448 num.
1620 4395 1674 4461 5,
1700 4417 1728 4443 «
1764 4396 1986 4465 passim

337 4489 439 4539 aut
470 4482 738 4540 incendio
769 4499 1131 4556 paganorum
1165 4481 1244 4554 (id
1285 4485 1373 4536 est
1420 4481 1849 4555 Hungarorum,
1883 4485 1985 4556 qui

337 4571 446 4628 hoc
476 4571 688 4628 saeculo
748 4569 1024 4643 religione
1075 4569 1326 4627 Ethnici.
1369 4569 1588 4642 pluries
1643 4570 1703 4626 in
1761 4571 1984 4628 Italiam

335 4651 653 4730 irruerunt)
693 4665 793 4717 aut
839 4660 1066 4716 incuria
1097 4658 1729 4732 pseudoepiscoporum
1767 4660 1889 4732 (qui
1930 4661 1987 4717 in

337 4739 594 4804 llatherii
625 4748 818 4805 locum
851 4748 1061 4805 intrusi
1094 4750 1344 4816 fuerant)
1375 4752 1514 4802 sunt
1560 4748 1841 4804 universae
1885 4755 1986 4806 aut

332 4837 566 4909 penitus
595 4839 820 4906 dirutae,
855 4843 956 4894 aut
1003 4853 1218 4908 magna
1265 4853 1332 4890 ex
1380 4839 1543 4906 parte
1591 4836 1918 4894 destructas.
1954 4863 1983 4890 ››

333 4925 462 4982 Haec
515 4932 712 4984 autem
744 4926 1124 4984 ecclesiarum
1185 4924 1529 4980 restauratio
1569 4928 1626 4980 et
1668 4941 1809 4981 cura
1864 4931 1984 4985 tota

332 5019 474 5072 tunc
514 5016 796 5089 temporis
838 5016 908 5070 ad
953 5013 1290 5086 episcopum
1332 5013 1682 5085 pertinebat.
1721 5014 1772 5070 ls
1813 5033 1983 5088 porro

331 5105 508 5161 rebus
538 5104 831 5176 pluribus,
866 5119 931 5157 ac
990 5101 1310 5173 praesertim
1369 5100 1698 5174 hospitibus
1728 5103 1814 5159 ita
1861 5113 1985 5163 erat

332 5197 626 5264 gravatus,
673 5198 739 5249 ut
791 5208 906 5246 non
954 5189 1251 5256 habereat,
1282 5190 1437 5245 unde
1467 5192 1611 5246 satis
1639 5208 1891 5265 congrue
1921 5212 1984 5252 se

331 5286 509 5354 atque
563 5279 918 5337 domesticos
971 5277 1182 5346 aleret;
1226 5295 1290 5333 ac
1344 5283 1650 5350 propterea
1701 5298 1864 5339 num.
1925 5288 1977 5341 2.

332 5393 359 5420 «
395 5368 622 5436 Nullos,
681 5368 900 5440 gratias
949 5367 1086 5435 Deo,
1129 5366 1462 5440 (pauperes)
1494 5367 1586 5424 hic
1637 5386 1765 5426 esse
1822 5389 1980 5430 com-

330 5457 562 5532 perio,»
612 5455 826 5530 inquit,
865 5479 885 5507 α
921 5455 1056 5523 nisi,
1116 5454 1384 5511 mirabile
1416 5457 1609 5514 dictu!
1670 5459 1978 5518 incredibi-

329 5543 498 5622 leque
553 5545 798 5602 auditul
851 5562 964 5614 me,
997 5548 1054 5601 et
1085 5561 1233 5618 quos
1293 5542 1446 5601 alere
1504 5550 1569 5602 ut
1626 5548 1980 5609 domesticos

330 5629 648 5726 debueram
695 5635 895 5718 ipse.»
924 5639 1069 5700 Cum
1119 5633 1318 5713 itaque
1373 5635 1561 5716 major
1615 5652 1744 5699 esse
1799 5638 1979 5704 eccle-

2103 3331 2229 3386 Jcsu
2262 3330 2469 3386 Christi
2489 3331 2666 3400 prosit
2696 3330 2801 3384 tibi
2828 3331 2888 3384 in
2933 3332 3103 3385 vitam
3149 3339 3436 3400 aeternam,
3469 3349 3584 3388 non
3632 3350 3762 3390 ces-

2104 3422 2303 3476 sarent
2332 3418 2678 3491 perditionis
2711 3417 2952 3490 laqueos
2996 3419 3254 3487 tendere,
3286 3425 3344 3475 et
3374 3420 3542 3493 quasi
3573 3421 3762 3479 Pilato

2103 3507 2311 3564 diebus
2339 3508 2582 3574 eisdem,
2617 3507 2904 3578 Cruciﬁge,
2933 3509 3190 3579 cruciﬁge
3218 3508 3493 3578 clamare,
3527 3527 3642 3567 non
3674 3527 3765 3568 re-

2103 3596 2323 3653 cordati
2355 3596 2621 3652 dicentis.
2657 3595 2752 3650 Vae
2783 3595 2965 3668 impio
3008 3597 3311 3670 proditori,
3338 3615 3418 3654 va:
3457 3598 3762 3672 complici-

2101 3687 2233 3754 bus,
2266 3685 2553 3756 hodieque
2602 3685 2660 3740 in
2710 3683 2974 3754 ecclesia,
3024 3687 3173 3757 ejus.
3209 3709 3237 3736 »
3269 3686 3405 3754 Hos,
3440 3688 3499 3743 ni
3549 3688 3761 3761 resipi-

2101 3779 2285 3844 scant,
2304 3775 2468 3830 Judae
2493 3773 2819 3829 imitatores
2850 3774 3079 3830 futuros
3101 3775 3472 3847 prenuntiat,
3497 3775 3557 3830 in
3579 3793 3761 3848 quem

2099 3867 2232 3935 post
2261 3861 2547 3918 bucellam
2580 3861 2838 3917 introivit
2867 3863 3134 3932 Satanas,
3164 3886 3192 3913 «
3227 3864 3430 3935 utique
3459 3880 3564 3936 per
3593 3865 3757 3936 pravi

2099 3952 2292 4024 operis
2322 3951 2614 4018 effectum,
2648 3951 2748 4022 qui
2772 3952 2898 4022 jam
2930 3951 2990 4007 in
3022 3968 3087 4007 eo
3119 3968 3222 4024 per
3254 3951 3525 4026 malignae
3557 3953 3762 4010 volun-

2097 4040 2238 4096 tatis
2267 4044 2390 4095 erat
2422 4039 2717 4095 affectum.
2742 4062 2770 4089 ››

2173 4131 2293 4184 131.
2336 4128 2483 4192 Quid
2544 4132 2740 4188 autem
2798 4128 2883 4182 illi
2937 4129 3300 4200 molirentur,
3362 4131 3560 4187 statim
3621 4135 3759 4202 post

2097 4218 2322 4275 Pascha
2380 4217 2669 4313 apparuit.
2725 4218 2843 4274 Hac
2901 4218 2973 4313 de
3031 4235 3091 4274 re
3150 4219 3270 4313 agit
3326 4219 3635 4276 Ratherius
3690 4221 3755 4276 in

2097 4323 2364 4364 sermone
2415 4306 2478 4362 de
2511 4308 2726 4363 Octavia
2782 4306 3012 4364 Pascha:
3068 4306 3234 4363 num'.
3265 4309 3316 4364 1.
3353 4331 3380 4357 ‹‹
3413 4307 3561 4363 Cum
3619 4313 3760 4380 post

2096 4395 2441 4462 buccellam,
2477 4419 2504 4444 ››
2528 4395 2738 4468 inquit,
2791 4418 2818 4444 α
2877 4395 3176 4452 introisset
3229 4395 3287 4451 in
3345 4413 3445 4453 eos
3502 4397 3756 4455 Satanas

2096 4486 2274 4557 (Joan.
2315 4500 2437 4551 xm,
2481 4486 2572 4552 27)
2631 4501 2734 4556 per
2791 4485 3187 4556 operationem
3242 4484 3592 4558 malignam,
3645 4486 3756 4558 qui

2018 4594 2065 4660 D
2100 4579 2234 4630 ante
2282 4573 2343 4628 in
2398 4573 2484 4628 eis
2535 4572 2766 4643 jamdiu
2801 4590 2904 4644 per
2934 4572 3318 4630 intentionem
3378 4576 3564 4631 fuerat
3618 4591 3757 4647 pes-

2102 4665 2343 4732 simam;
2380 4662 2548 4734 quasi
2605 4662 2906 4719 audissent
2959 4663 3030 4718 ab
3063 4679 3148 4729 eo,
3184 4664 3283 4735 qui
3341 4663 3426 4720 eis
3481 4664 3753 4722 eamdem

2095 4756 2428 4825 porrexerat
2453 4749 2774 4807 buccellam
2811 4768 2822 4806 :
2858 4752 3008 4820 Quoi
3048 4754 3303 4824 facis,fac
3333 4754 3494 4808 citius
3538 4753 3752 4826 (Ibid.),

2093 4842 2308 4897 abhinc
2335 4857 2452 4896 non
2492 4845 2868 4896 cessaverunt
2905 4840 3255 4912 quantocius
3295 4841 3555 4914 exsequi,
3589 4842 3754 4913 quod

2085 4931 2211 5002 jam
2279 4934 2483 4995 antea,
2548 4929 2834 5000 praecipue
2901 4934 3023 4984 tota
3087 4929 3198 4985 ista
3265 4929 3750 5002 quadragesima,

2093 5022 2324 5075 fuerant
2391 5017 2825 5075 machinati.....
2890 5022 3091 5074 contra
3157 5019 3429 5074 eumdem
3497 5017 3748 5088 scilicet,

2095 5125 2268 5180 quem
2302 5123 2395 5161 me
2424 5106 2543 5161 fore
2573 5122 2744 5162 nemo
2781 5106 3008 5162 utinam
3040 5106 3236 5177 sciret,
3269 5106 3467 5162 omnia
3497 5106 3750 5164 insidia-

2093 5214 2225 5252 rum
2293 5193 2614 5262 molimina,
2657 5211 2859 5251 omnes
2927 5194 3276 5252 falsissimas
3343 5195 3749 5253 concinnatic-

2091 5301 2196 5341 nes
2225 5284 2285 5338 in
2317 5283 2508 5356 palam
2567 5299 2671 5355 per
2727 5299 3110 5355 quoscunque
3140 5283 3448 5340 valuerunt
3504 5283 3750 5340 mitten-

2090 5378 2198 5441 tes,
2231 5373 2487 5445 taliaque
2517 5373 2588 5427 de
2639 5388 2706 5427 eo
2746 5372 3053 5444 fingentes,
3083 5371 3282 5444 qualia
3339 5389 3512 5429 nemo
3542 5377 3750 5444 posset

2089 5463 2342 5530 credere,
2380 5460 2494 5516 nisi
2551 5458 2644 5515 cui
2701 5463 2803 5515 aut
2855 5461 3082 5528 eadem,
3116 5464 3218 5516 aut
3275 5461 3498 5518 similia
3553 5459 3748 5518 multa

2091 5550 2434 5625 contigisset
2491 5548 2716 5604 fecisse.
2745 5570 2774 5598 «
2807 5548 3019 5606 Subdit
3075 5566 3268 5622 porro,
3302 5551 3441 5622 quid
3497 5549 3558 5604 in
3613 5550 3748 5621 ipsa

2088 5637 2354 5722 paschali
2383 5636 2753 5705 hebdomade
2783 5641 2981 5704 actum
3009 5637 3217 5712 fuerit;
3250 5637 3406 5704 unde
3433 5636 3746 5730 rebelliuq
