4100 6200
268 357 390 432 {33‘

1258 363 1895 444 PROLEGOMENA.
1930 416 2008 427 —
2037 377 2409 445 annnam
2455 377 2660 448 VlTA.

3561 392 3678 455 134

268 503 633 592 malignitas,
665 508 723 564 et
780 507 1051 582 iniquum
1100 516 1301 569 contra
1357 530 1418 569 se
1474 513 1771 570 molimem
1816 531 1916 586 pa-
1944 516 2001 584 Α
2033 530 2347 588 pauperem
2379 519 2574 590 potius
2622 535 2796 591 quam
2855 519 3196 592 opulentum
3248 521 3564 581 declarant.
3615 527 3679 582 In

267 591 389 648 lam
447 595 683 666 prodiit.
731 597 1098 673 Episcopales
1147 603 1298 657 mdes
1357 603 1570 675 partim
1623 603 1922 675 hospitum

267 698 472 752 causa,
507 685 718 757 partim
763 687 1087 744 vicinorum
1143 690 1368 746 malitia
1415 708 1653 763 pessum
1712 692 1920 747 ferant.

271 793 302 821 «
357 772 730 845 Hospitantcs
773 774 914 831 inibi
964 778 1018 831 vi
1074 783 1132 834 et
1187 783 1472 851 potestate
1503 797 1620 836 non
1669 784 1921 848 cessant,

266 860 465 934 inquit
531 861 694 919 illam
768 866 1032 938 (domum
1109 868 1523 941 episcopalem)
1599 871 1922 936 destruere,

267 966 366 1006 me
398 969 512 1006 non
544 951 771 1009 valente
801 953 1021 1010 scilicet
1062 955 1297 1011 illorum
1330 957 1503 1012 alicui
1537 959 1921 1014 resistere.....

268 1039 563 1112 imperiali
623 1058 756 1097 cum
818 1048 1044 1100 constet
1083 1062 1183 1100 eos
1215 1047 1288 1101 de
1316 1047 1569 1102 exercitu
1603 1048 1923 1119 praesertim

267 1127 482 1197 redire,
541 1129 629 1185 vel
691 1131 761 1185 ad
821 1130 989 1188 illum
1046 1134 1264 1190 venire.
1313 1157 1340 1184 »
1386 1136 1455 1190 Et
1506 1141 1638 1208 post
1695 1154 1922 1210 pauca:

2034 604 2442 676 appendicula,
2507 625 2682 680 quam
2739 608 2852 680 ipsi
2912 613 3113 682 postea
3167 612 3351 677 addit,
3406 614 3549 670 dum
3621 631 3684 672 se

2034 709 2266 764 sperare
2284 693 2364 749 ait
2387 718 2414 744 ‹‹
2444 695 2872 770 elongationem
2889 698 3259 771 promissam,
3289 700 3455 756 »11ωο
3479 725 3507 751 ‹‹
3530 701 3686 759 elon-

2033 782 2188 854 gatio
2246 805 2274 832 »

2035 871 2105 925 ad
2151 871 2490 928 Adelaidem
2546 873 2972 946 imperatricem
3023 878 3104 932 ait

2034 959 2152 1014 tius
2185 959 2517 1030 salubriter,
2552 967 2610 1018 et
2640 963 2904 1020 habitare
2935 965 2992 1019 in
3048 965 3386 1022 monasterii
3419 967 3534 1023 mei
3584 969 3686 1023 de-

2035 1047 2225 1102 sidero
2257 1048 2594 1105 solitudine.
2628 1074 2656 1101 »
2701 1051 2845 1107 Cum
2896 1053 3115 1110 scilicet
3147 1059 3232 1109 tot
3259 1055 3554 1128 tantisque
3582 1057 3688 1112 Ve-

2034 1137 2377 1193 ronensium
2400 1139 2935 1196 machinationibus
2965 1148 3225 1209 vexatus,
3251 1142 3308 1197 in
3341 1143 3685 1217 episcopatu

2326 781 2426 838 illa
2473 801 2600 840 esse
2648 785 2896 853 videtur,
2933 788 3004 843 de
3053 804 3168 860 qua
3224 788 3280 842 in
3340 788 3587 861 epistola
3619 793 3684 848 13

3153 894 3166 932 :
3201 900 3227 924 ‹‹
3263 877 3532 950 Elongari
3582 897 3684 952 po-

269 1240 302 1267 ‹‹
337 1217 403 1273 In
439 1223 668 1275 tantum
727 1220 910 1288 illam,
958 1221 1344 1295 hospitantes,
1378 1224 1436 1280 in
1469 1241 1555 1292 ea,
1616 1225 1928 1281 destruunt
2035 1242 2237 1297 pacem
2269 1245 2502 1299 sperare
2560 1246 2674 1284 non
2725 1234 2941 1302 posset,
2995 1230 3065 1286 do
3097 1248 3162 1286 eo
3212 1232 3455 1287 tandem
3488 1233 3688 1289 dimit-

269 1308 644 1378 potestative,
703 1312 770 1364 ut
827 1309 877 1365 si
930 1309 1164 1382 aliquis,
1225 1313 1395 1383 cujiJs
1453 1313 1674 1369 scilicet
1731 1315 1924 1380 refert,

269 1394 417 1450 illuc
440 1397 873 1453 consideratum
901 1398 1095 1454 veniat
1133 1401 1508 1469 famulorum,
1551 1403 1752 1458 statim
1792 1420 1928 1458 eum

273 1484 801 1556 comprehendant,
846 1491 904 1542 et
960 1489 1304 1559 gravissime
1360 1490 1740 1562 ﬂagellatam,
1791 1490 1930 1546 loris

273 1572 703 1646 constringant.
751 1598 778 1623 ››
820 1575 936 1631 Hos
975 1576 1236 1648 hospites
1279 1579 1459 1634 fuisse
1480 1580 1800 1650 prasertim
1832 1579 1933 1634 Ba-

267 1662 499 1732 juarios
539 1679 607 1718 ex
645 1663 925 1735 epistolas
969 1667 1038 1720 12
1095 1667 1168 1721 ad
1223 1667 1599 1723 Ambrosium
1657 1668 1930 1734 dicimus,

275 1751 378 1806 ubi
421 1751 593 1807 etiam
657 1752 974 1825 explicans,
1037 1754 1282 1826 quinam
1339 1755 1572 1824 fuerint,
1617 1780 1644 1806 «
1685 1756 1859 1812 vicini
1903 1777 1925 1804 ιι

2035 1315 2208 1370 tendo
2256 1317 2514 1388 cogitare
2543 1318 2762 1390 coepit:
2798 1333 2973 1390 quem
3026 1323 3222 1374 tamen
3284 1336 3418 1375 cum
3483 1325 3690 1392 sponte

2040 1402 2332 1459 dimittere
2387 1405 2537 1475 [Vid.
2596 1423 2762 1478 supra
2819 1425 2876 1461 η.
2927 1408 3042 1478 66.]
3074 1407 3346 1464 illicitum
3405 1409 3687 1474 crederet,

2040 1489 2340 1561 imperiale
2370 1499 2748 1567 prmceptum,
2803 1513 2916 1567 quo
2967 1496 3194 1553 Verona
3243 1501 3546 1570 cogeretur
3590 1498 3688 1554 de-

2042 1579 2266 1645 cedere,
2299 1586 2354 1635 et
2411 1583 2480 1636 ad
2516 1585 2934 1640 monasterium
2986 1591 3181 1656 posset
3231 1586 3419 1642 redire
3475 1588 3686 1658 [cum]

2042 1667 2426 1736 desiderasse,
2482 1676 2539 1726 et
2565 1671 2743 1743 hujus
2793 1674 3028 1745 quidem
3079 1676 3346 1746 praecepti
3405 1675 3688 1730 indicium

2042 1757 2335 1828 accepisse
2365 1759 2612 1828 videtur,
2637 1763 2777 1816 dum
2830 1762 2886 1817 in
2921 1761 3028 1817 hac
3059 1761 3447 1835 appendicula
3471 1786 3498 1814 «
3531 1763 3690 1820 elon-

274 1840 545 1896 eamdem
601 1841 843 1896 domum
902 1843 1294 1912 destruentes,
1336 1867 1366 1894 «
1409 1845 1688 1916 Bajuarii,
1739 1845 1932 1917 inquit
1962 1887 2010 1953 Β
2040 1845 2294 1918 gationis
2328 1848 2634 1918 promissae
2670 1873 2696 1898 ››
2732 1850 3086 1906 mentionem
3121 1851 3269 1907 fecit.

277 1947 420 1953 ---μ
516 1931 534 1953 ι
613 1935 661 1953 ΑΙ.
703 1931 856 1953 3--..ι-
927 1933 1098 1953 ..--ειε
1171 1932 1356 1953 -I_,!_9
1433 1939 1474 1953 ,ι
1541 1935 1608 1953 1L,
1641 1952 1670 1953 η
1704 1934 1743 1953 1ο
1805 1952 1810 1953 ,
2121 1934 2218 1953 ann
2267 1935 2313 1953 ιγ
2373 1951 2376 1953 λ
2441 1937 2477 1953 ιο
2778 1938 2836 1953 ιη
2885 1943 2894 1953 .
3122 1941 3144 1953 ιι
3186 1940 3218 1953 ο.

277 1947 447 1986 num.
507 1931 559 1997 4,
609 1935 666 1985 et
695 1931 865 2002 juxta
927 1933 1102 2004 positi
1164 1932 1382 2000 clerici,
1425 1939 1481 1989 et
1538 1934 1746 1990 famuli
1787 1952 1932 2006 prae-

278 2020 451 2092 cipue
489 2019 818 2076 destruunt.
859 2043 889 2072 »
933 2022 1095 2077 Ostia
1135 2046 1163 2072 «
1207 2025 1422 2094 partim
1463 2023 1639 2093 furto,
1677 2047 1704 2073 »
1745 2025 1802 2078 id
1843 2030 1933 2080 est

277 2108 454 2175 clam,
499 2131 528 2160 ‹‹
564 2109 780 2181 partim
818 2109 873 2164 vi
915 2111 1109 2167 ablata
1147 2134 1174 2161 ››
1220 2113 1437 2168 ibidem
1487 2117 1928 2181 commemorat,

281 2205 341 2254 et
379 2198 770 2271 quadraginta
807 2200 926 2255 fere
964 2199 1144 2257 libras
1184 2201 1243 2256 in
1267 2202 1751 2258 restaurationem
1776 2204 1932 2274 ejus-

281 2288 416 2343 dem
456 2289 668 2344 domus
709 2305 770 2344 se
809 2290 1151 2362 expendisse
1181 2292 1759 2364 testatur,sexiesque
1783 2291 1934 2348 ostia

280 2377 650 2444 restituisse;
692 2379 796 2433 sed
834 2378 982 2433 nihil
1023 2381 1211 2450 [ccxu]
1252 2380 1488 2452 profuit.
1536 2381 1614 2436 Ea
1651 2397 1782 2437 vero
1821 2381 1934 2436 fuit

282 2466 657 2522 inimicorum
718 2466 1076 2539 malignitas,
1121 2475 1186 2524 ut
1241 2470 1337 2542 qui
1379 2487 1448 2525 ea
1495 2471 1710 2526 damna
1748 2470 1932 2542 patie-

281 2555 458 2610 batur
495 2554 1170 2629 episcopus,eorumdem
1213 2559 1562 2613 damnorum
1604 2562 1805 2613 auctor
1825 2563 1937 2613 tra-

279 2645 613 2700 duceretur.
655 2645 782 2700 Haec
833 2663 953 2702 una
999 2662 1067 2701 ex
1116 2647 1424 2719 praecipuis
1465 2647 1936 2704 accusationibus

279 2732 412 2798 fuit,
457 2750 584 2805 qua:
625 2738 692 2789 ut
745 2734 889 2790 satis
942 2735 1187 2806 probata
1238 2736 1310 2791 ad
1372 2735 1782 2808 imperatorem
1833 2737 1935 2792 de-

275 2824 550 2890 ferretur,
594 2822 653 2878 in
710 2824 840 2895 ipsa
896 2824 1156 2896 paschali
1219 2825 1588 2881 hebdomada
1639 2827 1766 2881 duae
1806 2843 1934 2898 per-

277 2928 440 2968 sonae
480 2911 540 2966 in
599 2913 742 2967 urbe
801 2913 1196 2982 dominantes,
1260 2914 1444 2986 pretio
1496 2919 1801 2988 corruptae,
1861 2916 1932 2971 ad

280 3000 773 3057 considerandam
814 3002 1171 3074 episopalem
1226 3004 1468 3060 domum
1524 3003 1932 3060 circumducta:

280 3090 547 3145 fuerunt.
606 3089 732 3145 Una
785 3090 897 3146 fuit
954 3091 1107 3162 [Vid.
1147 3101 1258 3148 not.
1301 3095 1336 3147 5
1375 3093 1431 3147 in
1489 3110 1664 3149 serm.
1716 3094 1781 3150 de
1820 3095 1931 3150 Oct.

277 3179 538 3250 Pascha?)
596 3178 800 3234 Nanno
863 3179 1100 3234 Verona:
1155 3197 1350 3237 comes
1411 3181 1683 3238 Ratherio
1739 3182 1933 3238 infen-

2116 1934 2237 1989 133.
2267 1935 2390 1990 Non
2423 1937 2524 1992 diu
2574 1955 2714 1992 sane
2759 1938 2937 1994 dilata
2983 1957 3072 1995 res
3117 1940 3246 1994 fuit.
3281 1940 3485 1996 Nanno
3534 1941 3692 1998 enim

2041 2023 2279 2078 Veronae
2307 2040 2502 2081 comes
2527 2031 2808 2098 tanquam
2829 2029 3033 2082 missus
3075 2029 3142 2083 de
3166 2037 3320 2100 parte
3349 2030 3693 2102 imperatoris

2041 2109 2100 2163 in
2161 2111 2306 2166 festo
2363 2116 2938 2172 commemorationis
3002 2118 3187 2172 sancti
3255 2117 3420 2173 Pauli
3479 2119 3572 2176 die
3621 2121 3694 2175 3O

2040 2198 2198 2254 Junii
2232 2205 2435 2257 contra
2485 2203 2829 2260 Ratherium
2889 2205 3170 2277 placitum
3225 2207 3450 2264 habuit.
3502 2229 3530 2258 «
3561 2208 3693 2280 Ipsa

2042 2285 2194 2342 beati
2253 2289 2416 2344 Pauli
2474 2292 2723 2363 apostoli
2779 2292 3150 2350 solemnitate
3205 2295 3314 2363 (uti
3365 2294 3580 2368 legitur
3631 2297 3692 2352 in

2041 2376 2291 2448 epistola
2331 2381 2398 2434 12
2449 2397 2611 2435 num.
2647 2383 2702 2449 4)
2735 2399 2878 2452 pene
2928 2387 3052 2437 tota
3109 2382 3316 2438 civitas
3368 2384 3577 2451 adfuit,
3636 2388 3694 2440 et

2044 2465 2256 2522 sedens
2284 2466 2488 2523 Nanno
2538 2487 2642 2540 pro
2691 2469 2972 2524 tribunali
3019 2471 3102 2526 ita
3126 2488 3296 2526 orsus
3327 2475 3416 2526 est
3445 2471 3627 2542 loqui.
3663 2494 3692 2520 ››

2045 2555 2304 2618 Quatuor
2334 2557 2773 2612 accusationum
2806 2557 2997 2629 capita
3044 2557 3246 2612 Nanno
3292 2557 3506 2630 populo
3561 2575 3692 2630 pro-

2045 2641 2260 2712 posuit.
2313 2643 2575 2699 Primum
2624 2645 2696 2700 de
2740 2650 2904 2718 prato
2945 2647 3116 2717 juxta
3163 2646 3382 2702 flumen
3433 2645 3691 2714 Athesis,

2045 2731 2199 2800 quod
2247 2747 2383 2787 cum
2436 2733 2733 2788 venientes
2791 2738 2848 2790 et
2905 2734 3187 2790 abeuntes
3231 2752 3343 2791 non
3396 2740 3696 2792 cessarent

2045 2819 2382 2889 detundere,
2455 2825 2512 2876 et
2577 2821 2769 2877 vineta
2821 2823 2871 2878 ei
2947 2822 3222 2894 contigua
3278 2824 3688 2893 devastarent;

2043 2909 2355 2981 episcopus
2400 2911 2551 2966 arari
2593 2912 2875 2982 jusserat,
2923 2928 2986 2968 ac
3040 2911 3096 2966 in
3136 2929 3203 2968 eo
3236 2911 3488 2968 millium
3520 2912 3695 2969 semi-

2045 2998 2193 3053 nari.
2249 2998 2516 3056 Nannoni
2572 3004 2766 3056 autem
2818 3001 3222 3074 interroganti,
3273 3001 3477 3068 «Quid
3527 3002 3692 3059 vobis

2042 3086 2276 3143 videtur
2330 3089 2401 3144 de
2441 3089 2553 3145 isto
2612 3094 2798 3161 prato,
2849 3107 3024 3162 quem
3081 3094 3383 3146 exaratum
3439 3091 3693 3148 videtis?

2043 3177 2473 3248 responderunt
2502 3179 2862 3234 unanimiter
2876 3194 3101 3235 omnes:
3132 3178 3408 3234 Pessime.
3427 3201 3454 3228 »
3478 3180 3693 3236 Secun-

280 3266 586 3336 sissimus,
627 3267 811 3324 altera
848 3267 1093 3323 forsitan
1133 3269 1244 3324 fuit
1282 3271 1623 3327 vicecomes.
1667 3271 1932 3327 Rebelles
1963 3255 2006 3322 C
2043 3263 2183 3320 dum
2217 3271 2392 3338 caput
2413 3268 2483 3322 ad
2508 3268 2750 3324 domum
2780 3267 3168 3340 episcopalem
3190 3267 3508 3339 spectabat.
3531 3268 3692 3323 Nan—

284 3360 486 3412 autem
527 3360 711 3412 totam
768 3356 1002 3429 culpam
1053 3357 1387 3428 rejicientes
1444 3360 1502 3415 in
1568 3360 1930 3433 episcopum,

287 3466 319 3496 (ι
379 3461 474 3501 me
550 3445 1008 3514 mendacissimi,
1087 3446 1170 3502 ait
1226 3465 1389 3503 num.
1470 3451 1493 3503 1
1573 3449 1638 3505 de
1702 3451 1931 3520 Octavia,

285 3534 593 3590 conductis
630 3535 1163 3592 consideratoribus
1203 3542 1480 3592 accusant
1519 3539 1785 3593 eamdem
1836 3539 1934 3594 de-

284 3628 536 3690 struere,
579 3623 748 3695 quasi
788 3623 974 3696 possit
1013 3641 1140 3680 esse
1179 3625 1476 3695 credibile,
1521 3630 1586 3681 ut
1634 3613 1786 3698 quod
1830 3643 1934 3699 ego

281 3715 450 3768 tanto
488 3712 603 3768 mei
643 3711 941 3768 construxi
981 3713 1306 3785 dispendio,
1343 3719 1442 3769 aut
1468 3714 1934 3786 destruamipse,

283 3806 390 3858 aut
429 3802 650 3868 destrui
692 3802 884 3873 patiar
929 3808 1157 3875 sponte.
1202 3827 1230 3853 »
1273 3803 1402 3858 Haec
1462 3801 1619 3858 mala
1667 3802 1935 3858 nonnulli

278 3907 348 3946 eo
408 3890 743 3946 referebant
797 3893 952 3963 quod
1011 3891 1323 3964 episcopus
1378 3892 1437 3947 in
1506 3891 1934 3964 episcopalibus

275 3979 506 4034 adibus
545 3996 661 4034 non
711 3984 1059 4035 moraretur.
1102 3981 1318 4036 Verum
1360 3981 1672 4054 respondet
1710 3981 1769 4035 in
1808 3981 1935 4054 epi-

273 4068 428 4124 stola
468 4069 534 4122 12
573 4069 642 4123 ad
680 4069 1058 4125 Ambrosium
1119 4087 1283 4125 num.
1327 4072 1377 4126 4.
1422 4094 1448 4119 ‹‹
1493 4075 1558 4125 In
1608 4087 1675 4126 ea
1714 4071 1932 4143 (domo)

273 4156 449 4212 illum
506 4157 723 4212 versari
784 4158 1473 4215 inconvenientissimum
1531 4160 1661 4228 fuit,
1721 4177 1793 4215 ne
1833 4164 1934 4214 aut

272 4245 869 4317 comprehenderetur
926 4253 989 4303 ut
1039 4247 1201 4314 olim,
1265 4253 1385 4316 aut,
1429 4248 1477 4304 si
1518 4265 1579 4303 se
1626 4248 1931 4304 defendere

272 4339 609 4401 conaretur,
652 4336 784 4408 igne
834 4337 1098 4392 adhibito
1139 4337 1260 4409 (qui
1306 4337 1461 4393 enim
1500 4337 1714 4411 vulgus
1753 4338 1932 4394 Vero-

271 4439 459 4480 nense
498 4441 614 4480 non
653 4425 894 4498 audet?)
921 4426 1347 4499 circumpositas
1387 4432 1625 4499 propter
1661 4444 1794 4482 eum
1837 4425 1932 4482 ba-

271 4511 455 4569 silicae
494 4519 913 4571 cremarentur.
957 4516 1012 4570 Si
1057 4520 1332 4571 neutrum
1371 4532 1505 4571 vero
1546 4515 1926 4590 contingeret,

272 4602 420 4676 quid
464 4603 696 4672 faceret,
738 4621 872 4659 cum
912 4609 1156 4660 exeunte
1213 4622 1282 4660 ex
1342 4622 1410 4660 ea
1450 4621 1564 4660 uno
1603 4621 1672 4659 ex
1709 4610 1923 4660 vestra-
1959 4624 2005 4688 D

271 4692 439 4749 tibus
479 4691 557 4763 (id
601 4696 690 4748 est
728 4693 1033 4749 Germanis
1073 4694 1145 4750 ad
1187 4694 1560 4766 imperatoris
1611 4694 1926 4749 exercitum

267 4779 802 4853 proficiscentibus,
843 4783 928 4838 vel
964 4783 1170 4839 exinde
1194 4782 1596 4855 redeuntibus)
1639 4782 1921 4855 principe,

266 4869 416 4926 alter
451 4870 504 4925 ei
547 4872 906 4948 succederet,
948 4872 1032 4926 illi
1075 4872 1248 4938 alius,
1291 4872 1444 4928 alius
1483 4873 1621 4929 item
1664 4871 1794 4927 illi?
1823 4873 1925 4927 Po-

263 4962 492 5014 teratne
533 4975 670 5015 cum
713 4959 833 5017 illis
852 4961 1162 5034 episcopus
1185 4961 1243 5016 in
1269 4979 1387 5017 una
1408 4962 1580 5017 domo
1602 4962 1820 5017 versari
1845 4961 1872 5016 ?
1897 4983 1924 5011 ››

266 5047 535 5119 Idipsum
576 5048 708 5104 aliis
743 5051 936 5106 verbis
975 5051 1166 5123 tangit
1204 5051 1264 5105 in
1307 5067 1574 5107 sermone
1602 5052 1668 5106 de
1715 5053 1925 5107 Octavia

265 5138 496 5193 Pascha:
537 5155 702 5193 num.
743 5143 797 5193 2.
823 5139 1199 5196 Interimnon
1223 5140 1444 5196 destitit
1467 5140 1711 5196 rebelles
1733 5141 1924 5196 adhuc

265 5225 338 5280 ad
385 5241 589 5297 pacem
630 5227 870 5283 hortari.
911 5228 1056 5285 Vide
1093 5227 1286 5301 ipsum
1330 5245 1656 5285 sermonem
1681 5230 1922 5286 deOcta-

265 5314 348 5368 vis
376 5315 814 5382 Paschaemiium
849 5326 972 5388 post
1001 5319 1223 5383 Pascha,
1255 5320 1313 5373 et
1367 5318 1693 5373 secundum
1732 5317 1797 5373 de
1826 5320 1924 5373 As-

263 5405 523 5461 censione
554 5405 795 5474 Domini,
828 5407 928 5478 qui
970 5406 1081 5464 hoc
1117 5407 1320 5464 eodem
1361 5423 1514 5462 anno
1552 5406 1658 5461 968
1696 5406 1924 5463 recitati

266 5491 534 5570 fuerunt.

301 5581 322 5612 ⁴
341 5582 466 5638 132.
499 5585 665 5640 Anno
687 5584 891 5642 eodem
906 5585 1219 5644 Ratherius
1237 5587 1629 5644 Testamentum
1663 5587 1920 5661 scripsit,

265 5665 771 5759 sﬁjus'e'xordiuh
810 5675 1091 5754 pietatem
1113 5675 1300 5756 spirat
1339 5692 1353 5738 :
1394 5675 1586 5752 legata
1623 5692 1758 5740 vero
1786 5693 1922 5739 eum

2046 3354 2184 3410 noni
2215 3372 2347 3411 vero
2375 3357 2654 3430 quaerenti
2680 3374 2692 3412 :
2724 3380 2750 3406 ‹‹
2770 3355 2919 3420 Quid
2956 3356 3238 3427 judicatis
3260 3357 3329 3412 de
3351 3357 3465 3412 ista
3493 3357 3689 3427 domo,

2045 3460 2220 3514 quam
2253 3445 2336 3500 sic
2368 3446 2723 3501 destructam
2765 3444 3012 3501 videtis?
3041 3445 3224 3518 Culpa
3269 3450 3361 3501 est
3411 3445 3690 3518 episcopi,

2045 3548 2248 3588 omnes
2279 3535 2652 3604 respondent.
2685 3533 2948 3589 Tertium
2981 3537 3156 3604 caput
3180 3532 3440 3588 Ratherii
3467 3533 3692 3589 Iudica-

2045 3628 2160 3675 tum
2190 3621 2558 3692 respiciebat,
2611 3639 2726 3692 quo
2785 3620 3067 3676 beneﬁcia
3125 3620 3393 3691 quaedam
3447 3619 3694 3691 ingratis

2045 3709 2370 3780 majoribus
2401 3709 2648 3781 clericis,
2704 3726 2806 3764 seu
2864 3707 3162 3764 canonicis
3225 3708 3298 3762 ab
3355 3723 3422 3763 eo
3473 3705 3691 3775 ablata,

2043 3797 2284 3869 inepum
2317 3797 2661 3854 clericorum
2715 3797 3127 3854 sustentationi
3176 3796 3410 3853 addicta
3438 3797 3687 3853 fuerant.

2042 3887 2212 3955 Quid,
2273 3908 2301 3938 «
2355 3887 2548 3960 inquit
2603 3888 2757 3944 idem
2813 3887 3036 3954 Nanno,
3071 3910 3099 3938 ‹‹
3140 3887 3213 3942 de
3271 3885 3401 3942 istis
3460 3884 3689 3943 clericis

2043 3977 2120 4046 (id
2157 3981 2245 4032 est
2302 3976 2670 4048 majoribus),
2716 3976 2816 4049 qui
2873 3993 2983 4031 sua
3036 3975 3318 4032 beneﬁcia
3366 3975 3448 4031 ita
3502 3974 3690 4047 perdi-

2042 4066 2292 4122 derunt?
2349 4065 2829 4122 Exclamaverunt
2882 4083 3087 4122 omnes
3139 4084 3150 4122 :
3205 4062 3362 4120 Nihil
3412 4065 3600 4137 pejus.
3663 4086 3691 4114 »

2042 4159 2324 4222 Quartum
2356 4159 2531 4228 caput
2577 4157 2688 4210 fuit
2721 4172 2733 4210 :
2773 4178 2800 4206 «
2833 4155 2982 4221 Quid
3035 4155 3104 4210 de
3134 4172 3200 4210 eo
3227 4154 3405 4226 quod,
3441 4152 3491 4208 si
3522 4152 3693 4210 cleri-

2041 4262 2166 4311 cus,
2201 4250 2304 4300 aut
2335 4244 2591 4301 famulus
2622 4244 2809 4318 ipsius
2838 4261 2940 4316 per
2968 4261 3138 4300 suam
3171 4243 3530 4299 voluntatem
3577 4259 3694 4297 non

2040 4334 2163 4388 adit
2190 4336 2428 4389 vocatus
2451 4332 2815 4406 episcopum,
2847 4332 2945 4388 ille
2975 4349 3113 4388 suos
3153 4329 3458 4386 baculares
3489 4327 3690 4395 mittit,

2039 4427 2097 4478 et
2125 4439 2227 4494 per
2258 4425 2603 4495 potestatem
2654 4439 2788 4478 eum
2834 4421 3091 4492 rapiunt,
3124 4423 3181 4475 et
3229 4418 3302 4473 ad
3353 4416 3692 4488 episcopum

2040 4511 2306 4566 ducunt?
2336 4511 2458 4578 Hic,
2509 4528 2643 4565 cum
2693 4527 2898 4566 omnes
2956 4508 3097 4563 illud
3130 4504 3544 4562 Terentianum
3594 4520 3693 4559 va-

2040 4600 2290 4656 luissent
2331 4599 2667 4670 justissime
2714 4597 3068 4671 respondere
3102 4612 3115 4650 :
3151 4595 3194 4649 Ο
3245 4594 3464 4649 factum
3503 4591 3687 4648 bene!

2038 4689 2277 4762 porcino
2305 4686 2493 4759 magis
2523 4686 2778 4743 universi
2830 4685 3324 4757 concrepavcrunt
3356 4681 3622 4738 stridore.
3660 4703 3688 4731 ››

2033 4781 2239 4836 Nanno
2297 4776 2537 4832 tandem
2601 4774 2892 4848 imperiali
2945 4772 3290 4830 auctoritate
3341 4770 3691 4828 sententiam

2033 4868 2171 4926 tulit
2200 4867 2294 4922 his
2344 4865 2535 4921 verbis
2571 4884 2583 4920 :
2621 4888 2649 4915 ‹‹
2683 4864 2898 4921 Missus
2950 4861 3115 4919 vobis
3175 4861 3357 4918 existo
3416 4859 3487 4916 de
3528 4863 3690 4932 parte

2036 4957 2407 5030 imperatoris
2436 4959 2492 5010 et
2539 4955 2789 5010 dominae
2844 4970 2984 5009 mete
3030 4951 3335 5020 (nimirum
3391 4948 3689 5004 Adelaidis

2037 5044 2448 5118 imperatricis)
2511 5048 2577 5099 ut
2633 5043 2680 5099 si
2750 5043 2959 5099 amodo
3019 5039 3231 5112 aliquis
3289 5037 3523 5094 illorum
3582 5036 3691 5092 hoc

2037 5152 2206 5208 agere
2233 5134 2406 5190 fuerit
2435 5150 2639 5199 ausus,
2676 5133 2748 5187 ab
2792 5131 3067 5188 omnibus
3117 5130 3169 5185 ei
3224 5127 3538 5184 resistatur
3585 5141 3688 5198 pro

2037 5224 2282 5279 viribus.
2311 5244 2332 5271 ι
2372 5222 2456 5277 Ita
2502 5220 2808 5276 rebellium
2855 5219 3083 5277 animos
3116 5221 3319 5274 contra
3347 5214 3687 5288 episcopum

2033 5312 2192 5370 acuit
2251 5315 2306 5368 et
2336 5310 2623 5366 excitavit.
2674 5310 2805 5366 Mox
2862 5325 2997 5366 vero
3053 5305 3366 5364 Judicatum
3421 5303 3686 5376 ejusdem

2033 5401 2288 5475 episcopi
2339 5399 2510 5472 plane
2558 5399 2790 5454 irritum
2844 5395 3176 5454 declaravit.
3206 5397 3521 5466 «Cumque
3577 5392 3686 5449 hoc

2033 5491 2296 5562 dixisset,
2330 5513 2358 5540 »
2407 5489 2570 5545 addit
2623 5489 2954 5558 Ratherius,
3008 5484 3358 5559 «quidquid
3407 5483 3685 5541 omnibus

2033 5580 2384 5641 adversariis
2439 5579 2586 5636 meis
2643 5579 3026 5647 abstuleram,
3054 5581 3112 5634 et
3164 5593 3268 5649 per
3296 5575 3560 5632 chartam
3583 5589 3682 5629 vo-

2032 5673 2126 5737 bis
2158 5671 2240 5752 (id
2271 5675 2360 5733 est
2410 5669 2736 5748 Ambrosio)
2787 5669 3032 5732 missam
3086 5663 3458 5748 pauperculi:
3512 5660 3689 5746 cleris.
