4046 6186
343 371 346 374 ~
415 339 531 404 435

1372 319 1820 390 ΗΑἸἫΕΗΙῙΙΒ
1859 317 2357 390 VERONENSIS
2402 323 2859 395 EPISCGPUS.

3709 329 3832 398 136

412 476 495 532 cis
525 469 952 530 contuleram...
1002 467 1192 521 totum
1237 463 1335 518 seis
1393 458 1647 517 reddidit
1705 459 1922 525 dicens,
1958 459 2057 530 ju-
2086 460 2142 529 Α
2175 465 2359 518 torem
2385 462 2660 528 instruat,
2696 447 3070 536 obtineatque
3105 460 3407 537 imperiale
3446 463 3828 540 rescriptum,

410 580 572 620 resse
600 561 1034 632 imperatorem,
1057 552 1212 626 quod
1244 565 1548 622 nunquam
1574 547 1683 603 hoc
1705 546 1914 603 stabile
1938 547 2057 603 fore

408 651 788 727 permitteret.
823 669 851 698 »
886 647 1071 710 Quam
1100 638 1553 698 tumultuarium
1594 642 1651 694 et
1681 636 2055 727 illegitimum

410 724 616 815 fcnxw]
665 737 842 794 fuerit
871 735 981 790 hoc
1029 730 1331 805 placitum,
1383 728 1443 782 in
1494 744 1609 800 quo
1649 727 1832 797 jndex
1875 724 2056 815 rebel-

406 813 553 888 lium
581 824 932 886 sententiam
963 824 1199 879 secutus
1230 823 1319 875 est
1348 815 1610 873 inaudito
1641 813 2054 886 Ratherio,qui

408 922 584 979 rebus
607 915 874 991 pluribus
896 915 1120 985 poterat
1143 908 1402 980 objectas
1432 905 1871 963 criminationes
1894 903 2054 961 refel-

404 1010 543 1075 lere,
573 1007 739 1062 facile
769 1002 1019 1075 quisque
1045 997 1374 1072 perspiciet.

473 1098 598 1153 134.
632 1096 714 1150 Ex
743 1092 838 1148 his
867 1090 1183 1163 episcopus
1228 1102 1512 1159 magnum
1563 1083 1676 1141 sibi
1724 1081 2050 1156 periculum

402 1186 710 1244 imminere
744 1179 1096 1252 intelligens,
1148 1192 1282 1232 mox
1328 1179 1448 1231 tres
1478 1172 1756 1246 epistolas
1793 1171 2047 1245 scripsit.

403 1278 529 1335 Una
575 1275 715 1331 data
759 1274 850 1328 est
895 1269 968 1326 ad
1016 1267 1358 1324 Nannonem
1407 1262 1708 1334 comitem,
1759 1278 1938 1334 quam
1989 1261 2049 1316 in

401 1360 882 1424 annotationibus
929 1361 1224 1413 exaratam
1276 1352 1653 1427 probavimus
1710 1351 1806 1406 die
1860 1349 2050 1423 prima

401 1453 539 1512 Julii
587 1456 790 1510 octava
847 1446 976 1505 festi
1003 1447 1060 1501 S.
1109 1444 1354 1501 Joannis
1402 1441 1710 1514 Baptistae;
1745 1439 1929 1495 altera
1973 1439 2046 1495 ad

399 1540 776 1601 Ambrosium
823 1533 1190 1608 imperatoris
1224 1529 1675 1597 cancellarium;
1711 1529 1781 1583 ad
1816 1527 2046 1584 Adelai-

398 1633 533 1688 dem
584 1625 1014 1702 imperatricem
1064 1622 1238 1679 tertia
1295 1619 1444 1692 (Vid.
1475 1622 1590 1675 not.
1624 1620 1729 1674 lin
1771 1620 1928 1689 epist.
1961 1618 2043 1686 ιι).

397 1721 833 1776 Νωιῐιοιαοωθε
880 1711 1134 1770 Bucconi
1183 1712 1566 1767 successerat.
1601 1707 1713 1764 Sed
1770 1722 1904 1762 cum
1936 1705 2046 1763 iste

394 1807 866 1880 initioepiscopo
908 1803 1119 1859 fuisset
1161 1799 1426 1896 infensus
1473 1797 1633 1896 (licet
1681 1796 2044 1896 ipsi-postea
2073 1829 2118 1896 Β

395 1898 661 1969 faverit);
695 1893 1006 1951 Ratherius
1039 1895 1106 1946 ut
1137 1888 1439 1945 Nannonis
1477 1886 1607 1942 novi
1651 1885 1885 1940 comitis
1908 1901 2040 1957 gra-

393 1989 537 2046 tiam
588 1985 703 2042 sibi
753 1981 1108 2046 conciliaret,
1162 1977 1360 2048 aliqua
1407 1974 1598 2032 eidem
1646 1990 1893 2030 munera
1936 1972 2041 2029 im-

394 2076 645 2150 pertitus
673 2074 922 2130 videtur.
957 2069 1068 2126 Sed
1102 2067 1224 2123 haec
1253 2066 1414 2122 fuere
1447 2063 1698 2131 inutilia,
1735 2066 2040 2136 propterea

391 2164 550 2239 quod
573 2162 844 2219 eamdem
893 2174 1033 2230 erga
1083 2157 1280 2229 ipsum
1312 2153 1720 2210 liberalitatem
1763 2153 2037 2226 deinceps

392 2272 507 2312 non
557 2249 842 2308 exhibuit.
876 2269 903 2298 ‹‹
967 2247 1052 2302 Ita
1100 2245 1258 2300 enim
1315 2248 1405 2299 est
1460 2245 1885 2313 comparatum,
1946 2241 2037 2296 in-

390 2343 521 2418 quit
575 2341 637 2396 in
693 2336 942 2412 epistola
979 2353 1044 2404 ιι,
1084 2351 1248 2390 num.
1309 2350 1348 2399 ι,
1409 2336 1473 2387 ut
1531 2335 1726 2387 vetera
1783 2330 2035 2387 subruas

387 2432 691 2500 beneficia,
730 2428 846 2484 nisi
885 2443 953 2482 ea
992 2422 1412 2497 posterioribus
1442 2420 1670 2478 fulcias.
1703 2443 1731 2471 »
1777 2419 2035 2478 Ratherii

387 2523 586 2579 hostes
625 2516 1108 2590 locupletioribus
1147 2511 1490 2568 muneribus
1529 2527 1663 2597 eum
1703 2509 1810 2566 sibi
1832 2514 2034 2566 contra

385 2610 725 2684 episcopum
763 2605 1149 2677 captivarunt.
1194 2603 1258 2656 in
1310 2598 1557 2672 epistola
1602 2604 1797 2654 autem
1837 2599 2031 2670 queri-

385 2707 483 2756 tur
519 2695 893 2771 przsvaluisse
923 2690 1396 2749 adversariorum
1438 2688 1763 2755 mendacia,
1804 2689 2029 2760 ipsum-

386 2804 498 2860 que
535 2785 808 2842 comitem
849 2798 1050 2838 eorum
1090 2778 1248 2835 vitiis
1287 2795 1354 2834 ac
1393 2776 1692 2833 rebellioni
1730 2794 1862 2836 cum
1903 2777 2032 2833 ani-

382 2891 616 2932 marum
673 2870 932 2945 periculo
989 2867 1378 2940 patrocinium
1438 2871 1712 2938 praestare
1771 2882 1784 2921 :
1829 2888 1856 2916 ‹‹
1912 2866 2031 2922 Vos

381 2965 541 3038 ipsas
581 2961 810 3018 animas
866 2958 952 3015 eis
1001 2956 1268 3027 aufertis,
1326 2955 1468 3010 dum
1526 2953 1898 3025 presbyteros
1955 2955 2024 3011 ad

381 3053 670 3126 synodum
712 3047 926 3113 venire,
981 3049 1039 3102 et
1094 3043 1446 3118 legationem
1503 3043 1694 3116 ipsius
1757 3059 1917 3116 papa:
1956 3043 2028 3100 de

379 3141 660 3199 uxoribus
689 3135 1065 3195 dimittendis
1101 3133 1322 3200 audire,
1364 3137 1421 3189 et
1449 3130 1788 3190 omnimodo
1807 3132 2029 3204 episco-

2168 567 2282 622 quo
2306 554 2427 607 tota
2455 552 2808 624 conspiratio
2839 552 3210 624 reprimatur.

2237 640 2360 695 136.
2396 639 2656 712 Epistola
2683 642 2917 698 tandem
2934 642 3006 698 ad
3022 641 3361 706 Adelaidem
3389 642 3826 718 imperatricem

2166 726 2317 784 hanc
2349 730 2674 802 praesertim
2705 730 2764 785 in
2797 731 3136 788 Ratherium
3173 731 3325 790 male
3354 738 3829 808 praeoccupatum

2164 819 2470 888 praesumit
2498 820 2693 890 (Epist.
2728 821 2838 891 15).
2879 819 3068 877 Causa
3097 821 3308 894 potior,
3341 840 3467 896 quae
3498 822 3661 880 illam
3694 841 3830 896 per-

2164 911 2440 974 moverat,
2465 923 2534 964 ea
2557 907 2740 964 fuisse
2753 909 3164 982 videtur,quod
3182 909 3294 984 ipsi
3319 928 3668 984 persuasum
3690 914 3826 970 fue-

2161 994 2258 1061 rit,
2293 995 2567 1052 Ratherio
2598 997 2870 1070 episcopo
2903 1016 2995 1056 res
3040 999 3416 1073 episcopatus
3459 1001 3823 1060 Veronensis
3936 1069 3939 1073 _

2160 1083 2245 1140 ita
2258 1083 2317 1139 in
2336 1085 2463 1142 dies
2480 1085 2900 1144 detrimentum
2922 1104 3151 1160 capere,
3171 1094 3237 1154 ut
3265 1090 3315 1146 si
3339 1107 3452 1147 non
3477 1095 3826 1152 amoveatur

2161 1173 2318 1228 brevi
2339 1174 2539 1236 omnia
2567 1180 2893 1232 extremum
2925 1177 3166 1234 exitium
3198 1179 3320 1236 sint
3361 1179 3658 1246 subitura,
3691 1181 3823 1238 Huc

2160 1266 2426 1334 spectant
2454 1263 2554 1319 illa
2589 1282 2650 1320 :«
2666 1265 2722 1320 Si
2752 1283 2856 1338 pro
2873 1266 3211 1340 episcopatu
3230 1267 3546 1342 hocagitis.
3571 1292 3599 1320 »
3625 1269 3823 1343 Rogat

2157 1367 2312 1421 vero,
2347 1356 2412 1408 ut
2440 1352 2596 1410 sinat
2626 1353 2836 1411 saltem
2865 1372 2932 1412 se
2961 1359 3158 1414 tutum
3186 1358 3424 1416 Verona:
3469 1358 3816 1430 consistere,

2159 1442 2348 1512 quoad
2379 1442 2775 1499 cathedralem
2805 1443 3111 1504 ecclesiam
3133 1447 3414 1518 perfici-at.
3437 1447 3730 1504 Caeterum
3751 1466 3821 1506 se

2157 1535 2424 1602 paratam
2457 1531 2692 1588 exhibet
2726 1533 2798 1588 ad
2845 1534 3260 1592 dimittendum
3293 1536 3720 1610 episcopatum,
3753 1541 3820 1594 et

2155 1619 2228 1674 ad
2261 1620 2687 1678 monasterium
2717 1639 2894 1678 suum
2919 1625 3320 1696 repetendum.
3344 1625 3463 1698 Ipsi
3477 1629 3672 1692 autem
3705 1626 3822 1683 im-

2154 1707 2425 1780 peratrici
2450 1726 2552 1782 per
2578 1710 2756 1767 falsas
2787 1711 3114 1770 delationes
3147 1713 3520 1786 subreptum,
3549 1718 3607 1770 et
3637 1731 3816 1772 suam

2154 1813 2392 1853 causam
2415 1799 2677 1854 exactius
2691 1802 3158 1872 cognoscendam
3174 1802 3439 1860 insinuat
3449 1803 3544 1860 his
3559 1808 3820 1876 prostra-

2152 1885 2266 1940 mis
2295 1887 2492 1942 verbis
2517 1904 2529 1943 :
2551 1911 2579 1937 ‹‹
2602 1888 2793 1945 Overo
2821 1906 2998 1962 quam
3022 1891 3424 1964 omnibus,qui
3441 1892 3500 1948 in
3520 1897 3818 1964 potestate

2152 1978 2291 2029 sunt
2321 1975 2650 2045 constituti,
2676 1981 2740 2034 ut
2787 1995 2902 2035 non
2958 1979 3138 2037 semel
3169 1984 3370 2040 vestra
3421 1981 3816 2039 dominationi

2154 2063 2446 2136 suggessi,
2483 2065 2806 2138 prodesset,
2840 2067 2888 2123 si
2922 2085 3037 2124 non
3066 2072 3186 2125 tam
3217 2070 3542 2143 praecipites
3589 2071 3818 2136 ferrent

2149 2153 2492 2220 sententias,
2526 2155 2628 2211 sed
2660 2154 2805 2211 illud
2838 2157 2994 2214 beati
3016 2157 3127 2214 Job
3158 2159 3566 2224 attendissent:
3602 2184 3630 2210 ‹‹
3663 2160 3820 2218 Cau-

2147 2257 2272 2296 sam
2283 2259 2481 2314 ,quam
2496 2243 2958 2314 nesciebam,dili
2965 2247 3122 2319 genti
3131 2249 3310 2304 ssime
3323 2249 3769 2322 investigabam.
3781 2273 3814 2304 η

2146 2330 2386 2387 Timens
2409 2348 2580 2404 porro
2607 2349 2678 2388 ne
2695 2333 2788 2389 his
2812 2332 3033 2392 litteris
3052 2335 3130 2394 im
3138 2337 3484 2410 peratricem
3502 2339 3818 2397 exacerba-

2145 2423 2251 2486 ret,
2285 2420 2682 2477 additamento
2735 2424 2992 2494 quodam
3039 2425 3386 2483 brevissimo
3438 2426 3615 2485 veluti
3666 2433 3812 2502 post

2145 2509 2364 2580 scripto
2395 2527 2523 2565 sese
2549 2527 2826 2567 excusare
2848 2529 2914 2568 eo
2933 2514 3168 2570 nomine
3193 2515 3448 2588 studet,q
3460 2517 3560 2572 uia-
3578 2521 3808 2582 stoma-

2144 2597 2258 2653 chu
2281 2598 2406 2654 aloe
2429 2616 2628 2655 amaro
2663 2603 3296 2673 tumens,dulcedinem
3312 2605 3500 2664 mellis
3523 2611 3800 2664 eructare

2143 2703 2259 2743 non
2291 2692 2499 2760 potest.

2215 2776 2338 2831 137.
2371 2777 2451 2832 Ex
2473 2777 2580 2834 hac
2609 2779 2846 2853 quidem
2864 2780 3111 2853 epistola
3127 2782 3701 2858 Ratheriusmagnas
3733 2786 3796 2843 in

2141 2865 2445 2937 angustias
2477 2868 2774 2940 conjectus
2815 2871 3466 2946 agnoscitur;cumque
3513 2875 3806 2934 sedando-

2141 2967 2274 3008 rum
2298 2952 2626 3024 rebellium,
2660 2973 2974 3030 rerumque
3008 2959 3324 3032 aliquando
3367 2963 3802 3034 componenda»

2140 3057 2271 3097 rum
2292 3042 2456 3098 nulla
2476 3059 2616 3116 spes
2629 3045 2951 3119 atfulgeret,
2976 3049 3346 3122 despondeas
3379 3050 3548 3124 plane
3571 3050 3798 3122 animo,

2141 3129 2474 3188 dimittendi
2490 3138 2696 3206 sponte
2717 3135 3089 3209 episcopatus
3114 3138 3450 3211 consilium,
3477 3143 3802 3214 antequam

381 3232 474 3304 pis
511 3228 746 3286 obedire
781 3227 929 3283 adeo
963 3223 1309 3296 prohibetis,
1353 3226 1418 3278 ut
1453 3238 1554 3278 eos
1579 3237 1741 3279 more
1769 3201 2028 3279 militum
2059 3201 2102 3269 C
2141 3218 2194 3274 vi
2214 3201 2546 3292 pelleretur,
2573 3201 2771 3280 mente
2814 3201 3042 3282 volvere
3085 3228 3276 3300 coepit.
3311 3201 3801 3288 Contrariisvero

378 3320 439 3376 in
479 3318 688 3376 vestris
725 3315 998 3372 manibus
1041 3313 1353 3386 recipiatis,
1393 3315 1452 3368 et
1493 3311 1585 3367 eis
1643 3311 1702 3366 in
1749 3311 2026 3368 omnibus

379 3405 936 3471 abominationibus,
974 3419 1124 3476 quas
1161 3405 1365 3458 contra
1406 3399 1591 3457 Deum
1641 3398 1879 3466 faciunt,
1922 3417 2024 3472 pa-

378 3496 878 3555 tmcininmferre
939 3491 1275 3549 nullatenus
1328 3488 1636 3558 omittatis,
1677 3493 1734 3545 et
1773 3489 1854 3544 ita
1890 3505 2024 3545 nos-

378 3593 529 3644 tram
568 3584 1038 3642 interdictionem
1078 3598 1176 3638 eos
1233 3579 1650 3653 parvipendere
1697 3579 1950 3635 faciatis.
1995 3602 2026 3630 ››

377 3674 523 3730 Cum
560 3673 658 3729 ille
708 3672 768 3726 in
808 3670 1021 3744 placito
1060 3686 1176 3725 non
1234 3673 1356 3723 tam
1415 3666 1786 3740 imperatoris
1844 3684 2024 3739 quam

377 3760 766 3835 imperati-isis
807 3758 1150 3814 mandatum
1191 3756 1492 3813 laudasset
1525 3774 1539 3824 ;
1581 3755 1743 3812 illam
1785 3757 2024 3828 quidem

379 3851 702 3920 deceptam,
743 3852 801 3903 et
837 3852 1040 3903 contra
1076 3863 1139 3901 se
1178 3845 1388 3902 fortius
1428 3849 1895 3917 praeoccupatam
1921 3846 2026 3901 Ra-

375 3937 601 3994 therius
637 3936 867 4002 innuit;
911 3938 970 3990 at
1009 3933 1187 4006 simul
1245 3932 1506 4006 aliquam
1563 3932 1755 3989 adhuc
1796 3934 2028 4005 prazfert

376 4027 437 4081 in
490 4026 843 4098 imperatore
893 4023 1190 4090 ﬁduciam,
1247 4039 1423 4094 quem
1479 4021 1636 4078 haud
1696 4023 1882 4078 credit
1929 4040 2024 4080 eo-

377 4130 509 4171 rum
541 4113 692 4170 beati
713 4113 873 4183 (Job.
905 4129 1060 4180 xxxx,
1098 4111 1208 4184 16).
1229 4112 1543 4168 verborum
1577 4110 2021 4170 immemorem:

380 4203 634 4269 Causam,
691 4217 857 4274 quam
913 4203 1238 4264 nesciebam,
1306 4200 1733 4270 diligentissime
1806 4202 2026 4258 investi-

375 4295 593 4365 gabam.
626 4290 772 4347 Hinc
828 4289 1003 4347 etiam
1057 4290 1222 4347 addit
1255 4306 1267 4344 :
1301 4313 1331 4340 «
1364 4289 1446 4344 Te
1501 4305 1706 4360 precor
1759 4307 1920 4358 sane,
1959 4295 2025 4347 ut

376 4382 446 4438 de
476 4386 636 4455 parte
680 4379 931 4453 piissimi
980 4395 1211 4451 semper
1256 4377 1401 4434 mihi
1450 4377 1693 4434 Caesaris
1735 4395 1829 4436 me
1859 4380 2024 4436 terri-

373 4473 570 4539 ﬁcere,
589 4487 729 4526 cum
757 4469 1081 4541 nequeatis,
1133 4468 1412 4536 cessatis;
1447 4466 1660 4524 millies
1707 4469 1864 4524 enim
1922 4485 2024 4526 vos

2137 3309 2320 3364 animi
2343 3311 2600 3368 motibus
2613 3329 2719 3370 con
2728 3313 3084 3383 tlictatus,ad
3099 3315 3433 3373 Everaclum
3449 3318 3801 3392 episcopum

2135 3395 2629 3468 Leodicensem,et
2658 3402 2728 3456 ad
2766 3401 3117 3459 Fulcuinum
3141 3405 3416 3463 abbatem
3444 3407 3801 3467 Lobiensem

2135 3483 2364 3544 litteras
2411 3487 2596 3544 dedit.
2649 3489 2915 3548 Baldrico
2964 3492 3303 3551 Leodicensi
3360 3495 3621 3554 antistite
3667 3497 3801 3555 vita

2135 3574 2333 3632 functo
2364 3594 2518 3634 anno
2545 3579 2670 3635 959.
2697 3581 3008 3638 Everaclus
3032 3583 3312 3641 Bonensis
3333 3585 3600 3648 Ecclesiae
3621 3587 3790 3644 deca-

2135 3681 2451 3736 nus,quem
2481 3666 2578 3722 alii
2614 3669 3054 3738 Evracrum,sen
3075 3671 3370 3729 Eraclium
3400 3680 3626 3744 vocant,
3662 3677 3798 3733 suf-

2135 3753 2322 3809 fectus
2339 3754 2608 3813 fuerat.ls
2623 3761 2819 3813 autem
2838 3759 3553 3824 restituendzemonasticae
3571 3763 3793 3838 regulae

2134 3841 2629 3915 studiosissimus,
2664 3846 2933 3904 Lobiensi
2959 3851 3333 3919 monasterio,
3350 3852 3522 3923 cujus
3543 3853 3795 3911 abbates

2138 3932 2338 4002 [CLXVI]
2389 3949 2491 4006 per
2519 3933 2642 3991 haec
2674 3939 2957 4013 'tempora
3004 3943 3174 3994 erant
3228 3939 3338 4012 ipsi
3394 3941 3788 4007 Leodicenscs

2133 4019 2411 4092 episcopi,
2442 4038 2596 4079 anno
2625 4024 2732 4078 960
2752 4026 3054 4099 proprium
3078 4028 3348 4085 abbatem
3371 4030 3794 4095 restituit,Ale-

2133 4112 2489 4181 tranumque
2507 4110 2698 4168 eidem
2724 4114 2983 4171 cmnobio
3003 4116 3387 4188 prefecitJiic
3418 4121 3614 4182 autem
3653 4135 3800 4178 cum

2134 4214 2164 4254 e
2190 4197 2335 4254 vivis
2364 4197 2636 4256 sublatus
2668 4201 2874 4259 fuisset
2906 4221 3058 4262 anno
3088 4205 3213 4274 965,
3247 4204 3565 4264 Fulcuinus
3587 4224 3804 4266 mona-

2137 4286 2284 4343 chus
2317 4287 2672 4364 subrogatus
2703 4291 3002 4364 estIgitur
3019 4293 3332 4352 Ratherius
3351 4297 3425 4352 ad
3447 4297 3800 4356 Everaclum

2133 4375 2678 4450 episcopum,quem
2695 4383 2866 4436 antea
2892 4383 3454 4454 noverat,quoddam
3471 4401 3800 4442 munuscu-

2132 4464 2256 4520 lum
2280 4482 2413 4520 cum
2445 4465 2653 4523 litteris
2681 4467 2866 4534 misit,
2899 4471 3118 4543 quibus
3139 4474 3466 4544 repetenda
3499 4475 3703 4547 patriae
3734 4480 3801 4534 et

376 4559 572 4633 magis
596 4559 844 4615 formido
891 4575 1070 4630 quam
1124 4557 1340 4630 ipsum.
1379 4580 1406 4607 ››
1438 4555 1595 4612 Nihil
1647 4556 1869 4614 scilicet
1914 4559 2021 4614 du-
2052 4571 2100 4638 D
2134 4555 2472 4611 monasterii
2522 4556 2859 4629 consilium,
2902 4560 3000 4615 sed
3063 4559 3286 4632 aiiquot
3336 4561 3798 4638 difﬁcultatibus

375 4648 619 4714 bitabat,
657 4647 804 4720 quin
863 4646 1199 4718 imperator,
1242 4643 1291 4701 si
1341 4645 1534 4717 ipsam
1592 4661 1831 4702 causam
1890 4646 2021 4702 dili-

375 4741 578 4810 genter
605 4735 1000 4809 investigaret,
1033 4735 1362 4792 calumnias
1391 4739 1447 4791 et
1473 4733 1896 4807 malignitatem
1927 4735 2024 4792 de-

383 4831 622 4900 tegeret.

447 4915 566 4973 135.
597 4917 660 4974 In
693 4915 874 4973 altera
903 4916 975 4971 ad
1004 4912 1383 4969 Ambrosium
1415 4912 1662 4984 epistola
1693 4915 1885 4985 (Epist.
1932 4916 2020 4982 12)

374 5007 630 5081 primum
661 5009 838 5062 refert
861 5004 1003 5076 quid
1034 5006 1166 5073 post
1196 5001 1501 5056 Ravennas
1549 5003 1860 5059 concilium
1893 5020 2020 5078 ege-

373 5097 469 5166 rit,
523 5101 589 5152 ut
635 5098 939 5166 corruptos
997 5089 1341 5146 clericorum
1373 5107 1565 5146 mores
1595 5092 1780 5163 [ccxv]
1821 5109 2018 5149 emen-

373 5187 558 5253 daret,
593 5186 997 5256 quantumque
1023 5178 1119 5234 isti
1141 5178 1422 5234 Nannone
1449 5180 2022 5250 patrocinanteresti-

371 5273 570 5330 terint.
603 5269 902 5327 Nannonis
935 5266 1218 5340 placitum
1246 5266 1620 5336 describit,et
1650 5267 2018 5340 singularum

372 5360 835 5424 accusationum,
885 5356 1103 5428 quibus
1125 5354 1418 5428 judicium
1447 5354 1714 5412 innixum
1746 5357 1874 5426 fuit,
1907 5357 2016 5413 ini-

373 5447 666 5521 quitatem
685 5443 978 5518 patefacit.
1012 5444 1125 5500 Res
1153 5444 1390 5501 tandem
1418 5459 1488 5500 eo
1519 5445 1799 5501 adductas
1829 5451 2020 5502 osten-

373 5535 478 5601 dit,
511 5539 578 5591 ut
606 5531 666 5589 ni
712 5536 1052 5608 promptum
1098 5532 1374 5590 efferatur
1421 5532 1768 5601 remedium,
1807 5535 1880 5590 de
1907 5550 2019 5591 sua

370 5622 496 5695 νὶιι
517 5626 716 5692 actum
743 5620 1076 5706 sititaque
1104 5625 1294 5701 rogat.
1308 5623 1374 5684 ut
1420 5621 1491 5686 de
1518 5638 1582 5684 re
1611 5625 1736 5684 tota
1762 5621 2015 5701 impera-

2133 4660 2489 4716 suspensum
2512 4645 2882 4718 significavit.
2919 4646 3019 4704 Ille
3045 4652 3242 4704 autem
3265 4649 3576 4722 epistolam
3599 4652 3798 4712 reddi-

2132 4733 2238 4801 dit,
2271 4750 2390 4804 qua
2425 4750 2560 4789 cum
2594 4733 2826 4806 insigne
2851 4735 2923 4791 de
2955 4736 3214 4793 Ratherii
3245 4739 3562 4795 virtutibus
3615 4741 3796 4796 testi-

2133 4822 2397 4878 monium
2411 4823 2727 4894 ponit,tum
2747 4840 2878 4879 eum
2897 4825 2966 4879 ad
2983 4825 3237 4882 reditum
3263 4826 3322 4882 in
3340 4827 3592 4900 patriam
3617 4830 3796 4888 enixe

2131 4908 2416 4977 hortatur,
2445 4915 2502 4966 et
2531 4910 2712 4966 allicit
2742 4913 2936 4985 (Epist.
2958 4914 3047 4985 14)
3065 4933 3113 4970 ;‹‹
3137 4913 3514 4974 Nativavobis
3537 4917 3797 4991 supplex

2129 4999 2314 5054 tendit
2345 5016 2556 5056 manus
2603 5001 2810 5072 patria,
2859 5005 2923 5057 ut
2970 5003 3223 5061 redeatis
3280 5005 3508 5061 invitat.
3565 5006 3792 5066 Omnes

2129 5092 2416 5158 quotquot
2427 5092 2568 5144 sunt
2589 5090 2896 5162 utriusque
2913 5091 3135 5148 ordinis
3150 5091 3435 5150 clericalis
3447 5110 3549 5150 seu
3563 5094 3792 5172 milita-

2125 5175 2228 5243 ris,
2262 5181 2475 5244 mente,
2507 5178 2824 5246 voluntate,
2859 5180 3076 5249 studio,
3109 5198 3267 5249 voce,
3293 5187 3359 5238 ut
3385 5181 3633 5240 veniatis
3663 5183 3792 5242 cla-

2128 5269 2293 5320 mant
2319 5283 2332 5333 ;
2365 5283 2468 5324 vos
2493 5267 2684 5323 videre
2716 5267 3328 5327 desiderantScrviu'o
3355 5272 3522 5330 vobis
3549 5271 3790 5346 impen-

2126 5353 2316 5411 dendo
2344 5371 2449 5411 nec
2480 5373 2815 5422 numerum,
2846 5375 2953 5414 nec
3000 5359 3242 5416 modum
3288 5361 3650 5435 praefigimus
3689 5361 3791 5420 ul-

2125 5442 2272 5501 lum.
2307 5444 2516 5500 Omnia
2547 5449 2747 5501 nostra
2777 5450 2950 5502 erunt
2999 5447 3057 5502 in
3111 5464 3292 5505 manu
3318 5453 3788 5519 vestra,qsecun-

2126 5532 2270 5589 dum
2299 5532 2660 5606 quodanimo
2681 5537 2871 5592 vestro
2893 5534 3232 5606 insederit,o
3245 5537 3454 5615 dilecte
3467 5538 3732 5598 Rathcrl.
3744 5560 3783 5598 η

2160 5697 2164 5701 λ
2199 5622 2322 5684 138.
2353 5621 2439 5684 Ad
2472 5620 2826 5700 Fulcuinus:
2873 5640 3006 5688 vero
3061 5629 3263 5687 noster
3308 5625 3788 5720 episcopuan
