4100 6200
379 339 493 402 Hi

1402 336 2014 404 PROLEGOMENA.
2041 374 2118 389 -
2147 336 2537 411 RATHERII‘
2566 347 2770 412 VITA.

3673 356 3788 420 142

381 469 578 544 aliquo
600 471 724 545 pari
752 473 886 529 fuco
920 471 1192 529 Ratherio
1232 472 1444 537 afficta,
1479 477 1534 527 et
1561 491 1595 529 a
1627 473 1906 530 Fulcuino
1938 475 2026 530 in-
2057 476 2113 543 Α
2145 477 2201 532 in
2236 478 2604 537 institutione
2661 480 2918 538 Ratherii
2979 483 3141 539 nulla
3169 483 3256 540 vis
3313 485 3640 544 intercessit
3673 505 3686 544 :
3721 506 3786 548 ac

382 565 548 618 caute
579 561 800 618 ebibita
825 562 970 618 satis
1016 562 1248 618 videtur
1291 563 1568 635 abstergi.
1617 562 1805 619 Aliam
1854 563 2031 621 etiam

381 650 736 723 emptionem
768 651 1087 707 Fulcuinus
1139 668 1188 706 c.
1220 653 1291 706 28
1340 651 1512 707 refert
1551 651 1806 707 ecclesia:
1839 655 2026 708 sancti

379 738 660 812 Dionysii,
676 757 854 812 quam
871 739 1180 795 Ratherius
1196 763 1223 789 «
1251 739 1460 796 comite
1481 739 1759 796 Rotherto
1785 745 2027 811 emerat,

377 828 581 902 viginti
605 828 888 884 librarum
911 831 1102 884 taxato
1121 828 1330 901 pretio.
1366 851 1394 879 »
1435 829 1512 884 Ex
1533 830 1720 886 abusu
1741 831 1869 901 ejus
1890 835 2026 886 aeta-

374 917 452 972 tis
482 917 761 984 ecclesim,
795 934 922 988 qum
970 916 1234 973 redditus
1285 916 1602 986 habebant,
1636 918 1693 972 in
1752 918 2025 975 militaris

371 1005 639 1061 beneficii
664 1006 910 1061 formam
943 1005 1108 1063 laicis
1139 1005 1292 1061 tradi
1322 1005 1608 1062 solebant.
1637 1005 1804 1062 Illam
1837 1008 2022 1064 sancti

369 1093 650 1167 Dionysii,
682 1111 808 1167 quae
838 1094 898 1149 in
917 1094 1178 1152 Rotberti
1204 1096 1436 1152 comitis
1458 1091 1806 1152 beneficium
1831 1101 2019 1153 trans—

368 1182 536 1250 ierat,
572 1181 914 1239 Ratherium
944 1181 1153 1256 viginti
1185 1183 1354 1240 libris
1377 1185 1717 1253 redemisse,
1751 1190 1807 1242 et
1836 1186 1896 1241 in
1917 1187 2020 1258 jus

367 1271 832 1328 ecclesiasticum
863 1271 1120 1328 voluisse
1141 1271 1449 1329 restituere
1482 1274 1693 1345 conjici
1724 1279 1934 1346 potest.

444 1361 568 1416 142.
597 1360 762 1416 Nunc
790 1359 1262 1432 simultatis,quze
1283 1360 1566 1416 Fulcuino
1589 1378 1722 1418 cum
1746 1362 2021 1418 Ratherio

366 1448 721 1516 intercessit,
755 1447 902 1504 ratio
947 1447 1291 1520 explicanda
1331 1452 1438 1505 est.
1473 1449 1615 1506 Rem
1664 1450 1750 1505 sic
1789 1451 2024 1522 exponit

371 1538 527 1595 idem
563 1535 902 1593 Fulcuinus.
942 1556 973 1586 α
1003 1540 1135 1608 Ipse
1161 1559 1189 1587 »
1243 1535 1599 1610 (Ratherius)
1633 1563 1659 1587 ‹‹
1692 1538 1884 1594 locum
1918 1556 2020 1595 no-

372 1629 561 1683 strum
579 1640 812 1696 semper
829 1640 1161 1695 exsecrans,
1185 1625 1381 1680 abbati
1408 1649 1434 1676 »
1468 1625 1794 1700 (Fulcuino)
1827 1650 1854 1677 «
1879 1627 2020 1683 insi-

373 1713 498 1771 dias
530 1712 997 1781 machinabatur,
1019 1712 1444 1786 instigantibus
1474 1731 1609 1770 eum
1642 1716 1713 1770 ad
1740 1715 1848 1772 hoc
1879 1733 2020 1772 non-

2145 571 2450 639 propterea
2470 568 2788 626 Fulcuinus
2812 587 2926 627 non
2948 571 3003 626 vi
3027 571 3330 644 expulsus,
3363 576 3463 630 sed
3487 598 3515 626 «
3539 576 3786 634 cessisse

2141 653 2268 710 loco
2299 679 2327 705 »
2360 658 2631 724 traditur,
2670 681 2696 707 n
2727 659 2918 715 sciens
2943 659 3026 716 sic
3057 677 3288 734 quoque
3307 663 3645 736 episcopum
3674 666 3786 722 vel-

2137 741 2210 798 le.
2244 765 2272 794 »
2311 744 2409 800 Ille
2438 744 2621 818 igitur
2649 764 2775 804 sese
2822 748 3079 821 legitime
3108 749 3445 807 institutum
3487 753 3735 810 credidit
3766 771 3780 810 :

2135 833 2639 907 condonandaque
2659 839 2748 892 est
2771 836 3047 894 Fulcuino
3070 837 3279 894 aemulo
3303 839 3554 897 formula
3575 864 3604 892 ‹‹
3627 842 3785 899 inva-

2134 921 2222 976 dit
2249 939 2262 988 ;
2298 944 2326 970 »
2359 923 2498 995 quia
2529 945 2557 974 ‹‹
2589 925 2808 992 omnia,
2847 948 2874 975 ››
2904 943 3032 998 quae
3086 926 3222 982 huic
3249 926 3609 986 instituendo
3637 948 3780 988 cau-

2134 1025 2260 1065 sam
2294 1011 2596 1081 dederant,
2634 1036 2660 1063 ‹‹
2693 1013 2900 1070 frivola
2927 1037 2956 1066 »
2992 1020 3175 1081 ratus,
3203 1021 3269 1072 ut
3298 1017 3601 1090 posteriori
3616 1020 3778 1090 judi-

2131 1098 2220 1154 cio
2253 1099 2524 1172 agnitum
2550 1101 2678 1170 fuit,
2713 1118 2848 1157 eum
2881 1109 3164 1176 tanquam
3195 1104 3522 1163 invasorem
3548 1106 3775 1163 habuit.

2131 1186 2333 1243 Solum
2356 1194 2669 1261 postquam
2702 1191 3014 1247 Ratberius
3035 1192 3296 1264 legitima
3311 1189 3566 1267 episcopi
3587 1200 3781 1252 aucto-

2131 1275 2302 1332 ritate
2329 1277 2512 1334 abbas
2538 1277 2646 1333 fuit
2678 1279 3008 1346 institutus,
3041 1285 3311 1338 metuens
3358 1299 3430 1338 ne
3459 1284 3780 1340 Fulcuinus

2130 1366 2204 1420 ob
2231 1364 2660 1422 animositatem
2690 1372 2748 1423 et
2766 1369 3335 1442 consanguineorum
3358 1371 3677 1444 potentiam
3701 1372 3780 1428 lo-

2131 1469 2286 1521 cum,
2321 1455 2415 1509 cui
2445 1460 2720 1524 cesserat,
2751 1457 2806 1512 vi
2835 1461 3136 1530 repeteret,
3197 1457 3521 1516 claustrum
3559 1459 3619 1516 in
3650 1477 3776 1518 mo-

2131 1541 2274 1596 dum
2293 1541 2518 1597 castelli
2537 1543 2733 1610 cinxit,
2756 1548 2949 1616 atqme
2971 1546 3315 1602 muneribus
3336 1547 3660 1620 potentium
3681 1567 3777 1622 pa-

2128 1628 2379 1684 trocinia
2405 1629 2714 1700 quaesivit:
2748 1631 3068 1704 eademque
3113 1633 3186 1688 de
3235 1649 3415 1688 causa
3470 1633 3773 1691 ecclesiam

2128 1717 2316 1772 sancti
2347 1716 2626 1790 Dionysii,
2660 1719 2912 1789 [CLXXIII]
2939 1736 3116 1791 quam
3171 1721 3378 1793 viginti
3407 1721 3576 1779 libris
3611 1723 3777 1780 rede-

371 1802 724 1870 nullis.Quid
759 1800 929 1857 multi
961 1801 1200 1858 morer?
1229 1803 1311 1858 Ad
1344 1802 1454 1859 hoc
1487 1820 1580 1860 res
1608 1803 1787 1872 venit,
1819 1809 1886 1860 ut
1916 1805 2016 1861 ab-
2046 1847 2093 1912 Β
2128 1809 2333 1871 merat,
2357 1805 2714 1862 dimisit.Vix
2731 1823 2884 1862 anno
2908 1808 2966 1862 in
2982 1807 3777 1884 Lobiensismonasteriipos-

366 1893 475 1949 bas
503 1893 731 1949 cederet
759 1889 908 1964 loco,
940 1891 1132 1947 sciens
1165 1891 1247 1946 sic
1277 1907 1510 1964 quoque
1541 1891 1772 1967 [CLXXle
1793 1894 2013 1966 episco—

364 1998 507 2054 pum
543 2004 570 2031 »
598 1979 1028 2052 (Everaelum)«
1059 1979 1227 2047 velle,
1251 1997 1387 2036 nam
1411 1981 1560 2037 deco
1574 1981 1719 2036 nihil
1743 1987 2010 2039 nostrum

364 2070 525 2126 aliud
557 2075 647 2126 est
671 2069 881 2128 dicere.
908 2068 1216 2127 Ratherius
1243 2073 1306 2124 ut
1327 2071 1660 2127 ostenderet
1674 2071 1887 2144 prioris
1907 2072 2012 2127 ini-

366 2159 600 2214 micitiae
631 2175 862 2228 causas,
897 2158 1088 2218 locum
1121 2157 1361 2226 invadit,
1394 2163 1453 2215 et
1480 2163 1752 2216 metuens
1781 2162 2011 2219 abbatis

366 2249 823 2316 animositatem,
849 2246 1145 2320 simulque
1163 2248 1568 2320 cognationem
1591 2250 1642 2320 ej
1653 2266 1873 2322 us,quaa
1894 2267 2008 2306 non

361 2341 488 2393 erat
518 2337 744 2403 infima,
774 2335 1098 2392 claustrum
1130 2337 1189 2392 in
1221 2337 1460 2392 modum
1481 2337 1701 2393 castelli
1734 2338 2010 2411 cingit,de

359 2442 702 2482 mammona
732 2424 864 2494 sibi,
899 2430 963 2480 ut
1019 2425 1268 2495 dicebat,
1323 2426 1576 2493 residuo,
1618 2428 2009 2498 quorumdam

359 2514 696 2589 principum
723 2514 794 2570 ad
827 2513 935 2570 hoc
965 2519 1159 2587 empto
1173 2514 1483 2586 adjutorio.
1506 2514 1758 2571 Ecclesia
1776 2531 2010 2588 quoque

363 2604 554 2660 sancti
601 2603 880 2676 Dionysii,
915 2619 1092 2676 quam
1149 2609 1370 2660 emerat
1401 2622 1435 2662 a
1464 2604 1696 2659 comite.
1733 2604 2008 2659 Rotberto

359 2693 567 2765 viginti
587 2691 869 2748 librarum
895 2697 1086 2748 taxato
1106 2693 1312 2764 pretio,
1328 2692 1508 2764 hujus
1531 2693 1610 2748 rei
1629 2709 1805 2748 causa
1834 2710 2007 2765 spon-

361 2785 417 2835 te
451 2781 676 2847 caruit;
706 2797 810 2836 nec
841 2779 1003 2851 quid,
1059 2783 1368 2851 quantum,
1405 2781 1569 2837 cuive
1626 2781 1700 2837 ob
1731 2781 1788 2836 id
1821 2781 2006 2849 daret,

364 2870 690 2941 quidquam
722 2868 889 2941 pensi
913 2869 1293 2932 habuit.Quid
1319 2867 1535 2940 plura?
1555 2870 1758 2926 Annus
1798 2870 1892 2925 ille
1923 2872 2006 2926 sic

357 2960 570 3013 ductus
593 2962 895 3029 est,usque
915 2957 1057 3012 dum
1095 2957 1411 3013 defunctus
1448 2962 1536 3013 est
1571 2959 1854 3015 Evracrus
1883 2961 2004 3032 epi-

356 3065 594 3120 scopus,
628 3051 684 3102 et
713 3047 772 3102 in
819 3046 944 3102 loco
975 3047 1100 3116 ejus
1148 3046 1437 3103 Notkerus
1496 3048 1868 3104 successit....
1904 3049 2002 3120 qui

352 3136 559 3192 nolens
580 3134 900 3209 primordia
931 3152 1038 3190 sua
1063 3134 1230 3202 levia,
1264 3140 1365 3190 aut
1393 3137 1749 3209 praecipitata
1779 3137 2000 3206 haberi,

2123 1893 2384 1949 sessione
2404 1894 2533 1959 fuit,
2570 1895 2830 1966 quandiu
2866 1894 3087 1952 scilicet
3136 1897 3280 1952 vixit
3309 1898 3613 1957 Everaclus
3649 1900 3774 1974 epi-

2123 1997 2356 2053 scopus,
2392 1981 2492 2053 qui
2516 1998 2651 2038 eum
2685 1982 3037 2038 instituerat.
3057 1983 3214 2040 Obiit
3234 1989 3430 2041 autem
3460 1986 3771 2046 Everaclus

2121 2085 2321 2127 mense
2349 2069 2655 2126 Novembri
2689 2072 2827 2126 anni
2857 2072 2981 2128 971.
3014 2071 3301 2130 Notkerus
3332 2091 3465 2130 vero
3497 2075 3610 2149 ipsi
3631 2093 3771 2133 suc-

2119 2159 2296 2214 cessit
2326 2158 2565 2214 ineunte
2596 2176 2747 2216 anno
2777 2160 2902 2215 972.
2938 2162 3140 2234 Itaque
3172 2161 3484 2219 Ratherius
3522 2164 3768 2222 abbatis:

2120 2246 2393 2304 Lobiensi
2416 2248 2723 2320 praefectus
2745 2248 2979 2305 ineunte
3005 2266 3159 2305 anno
3188 2251 3316 2316 971,
3341 2250 3660 2309 Fulcuinus
3679 2270 3770 2310 ve-

2120 2353 2182 2392 ro
2213 2337 2446 2392 Notkeri
2471 2336 2695 2408 judicio
2725 2337 3030 2393 restitutus
3055 2355 3209 2394 anno
3229 2339 3355 2393 972.
3381 2340 3532 2394 Tum
3555 2340 3651 2396 ille
3671 2341 3766 2396 Al-

2119 2440 2254 2480 nam
2279 2425 2475 2479 rediit:
2493 2429 2549 2479 et
2569 2424 2818 2480 subinde
2836 2442 2969 2480 cum
2993 2425 3274 2481 Fulcuino
3292 2427 3768 2497 conciliatus,ibi-

2119 2513 2252 2569 dem
2287 2513 2577 2584 reliquum
2606 2513 2733 2567 vitm
2764 2517 3000 2584 tempus
3029 2513 3314 2585 transegit
3339 2513 3465 2570 sine
3507 2516 3763 2586 querela.

2193 2601 2314 2656 143.
2347 2601 2472 2655 Non
2506 2600 2688 2656 multo
2717 2605 2910 2656 autem
2944 2605 3076 2672 post
3123 2600 3461 2674 supervixit.
3512 2603 3766 2660 Namur-

2119 2707 2250 2746 cum
2281 2689 2438 2746 enim
2471 2689 2717 2745 subinde
2747 2689 3066 2763 digressus,
3095 2713 3122 2740 ‹‹
3155 2707 3286 2746 cum
3320 2691 3400 2746 ibi
3433 2691 3578 2747 forte
3609 2694 3762 2764 apud

2118 2779 2390 2834 comitem
2455 2782 2803 2842 moraretur,
2861 2779 3130 2846 decessit,
3164 2783 3228 2833 ut
3279 2779 3592 2838 Fulcuinus
3621 2781 3759 2854 (cap.

2113 2867 2204 2938 58)
2219 2866 2510 2922 memoria:
2528 2867 2804 2939 prodidit.
2823 2867 3066 2922 Mortem
3083 2868 3210 2938 ejus
3222 2867 3462 2940 quidam
3487 2869 3762 2942 afﬂigunt

2115 2973 2268 3012 anno
2292 2957 2416 3010 973.
2439 2958 2512 3010 At
2527 2955 2865 3028 praeferendi
2890 2957 3025 3012 sunt
3047 2956 3404 3028 Sigebertus,
3426 2974 3492 3012 ac
3521 2975 3764 3032 praeser-

2111 3047 2220 3102 tim
2252 3045 2598 3102 Chronicom
2632 3044 2932 3114 Lobiense,
2968 3045 3066 3116 qui
3098 3062 3232 3101 eum
3264 3047 3480 3102 obiisse
3523 3047 3764 3103 tradunt

2113 3152 2266 3191 anno
2295 3135 2400 3188 974
2423 3134 2696 3206 {Manu-:3.
2722 3139 2777 3189 et
2809 3133 3072 3200 DURAND,
3099 3135 3299 3191 Anecd.
3320 3134 3656 3208 t.lll.)Diem
3681 3137 3762 3190 vi-

348 3226 604 3282 evocatis
625 3223 1336 3280 abbatibus.Werinfredo
1366 3225 1632 3281 videlicet
1651 3226 1990 3295 aStablans,
2025 3214 2068 3283 C
2107 3225 2390 3298 gesimam
2410 3223 2675 3294 quintam
2695 3222 2911 3294 Aprilis
2927 3222 3309 3282 emortualem
3330 3224 3458 3296 ejus
3481 3224 3750 3298 designat

347 3319 407 3371 et
432 3315 736 3370 Heriberto
778 3315 851 3370 ab
903 3313 1204 3387 Andagino
1253 3329 1387 3369 cum
1447 3313 1768 3387 aliquibus.
1801 3315 1993 3371 fratri-

345 3404 484 3472 bus,
572 3402 830 3475 primum
907 3401 1360 3475 conspirationis
1435 3403 1670 3460 exordia
1766 3403 1991 3476 quaerit,

345 3493 583 3549 inventa
607 3491 855 3548 trutiuat
883 3491 1214 3558 etdiscutit,
1239 3492 1758 3549 discussademum
1771 3493 1994 3565 judicio

345 3582 552 3638 utitur.
589 3580 697 3638 Ubi
721 3580 1016 3654 perspexit
1035 3581 1232 3637 omnia
1257 3597 1385 3637 esse
1405 3581 1630 3648 frivola,
1664 3582 1872 3638 fratres
1893 3583 1994 3638 ab-

343 3671 466 3726 bati
501 3669 1117 3742 reconciliavit,ipsum
1137 3669 1413 3726 restituit.
1440 3692 1468 3720 »
1500 3671 1581 3725 Ex
1600 3670 1695 3726 his
1725 3672 1841 3726 duo
1871 3688 1995 3726 ma-

342 3760 556 3816 nifeste
578 3760 905 3816 eliciuniur.
936 3759 1129 3815 Primo
1151 3759 1463 3816 dissidium
1482 3758 1714 3831 aliquod
1741 3775 1854 3814 non
1878 3759 1995 3814 exi-

343 3865 530 3922 guum
562 3850 670 3905 fuit
700 3849 854 3905 inter
871 3848 1191 3904 monachos
1214 3848 1527 3904 Lobienses
1558 3852 1616 3904 et
1647 3846 1996 3904 Fulcuinum

345 3953 549 3994 eorum
582 3937 874 4006 abbatem,
907 3937 1078 4010 cujus
1118 3954 1298 3993 causa
1325 3935 1412 3992 illi
1444 3954 1478 3993 a
1503 3936 1784 3994 Fulcuino
1835 3955 1996 3994 aver-

346 4027 483 4092 sati,
516 4026 857 4082 Ratherium
889 4027 1001 4082 sibi
1051 4027 1320 4083 abbatem
1366 4031 1775 4100 poposcerunt.
1809 4027 1996 4084 Dissi-

345 4115 514 4170 dium
547 4114 691 4171 satis
721 4115 1021 4172 declarant
1046 4114 1166 4181 illa,
1186 4115 1402 4187 quibus
1418 4115 1736 4172 Fulcuinus
1759 4133 1871 4172 non
1893 4134 1994 4172 an-

351 4208 411 4259 te
443 4203 750 4260 restitutns
780 4205 1031 4260 traditur
1061 4221 1237 4277 quam
1271 4204 1383 4276 ipsi
1416 4205 1624 4262 fratres
1677 4206 1876 4262 abbati
1908 4223 1995 4263 re-

342 4291 1092 4350 conciliarentur.«Fratres
1131 4293 1328 4349 abbati
1383 4293 1996 4367 reconciliavit,ipsum

341 4381 625 4438 restituit.
662 4404 690 4430 »
723 4382 838 4439 Hos
869 4387 1065 4439 autem
1094 4380 1436 4438 Ratherium
1479 4382 1788 4454 expetiisse
1819 4383 1996 4439 abba-

337 4475 487 4540 tem,
519 4470 638 4526 imo
669 4471 843 4526 etiam
876 4470 1244 4537 sollicitasse,
1273 4476 1338 4526 ut
1369 4487 1574 4527 eorum
1616 4471 1882 4544 partibus
1914 4472 1997 4527 fa~

338 4559 791 4630 vens,Fulcuini
814 4559 1206 4616 exclusionem
1233 4564 1588 4632 procuraret,
1609 4561 1748 4615 innu
1760 4567 1859 4615 unt
1878 4559 1996 4628 illa,
2031 4583 2078 4646 ι)

335 4672 372 4699 «ι
410 4648 831 4721 instigantibus
862 4664 996 4704 eum
1047 4649 1118 4703 ad
1152 4648 1261 4705 hoc
1302 4648 1623 4705 nonnullis.
1659 4671 1686 4698 »
1735 4650 2000 4704 Secundo

339 4736 499 4794 nihil
530 4737 639 4792 hac
671 4737 728 4793 in
763 4754 823 4793 re
851 4737 970 4812 egit
998 4737 1311 4794 Ratherius
1342 4737 1468 4793 sine
1499 4737 1843 4793 auctoritate
1873 4738 2002 4809 ejus

340 4825 632 4902 episcopi,
665 4826 758 4883 cui
792 4827 1074 4884 Lobiensc
1106 4827 1526 4884 monasterium
1560 4828 1814 4884 suberat.
1840 4827 2004 4884 Certe

2103 3310 2574 3386 Chapeauvillius
2631 3311 2874 3383 (CLXXIV)
2957 3315 3024 3380 (t.
3087 3313 3107 3367 Ι
3161 3316 3305 3380 Gest,
3389 3315 3526 3370 Pan.
3607 3313 3750 3368 Tun-

2103 3419 2278 3476 gren.,
2313 3419 2361 3456 c.
2398 3401 2508 3471 45.)
2533 3401 2756 3472 Corpus
2779 3400 2966 3473 ipsi'us
2988 3401 3062 3456 ad
3093 3400 3408 3457 Lobienses
3430 3401 3750 3458 monachos

2105 3491 2362 3548 delatum
2414 3488 2650 3545 laudato
2711 3489 2991 3544 Fulcuino
3053 3492 3217 3560 teste,
3251 3512 3278 3539 «
3312 3488 3750 3545 Pontiﬁcalibus

2103 3578 2394 3650 exsequiis
2415 3577 2752 3633 solemniter
2772 3575 3100 3642 celebratis,
3114 3575 3431 3632 honorifice
3451 3579 3541 3632 est
3561 3580 3754 3632 tumu-

2104 3667 2292 3723 latum
2322 3665 2382 3720 in
2414 3663 2658 3720 ecclesia
2688 3664 2747 3719 S.
2783 3663 3043 3718 Ursmari
3075 3663 3150 3718 ad
3181 3666 3405 3735 partem
3446 3662 3753 3736 aquilona-

2103 3773 2247 3812 rem.
2281 3777 2309 3805 »
2341 3752 2602 3810 Ecclesia
2622 3752 2761 3821 haec,
2791 3757 2855 3808 ut
2877 3752 3095 3808 notavit
3115 3751 3465 3808 Mabilonius
3489 3754 3624 3825 (Act.
3647 3753 3745 3809 SS.

2107 3845 2167 3902 0.
2203 3846 2265 3913 Β,
2298 3848 2340 3899 t.
2371 3842 2497 3911 VII,
2528 3858 2661 3914 pag.
2694 3841 2843 3913 479,)
2866 3845 2956 3897 est
2977 3839 3141 3898 locus
3172 3841 3488 3899 cmmeterii
3513 3842 3755 3900 Lobien-

2105 3933 2211 4001 sis,
2246 3932 2418 3989 modo
2462 3929 2852 4005 paraecbialis,
2887 3930 2987 3986 ubi
3041 3948 3246 3987 omnes
3302 3930 3476 3988 istius
3506 3931 3754 3990 canobii

2103 4021 2209 4077 viri
2240 4021 2501 4078 illustres
2527 4019 2740 4094 sepulti
2794 4024 2952 4088 sunt,
3007 4020 3065 4075 in
3094 4019 3239 4077 colle
3286 4021 3420 4088 sita,
3480 4022 3552 4077 ad
3584 4022 3755 4093 cujus

2105 4112 2282 4185 pedes
2312 4114 2429 4166 stat
2459 4109 2880 4166 monasterium
2921 4111 2991 4166 ad
3039 4110 3260 4167 Sabim.
3315 4110 3568 4168 Tumulo
3625 4111 3753 4182 ejus

2105 4201 2228 4256 haec
2257 4199 2606 4272 epigraphes
2651 4198 2970 4271 insculpta,
3003 4215 3181 4272 quam
3239 4200 3298 4254 in
3358 4199 3515 4256 calce
3546 4198 3753 4256 Prasio-

2107 4288 2380 4360 quiorum
2417 4287 2674 4344 Ratherii
2706 4288 2940 4344 exhibet
2967 4289 3147 4344 codex
3180 4287 3483 4344 Lobiensis
3514 4304 3528 4342 :

2338 4421 2617 4477 VERSUS
2657 4420 2889 4477 SUPER
2929 4420 3291 4476 TUMULUM
3331 4419 3524 4476 EJUS.

2233 4529 2455 4578 Veronae
2485 4527 2707 4585 Praesul,
2739 4526 2830 4575 sed
2862 4529 2943 4574 ter
2970 4525 3253 4574 Ratherius
3282 4523 3426 4584 exul,

2326 4590 2460 4637 Ante
2491 4587 2805 4646 cucullaius,
2838 4587 2997 4637 Lobia
3026 4590 3255 4650 postque
3283 4591 3427 4650 tuus.

2235 4650 2456 4708 Nobilis,
2490 4649 2744 4708 urbanus,
2775 4663 2872 4713 pro
2902 4653 3142 4713 tempore
3168 4649 3541 4713 morigeratus,

2329 4712 2428 4775 Qui
2459 4713 2674 4761 inscribi
2692 4711 3050 4775 propriorbo’c
3079 4712 3232 4775 petiit
3259 4711 3485 4762 tuinulo.

2239 4774 2575 4841 Conculcate,
2605 4773 2768 4841 pedes
2795 4773 3203 4841 hominum,rsal
3231 4775 3552 4841 infamatum
3572 4790 3591 4841 ς

2333 4838 2517 4889 Lector
2545 4836 2807 4902 propitius
2838 4836 3123 4889 subveniat
3151 4838 3415 4907 precibus.
