4046 6186
236 354 352 424 147

1155 341 1534 412 RATHERII
1581 334 1829 404 EPISC.
1873 332 2166 399 VERON.
2213 331 2387 399 OPP.
2430 330 2632 398 PARS
2673 327 2725 397 Ῑ.

3539 335 3658 406 148
3719 303 3726 342 ἶ

238 490 420 551 sentis
448 485 681 558 exutus,
709 475 1876 557 cunctisquererumtranseuntium,qum
1908 470 1962 538 Α
1996 469 2258 527 Foritsan
2285 470 2443 526 enim
2473 470 2605 527 istic
2655 464 2890 542 aliquod
2922 463 3119 542 capies
3158 467 3654 547 emolumentum,

238 579 538 654 speculam
583 575 802 632 mentis
840 574 1243 639 obtenebrant,
1296 568 1452 625 curis
1502 568 1597 622 Il
1651 561 1889 654 penitus

235 653 773 740 eaoceupatus,sive
785 663 857 721 ob
867 678 1064 718 veram
1079 657 1510 733 philosophiam
1525 653 1863 740 sectandam
1873 690 1887 715 ,

240 774 344 813 seu
367 739 710 829 projustitiaa
732 751 1109 822 veritatisque
1125 744 1642 816 defensione,quod
1660 739 1890 814 proprie

239 846 546 902 beatorum
576 846 665 900 est
693 842 899 912 (Matth.
930 857 984 905 v,
1017 839 1104 908 10)
1139 838 1265 909 ipso
1300 835 1548 892 Domino
1578 835 1746 897 teste,
1779 829 1887 896 vel,

243 937 309 990 ut
330 949 480 1006 saepe
494 931 726 998 assolet,
752 931 866 1002 (12)
877 945 980 1000 pro
996 945 1114 984 suae
1128 925 1377 996 alicujus
1409 923 1595 995 culpae
1614 919 1890 977 emenda-

242 1023 404 1080 tione
450 1021 646 1092 aliquo
694 1018 1018 1074 recluditur
1061 1033 1170 1072 sua
1218 1018 1446 1086 sponte,
1501 1015 1604 1068 aut
1648 1008 1889 1066 alterius

233 1110 525 1184 jussione.
547 1110 732 1174 Quem
761 1107 988 1180 [scilicet
1003 1103 1284 1170 libellum]
1311 1102 1426 1158 mei
1449 1100 1686 1175 quidem
1704 1115 1810 1155 eau
1827 1113 1892 1153 sa

245 1198 626 1271 descriptum,
646 1195 916 1269 plurimis
926 1210 1060 1250 vero
1080 1193 1457 1265 sidignentur
1468 1186 1886 1253 necessarium,

247 1287 297 1344 si
328 1286 460 1360 quis
493 1286 553 1342 in
575 1285 770 1358 aliquo
793 1283 905 1340 sibi
925 1286 1196 1355 expertus
1219 1281 1396 1336 fuerit
1420 1279 1643 1346 utilem,
1660 1291 1891 1334 mecum

247 1392 471 1449 precor,
520 1378 589 1430 ut
630 1374 844 1429 vocitet
869 1371 1276 1444 Agonisticum
1307 1370 1428 1425 sive
1461 1365 1888 1423 medicinalem.

249 1465 470 1536 Nempe
499 1466 556 1519 et
585 1463 656 1519 ad
689 1477 946 1535 pugnam
980 1458 1333 1525 suasorium,
1365 1461 1423 1512 et
1444 1458 1516 1513 ad
1541 1455 1893 1511 medicinam

252 1551 575 1608 utillimum
610 1549 870 1606 invenire
918 1548 1148 1620 poterit,
1182 1547 1230 1603 si
1261 1563 1329 1602 ea
1361 1563 1486 1618 quae
1520 1543 1798 1612 continet,
1830 1547 1895 1597 ut

253 1640 680 1712 sunt,judieare
702 1637 860 1694 velit.
912 1637 1059 1693 Nam
1107 1653 1176 1692 ex
1210 1653 1326 1691 uno
1357 1635 1537 1691 latere
1569 1638 1625 1689 te
1677 1633 1749 1689 ad
1782 1649 1894 1704 pu-

251 1743 428 1801 gnam
479 1730 789 1799 provocat;
839 1741 907 1781 ex
955 1724 1136 1780 altero
1177 1723 1432 1780 inﬂictas
1460 1724 1533 1779 ab
1565 1719 1894 1778 adversario

252 1815 478 1889 plagas,
505 1815 628 1872 fotu
661 1813 919 1870 mirificae
971 1812 1114 1869 artis
1145 1813 1416 1868 medetur
1444 1815 1501 1867 et
1529 1814 1714 1866 curat.
1749 1809 1894 1868 Hinc

251 1904 460 1962 fortem
492 1906 550 1959 et
597 1903 906 1958 robustum
955 1901 1160 1956 incitat
1190 1903 1259 1957 ad
1291 1899 1751 1972 praelium,illinc
1784 1900 1897 1955 fra-

251 1996 413 2050 ctum
445 1996 502 2048 et
530 2007 799 2047 enervem
831 1991 1127 2060 reformat,
1145 1993 1202 2044 et
1219 1993 1450 2061 reparat
1466 1989 1700 2045 elisum.
1735 1988 1901 2044 Nune

251 2080 541 2138 humilem
571 2083 629 2136 et
659 2079 933 2135 timidum
957 2083 1020 2134 ut
1049 2079 1262 2134 audeat
1289 2078 1481 2150 erigit,
1504 2094 1659 2133 nunc
1681 2077 1900 2133 elatum

253 2175 312 2226 et
339 2171 412 2226 de
431 2169 558 2226 suis
569 2168 794 2224 viribus
809 2171 1260 2241 praesumentem
1294 2168 1590 2241 arguendo
1604 2166 1898 2233 bumiliat,

255 2263 314 2316 et
325 2259 399 2316 de
409 2258 500 2331 cuj
511 2275 580 2315 us
592 2257 814 2315 viribus
827 2258 1034 2313 debeat
1051 2272 1403 2330 praesumam
1417 2256 1901 2313 monstrat.Modo

254 2346 412 2405 tollit
441 2345 813 2404 securitatem
845 2346 1100 2418 segniter
1127 2345 1482 2416 vacantium,
1507 2345 1681 2401 modo
1698 2344 1903 2418 pandit

256 2435 790 2492 remunerationem
802 2434 1028 2490 fortiter
1048 2433 1478 2490 dimicantium.
1504 2433 1669 2489 Nunc
1691 2433 1904 2506 praedi-

257 2523 739 2582 eittentationum
755 2539 1198 2596 pugnam,nunc
1216 2522 1507 2596 promittit
1521 2522 1771 2579 victoriae
1783 2521 1905 2594 pal-

258 2614 566 2686 mam.Age
587 2613 783 2686 itaque
801 2628 978 2681 nunc,
1007 2613 1322 2686 aggredere
1353 2627 1598 2670 cursum
1628 2612 1902 2685 regendo,

258 2706 316 2758 et
347 2705 558 2758 cuncta
599 2701 723 2758 haec
753 2717 826 2757 an
859 2702 942 2757 ita
989 2717 1050 2758 se
1081 2701 1356 2769 habeant,
1398 2718 1500 2774 per
1529 2701 1905 2773 temetipsum

261 2789 596 2863 explorato;
629 2789 712 2845 nil
744 2806 888 2862 pene
918 2806 1138 2858 meum,
1169 2791 1324 2862 quod
1347 2790 1647 2845 fastidium
1670 2789 1908 2862 gignere

262 2878 489 2946 debeat,
541 2878 800 2934 invenies
838 2896 852 2944 ;
907 2883 1117 2934 cuncta
1166 2895 1233 2934 ex
1281 2882 1619 2934 sanctorum
1667 2879 1906 2933 Patrum

264 2966 436 3023 dictis
482 2967 763 3023 deﬂorata
814 2967 1086 3039 reperies.
1121 2967 1402 3024 Primitus
1432 2967 1629 3033 istam,
1664 2967 1714 3022 si
1745 2965 1905 3032 libet,

269 3053 727 3112 admonitionem
759 3055 1131 3128 praafationis,
1166 3056 1323 3112 senis
1352 3055 1689 3112 distinctam
1710 3055 1910 3127 przelo-

270 3144 541 3216 quiorum
564 3143 798 3213 libellis,
832 3145 1066 3201 brevem
1089 3145 1231 3201 satis
1243 3145 1503 3216 quidem,
1525 3148 1811 3217 quantum
1835 3144 1907 3200 ad

270 3249 416 3301 rem,
450 3233 832 3290 aestimatione
879 3250 1011 3290 vero
1043 3234 1215 3306 paulo
1244 3234 1636 3290 verbosiorem
1668 3232 1908 3307 releges.

339 3382 607 3456 (i2)ADuo
659 3383 966 3456 hominum
1015 3400 1243 3456 genera,
1275 3383 1610 3456 distinguit,
1661 3383 1760 3456 qui
1813 3401 1914 3456 pro

267 3453 950 3528 emendationealicujus
981 3453 1162 3528 culpa;
1195 3454 1408 3511 alicubi
1443 3453 1913 3528 recludebant'ur.

264 3523 375 3599 Alii
396 3523 1039 3599 enim‘recludeb'antur
1066 3523 1385 3599 suasponte,
1411 3526 1506 3599 alii
1531 3543 1667 3582 vero
1685 3527 1917 3582 alterius

256 3597 530 3670 jpssione.
564 3597 742 3670 Primi
773 3601 940 3670 erant
969 3597 1029 3665 ii,
1064 3599 1163 3670 qui
1196 3597 1550 3670 pmnilentim
1581 3614 1780 3660 causa,
1815 3601 1917 3653 aut

264 3666 472 3723 timore
498 3666 834 3724 solitudinis
866 3669 924 3724 in
958 3666 1315 3726 monasteria
1345 3669 1714 3735 secedebant,
1746 3672 1803 3723 et
1833 3670 1917 3723 di-

266 3739 797 3812 cebanturginclttsi,
831 3741 1291 3812 seu_rreclusi,gde
1322 3741 1538 3812 quibus
1569 3741 1698 3795 vide
1730 3740 1788 3794 in
1822 3741 1915 3796 his

263 3808 819 3883 vocibusCangium
843 3828 856 3866 :
892 3809 1012 3883 alii,
1036 3811 1138 3883 qui
1160 3808 1359 3883 aliqua
1380 3811 1431 3883 le
1453 3828 1630 3866 causa
1650 3811 1918 3883 detrude-

265 3880 481 3962 bantur
509 3879 910 3966 incarcerem.
948 3879 1102 3965 Inter
1129 3882 1237 3966 hos
1260 3879 1378 3965 iuit
1408 3881 1532 3966 ipse
1565 3880 1872 3966 Ratberius
1900 3900 1913 3948 ;

266 3966 328 4026 re
353 3950 510 4026 enim
543 3950 616 4008 ab
644 3952 890 4025 Hugone
912 3969 1050 4026 rege
1081 3953 1147 4026 in_
1184 3950 1453 4026 Papiensi
1484 3951 1768 4007 turricula
1800 3969 1916 4026 non

266 4022 393 4096 sine
423 4021 622 4096 aliqua
659 4021 790 4096 sua
837 4021 1008 4096 culpa
1037 4021 1332 4096 inclusum
1367 4022 1550 4079 fuisse
1581 4026 1832 4096 testatur
1854 4022 1916 4096 in

266 4093 434 4165 epist.
466 4093 538 4163 5,‘
555 4094 626 4149 ad
647 4093 1289 4168 Joannem'pontiﬁcem
1308 4111 1470 4150 num.
1498 4096 1552 4160 4,
1580 4094 1719 4166 quia
1743 4093 1915 4148 nimi-

1998 560 2153 632 quod
2186 563 2357 614 tuum
2392 560 2463 614 ad
2499 558 2813 631 sequentia
2842 558 3079 614 accedat
3117 559 3500 630 desiderium,
3533 563 3654 621 imo

1998 647 2360 704 demonstret
2391 647 2462 703 ad
2485 647 2798 719 liquidum,
2815 640 3078 718 cujus’rei
3092 648 3280 720 gratia
3298 651 3468 707 nobis
3483 654 3656 710 edere

1997 735 2233 792 libuerit
2280 736 2480 792 istum.
2532 736 2782 792 Obsecro
2830 740 3128 808 praeterea,
3179 742 3236 793 et
3266 740 3526 797 obtestor
3573 747 3655 814 te,

1997 824 2199 893 lector,
2234 825 2353 881 sive
2375 825 2758 896 transcriptor
2783 823 2975 897 operis
3008 824 3206 898 istius,
3229 845 3332 900 per
3360 829 3653 888 viventem

1998 913 2059 970 in
2091 914 2322 982 saecula,
2353 915 2548 985 etejus
2566 914 2937 968 tremendum
2953 929 3217 982 examen,
3251 919 3652 990 perqueillam

1999 1004 2365 1072 charitatem,
2400 1018 2517 1074 qua
2541 1001 2950 1057 «Deusdilexit
2965 1005 3415 1070 nos,ettradidit
3446 1015 3657 1065 semet-

2002 1092 2194 1164 ipsum
2227 1110 2330 1165 pro
2361 1091 2530 1148 nobis
2561 1090 2918 1147 oblationem
2943 1095 3000 1146 et
3032 1091 3286 1148 hostiam
3315 1095 3560 1153 Domino
3591 1099 3654 1154 in

2003 1182 2240 1240 odorem
2285 1181 2599 1238 suavitatis
2629 1181 2849 1252 (Ephes.
2905 1197 2960 1251 v,
3011 1184 3089 1253 2),
3139 1185 3206 1238 ut
3234 1182 3341 1238 hoc
3373 1186 3528 1256 quod
3561 1186 3656 1243 hic

2001 1270 2238 1328 cautelae
2269 1269 2458 1343 gratia
2493 1269 2808 1342 praemitto,
2841 1285 3216 1342 nequaquam
3267 1271 3562 1342 omiseris,
3605 1276 3656 1332 si

2001 1360 2236 1432 quando
2267 1363 2368 1414 aut
2386 1359 2458 1414 ad
2471 1357 2803 1431 legendum,
2820 1359 3004 1414 autad
3019 1359 3468 1417 describendum
3489 1363 3648 1421 idem

2001 1464 2236 1520 operam
2251 1447 2499 1503 dederis.
2516 1447 2788 1512 Quaedam
2803 1447 2861 1501 in
2876 1446 3005 1504 istis
3023 1449 3320 1521 opusculis
3344 1451 3651 1508 inveniun-

1999 1540 2116 1604 tur,
2150 1551 2276 1609 quzs
2309 1551 2415 1593 nec
2446 1540 2649 1592 auctor
2676 1536 2800 1609 ipse
2827 1537 3059 1609 penitus
3090 1539 3392 1610 approbat,
3421 1544 3483 1596 ut
3511 1547 3652 1599 sunt

2001 1625 2183 1696 (verbi
2214 1625 2420 1698 gratia)
2452 1641 2539 1691 ea,
2591 1641 2719 1696 quae
2748 1625 2819 1680 de
2857 1625 3170 1696 cujusdam
3225 1628 3336 1698 (13)
3384 1629 3654 1703 Origenis

2001 1715 2205 1788 gestis,
2227 1713 2314 1770 vel
2346 1713 2721 1786 passionibus
2750 1714 2808 1768 in
2825 1713 2993 1769 libris
3005 1715 3174 1770 tertio
3191 1719 3470 1788 etquarto
3491 1735 3647 1776 com-

1929 1839 1978 1904 B
2008 1807 2295 1859 memorat
2322 1822 2335 1872 ;
2370 1804 2470 1860 sed
2493 1803 2632 1876 quia
2658 1803 2962 1859 occasione
2979 1803 3211 1872 horum,
3233 1807 3423 1879 magis
3443 1807 3653 1866 divinas

2011 1892 2376 1948 auctoritatis
2401 1891 2752 1948 testimoniis
2785 1892 2938 1946 idem
2968 1895 3561 1966 estopussuﬂ‘ultum,
3586 1899 3662 1953 da

2008 1980 2270 2049 veniam,
2296 1997 2514 2052 quaeso,
2542 1979 2743 2046 lector,
2777 1980 2992 2052 partim
3022 1980 3167 2050 visa,
3200 1984 3416 2055 partim
3434 1986 3656 2054 audita,

2010 2069 2224 2143 partim
2273 2070 2569 2142 ambigua,
2623 2069 2837 2141 partim
2877 2075 3176 2142 comperta
3225 2075 3509 2143 narranti,
3543 2093 3659 2132 non

2011 2175 2228 2216 curans
2281 2159 2352 2214 de
2399 2163 2698 2232 gestorum
2749 2158 2861 2230 (14)
2911 2159 3294 2227 continentia,
3324 2177 3479 2232 vera,
3515 2164 3663 2221 falsa

2011 2248 2108 2317 sit,
2141 2251 2243 2304 aut
2270 2246 2470 2314 dubia,
2502 2247 2604 2304 12
2626 2247 2947 2303 dummodo
2993 2249 3662 2326 veritatem,sanamque

2013 2337 2339 2394 doctrinam
2395 2352 2732 2392 sermonum
2783 2340 2946 2392 tanto
3006 2335 3282 2395 libentius
3343 2341 3655 2413 percipias,

2013 2431 2232 2500 quanto
2264 2425 2464 2482 minus
2489 2441 2523 2480 a
2553 2424 2785 2480 tramite
2817 2425 3184 2483 rectitudinis
3207 2427 3438 2485 deviare
3468 2430 3659 2486 consi-

2015 2517 2208 2572 deras.

2085 2604 2353 2660 Continet
2382 2603 2536 2658 istud
2569 2619 2704 2658 vero
2734 2601 3128 2675 Praeloquium
3161 2605 3184 2660 Ι
3215 2605 3294 2677 [id
3309 2611 3389 2662 est
3411 2621 3665 2680 sequens

2015 2691 2427 2766 Przeloquium]
2479 2691 2776 2747 Privatum
2834 2691 3179 2764 quemlibet,
3246 2694 3315 2750 ΙΙ.
3397 2695 3664 2765 Militem,

2019 2784 2111 2838 III.
2134 2782 2454 2850 Artiﬁcem,
2489 2780 2580 2849 IV,
2616 2779 2928 2849 Medicum,
2962 2785 3032 2836 V.
3083 2782 3534 2855 Neg'otiatorem,
3567 2786 3664 2843 VI.

2015 2871 2414 2938 Causidicum,
2446 2870 2566 2925 VII.
2593 2869 2884 2937 Judicem,
2909 2870 3056 2926 VIII.
3091 2872 3347 2941 Testem,
3375 2875 3668 2932 IXProcu-

2019 2966 2291 3028 ratorem,
2323 2959 2387 3014 X.
2421 2959 2759 3025 Patronum,
2792 2958 2862 3013 XI
2893 2959 3336 3016 Mercenarium.
3370 2964 3492 3018 XII.
3515 2964 3662 3019 Con-

2019 3049 2330 3118 siliarium,
2364 3049 2506 3105 XIII.
2541 3047 2880 3114 Dominum,
2914 3047 3324 3119 XlV.Servum,
3350 3050 3463 3107 XV.
3489 3053 3666 3126 Magi-
3776 3062 3783 3067 '

2020 3145 2229 3207 strum,
2261 3138 2404 3194 XVI.
2438 3135 2828 3209 Discipulum,
2851 3136 3019 3193 XVII.
3055 3136 3530 3196 Divitem.XVIIl.
3551 3141 3666 3197 Me-

2022 3231 2301 3295 diocrem,
2334 3227 2474 3283 XIX.
2509 3226 2864 3282 Mendicum.

2027 3397 2159 3453 rum
2210 3378 2467 3453 Arnoldo
2522 3376 2918 3453 Bajqariqrum
2972 3377 3337 3453 du_cicon_t_ra
3369 3379 3675 3453 Hugonem

2026 3452 2240 3508 favisse
2271 3447 2453 3522 videri
2485 3448 2694 3520 potuit,
2749 3449 2820 3504 de
2851 3465 2968 3520 quo
3001 3449 3173 3522 plura
3216 3447 3588 3508 disseruihus
3621 3453 3684 3510 in

2027 3523 2288 3580 auctoris
2317 3520 2449 3575 Vita
2471 3522 2498 3588 §
2522 3521 2575 3575 4.

2098 3596 2208 3666 (43)
2263 3594 2516 3666 Ogrigeais
2583 3591 2871 3666 cujusdam
2929 3591 3167 3666 nomine
3236 3593 3549 3666 Batherius
3619 3612 3686 3653 se

2025 3661 2220 3739 ipsum
2265 3662 2594 3739 significare
2646 3661 2914 3739 videtur,
2972 3663 3022 3718 is
3051 3663 3208 3739 enim
3239 3663 3338 3720 ille
3363 3670 3470 3733 est,
3503 3667 3681 3738 cujus

2024 3733 2176 3807 g'esta
2217 3738 2300 3792 vel
2323 3733 2620 3807 'passiones
2667 3735 2730 3788 in
2760 3733 2918 3807 libris
2950 3737 3109 3790 tertio
3139 3740 3191 3791 et
3221 3745 3414 3807 quarto
3444 3733 3684 3794 comins-

2028 3804 2219 3864 inorat.
2271 3804 2415 3861 Vide
2464 3805 2680 3879 librum
2728 3804 2970 3879 tertium
3011 3823 3176 3861 num.
3212 3804 3281 3862 {3
3301 3811 3359 3862 et
3386 3823 3577 3879 seqq.,
3614 3826 3685 3865 ac

2025 3879 2085 3934 in
2135 3879 2406 3935 eumdem
2457 3881 2576 3932 not.
2626 3878 2711 3944 10,
2763 3881 2819 3932 et
2849 3876 3066 3933 librum
3118 3882 3395 3951 quartum
3442 3876 3560 3935 fere
3588 3885 3678 3937 to-

2028 3955 2176 4005 tum.

2100 4020 2212 4103 (14)
2243 4020 2687 4103 ιξεσοορῑὶνξεηιίᾳ
2735 4026 3028 4103 gestorum,
3081 4019 3140 4075 id
3172 4024 3261 4103 est
3291 4021 3362 4077 de
3384 4021 3466 4103 iis
3495 4021 3676 4094 gestis

2026 4089 2155 4164 quae
2186 4089 2244 4146 in
2277 4091 2369 4146 his
2400 4089 2856 4162 Praaloquiorum
2888 4091 3056 4147 libris
3097 4093 3494 4149 continentur.

1321 4361 1726 4450 INCIPIT
1783 4362 2098 4448 LIBER
2160 4360 2606 4449 PRIMUS.

336 4539 384 4594 1.
439 4535 745 4593 Dominica
808 4539 1096 4609 praecepta
1154 4552 1289 4592 cum
1339 4536 1498 4593 omni
1565 4535 1915 4611 generaliter

262 4625 533 4682 Ecclesia
563 4628 888 4697 congruant
912 4625 1128 4693 omnia,
1161 4627 1428 4699 quaedam
1461 4631 1655 4683 tamen
1691 4625 1912 4700 specia-

262 4712 396 4768 liter
407 4710 656 4785 singulis
671 4729 774 4784 pro
792 4717 1146 4784 temporum,
1167 4715 1461 4782 ordinum,
1481 4715 1907 4783 conditionum,

262 4804 782 4870 aetatum,morum,
815 4802 1424 4871 aﬂ‘eetuum,sexuum,
1459 4803 1578 4859 sive
1600 4819 1908 4860 causarum

265 4887 601 4946 diversitate
631 4890 985 4946 conveniunt
1007 4889 1330 4963 singula.In
1355 4908 1494 4965 pace
1516 4893 1732 4948 etenim
1783 4891 1910 4947 dari

2023 4540 2173 4604 rent,
2210 4537 2366 4591 unde
2399 4552 2657 4610 propago
2707 4535 3056 4592 subsisteret
3098 4537 3127 4592 ‘I
3177 4537 3410 4595 Dicente
3440 4542 3678 4599 autem:

2022 4647 2050 4675 «
2086 4624 2228 4682 Date
2260 4625 2686 4699 eleemosynam
2717 4627 2869 4695 (Luc.
2903 4643 3004 4694 xu,
3035 4625 3331 4700 33),»quid
3355 4627 3537 4696 dabit,
3571 4630 3676 4702 qui

2020 4713 2166 4770 nihil
2199 4716 2309 4770 sibi
2343 4715 2630 4770 retinuit?
2658 4715 2867 4771 Dicens
2897 4731 3031 4770 vero
3059 4731 3072 4772 :
3101 4738 3129 4765 «
3157 4715 3327 4771 Omni
3357 4717 3578 4788 petenti
3611 4724 3671 4776 te

2019 4803 2232 4874 tribue,
2271 4825 2298 4854 »
2330 4808 2393 4858 ut
2421 4803 2533 4875 (45)
2566 4803 2837 4859 Matthaeo
2869 4803 3117 4871 videtur,
3151 4805 3426 4861 omnibus
3461 4822 3671 4863 conve-

2020 4891 2124 4958 nit,
2160 4891 2387 4948 cunctis
2416 4892 2620 4961 suasit,
2657 4891 2885 4948 nullum
2917 4893 3164 4949 dimisit.
3197 4894 3256 4950 Si
3293 4893 3449 4950 enim
3493 4895 3678 4954 babes

261 4976 596 5051 prtecipitur
623 4977 821 5036 tunica
848 4978 1063 5046 (Matth.
1096 4997 1147 5046 v,
1170 4981 1281 5052 40,)
1305 4997 1440 5036 cum
1474 4981 1531 5036 in
1555 4979 1910 5054 persecutio-
1942 4967 1990 5033 D
2021 4982 2175 5053 quod
2228 4981 2350 5050 des,
2404 4982 2498 5050 da,
2532 4997 2605 5036 ne
2656 4980 2940 5051 moreris;
2999 4981 3048 5037 si
3080 4998 3195 5038 non
3224 4981 3427 5051 habes,
3463 4983 3538 5038 da
3588 4987 3677 5041 te-

263 5081 336 5122 ne
363 5066 933 5141 ponijubeaturipsa
949 5069 1126 5124 etiam
1150 5085 1252 5139 pro
1274 5070 1448 5125 fratre
1461 5070 1719 5139 anima(I
1739 5075 1907 5128 Joan.

262 5172 343 5221 ιιι,
380 5156 491 5227 16).
525 5155 761 5212 Dicente
780 5161 977 5213 autem
991 5157 1235 5213 Domino
1262 5177 1323 5214 :a
1349 5159 1545 5215 Vende
1557 5159 1756 5214 omnia
1776 5176 1903 5231 quae

261 5243 462 5314 habes,
496 5249 552 5301 et
584 5245 658 5301 da
687 5247 1127 5319 pauperibus,et
1156 5247 1285 5301 veni
1310 5262 1550 5319 sequere
1573 5264 1665 5302 me
1689 5249 1900 5316 (Matth.

259 5349 376 5399 xxx,
409 5333 519 5405 21),
553 5333 603 5390 si
635 5351 838 5391 omnes
869 5334 1027 5390 istud
1059 5335 1260 5392 statim
1286 5334 1615 5408 implerent,
1640 5337 1773 5408 quis
1797 5341 1904 5392 ter-

258 5438 384 5479 ram
415 5423 700 5482 excoleret
719 5423 746 5480 ?
767 5425 1019 5481 Rursum
1053 5425 1102 5480 si
1133 5442 1336 5482 omnes
1368 5442 1576 5482 uxores
1607 5425 1901 5500 relinque-

326 5547 438 5623 (45)
471 5548 588 5623 Hoc
617 5548 752 5623 loco,
775 5548 1259 5623 ,RatheriuSLqui
1293 5550 1459 5606 libris
1487 5552 1741 5620 carebat,
1777 5567 1897 5607 me-

2017 5069 2234 5142 ipsum,
2251 5087 2365 5142 prae
2379 5069 2451 5125 be
2468 5070 2788 5142 benignum
2815 5070 3108 5127 muniﬁcas
3139 5070 3352 5127 mentis
3370 5071 3670 5130 affectum.

2015 5182 2041 5208 ‹‹
2071 5158 2265 5215 Gloria
2295 5159 2453 5214 enim
2472 5159 2529 5214 in
2556 5159 2800 5216 excelsis
2831 5164 2964 5226 Deo,
2998 5165 3057 5216 et
3076 5158 3136 5216 in
3160 5165 3316 5216 terra
3337 5177 3449 5233 pax
3472 5160 3672 5217 homi-

2015 5247 2189 5304 nibus
2221 5249 2383 5304 bonze
2414 5248 2728 5304 voluntatis
2761 5251 2910 5321 (Luc.
2945 5267 3006 5317 ιι,
3035 5249 3125 5318 14)
3159 5267 3173 5317 ;
3200 5272 3228 5298 »
3243 5254 3300 5304 et
3315 5249 3665 5308 Psalmista:

2013 5362 2040 5386 ‹‹
2067 5341 2130 5391 In
2164 5353 2254 5392 me
2282 5342 2440 5405 sunt,
2479 5361 2499 5387 ιι
2534 5337 2744 5410 inquit,
2779 5361 2806 5387 «
2843 5339 3016 5405 Deus,
3058 5343 3192 5394 vota
3223 5343 3328 5394 tua
3355 5338 3534 5408 (Psal.
3570 5356 3662 5409 Lv,

2010 5427 2120 5493 l2).
2157 5449 2185 5477 ››
2218 5427 2444 5483 Rursus
2475 5428 2719 5483 dicendo
2750 5444 2763 5483 :
2794 5449 2821 5477 «
2857 5427 3073 5500 Diliges
3112 5427 3428 5484 Dominum
3477 5427 3664 5485 Deum

2010 5567 2183 5623 quem
2230 5570 2279 5606 c.
2314 5569 2412 5620 vn,
2463 5569 2611 5608 vers.
2665 5552 2754 5619 30,
2782 5552 3090 5609 recitatum
3141 5552 3544 5611 testimonium
3586 5553 3669 5611 le~

257 5619 442 5677 moria
486 5620 686 5694 lapsus
736 5621 1072 5678 Matthaeum
1104 5619 1372 5696 allegavit
1401 5640 1505 5695 pro
1539 5625 1713 5693 Luca,
1744 5623 1896 5695 apud
2010 5619 2188 5698 gitur.
