4100 6200
350 322 477 400 {49

1300 326 1955 421 PRELOQUIORUM
1994 327 2207 398 meai
2250 330 2426 415 sax.
2456 358 2538 383 -
2563 330 2715 399 LIB.
2756 328 2811 399 1.

3650 316 3770 398 136

354 468 525 525 tuum
553 477 624 525 ex
653 462 774 524 toto
805 466 979 525 corde
1006 468 1128 537 tuo,
1161 469 1219 544 et
1236 481 1305 523 ex
1334 470 1456 524 tota
1486 471 1680 523 mente
1699 470 1820 535 tua,
1854 471 1912 523 et
1940 483 2009 524 ex
2036 469 2092 537 Α
2120 468 2435 526 vindictam
2467 469 2702 526 illorum
2727 470 2877 543 (Luc.
2908 483 3070 542 xvm,
3100 461 3179 542 8).
3214 486 3248 521 ››
3273 450 3548 528 Vindicta
3566 472 3763 527 autem

355 555 630 614 omnibus
658 556 884 615 viribus
913 557 1054 627 tuis,
1086 561 1142 613 et
1169 556 1501 630 proximum
1537 560 1705 612 tuum
1738 557 1891 614 sicut
1919 560 2002 613 te-

350 644 571 719 ipsum,
602 648 659 702 et
688 662 803 702 non
826 644 1134 713 furaberis,
1156 649 1347 701 etnon
1374 646 1745 718 occides,non
1761 645 2005 702 mecha-

349 736 528 803 beris,
563 752 680 791 non
713 734 927 792 falsum
948 735 1352 792 testimonium
1375 734 1555 801 dices,
1582 750 1697 791 non
1725 735 2003 808 concupi-

349 840 474 880 sces
505 842 628 881 rem
661 828 764 880 aut
788 839 1027 881 uxorem
1084 823 1335 897 proximi
1389 824 1475 887 tui
1506 825 1656 897 (Luc.
1709 840 1767 891 x,
1798 822 1893 895 l7)
1920 842 1934 892 ;
1971 845 2000 874 »

348 930 552 969 omnes
583 912 893 987 alloquitu,
918 914 1166 984 juvenes
1197 916 1255 969 et
1285 929 1474 981 senes,
1509 929 1704 968 mares
1732 916 1790 968 et
1828 911 2002 968 femi-

350 1019 476 1069 nas,
502 1019 699 1059 servos
729 1006 786 1059 et
834 1001 1068 1070 liberos,
1096 1002 1305 1058 divites
1337 1006 1394 1057 et
1420 1018 1725 1075 pauperes,
1759 1001 2001 1058 clericos

348 1096 407 1147 et
452 1091 655 1158 laicos,
685 1090 831 1147 nulli
881 1091 1087 1165 parcit,
1136 1090 1432 1147 neminem
1473 1090 1749 1161 excludit,
1794 1105 2001 1147 omnes

346 1180 811 1253 comprehendit.
851 1179 1061 1236 Nullus
1108 1180 1202 1236 bis
1249 1179 1643 1253 praevaricatis
1692 1179 1995 1246 innocens,

341 1285 516 1325 nemo
547 1269 662 1325 ista
691 1268 1053 1326 committere
1085 1268 1238 1325 valet
1268 1268 1395 1325 sine
1453 1268 1720 1325 crimine.
1751 1268 1999 1325 Videtur

342 1357 549 1432 itaque
580 1357 924 1430 hujusmodi
956 1358 1068 1431 (16)
1097 1374 1224 1414 esse
1254 1356 1550 1414 distantia.

735 1474 857 1529 TIT.
892 1475 937 1529 l.
967 1503 1034 1515 —
1068 1472 1374 1530 Christiani
1401 1473 1602 1544 ofﬁcia.

408 1584 465 1637 2.
500 1579 603 1637 Vis
651 1595 781 1637 esse
827 1579 1217 1648 Christianus,
1271 1580 1462 1635 bonus
1510 1578 1879 1635 Christianus
1927 1580 1997 1635 de

282 1742 289 1747 1
340 1671 444 1729 18
473 1668 677 1726 multis
704 1668 1077 1736 Christianis,
1110 1669 1181 1724 de
1204 1667 1442 1741 populo,
1467 1668 1538 1723 de
1561 1671 1733 1736 ccetu,
1766 1669 1835 1724 de
1852 1685 1994 1723 con-

340 1760 524 1827 cione,
553 1758 625 1813 de
654 1756 843 1830 plebe,
874 1757 947 1813 de
978 1756 1477 1823 circumforaneis,
1510 1756 1582 1813 de
1612 1756 1944 1828 agrestibus
1964 1756 1992 1811 ?

340 1847 476 1904 Esto
496 1847 792 1903 laborator
810 1863 925 1901 non
940 1844 1472 1917 solumjustus,sed
1486 1848 1545 1901 et
1569 1844 1993 1910 assiduus,tuis
2019 1840 2069 1906 B

336 1939 667 2003 contentus,
682 1934 913 1991 nullum
941 1935 1240 2002 fraudans,
1256 1934 1551 1990 neminem
1566 1933 1994 2001 laedensmemi-

336 2042 475 2082 nem
524 2026 885 2099 vituperans,
917 2040 1033 2080 non
1092 2023 1349 2096 aliquem
1398 2022 1788 2079 calumnians.
1823 2024 1990 2080 Time

335 2115 546 2181 Deum,
578 2117 813 2171 sanctos
842 2129 1097 2187 precare,
1115 2112 1422 2170 ecclesiam
1452 2113 1778 2185 frequenta,
1797 2129 1986 2168 sacer-

335 2203 502 2261 dotes
523 2202 1030 2271 honora,decimas
1047 2205 1106 2258 et
1126 2200 1419 2274 primitias
1439 2201 1706 2257 laborum
1748 2205 1984 2257 tuorum

331 2292 452 2349 Deo
480 2293 641 2361 offer,
673 2289 1073 2364 eleemosynas
1103 2307 1207 2363 pro
1235 2289 1460 2346 viribus
1508 2290 1704 2357 facito,
1739 2306 1980 2346 uxorem

330 2380 530 2454 dilige,
546 2384 755 2451 praeter
771 2379 963 2453 ipsam
980 2378 1206 2435 nullam
1229 2394 1531 2451 cognosce,
1562 2379 1634 2434 ab
1657 2379 1786 2452 ipsa
1806 2379 1980 2435 etiam

330 2467 526 2537 certis,
558 2467 618 2523 id
637 2473 727 2525 est
744 2468 909 2525 festis
933 2471 990 2524 et
1004 2468 1369 2540 jejunicrum
1393 2468 1622 2535 diebus,
1640 2485 1774 2523 cum
1793 2467 1980 2541 ipsius

328 2573 620 2614 consensu
651 2574 760 2631 pro
786 2555 889 2613 Dei
916 2557 1125 2613 timore
1155 2560 1211 2612 te
1242 2556 1492 2624 contine,
1528 2556 1679 2612 filios
1700 2557 1758 2611 in
1781 2557 1883 2612 Dei
1908 2556 1980 2611 ti-

328 2662 494 2703 more
520 2647 727 2714 educa,
760 2645 1027 2701 inﬁrmos
1056 2644 1247 2713 visita,
1282 2649 1548 2700 mortuos
1577 2644 1757 2717 sepeli
1785 2663 1799 2713 ;
1825 2644 1980 2718 quod

326 2734 436 2791 tibi
467 2734 574 2802 vis,
605 2733 705 2792 alii
733 2733 1026 2807 impende;
1059 2733 1215 2806 quod
1240 2748 1375 2789 vero
1404 2732 1509 2789 tibi
1539 2731 1663 2790 fieri
1714 2750 1829 2789 non
1868 2733 1978 2800 vis,
2032 2740 2051 2759 ⁸

326 2840 403 2880 ne
432 2823 621 2881 alieno
651 2823 876 2881 feceris.

784 2940 907 2995 'l‘rr.
934 2938 1002 2995 II.
1036 2968 1105 2979 ——-
1135 2938 1209 2995 De
1234 2938 1522 2994 militibus.

398 3047 453 3103 3.
485 3047 652 3105 Miles
681 3064 744 3104 es
778 3065 791 3113 ;
825 3050 1031 3120 praeter
1058 3045 1191 3114 ista,
1225 3044 1359 3101 audi
1384 3043 1521 3118 quid
1562 3044 1706 3100 dicit
1723 3045 1978 3101 Joannes

330 3135 597 3211 Baptista
630 3155 643 3192 ε
677 3159 707 3189 ‹‹
739 3136 1115 3209 Neminem,»
1138 3134 1433 3207 inquiens,
1464 3156 1492 3184 «
1514 3134 1981 3203 concutiatis,ne—

332 3209 449 3299 que
479 3224 834 3282 calumniam
869 3224 1097 3280 faciatis
1118 3223 1378 3290 alicui,et
1396 3223 1652 3279 contenti
1674 3227 1857 3279 estote
1878 3222 1983 3279 sti-
2013 3209 2057 3276 C

328 3315 569 3387 pendiis
601 3313 809 3371 vestris
829 3315 978 3387 (Luc.
1005 3313 1217 3385 111,14).
1243 3335 1271 3361 »
1294 3313 1455 3378 Quod
1483 3314 1531 3369 si
1560 3330 1674 3368 non
1696 3312 1853 3368 vales
1874 3313 1981 3367 mi-

324 3402 556 3459 litando
594 3402 897 3476 acquirere
929 3402 1309 3474 stipendium,
1342 3401 1660 3457 laborando
1709 3400 1983 3459 manibus

327 3496 558 3550 sectare
585 3492 826 3560 victum,
856 3496 913 3547 ct
943 3492 1077 3564 fuge
1109 3491 1386 3564 praedam,
1410 3507 1545 3548 cave
1575 3489 1981 3555 homicidium,

327 3582 529 3637 devita
558 3580 1146 3654 sacrilegium.Quod,
1170 3580 1388 3652 inquis,
1411 3578 1813 3651 sacrilegium?
1834 3578 1980 3634 Illud

327 3669 640 3739 nimirum,
673 3668 815 3725 illud
866 3669 1023 3741 quod
1075 3685 1250 3740 quam
1300 3666 1639 3723 terribiliter
1670 3665 1988 3722 Psalmista

328 3763 776 3829 commemorat,
790 3758 927 3813 audi
955 3775 968 3813 :
993 3756 1146 3822 «Qui
1169 3756 1471 3812 dixerant:
1496 3753 1836 3812 Haereditate
1857 3771 1987 3826 pos-

330 3848 638 3906 sideamus
670 3847 1070 3903 sanctuarium
1104 3845 1203 3900 Dei
1231 3849 1252 3899 t
1281 3845 1435 3900 Deus
1457 3860 1644 3911 meus,
1668 3859 1817 3915 pone
1854 3842 1986 3900 illos

330 3940 403 3992 ut
422 3940 632 4004 rotam,
657 3940 713 3991 et
736 3935 888 3991 sicut
918 3934 1197 4007 stipulam
1229 3936 1365 3989 ante
1394 3932 1601 3989 faciem
1630 3932 1809 4001 venti;
1835 3931 1987 3987 sicut

330 4025 494 4098 ignis
527 4024 627 4098 qui
658 4024 953 4081 comburit
982 4023 1212 4090 silvam,
1239 4026 1296 4078 et
1317 4021 1468 4078 sicut
1500 4022 1738 4079 ﬂamma
1753 4023 1987 4078 combu-

330 4130 474 4171 rens
504 4112 841 4180 montes,ita
854 4111 1225 4186 persequeris
1238 4110 1370 4167 illos
1384 4111 1442 4166 in
1461 4111 1669 4166 virtute
1685 4115 1807 4179 tua,
1840 4116 1897 4166 et
1924 4110 1984 4166 in

332 4204 427 4259 ira
447 4206 547 4258 tua
564 4201 830 4258 turbabis
847 4217 965 4269 eos,
991 4204 1100 4257 etc.
1128 4223 1155 4250 ››
1179 4201 1352 4268 (Psal.
1368 4217 1575 4265 Lxxxn,
1599 4200 1687 4272 13)
1708 4200 1988 4256 Sanctua-

328 4290 493 4347 rium
523 4296 719 4346 autem
741 4289 971 4346 Domini
988 4293 1077 4346 est
1095 4289 1231 4362 (17),
1256 4289 1541 4362 quidquid
1564 4289 1808 4344 Domino
1834 4288 1989 4345 obla-

329 4386 492 4447 tum,
540 4380 612 4435 ad
660 4380 791 4452 ejus
842 4379 1092 4452 pertinet
1123 4378 1389 4434 domum.
1432 4378 1524 4433 Sic
1576 4377 1731 4433 enim
1780 4377 1987 4445 habes,

333 4467 540 4541 Moyse
568 4466 797 4523 dicente
830 4485 842 4523 :
878 4488 907 4517 ε(
937 4466 1121 4522 Omne
1141 4466 1296 4538 quod
1324 4465 1563 4521 offertur
1588 4465 1833 4521 Domino
1852 4482 1987 4521 san-

2113 559 2457 632 hujusmodi
2486 577 2612 633 quis
2643 560 2739 626 sit,
2759 558 2897 616 audi
2919 576 2979 616 εκ
3003 557 3294 629 Vindicta,
3324 581 3352 609 »
3371 559 3583 633 inquit,
3599 582 3628 610 ‹‹
3645 575 3766 639 θαπτ-

2112 649 2204 705 nis
2235 648 2399 723 impii
2430 650 2585 724 ignis
2608 654 2667 707 et
2680 666 2907 707 vermes
2935 651 3121 723 (Eccli.
3151 667 3255 718 vn,
3284 649 3393 724 19).
3424 675 3446 704 ι
3483 651 3563 707 Ac
3619 653 3763 706 tunc

2111 737 2240 807 erit,
2272 739 2487 813 inquit,
2521 739 2698 813 ignis,
2732 740 2832 796 sed
2890 738 3345 813 exstinguibilis,
3371 754 3621 796 vermes.
3656 739 3762 796 sed

2111 829 2408 886 mortales.
2433 829 2721 903 PrOpheta
2740 846 2773 886 e
2802 833 3005 886 contra
3033 846 3045 884 :
3080 851 3107 880 α
3135 827 3387 896 Vermis,
3423 829 3523 895 ait,
3554 845 3759 885 eorum

2111 935 2226 974 non
2258 918 2558 986 morietur,
2590 921 2647 974 et
2677 918 2832 992 ignis
2865 935 2980 974 non
3011 918 3414 991 exstinguetur
3441 919 3760 986 (lsai.r.xv1.

2106 1009 2216 1076 24).
2252 1029 2279 1056 ››
2312 1007 2498 1063 Carne
2526 1010 2724 1063 autem
2754 1010 2943 1063 totum
2974 1007 3272 1063 hominem
3302 1023 3640 1079 expressum
3667 1023 3761 1062 ac-

2107 1095 2234 1169 cipe
2265 1113 2299 1152 a
2330 1100 2493 1169 parte
2522 1096 2756 1160 minori,
2792 1095 2947 1152 sicut
2975 1111 3128 1168 saepe
3168 1095 3228 1151 in
3282 1095 3601 1168 Scripturis
3652 1111 3756 1167 per

2108 1185 2368 1241 animam
2400 1184 2587 1241 solam
2620 1183 3019 1256 intelligitura
3038 1188 3201 1257 parte
3232 1184 3753 1256 majori.ltemque:

2110 1296 2138 1325 «
2168 1275 2294 1331 Non
2326 1273 2569 1347 accipiet
2597 1272 2880 1329 Dominus
2910 1287 3222 1345 personam
3280 1272 3340 1326 in
3388 1287 3665 1344 paupere,
3697 1272 3756 1326 et

2105 1363 2573 1435 deprecationem
2603 1361 2725 1417 laesi
2754 1361 3041 1418 exaudiet.
3069 1359 3196 1416 Non
3219 1358 3500 1432 despiciet
3551 1374 3753 1431 preces

2106 1450 2333 1523 pupilli,
2367 1467 2471 1506 nec
2500 1451 2758 1518 viduam,
2791 1450 2840 1507 si
2871 1450 3131 1506 effundat
3157 1446 3450 1521 loquelam
3469 1448 3747 1521 gemitus.

2103 1539 2305 1596 Nonne
2336 1539 2604 1613 lacrymaz
2625 1540 2812 1595 viduae
2844 1540 2917 1595 ad
2947 1537 3247 1594 maxillam
3277 1538 3407 1609 ejus
3424 1536 3750 1593 ascendunt

2105 1628 2170 1702 [1,
2197 1629 2605 1701 descendunt],
2637 1633 2694 1685 et
2724 1627 3065 1684 exclamatio
3096 1628 3224 1699 ejus
3252 1642 3428 1698 super
3457 1625 3747 1680 deducen-

2102 1722 2220 1774 tem
2242 1722 2371 1774 eas?
2388 1719 2435 1773 A
2457 1716 2693 1773 maxilla
2704 1717 2858 1773 cnim
2875 1717 3201 1772 ascendunt
3219 1730 3407 1787 usque
3427 1715 3498 1770 ad
3511 1713 3744 1779 cretum,

2100 1810 2158 1861 et
2213 1806 2500 1862 Dominus
2556 1805 2859 1862 exauditor
2916 1821 3031 1860 non
3089 1803 3474 1860 delectabitur
3523 1801 3583 1857 in
3624 1800 3747 1857 illis

2103 1896 2289 1967 (Eccli.
2324 1912 2491 1961 xxxv,
2527 1895 2637 1965 16).
2670 1918 2698 1945 ‹‹
2726 1894 2983 1967 Denique
3014 1916 3042 1945 »
3076 1893 3246 1966 panis
3285 1890 3583 1965 egentium
3629 1890 3748 1945 vita

2098 1984 2372 2058 pauperis
2393 1988 2515 2051 est;
2549 1983 2650 2057 qni
2677 1983 2983 2040 defraudat
3010 1980 3200 2049 illum,
3234 1980 3409 2036 homo
3440 1977 3745 2052 sanguinis

2097 2081 2184 2130 est
2214 2092 2227 2143 ;
2256 2072 2358 2147 qui
2388 2074 2576 2130 aufert
2603 2072 2663 2128 in
2690 2074 2902 2129 sudore
2933 2086 3165 2144 panem,
3199 2068 3367 2142 quasi
3400 2068 3503 2141 qui
3534 2067 3745 2124 occidit

2095 2163 2425 2236 proximum
2478 2179 2653 2218 suum
2712 2161 2912 2231 (Eecli.
2943 2177 3131 2215 xxxxv.
3163 2160 3253 2227 25,
3286 2158 3400 2230 26).
3428 2180 3459 2208 »
3493 2158 3742 2213 Sanctus

2094 2256 2290 2308 autem
2322 2250 2401 2307 ait
2432 2250 2732 2325 apostolus
2748 2247 3213 2316 Joannesquuia
3240 2247 3434 2303 omnis
3446 2244 3743 2302 homicida

2092 2357 2207 2396 non
2253 2342 2429 2397 habet
2474 2339 2872 2396 haereditatem
2920 2339 2981 2394 in
3041 2353 3216 2409 regno
3273 2334 3487 2391 Christi
3535 2339 3593 2391 et
3638 2332 3740 2389 Dei

2092 2432 2140 2503 (1
2163 2435 2333 2488 Joun.
2367 2448 2449 2498 ιιι,
2482 2430 2593 2497 45).
2631 2453 2657 2479 ››

2162 2522 2266 2575 14
2295 2521 2347 2574 4.
2376 2519 2487 2575 Sed
2520 2518 2663 2574 forte
2688 2515 2930 2573 Domino
2952 2512 3402 2569 dicentezFaa'te
3430 2511 3581 2565 vobis
3595 2510 3738 2566 ami-

2090 2624 2176 2664 cos
2196 2609 2262 2664 de
2278 2623 2594 2663 mammona
2620 2605 2932 2678 iniquitatis
2963 2603 3112 2675 (Luc.
3140 2618 3255 2666 xvr,
3284 2599 3361 2671 9),
3388 2602 3562 2672 putas
3582 2601 3640 2653 te
3668 2612 3739 2653 ex

2090 2698 2292 2754 eadem
2316 2696 2521 2768 rapina
2533 2693 2738 2751 redimi
2752 2708 2942 2767 posse.
2957 2690 3104 2747 Audi
3123 2689 3397 2746 eumdem
3415 2685 3516 2760 qui
3532 2702 3733 2759 supra:

2087 2786 2457 2853 Immolantis,
2489 2784 2702 2857 inquit,
2731 2799 2802 2838 ea:
2830 2783 3039 2854 iniquo,
3069 2780 3274 2835 oblatio
3324 2781 3404 2834 est
3430 2777 3732 2842 maculata,

2088 2883 2140 2931 et
2166 2892 2276 2932 non
2302 2882 2428 2931 sunt
2457 2873 2805 2945 beneplacitse
2853 2870 3304 2927 subsannattones
3349 2868 3684 2939 injustorum
3708 2883 3733 2931 ;

2086 2964 2345 3037 itemque
2370 2981 2382 3019 :
2406 2964 2557 3019 Dona
2586 2963 2905 3033 iniquorum
2932 2974 3043 3015 non
3067 2959 3264 3030 probat
3291 2958 3623 3024 Altissimus,
3639 2971 3737 3012 nec

2087 3054 2308 3126 respicit
2331 3054 2392 3108 in
2420 3051 2784 3109 oblationibus
2807 3051 3142 3121 iniquorum,
3164 3063 3262 3103 nec
3288 3049 3352 3101 in
3385 3044 3739 3115 multitudine

2087 3144 2489 3215 sacriﬁciorum
2516 3158 2705 3198 eorum
2728 3139 3124 3212 propitiabitur
3146 3136 3403 3208 peccatis.
3438 3134 3544 3203 Qui
3578 3134 3737 3189 enim

2091 3233 2248 3305 oﬁert
2286 3232 2623 3301 sacriﬁcium
2670 3244 2740 3284 ea:
2785 3228 3097 3284 substantia
3140 3225 3424 3296 pauperis,
3456 3221 3618 3295 quasi
3644 3222 3743 3294 qui

2091 3323 2336 3378 vietimat
2364 3321 2546 3390 ﬁlium
2583 3321 2641 3375 in
2683 3324 2969 3389 conspectu
3002 3316 3181 3389 patris
3209 3316 3298 3370 sui
3328 3312 3516 3383 (Eccli.
3547 3328 3740 3378 xxxrv,

2089 3411 2303 3477 21-24).
2330 3409 2490 3465 Unde
2520 3413 2578 3464 et
2606 3406 2897 3463 Maximus
2926 3406 2998 3460 de
3026 3402 3248 3476 jejunio
3280 3418 3458 3475 agens
3492 3418 3505 3455 :
3531 3423 3558 3450 ‹‹
3593 3399 3742 3463 Quid

2092 3499 2350 3571 prodest,
2381 3496 2595 3570 inquit,
2628 3493 2932 3567 proprium
2962 3508 3078 3548 non
3109 3491 3280 3546 edere
3301 3504 3538 3561 panem,
3571 3491 3629 3543 et
3654 3487 3742 3541 vi-

2093 3591 2253 3641 ctum
2272 3585 2522 3657 diripere
2545 3580 2927 3638 miserorum?
2948 3602 2978 3630 ››
2994 3579 3274 3648 Itemque:
3295 3577 3532 3643 «Recte,
3548 3573 3745 3645 inquit

2094 3673 2400 3730 denarium
2432 3670 2604 3726 dabis
2634 3668 2896 3743 pauperi,
2924 3666 2976 3723 si
3005 3665 3174 3721 illum
3207 3663 3370 3720 alteri
3402 3678 3518 3719 non
3541 3661 3742 3718 abstu-

2094 3761 2236 3819 listi.
2263 3784 2290 3810 »
2326 3762 2552 3816 Rursus
2581 3776 2714 3816 vero
2746 3756 2845 3830 qui
2870 3773 3051 3829 supra
3083 3755 3248 3811 :Noli
3273 3753 3475 3828 oﬂ'erre
3511 3767 3745 3807 munera

2090 3868 2306 3925 prava;
2329 3866 2439 3905 non
2467 3851 2615 3906 enim
2642 3848 2901 3920 suscipiet
2932 3847 3035 3903 illa
3066 3847 3223 3910 Deus,
3253 3844 3514 3916 quoniam
3553 3844 3742 3898 Domi-

2092 3957 2198 3996 nus
2209 3939 2383 4013 judcx
2411 3946 2509 4005 est,
2540 3946 2593 3994 et
2620 3953 2731 3993 non
2758 3936 2999 4009 estapud
3047 3935 3211 3991 illum
3256 3933 3515 4004 gloriatio
3556 3947 3742 4003 perso-

2092 4046 2185 4088 na:
2215 4031 2402 4101 (Eccli.
2425 4029 2711 4096 xxxv,14).
2745 4025 3036 4098 Propheta
3062 4039 3296 4097 quoque
3329 4041 3343 4079 :
3372 4022 3501 4090 Vah,
3528 4020 3743 4094 inquit,

2095 4122 2193 4193 qui
2216 4119 2490 4191 prazdaris
2500 4116 2703 4185 ,nonnd
2718 4120 2768 4173 et
2781 4118 2899 4187 ipse
2904 4113 3275 4186 praedaberis?
3296 4113 3627 4185 (Isai.xxxm
3637 4153 3650 4178 ,
3668 4110 3693 4164 1
3708 4108 3745 4181 .)

2093 4208 2203 4265 Job
2234 4208 2408 4264 etiam
2430 4223 2444 4261 :
2463 4207 2681 4270 Anima,
2706 4204 2805 4271 ait,
2828 4205 3241 4260 vulneratorum
3269 4200 3548 4267 clamabit,
3567 4207 3619 4254 et
3648 4199 3748 4254 Do-

2094 4299 2282 4352 minus
2330 4297 2571 4351 inultum
2618 4295 2771 4350 abire
2801 4310 2912 4349 non
2947 4293 3161 4364 patitur
3202 4290 3351 4361 (Job.
3383 4304 3500 4357 xw,
3535 4288 3643 4355 12).
3677 4286 3748 4340 Et

2095 4402 2227 4441 vere
2261 4401 2273 4439 :
2313 4385 2434 4441 Tibi
2451 4386 2623 4453 enim,
2658 4382 2799 4438 dicit
2820 4379 3153 4443 Psalmista,
3184 4377 3472 4433 derelictus
3501 4382 3579 4430 est
3603 4389 3746 4444 pau-

2093 4491 2213 4546 per,
2243 4474 2457 4545 pupillo
2487 4477 2547 4527 tu
2576 4472 2686 4526 eris
2716 4469 2935 4540 adjutor
2963 4468 3132 4539 (Psal.
3166 4483 3243 4531 1x,
3265 4461 3532 4532 54).Hazc
3563 4476 3750 4533 pauca

332 4559 523 4624 ctum.
557 4559 897 4613 sanctorum
924 4558 1014 4610 est
1043 4553 1296 4620 Domini.
1326 4558 1383 4608 et
1409 4553 1599 4624 adius
1629 4553 1881 4625 pertinet
1896 4571 1989 4609 sa-
2021 4576 2068 4642 Ι)
2100 4564 2295 4634 itaque
2326 4577 2458 4615 cum
2491 4559 2735 4614 inﬁnitis
2761 4557 2972 4612 divinae
2991 4554 3137 4627 legis
3166 4549 3523 4608 testimoniis
3553 4548 3748 4642 confe-

333 4645 643 4701 cerdotum
695 4646 841 4717 (Leu.
880 4660 1037 4712 ινιιι,
1068 4643 1182 4711 23).
1214 4665 1243 4693 »
1280 4642 1478 4697 Praeda
1522 4658 1657 4697 vero
1702 4646 1990 4714 quantum

2101 4668 2257 4717 rens,
2291 4650 2373 4705 sic
2404 4665 2603 4704 exerce
2636 4644 3031 4719 temporaliter
3060 4640 3354 4706 militiam,
3387 4642 3452 4695 ut
3472 4636 3751 4696 isternali-

333 4732 460 4790 Deo
491 4731 815 4806 displiceat,
848 4732 987 4788 audi
1023 4748 1034 4787 :
1063 4754 1090 4781 ‹‹
1115 4732 1356 4803 Propter
1385 4730 1682 4786 miseriam
1741 4730 1983 4803 inopum

334 4826 399 4880 et
424 4822 707 4895 gemitum
728 4837 1052 4894 pnuperum
1083 4837 1239 4876 nunc
1258 4836 1590 4892 exsurgam,
1617 4819 1761 4875 dicit
1789 4820 1986 4876 Domi-

336 4927 458 4967 nus
480 4911 655 4983 (Psal.
690 4927 752 4977 ιι,
796 4910 876 4983 6).
902 4931 930 4960 ››
964 4911 1293 4982 Exsurgens
1330 4925 1483 4976 vero,
1517 4908 1575 4964 id
1605 4912 1713 4977 est,
1746 4909 1818 4965 ad
1861 4910 1987 4965 vin-

335 4998 561 5056 dictam
613 5015 676 5055 se
726 5014 1083 5071 praeparans,
1116 4997 1255 5069 quid
1289 4996 1415 5070 ipse
1467 5001 1621 5071 agat,
1654 4998 1991 5055 manifestat

338 5088 580 5144 dicens:
618 5088 901 5145 Dominus
931 5091 1127 5143 autem
1158 5104 1277 5142 non
1309 5086 1489 5142 faciet‘
1509 5086 1826 5143 vindictam
1874 5087 2011 5144 ele-.

339 5180 576 5233 ctorum
624 5194 863 5234 suorum
913 5175 1295 5232 clamantium
1344 5175 1415 5230 ad
1447 5190 1529 5241 se,
1555 5180 1614 5231 et
1648 5175 1991 5248 patientiam

339 5265 585 5322 habebit
615 5266 675 5321 in
714 5264 853 5321 illisi
897 5282 1066 5322 amen
1119 5264 1248 5321 dico
1292 5263 1476 5332 vobis,
1512 5261 1651 5335 quia
1680 5264 1794 5320 cito
1824 5265 1996 5322 faciet

422 5372 536 5444 (16)
567 5373 1114 5444 Locuscorruptus,
1144 5370 1232 5444 vel
1260 5369 1493 5444 hiulcus
1526 5386 1780 5444 :Asensus
1798 5376 1993 5444 autem

335 5441 445 5501 hic
474 5441 602 5499 sese
631 5444 859 5516 videtur
885 5461 912 5516 εί.
936 5441 1139 5516 Itaque
1168 5443 1435 5516 inrebus
1466 5441 1809 5516 hujusmodi
1835 5444 1997 5500 nulla

336 5514 1022 5571 videturinterhomines
1043 5513 1170 5571 esse
1191 5514 1488 5579 distantia,
1510 5529 1611 5570 seu
1634 5513 1860 5570 nullum
1877 5517 1996 5573 dis-

335 5587 591 5643 crimen.
619 5587 746 5643 Non
797 5585 1053 5643 absimili
1102 5602 1275 5657 sensu
1323 5584 1570 5639 inferius
1614 5602 1778 5657 num.
1809 5587 1896 5657 17,
1929 5605 1999 5644 ex

338 5658 784 5716 Deuteronomii
813 5675 938 5732 cap.
964 5676 1004 5724 1,
1034 5674 1180 5714 vers.
1238 5656 1305 5711 16
1339 5674 1351 5711 :
1385 5656 1552 5712 Nulla
1608 5658 1683 5712 sit
1738 5656 2002 5716 distantia

332 5745 729 5805 personarum.

2093 4745 2182 4796 ter
2210 4739 2499 4795 viventem
2525 4751 2897 4809 nequaquam
2929 4732 3136 4807 perdas
3160 4729 3441 4788 animam.

2522 4827 2643 4881 Τιτ.
2680 4824 2775 4881 III.
2810 4855 2879 4865 —
2908 4824 2983 4880 De
3009 4821 3330 4893 artiﬁcibus.

2167 4919 2221 4973 5.
2256 4915 2475 4973 Artifex
2505 4908 2625 4972 es?
2641 4913 2789 4970 Audi
2826 4928 2839 4968 :
2873 4913 3187 4984 Deprecalio
3236 4908 3527 4964 artificum
3552 4910 3614 4962 in
3634 4923 3752 4979 ope.

2099 5008 2312 5063 ratione
2342 5008 2501 5072 artis,
2533 5002 2996 5060 accommodantes
3052 5001 3321 5066 animam,
3350 5004 3400 5053 et
3426 4997 3751 5068 conquiren-

2099 5106 2175 5155 tcs
2204 5098 2262 5151 in
2294 5096 2409 5165 lege
2431 5094 2706 5150 Allissimi
2733 5092 2925 5159 (Eccli.
2951 5105 3189 5157 xxxvm,
3220 5086 3312 5159 39)
3340 5090 3409 5142 ut
3455 5084 3753 5157 intelligas

2099 5185 2244 5259 ipsis
2275 5186 2394 5241 tuis
2425 5182 2700 5256 operibus
2731 5185 2788 5237 te
2819 5196 2992 5252 posse
3023 5178 3141 5233 Deo
3172 5177 3378 5232 oil‘erre
3425 5174 3752 5247 acceptabi-

2100 5275 2214 5330 lem
2247 5273 2504 5341 laudern,
2531 5270 2862 5327 orationum
2888 5264 3234 5334 videlicet,si
3264 5263 3381 5321 Deo
3426 5279 3756 5321 accommo-

2177 5380 2287 5506 (17)
2318 5379 2435 5436 Hoc
2462 5377 2589 5460 loco
2619 5377 2871 5458 abusum
2914 5374 3161 5453 videtur.
3197 5373 3606 5453 perstringere,
3639 5386 3755 5454 quo

2107 5452 2180 5508 ob
2209 5451 2559 5524 aliouest
2585 5447 2854 5524 .ceclesns
2884 5442 3517 5524 fact_ze_,mil1tib.us,.seu
3550 5440 3759 5524 nohiii-

2108 5524 2220 5579 lius
2250 5523 2413 5578 laicis
2435 5521 2493 5576 in
2512 5510 2859 5576 beneficium
2878 5510 3277 5573 tradebantur.
3296 5513 3450 5569 ltain
3470 5510 3754 5584 opusculo

2107 5595 2179 5651 de
2210 5598 2413 5650 sancto
2443 5592 2702 5647 Metrone
2732 5606 2896 5645 num.
2929 5589 2983 5653 3,
3017 5587 3264 5653 loquens
3313 5584 3384 5640 de
3432 5581 3754 5640 Veronensi

2109 5664 2356 5722 ecclesia
2384 5664 2444 5719 S.
2473 5661 2683 5719 Vitalis
2713 5661 2841 5732 ejus
2873 5654 3196 5732 redditibus
3246 5654 3461 5712 milites
3510 5654 3754 5710 donatos

2113 5737 2397 5808 queritur.
2429 5734 2637 5793 Confer
2659 5730 2877 5791 ibidem
2907 5734 3026 5788 not.
3063 5730 3151 5786 16.
