4086 6188
244 1228 245 1233 η
348 1158 572 1219 scilicet
600 1165 659 1218 et
688 1162 973 1219 futuram.

319 304 438 398 Ast
1242 309 1618 380 RATHEBII
1665 307 1915 375 EPISC.
1961 305 2252 375 vaaoN.
2300 304 2477 375 opp.
2519 298 2720 375 mas
2760 300 2812 376 ι.
3614 272 3745 381 is)

329 448 467 505 dare
494 439 988 521 animam,,legem
1018 446 1312 521 requirere
1343 449 1580 504 studeas
1607 446 1896 505 Altissimi
1915 446 1975 503 in
2005 447 2061 516 Α
2089 444 2195 502 tibi
2248 450 2315 502 ut
2354 445 2525 504 dares
2571 444 2909 505 concessit?
2955 444 3272 519 Facultate,
3306 422 3537 519 afl‘ectu,
3570 454 3748 526 atque
3808 422 3819 437 ⁸

331 536 717 611 custodiendo
771 552 1076 597 sermones
1126 538 1254 610 ejus
1285 538 1557 611 praecepti
1592 556 1605 593 :
1640 538 1794 610 quod
1826 539 1911 607 lit,
1936 537 1985 594 si
2096 534 2382 593 solamine
2400 535 2459 592 in
2493 536 2792 593 laboribns
2815 539 2986 611 cujus
3017 554 3125 611 ope
3155 537 3399 596 frueris?
3420 541 3504 596 Ad
3529 546 3750 614 postre-

332 626 530 698 ipsum
561 622 877 684 artiﬁcium
910 627 1070 690 :dum
1101 628 1267 684 adest
1288 627 1394 684 tibi
1418 628 1488 683 ad
1524 627 1787 701 corporis
1800 628 1989 684 subsi-
2100 640 2263 680 mum
2287 629 2629 698 teoperante
2662 626 2794 699 quis
2824 626 3095 683 effectum
3116 628 3325 683 tribuit
3343 628 3533 701 operi?
3548 630 3752 689 Nonne

341 715 533 783 dium,
564 719 800 790 satagas
830 733 867 771 u
903 716 1002 772 tsit
1029 715 1262 790 aliquod
1294 720 1353 772 et
1379 716 1587 772 animae
1619 717 1987 791 suffragium.
2100 713 2161 768 in
2192 713 2397 770 multis
2425 719 2696 786 expertus
2726 730 2790 772 es
2823 719 2992 771 tuum
3024 715 3283 773 laborem
3309 716 3392 773 nil
3421 717 3755 788 valere,nisi

340 804 422 865 Ex
451 804 580 879 ipso
608 804 867 879 denique
887 806 975 861 fac
996 805 1414 879 eleemosynas,
1450 807 1526 862 da
1567 807 1815 863 Domino
1838 807 1991 863 deci-
2102 817 2208 875 ego
2239 803 2488 859 salutem
2521 804 2872 861 decreverim
2931 809 3205 878 praestare
3226 805 3255 861 ?
3284 806 3431 863 Cum
3461 823 3493 865 e
3522 809 3754 867 duobus

342 909 495 975 mas.
512 894 806 953 Memento
834 895 974 966 quia
1002 911 1070 950 ex
1099 895 1378 951 omnibus
1409 911 1535 968 quae
1559 895 1827 965 contulit,
1848 913 1997 953 sem-
2105 889 2376 958 alterum,
2396 892 2453 947 id
2481 895 2571 949 est
2597 893 2653 947 in
2689 894 2890 949 morbo
2920 894 3232 962 consimili,
3268 896 3634 953 medicamen
3668 916 3756 955 re-

344 1000 450 1055 per
478 984 635 1057 quod
665 999 839 1040 suum
867 987 956 1039 est
985 983 1180 1057 exigit.
1215 985 1401 1055 Time,
1437 1003 1507 1042 ne
1538 985 1586 1042 si
1648 985 1733 1040 illi
1789 986 1996 1043 tuleris
2108 979 2404 1052 cuperavit
2434 982 2504 1036 ad
2535 982 2735 1050 vitam,
2756 981 3006 1039 alterum
3036 983 3350 1040 destinavit
3379 985 3449 1040 ad
3487 987 3756 1058 sepultu-

344 1076 572 1147 partem
601 1088 793 1141 suam,
826 1072 931 1128 tibi
965 1072 1162 1146 potius
1192 1073 1422 1130 adimas
1451 1079 1997 1148 maxumi-essentiam
2111 1084 2257 1136 ram,
2289 1069 2487 1126 omnia
2515 1086 2649 1125 vero
2676 1070 2797 1127 haec
2827 1070 2932 1127 tibi
2964 1072 3119 1129 unde
3139 1071 3167 1127 ?
3199 1073 3416 1145 quibus
3446 1074 3565 1131 tuis
3585 1077 3762 1133 meri-

2112 1158 2187 1214 tis
2207 1158 2234 1214 ?
2264 1175 2381 1231 qua
2410 1160 2831 1234 praerogativa?
2859 1178 2973 1234 quo
3004 1162 3244 1236 prazmio
3263 1163 3292 1218 ?
3322 1163 3538 1235 quibus
3594 1165 3763 1222 obse-

2115 1247 2318 1320 quiis?
2350 1249 2439 1305 Me
2470 1264 2627 1321 ergo,
2663 1266 2756 1306 me
2786 1267 3099 1307 munerum
3128 1251 3491 1324 largitorem,
3514 1271 3606 1309 me
3636 1271 3769 1327 ope-

2116 1354 2247 1392 rum
2271 1336 2603 1410 intelligens
2633 1338 3093 1412 dispunctorem,
3127 1341 3209 1396 ita
3241 1340 3393 1398 banc
3440 1341 3765 1414 humiliter,

2119 1425 2481 1494 charitative,
2516 1428 2836 1500 prudenter
2864 1434 3043 1503 atque
3072 1430 3414 1487 cautissime
3456 1448 3773 1506 exsequere

2125 1519 2331 1584 artem,
2366 1520 2431 1571 ut
2464 1534 2557 1572 me
2585 1518 2818 1591 utrique
2836 1519 3057 1592 cogites
3079 1524 3452 1592 praesentem,
3480 1524 3774 1593 quatenus

365 1606 540 1665 etiam
580 1609 754 1678 juxta
812 1608 1068 1665 litteram
1142 1610 1247 1667 tibi
1309 1612 1744 1686 praecipientem
1812 1612 2012 1670 Domi-

2148 1608 2180 1659 ει
2208 1604 2302 1661 hic
2332 1606 2539 1662 effectu
2571 1607 2746 1680 potiri
2775 1606 2967 1681 operis
3022 1610 3302 1683 proﬁcuo,
3330 1613 3390 1666 et
3419 1608 3537 1666 illic
3575 1626 3777 1669 remu-

366 1712 510 1752 num
537 1714 550 1752 :
582 1697 801 1764 Mediae,
831 1715 969 1754 cura
1017 1704 1068 1755 le
1120 1702 1298 1771 ipsum
1346 1703 1499 1771 (Luc.
1534 1720 1606 1770 IV,
1639 1703 1751 1772 23),
1794 1703 1853 1757 id
1903 1707 2012 1771 est,
2126 1692 2313 1749 nePaI‘i
2345 1711 2449 1766 PFO
2479 1694 2675 1751 labore
2707 1696 2984 1753 merearis
3015 1697 3272 1770 proprio.

368 1784 509 1841 dum
534 1786 594 1844 in
623 1784 756 1843 aliis
795 1802 972 1845 curas
1001 1789 1409 1863 aegritudinem
1460 1808 1793 1863 corporum,
1818 1795 2015 1865 satage
2045 1816 2093 1893 Β
2194 1784 2250 1836 7.
2285 1782 2706 1841 Discretionem
2739 1802 2973 1859 quoque
3001 1786 3155 1842 inter
3183 1785 3373 1843 lucem
3407 1792 3465 1844 et
3483 1789 3776 1858 tenebras,

369 1873 419 1893 :_
462 1877 505 1893 1-
544 1873 705 1893 n-1,1,
755 1876 794 1893 ‘l'
858 1892 863 1893 ,
914 1890 919 1893 λ
1073 1878 1090 1893 1
1169 1878 1178 1889 ι
1497 1881 1533 1893 Α
1636 1881 1651 1893 1
1692 1882 1742 1893 ιη..
1840 1880 1852 1893 υ
1889 1881 1900 1892 ι
2126 1870 2280 1893 Ξ-ιη-..
2309 1871 2599 1893 -_-__!nn1____
2652 1877 2692 1893 _A
2729 1874 2968 1893 1L1,'n,a,
3022 1892 3027 1893 ,
3101 1875 3112 1886 ο
3164 1879 3174 1893 ι
3334 1892 3339 1893 ,
3499 1877 3537 1893 ει·
3581 1878 3595 1893 ι
3663 1878 3697 1893 ι·
3758 1882 3769 1893 ι

369 1873 515 1930 inte
542 1873 937 1933 valetudinem
961 1878 1183 1933 mederi
1205 1895 1458 1934 morum,
1494 1881 1655 1946 Quod
1687 1882 1771 1949 ﬁt,
1805 1880 1853 1937 si
1887 1881 2013 1954 ipso
2045 1870 2093 1893 ”
2126 1870 2282 1927 inter
2309 1871 2610 1949 veritatem
2641 1877 2698 1931 et
2726 1874 3062 1944 falsitatem,
3097 1875 3249 1933 inter
3276 1892 3454 1949 opera
3482 1877 3703 1936 diaboli
3721 1882 3780 1936 et

370 1962 643 2019 medendi
707 1963 942 2037 ingenio
1002 1967 1215 2022 servire
1286 1970 1524 2024 studeas
1574 1969 1830 2026 Creatori
1874 1974 2016 2040 tuo;
2127 1960 2549 2033 benignitatem
2580 1962 2681 2019 Dei
2713 1981 2830 2020 non
2852 1964 3146 2022 modicam
3174 1982 3303 2023 esse
3333 1967 3613 2034 sentiens,
3636 1967 3780 2041 quid

374 2066 515 2122 erga
542 2067 828 2124 pauperes
866 2069 933 2110 eo
983 2058 1153 2111 utens
1196 2062 1500 2129 ρινωοθριο,
1535 2060 1689 2130 quod
1735 2061 2019 2116 Dominus
2129 2050 2200 2104 ad
2234 2050 2752 2125 medicinam,quid
2773 2052 3063 2125 pertineat
3081 2054 3357 2128 cogitaad
3378 2054 3783 2114 maleﬁcorum

376 2136 522 2201 dicit
575 2139 636 2196 in
687 2140 998 2215 Evangelio
1032 2160 1045 2198 :
1081 2143 1262 2200 Gratis
1309 2150 1609 2218 accepistis,
1668 2150 1842 2221 gratis
1898 2150 2024 2207 date

2148 2138 2441 2195 'allaciam.
2466 2141 2789 2214 Pigmentis
2822 2142 2934 2215 (19)
2967 2143 3124 2200 enim
3156 2143 3374 2214 herbis,
3418 2144 3784 2220 diversisque

377 2226 587 2296 (Matth.
615 2244 673 2295 x,
705 2228 762 2300 8)
787 2247 800 2297 ;
828 2242 967 2304 erga
994 2231 1203 2289 divites
1248 2233 1348 2290 illo
1393 2236 1652 2308 Αροειοιί
1679 2237 1825 2309 (18);
1858 2239 2025 2295 Nemo
2141 2232 2418 2285 creaturae
2450 2229 2756 2302 speciebus
2786 2248 2855 2287 ea
2882 2231 2942 2287 in
2966 2232 3200 2289 nomine
3220 2233 3349 2304 ejus
3367 2234 3628 2306 easequi,
3655 2251 3790 2307 qua

378 2315 771 2382 circumvallat
802 2321 862 2374 in
890 2322 1100 2392 negotio
1127 2324 1358 2395 fratrem
1379 2340 1563 2397 suum,
1602 2329 1865 2399 quoniam
1904 2329 2026 2384 vin-

2148 2316 2627 2395 peritissimorum
2658 2321 2730 2377 ab
2760 2336 2826 2378 eo
2855 2319 3142 2393 inspirata
3170 2322 3394 2379 invenit
3421 2321 3682 2391 solertia,
3713 2324 3791 2380 ad

816 1297 939 1352 Trr.
971 1295 1062 1353 ιν.
1090 1329 1160 1338 -—-
1191 1300 1267 1354 De
1292 1299 1537 1356 medicis.

429 1431 486 1486 6.
521 1429 593 1485 Et
639 1433 706 1486 ut
751 1446 786 1486 a
835 1443 1068 1504 genere,
1090 1432 1349 1505 aliquem
1398 1433 1685 1490 artiﬁcum
1747 1452 2006 1492 commo-

364 1519 559 1576 nendo
589 1521 960 1576 transeamus
991 1521 1064 1577 ad
1114 1521 1391 1594 speciem,
1424 1523 1688 1580 medicus
1718 1525 1832 1580 es?
1859 1524 2009 1581 Audi

380 2403 488 2459 dea:
516 2413 596 2461 est
625 2409 897 2465 Dominus
951 2410 1017 2465 de
1076 2414 1328 2468 omnibus
1354 2414 1402 2486 (Ι
1454 2415 1631 2471 Thess.
1678 2433 1753 2478 ιν.
1783 2417 1841 2485 6)
1865 2422 1973 2472 etc.
2011 2433 2026 2485 ;

383 2496 450 2552 ut
471 2492 737 2552 videlicet
764 2499 1122 2571 pauperibus
1137 2501 1322 2574 gratis
1340 2518 1443 2576 pro
1466 2503 1568 2561 Dei
1592 2521 1788 2562 amore
1809 2504 2033 2562 miscri-

389 2582 640 2641 corditer
663 2586 998 2655 subvenias,
1023 2590 1303 2648 divitibus
1331 2598 1464 2650 vero
1494 2611 1598 2667 pro
1630 2596 1893 2652 mercede
1936 2612 2033 2651 ac-

390 2676 556 2746 cepta
580 2676 871 2735 medelam
901 2678 1151 2737 ﬁdeliter
1175 2680 1502 2753 impendas,
1528 2701 1599 2741 ne
1629 2685 1813 2741 Deum
1844 2684 2035 2741 vindi-

392 2777 520 2818 cem
550 2780 650 2820 eos
679 2764 1142 2827 circumveniens
1166 2770 1403 2827 sentias.
1436 2774 1508 2828 At
1548 2777 1632 2841 tu,
1667 2791 1781 2830 non
1831 2774 2035 2847 gratis,

392 2853 612 2928 inquis,
628 2856 927 2928 accepi,ut
953 2856 1100 2913 dicis
1123 2876 1138 2927 ;
1166 2859 1306 2931 quia
1326 2864 1385 2915 et
1414 2862 1728 2933 magistros
1750 2862 2036 2929 mercede,

393 2951 453 3006 et
479 2947 704 3021 species
732 2945 1188 3003 medicaminum
1206 2949 1393 3019 pretio
1422 2948 1784 3023 emi,vigiliis
1807 2950 2043 3022 quoque

2137 2406 2397 2499 medicos
2424 2425 2438 2477 ;
2464 2409 2745 2482 auguriis,
2780 2410 3354 2483 praecantationibus,
3380 2411 3469 2468 vel
3501 2410 3634 2469 aliis
3691 2430 3789 2470 sa-

2138 2495 2490 2569 crilegarum
2519 2498 2990 2556 Observationum
3021 2498 3793 2575 supersﬁﬁbnibusutiper-

2139 2585 2286 2640 tinet
2314 2586 2386 2641 ad
2421 2587 2885 2657 mathematicos,
2903 2588 2994 2646 vel
3024 2589 3251 2646 Marsos
3265 2589 3400 2662 (20).
3420 2590 3791 2649 Mathemati-

2080 2713 2101 2735 ο
2142 2690 2344 2732 corum
2374 2674 2566 2734 henus
2592 2682 2683 2733 est
2712 2678 2771 2734 in
2797 2677 3009 2746 Africa,
3040 2678 3134 2734 cui
3165 2694 3283 2734 non
3309 2683 3522 2737 nocent
3545 2697 3793 2753 serpen-

2143 2767 2234 2820 tes
2262 2783 2275 2834 ;
2308 2769 2367 2821 et
2415 2767 2649 2838 quando
2677 2766 2881 2824 volunt
2913 2767 3061 2824 ﬁlios
3092 2784 3231 2824 suos
3285 2767 3552 2840 probare,
3587 2770 3795 2826 utrum:

2147 2854 2238 2910 sui
2269 2853 2409 2922 sint,
2441 2872 2515 2910 an
2539 2872 2678 2922 non,
2709 2856 2951 2911 mittunt
2978 2856 3109 2912 illos
3131 2855 3283 2912 inter
3308 2862 3631 2930 serpentes,
3660 2864 3719 2914 et
3739 2858 3789 2913 si

2149 2947 2290 2999 sunt
2318 2945 2572 3000 extranei
2605 2946 2855 3017 generis,
2880 2945 3013 3001 illos
3044 2946 3322 3001 devorant
3350 2945 3796 3018 scrpentes.Ali-

396 3037 717 3110 multisque
744 3035 1068 3104 laboribus,
1082 3036 1382 3094 medicina;
1404 3040 2049 3112 infirmorumquecau-
2150 3036 2240 3089 ter
2268 3031 2444 3105 Psylli
2470 3033 2582 3104 (21)
2613 3033 2674 3089 in
2703 3034 2916 3102 Africa,
2950 3033 3127 3090 Marsi
3156 3034 3394 3091 fuerunt
3423 3034 3681 3111 in‘ltalia
3712 3035 3799 3093 in-

396 3144 482 3197 sa,
506 3125 829 3200 saepissime
851 3125 1094 3183 afﬁcior.
1120 3125 1406 3184 Dominus
1437 3134 1668 3187 contra:
1695 3131 1826 3187 Sine
1847 3130 2046 3197 me,in-

2150 3124 2476 3178 cantatores
2505 3121 2887 3194 serpentium,
2922 3121 3023 3193 qui
3055 3138 3154 3178 eos
3212 3126 3313 3177 aut
3337 3121 3791 3191 interﬁciebant,

396 3218 544 3291 quit,
576 3217 721 3273 nihil
741 3216 961 3289 potestis
990 3214 1093 3273 I5
1120 3217 1303 3287 facere
1331 3218 1509 3285 (Joan.
1544 3221 1630 3287 15,
1680 3220 1747 3293 ³).
1788 3221 2038 3292 Aposto-
2068 3202 2121 3271 Εἴ
2153 3216 2254 3268 aut
2277 3226 2480 3267 nocere
2503 3227 2619 3266 non
2642 3209 3297 3267 sinebant.Carbunculi
3325 3210 3503 3277 enim,
3528 3208 3799 3268 velmalze

394 3307 489 3368 lus
519 3316 755 3381 quoque
780 3322 794 3362 :
831 3307 972 3376 Quid
1000 3307 1183 3373 habes,
1213 3308 1355 3379 quod
1382 3323 1489 3363 non
1522 3310 1801 3382 accepisti?
1830 3310 1886 3382 (I
1912 3308 2036 3364 Cor.

395 3398 497 3466 iv),
526 3398 613 3466 7.)
627 3395 956 3468 iterumque
976 3397 1140 3465 :Qui:
1157 3398 1318 3468 prior
1340 3395 1550 3454 deditei
1575 3406 1629 3453 et
1654 3397 1948 3454 retribetur
1958 3399 2041 3453 ei?

396 3487 570 3560 (Rom.
616 3503 685 3554 ιι,
711 3484 827 3557 35.)
882 3485 1131 3542 Jacobus
1189 3485 1368 3541 etiam
1403 3504 1416 3542 :
1451 3488 1638 3555 Omne,
1690 3486 1790 3555 ait,
1850 3487 2041 3542 datum

393 3577 684 3649 optumam,
721 3582 777 3632 et
828 3589 987 3632 omne
1031 3574 1238 3631 donum
1272 3577 1577 3647 perfectum
1630 3576 1915 3632 desursum
1967 3584 2045 3633 est

393 3666 574 3736 (Zach'.
607 3682 648 3731 ι,
682 3664 791 3735 17).
819 3664 964 3719 Nam
997 3664 1164 3735 quasi
1198 3667 1253 3719 te
1281 3665 1455 3720 modo
1504 3664 1659 3721 Deus
1715 3665 2038 3733 conveniat,

398 3754 535 3826 quis
561 3753 690 3820 tibi,
717 3752 1012 3824 inquiens”,
1045 3751 1223 3808 dedit.
1259 3769 1436 3824 quam
1465 3752 1710 3826 largitus
1733 3771 1795 3811 es
1822 3771 2041 3811 merce-

398 3842 767 3910 dem?'nonne
797 3840 933 3914 ego?
957 3840 1238 3913 Magistro
1251 3844 1351 3896 tuo
1364 3842 1667 3899 scientiam
1690 3842 2040 3910 instruendi,

398 3929 505 3987 tibi
535 3928 1202 4001 intellectum‘capiendi
1230 3929 1259 3984 ?
1288 3946 1481 3986 nonne
1532 3947 1638 4003 ego
1657 3932 1685 3986 ?
1712 3933 1798 3987 An
1851 3936 2043 3988 mente

398 4017 667 4077 excedit:
700 4016 887 4073 Omnis
912 4018 1193 4089 sapientia
1215 4033 1252 4073 a
1285 4019 1514 4075 Domino
1568 4021 1674 4075 Deo
1701 4026 1782 4076 est
1805 4025 1827 4077 ξ’
1852 4022 2040 4091 (Eccli.

399 4124 441 4177 r,
467 4107 545 4179 1.)
567 4104 940 4162 Voluntatcm
972 4108 1226 4178 quoique,
1256 4123 1373 4178 qua
1402 4111 1456 4163 te
1489 4107 1696 4165 saltem
1729 4125 1833 4182 pro
1890 4127 2044 4166 mer-

400 4195 817 4261 cede'doceret,
848 4193 898 4250 si
928 4209 1037 4268 ego
1068 4195 1302 4267 penitus
1347 4196 1710 4267 avertissem,
1732 4198 1866 4270 quis
1906 4201 2044 4255 dare

398 4285 668 4359 poterat?
695 4283 953 4341 Pretium
974 4301 1078 4358 pro
1101 4284 1591 4342 medicaminibus
1614 4286 1889 4344 collatum
1913 4288 2047 4361 quis

468 4436 577 4511 (18)
597 4412 923 4518 Legebatur
950 4436 1376 4518 illiusaposioli,
1399 4436 2047 4518 mendqsergorrectio-

397 4506 530 4565 nem
557 4506 735 4582 exigit
763 4511 1087 4582 contextus.
1114 4506 1278 4582 Sicut
1298 4507 1361 4582 in
1396 4509 1858 4582 praecedentibus
1878 4511 2044 4578 dixit,

394 4590 455 4637 so
485 4588 640 4635 utens
653 4576 1270 4651 praeceptoEvangelii,
1294 4576 1490 4651 itahic
1516 4580 1870 4637 subauditur
1890 4576 2044 4638 idene
2076 4580 2121 4644 D

392 4655 675 4724 praecepto
698 4650 1029 4707 ante’veces
1054 4650 1157 4705 illo
1184 4650 1434 4724 apostoli.

469 4721 959 4793 (19)_Pigmentam
986 4737 1091 4792 pro
1131 4721 1373 4793 potione
1432 4721 1659 4778 medica
1697 4739 1765 4779 ex
1798 4723 2048 4781 diversis

397 4790 706 4864 specieb_us
734 4790 1002 4864 confecta
1024 4790 1325 4864 accipitur.

469 4861 589 4949 (20)
610 4860 874 4949 (Erat-in"
889 4860 1185 4949 vulgatis"
1195 4863 1519 4949 Marsor‘urn,
1549 4869 1817 4949 corrupte
1843 4883 1856 4933 ;
1907 4883 2046 4949 nam

399 4930 589 5010 Marsi
604 4930 821 5010 nonin
843 4930 1205 5010 Ahicfahsed,
1239 4936 1304 5010 ut
1332 4932 1419 4988 vel
1453 4934 1582 5010 ipse
1610 4930 1816 4992 auctor
1844 4930 2046 5010 paulo

397 5008 532 5133 gnat
579 5003 799 5097 subdit,
846 5002 907 5057 in
955 5002 1125 5086 italia
1155 5002 1495 5104 extiterunt:
1542 5006 1689 5088 Cum
1736 5002 1891 5063 vero'
1913 5014 2048 5065 ante

459 5092 629 5132 ursas
655 5091 789 5133 mox
809 5089 1203 5133 nominaverit,
1247 5074 1714 5133 mathematicos.
1747 5078 2046 5133 mathema-

459 5092 629 5132 arsos
655 5091 789 5135 mox
809 5074 1203 5155 nominaverit.
1247 5074 1714 5144 mathematicos,
1747 5078 2046 5155 mathema-

396 5149 627 5223 ticorum
656 5149 1036 5223 correximus,
1062 5162 1546 5223 quorumgenus.
1562 5165 1663 5205 seu
1698 5150 1921 5223 species
1952 5167 2047 5223 pe—

396 5216 634 5293 culiaris
664 5217 733 5293 in!
753 5216 945 5273 Africa
972 5215 1621 5293 b_ic'describit_ur._l_{os_
1641 5215 1879 5293 quidem
1911 5215 2046 5293 ρξοο-

395 5287 792 5363 ρτίοήοῐηὶὶιβ
826 5304 939 5344 non
972 5286 1192 5363 Marsos,
1218 5288 1318 5344 sed
1349 5290 1564 5363 Psyllos
1607 5286 1674 5363 in'
1699 5291 1889 5347 Africa
1912 5286 2048 5363 post

397 5359 585 5434 pauca
615 5360 878 5434 nominat
900 5359 1344 5434 Lquibus'sane
1371 5360 1594 5434 Plinius
1625 5362 1745 5434 lib.)
1768 5380 1868 5427 vn,
1902 5359 1955 5434 cr.
1985 5367 2044 5426 2,

396 5428 615 5506 similia
645 5431 869 5487 tribuit.
899 5428 1098 5491 Tradit
1125 5431 1280 5506 enim
1316 5431 1819 5506 Psyllospopulos
1842 5433 2044 5489 Africae

396 5520 445 5575 εκ
461 5499 653 5575 Psyllo
677 5519 813 5574 rege
842 5508 1230 5575 nuncupatos,
1262 5503 1320 5558 in
1354 5499 1514 5560 more
1545 5499 1822 5560 h'ab'uisse
1877 5510 2045 5561 natos

399 5574 653 5701 objitcero
673 5574 1140 5647 serpentibus,ut
1167 5590 1416 5650 uxorum
1449 5576 1795 5647 pudicitiam
1823 5576 2046 5649 experi-

399 5664 497 5701 rcn
529 5662 617 5701 ur.

397 5662 617 5704 rentur.

469 5714 940 5792 (2t);Psyllorum
974 5716 1199 5783 Africae,
1234 5721 1292 5773 et
1336 5716 1663 5772 Marsorum
1715 5717 1913 5790 Italiae,
1947 5718 2046 5792 qui

2151 3299 2421 3375 pustulas,
2439 3316 2611 3372 quem
2635 3298 2858 3355 malum
2870 3298 3043 3372 vulgo
3066 3299 3271 3355 dicunt
3288 3300 3667 3372 maiamp-num
3682 3300 3805 3372 (22)

2150 3390 2477 3446 remedium
2508 3393 2615 3456 est,
2642 3392 2706 3444 ut
2737 3388 2961 3456 dicunt,
2995 3388 3045 3444 si
3076 3387 3280 3457 herba,
3311 3405 3438 3460 quae
3471 3388 3804 3463 specialiter

2149 3477 2511 3550 franciloquo
2543 3478 2759 3534 dicitur
2787 3477 3083 3549 radix_(23)
3114 3478 3627 3550 sermone,optime
3640 3477 3800 3547 trita,

2150 3571 2324 3640 atque
2354 3569 2597 3635 extorta,
2629 3566 2819 3622 eidem
2847 3570 3298 3639 superponatur,
3319 3582 3506 3638 usque
3536 3566 3610 3622 ad
3640 3583 3801 3623 eam-

2150 3657 2279 3712 dem
2313 3672 2431 3728 qua
2447 3656 2548 3711 ‘16
2566 3654 2756 3727 posita
2769 3656 2955 3711 fuerat
2984 3654 3191 3710 horam
3214 3670 3392 3727 super
3407 3654 3621 3710 vulnus
3633 3671 3802 3710 man-

2151 3762 2310 3812 sura,
2344 3745 2646 3802 observato
2679 3743 2904 3801 scilicet
2930 3748 2996 3799 ut
3025 3734 3203 3801 simul
3235 3759 3447 3800 succus
3480 3741 3695 3799 radicis
3715 3743 3801 3801 eis

2151 3835 2282 3890 dcm
2314 3834 2659 3903 inbaustum
2688 3850 2839 3906 aegro
2896 3831 3210 3901 tribuatur,
3244 3848 3315 3887 ne
3366 3831 3589 3888 scilicet
3639 3831 3802 3888 virus

2150 3923 2223 3979 ad
2255 3940 2356 3979 cor
2411 3920 2607 3980 redeat
2638 3923 2947 3992 introrsus,
2978 3922 3454 3993 incessanterque
3495 3936 3684 3992 usque
3728 3920 3803 3977 ad

2151 4012 2357 4068 horam
2388 4027 2504 4084 qua
2534 4011 2789 4084 positum
2822 4014 2929 4079 est,
2962 4009 3271 4083 paulatim,
3308 4027 3380 4066 ne
3443 4008 3685 4065 forsitan
3719 4009 3806 4064 fa-

2153 4101 2395 4157 stidium
2420 4100 2929 4174 generet,inesum
2959 4103 3248 4172 quantum
3279 4102 3491 4172 potest,
3509 4100 3803 4154 sumatur.

2153 4190 2440 4256 Qui‘ddam
2471 4207 2604 4246 vero
2618 4190 2947 4255 infandum,
2960 4189 3060 4244 hic
3074 4205 3177 4244 nec
3191 4187 3800 4267 commemorandum,

2132 4281 2213 4336 ‘in
2249 4277 2526 4337 schedula
2555 4279 2743 4334 instar
2771 4295 2995 4334 coronaa
3023 4278 3441 4349 conscriptum,
3473 4280 3532 4332 et
3573 4274 3803 4330 vulneri

2155 4431 2526 4488 ineantandis
2573 4431 2943 4494 serpentibus
2999 4433 3166 4486 erant
3223 4427 3500 4494 celebres,
3554 4424 3806 4482 neminit

2155 4447 2526 4488 incantanms
2573 4447 2667 4487 ser
2709 4447 2943 4486 entmus
2999 4447 3166 4486 erant
3223 4447 3500 4494 celebres,
3554 4447 3803 4482 nemina

2154 4503 2380 4582 Plinius
2407 4503 2534 4582 loco
2563 4447 2818 4558 laugato.
2835 4501 3074 4582 Illorum
3103 4500 3448 4582 corporibus
3471 4497 3803 4582 ingenitum

2157 4576 2496 4631 tradebatur
2515 4590 2827 4639 venenum,
2858 4574 3027 4645 cujus
3056 4571 3230 4629 odore
3262 4571 3644 4645 scpiebantur
3681 4584 3807 4624 ser-

2151 4652 2372 4720 pentes.
2392 4645 2565 4720 Marsi
2585 4649 2779 4720 autem
2799 4640 3348 4720 salivauserpentuni
3369 4640 3663 4720 morsibus
3681 4655 3811 4720 me-

2157 4709 2464 4774 debentur.
2497 4717 2641 4771 Hinc
2672 4715 2843 4771 aliter
2874 4715 3069 4787 Psylli,
3104 4709 3272 4770 aliter
3293 4711 3685 4787 Marsipt'uisse
3715 4709 3804 4766 di-

2157 4794 2372 4845 cuntur
2397 4787 2792 4859 incantatores
2821 4782 3155 4859 serpentum
3177 4785 3346 4858 :quia
3364 4782 3546 4859 Psylli
3556 4796 3807 4859 serpen-

2154 4866 2243 4916 tes
2274 4860 2471 4927 odore
2502 4853 2946 4925 interﬁciebant',
2975 4855 3154 4914 Marsi
3212 4853 3408 4913 autem
3445 4853 3647 4911 'saliva
3666 4853 3680 4855 ἡ
3702 4868 3806 4909 eos

2156 4949 2270 4987 non
2302 4930 2575 4985 sinebant
2603 4945 2828 4985 nocere.

2226 5002 2340 5073 (22)
2371 5001 2434 5056 In
2465 4998 3134 5079 historia_translatio_nis
3166 4999 3240 5079 S._
3255 4994 3661 5079 Augustiniet
3706 5010 3809 5079 so-

2155 5067 2381 5129 ciorum
2411 5071 2621 5127 smculo
2652 5071 2725 5127 VI
2756 5071 3129 5128 Benedictino
3156 5086 3188 5126 a
3219 5067 3555 5125 Mabillonio
3585 5067 3809 5122 inserta

2156 5148 2303 5216 part.
2338 5161 2400 5209 ιι,
2430 5160 2561 5217 pag.
2592 5144 2721 5206 738,
2755 5143 2876 5198 haec
2907 5143 3218 5268 leguntur:
3255 5135 3810 5209 Carbwwlusﬂuod

2156 5216 2364 5268 malum
2416 5216 2616 5268 Franci
2658 5231 2753 5268 ner
2798 5217 2952 5268 antin
2992 5214 3149 5268 resin
3196 5213 3399 5268 bonum
3456 5210 3809 5265 malmnnum

2154 5210 2364 5271 inalum
2415 5210 2616 5287 Franci
2653 5231 2753 5287 per
2798 5210 3149 5287 antiphrasin
3196 5210 3809 5287 bonum_mal¢minam

2154 5296 2364 5343 vocant.
2399 5284 2541 5340 Hinc
2575 5279 2727 5356 apud
2763 5279 3102 5340 ltatherium
3134 5282 3544 5356 corrigendum
3574 5279 3810 5335 videtur

2153 5359 2292 5430 quod
2320 5360 2531 5413 malum
2548 5353 2659 5430 pro
2690 5372 2847 5430 quem
2878 5357 3107 5430 malum,
3139 5353 3583 5430 nisi_relativum
3602 5421 3616 5430 _
3639 5366 3810 5430 quem

2156 5421 2227 5484 ad
2259 5421 2651 5485 carbunculum
2685 5421 3368 5493 referendum,etmalum
3392 5436 3505 5479 non
3528 5421 3808 5478 substan-

2154 5500 2277 5567 tivi,
2293 5501 2391 5556 sed
2413 5498 2678 5570 adjectivi
2702 5498 2826 5553 loco
2847 5492 3348 5570 accipiendum,et
3376 5511 3509 5551 cum
3534 5492 3809 5550 substan-

2155 5567 3099 5653 tiqunaltinipnanipopulandum
3128 5567 3464 5653 existimes.-
3556 5637 3567 5648 ι

2227 5644 2340 5715 (25)
2370 5638 2550 5699 Radix
2578 5638 3094 5707 ltalice‘radicchio,
3128 5640 3332 5695 Latine
3360 5638 3683 5695 cichorium.
