4100 6200
417 325 530 425 153

1332 360 1706 427 RATHERII
1749 358 1993 424 EPISC.
2038 361 2331 424 VERON.
2376 359 2550 426 OPP.
2595 360 2800 425 PARS
2845 354 2896 424 Ῑ.

3725 351 3868 423 156.

412 497 568 552 esset
592 491 862 569 aliquain
879 494 1010 554 istis
1024 492 1469 565 elementis,nou
1493 496 1840 570 plerumque
1855 512 2058 553 nasce-
2090 499 2145 566 Α
2174 514 2307 570 pus,
2341 501 3148 570 autquarumcunquererum
3170 490 3554 567 quibuslibet
3575 492 3764 549 succis
3777 494 3829 551 et

411 589 616 641 rentur
643 602 713 641 ex
745 590 918 654 terra,
952 604 1079 659 qua:
1112 587 1190 643 ibi
1223 587 1512 644 seminata
1544 603 1658 641 non
1700 589 1914 655 essent;
1957 603 2060 642 nec

412 674 693 731 animalia
722 679 842 731 tam
868 675 1073 746 multa,
1107 677 1266 732 nulla
1295 676 1548 732 marium
1593 676 2060 748 feminarumque

412 764 820 820 commistione
852 766 1224 836 praecedente,
1245 766 1363 822 sive
1386 766 1443 821 in
1475 769 1648 834 terra,
1674 765 1791 820 sive
1808 765 1865 819 in
1885 781 2058 836 aqua,

413 869 541 924 qua:
574 856 769 908 tamen
799 858 1091 921 crescunt,
1119 858 1176 909 et
1206 855 1468 910 coeundo
1501 854 1617 910 alia
1646 853 1900 926 pariunt,
1924 870 2058 907 cum

414 939 516 996 illa
541 941 717 997 nullis
749 942 1091 998 coeuntibus
1123 944 1465 1016 parentibus
1497 947 1624 998 orta
1655 943 1790 998 sint.
1814 944 1884 997 Et
1906 946 2060 997 certe

413 1047 552 1102 apes
583 1030 808 1088 semina
838 1031 1091 1087 filiorum
1117 1049 1230 1087 non
1264 1033 1524 1088 coeundo
1551 1031 1909 1103 concipiunt,
1959 1030 2058 1086 sed

410 1123 693 1192 tanquam
717 1137 924 1193 sparsa
953 1138 1054 1192 per
1084 1126 1271 1176 terras
1303 1137 1400 1176 ore
1448 1120 1748 1192 colligunt.
1793 1118 2058 1175 Invisibi-

409 1207 557 1264 lium
588 1208 745 1264 enim
771 1209 1065 1265 seminum
1093 1213 1334 1275 creator,
1360 1209 1485 1280 ipse
1507 1211 1730 1264 creator
1751 1213 1841 1263 est
1863 1223 2058 1262 rerum

411 1297 700 1365 omnium;
733 1297 1012 1368 quoniam
1045 1315 1404 1370 quaecunque
1432 1297 1722 1353 nascendo
1754 1301 1964 1352 exeunt
1986 1297 2056 1351 ad

415 1385 614 1441 oculos
645 1391 897 1453 nostros,
917 1403 986 1442 ex
1003 1386 1245 1442 occultis
1269 1387 1597 1443 seminibus
1617 1386 1911 1458 accipiunt
1926 1402 2059 1457 pro-

412 1475 711 1548 grediendi
743 1475 1145 1547 primordia,et
1166 1476 1522 1532 incrementa
1543 1476 1749 1531 debita:
1765 1475 2058 1547 magnitu-

412 1563 586 1633 dinis,
620 1563 1140 1637 distinctionesque
1189 1566 1509 1620 formarum
1559 1565 1631 1620 ab
1676 1563 2058 1636 originalibus

410 1657 694 1724 tanquam
710 1652 928 1725 regulis
944 1654 1378 1710 sumunt.Sicut
1391 1671 1526 1728 ergo
1541 1671 1645 1709 nec
1674 1658 1944 1724 parentes
1968 1652 2060 1707 di-

411 1741 600 1799 cimus
631 1746 918 1798 creatores
950 1743 1391 1800 hominum.nec
1439 1742 1726 1815 agricolas
1772 1745 2058 1797 creatores

412 1830 642 1904 frugum
659 1831 1174 1904 quamvisillorum
1188 1833 1552 1888 extrinsecus
1579 1830 1856 1887 adhibitis
1881 1829 2025 1885 moti
2046 1861 2110 1937 -Β

411 1917 668 1988 bus,is,ta
683 1919 934 1973 creanda
949 1917 1048 1974 Dei
1067 1919 1253 1975 virtus
1276 1920 1520 1974 interius
1543 1919 1919 1991 opereturzita
1945 1935 2058 1973 non

413 2005 601 2061 solum
616 2005 803 2063 malos
814 2051 826 2074 ,
845 2008 944 2062 sed
961 2023 1064 2063 nec
1078 2009 1263 2064 bonos
1277 2007 1514 2080 angelos
1529 2009 1616 2063 fas
1629 2012 1718 2063 cst
1730 2008 1921 2080 putari
1935 2024 2058 2062 crc-

415 2096 733 2160 utores,sed
750 2112 853 2168 pro
876 2095 1198 2154 subtilitate
1219 2097 1329 2167 (26)
1355 2097 1444 2152 sui
1469 2113 1679 2152 sensus
1691 2100 1748 2152 et
1775 2096 2054 2168 corporis,

416 2183 823 2241 scminanobis
845 2185 1093 2241 istarum
1120 2203 1314 2242 rerum
1341 2185 1654 2242 occultiora
1676 2190 1979 2252 noverunt,
2003 2190 2058 2240 et

413 2289 481 2331 ea
492 2290 595 2345 per
607 2289 896 2346 congruas
909 2275 1356 2347 temperationes
1370 2274 1790 2331 elementorum
1815 2275 2060 2330 latenter

414 2366 902 2436 spargunt,atque
916 2363 996 2420 ita
1005 2364 1433 2437 gignendarum
1449 2379 1643 2420 rerum
1659 2369 1715 2419 et
1728 2363 2057 2420 acceleran-

411 2451 618 2506 dorum
634 2452 1126 2508 incrementorum
1158 2454 1417 2526 praebent
1451 2453 1930 2509 occasiones.Sed
1954 2468 2058 2508 nec

413 2539 549 2597 boni
572 2540 714 2596 hac.
748 2539 861 2597 nisi
892 2545 1183 2613 quantum
1214 2546 1364 2598 Deus
1388 2542 1576 2613 jubet,
1610 2558 1713 2598 nec
1766 2540 1905 2597 mali
1936 2540 2056 2595 haec

411 2629 632 2701 injuste
663 2629 905 2698 faciunt,
939 2630 1052 2685 nisi
1085 2636 1374 2703 quantum
1397 2632 1560 2702 juste
1591 2630 1716 2702 ipse
1747 2630 2054 2702 permittit.

411 2718 559 2773 Nam
618 2718 806 2789 iniqui
865 2719 1090 2774 malitia
1137 2719 1492 2775 voluntatem
1542 2719 1718 2774 habet
1772 2719 2084 2789 injustam.

414 2823 603 2872 suam;
638 2810 982 2878 potestatem
1012 2812 1208 2863 autem
1237 2825 1351 2862 non
1374 2808 1486 2862 nisi
1510 2809 1671 2879 juste
1702 2805 2058 2879 accipit,sivc

414 2894 486 2949 ad
519 2911 688 2949 suam
718 2912 971 2967 poenam,
997 2895 1113 2951 sive
1137 2897 1207 2951 ad
1239 2895 1487 2952 aliorum
1517 2895 1602 2951 vel
1626 2912 1856 2968 poenam
1880 2894 2061 2952 malo-

413 3000 568 3051 rum,
599 2983 688 3039 vel
720 2982 952 3040 laudem
983 2985 1291 3040 bonorum.
1326 3007 1354 3034 »

484 3073 538 3127 9.
576 3073 840 3146 Itemque
869 3078 1002 3146 post
1031 3091 1236 3147 pauca:
1271 3075 1343 3147 (ο.
1376 3075 1430 3146 9)
1467 3098 1487 3125 α
1512 3074 1678 3130 Aliud
1712 3078 1820 3146 est,
1845 3074 2055 3146 inquit,

412 3178 481 3217 ex
499 3161 708 3218 intimo
721 3179 787 3219 ac
801 3180 1034 3219 summo
1049 3181 1359 3220 causarum
1373 3163 1607 3220 cardine
1620 3165 1867 3220 condere
1885 3167 2057 3236 atque

2171 586 2538 655 humoribus,
2571 586 2660 643 vel
2694 587 2774 643 ita
2804 585 3033 658 positis,
3082 583 3170 640 vel
3199 584 3278 639 ita
3326 581 3589 650 obrutis,
3639 580 3723 637 vel
3755 583 3830 638 ita

2170 676 2436 731 contritis
2468 675 2556 731 vel
2589 675 2666 730 ita
2696 673 3044 740 commistis,
3081 673 3234 745 quod
3254 674 3318 744 [ι.
3356 689 3494 744 qua:
3526 687 3655 727 cum
3675 671 3827 743 Aug.]

2171 765 2449 820 animalia
2469 764 2628 820 nasci
2651 761 2894 830 soleant,
2915 779 3164 834 quorum
3187 778 3249 817 se
3278 762 3422 833 quis
3442 764 3568 816 tam
3596 761 3828 816 demens

2171 855 2380 910 audeat
2412 855 2600 910 dicere
2631 852 3129 918 creatorem?Quid
3145 868 3280 924 ergo
3297 849 3611 917 mirum,si
3633 867 3828 922 quem-

2169 945 2487 999 admodum
2520 947 2713 1015 potest
2735 959 2906 997 nosse
2923 940 3170 1013 quilibet
3183 939 3605 1012 nequissimus
3622 928 3824 1005 homo,

2170 1034 2324 1089 unde
2356 1033 2438 1087 illi
2467 1032 2554 1089 vel
2587 1032 2670 1087 illi
2699 1047 2924 1087 vermes
2981 1046 3314 1100 muscaeque
3370 1031 3723 1096 nascantur;
3754 1027 3828 1084 ita

2170 1121 2307 1178 mali
2341 1121 2531 1195 angeli
2565 1139 2668 1194 pro
2692 1120 3052 1176 sublimitate
3069 1120 3160 1174 sui
3184 1134 3405 1174 sensus
3427 1117 3488 1172 in
3510 1115 3828 1173 occultiori-

2167 1212 2279 1267 bus
2309 1211 2730 1266 clementorum
2763 1208 3090 1264 seminibus
3114 1207 3334 1274 norint,
3370 1207 3537 1261 unde
3552 1222 3707 1260 ranae
3722 1220 3828 1260 ser-

2169 1303 2487 1372 pentesque
2519 1301 2922 1364 nascantur,et
2946 1297 3066 1351 haec
3079 1299 3385 1368 percertas
3409 1299 3471 1350 et
3503 1298 3676 1350 notas
3694 1299 3828 1349 tem-

2168 1387 2538 1460 perationum
2570 1386 3034 1460 opportunitates
3064 1384 3308 1440 occultis
3367 1383 3642 1439 motibus
3673 1381 3828 1439 adhi-

2168 1478 2356 1532 bendo
2388 1477 2610 1532 faciunt
2640 1475 2843 1543 creari,
2879 1491 2994 1530 non
3028 1477 3256 1529 creant?
3283 1473 3398 1528 Sed
3426 1472 3535 1528 illa
3565 1472 3824 1528 homines

2168 1583 2296 1637 quae
2327 1565 2516 1621 solent
2545 1565 2617 1619 ab
2650 1563 2989 1619 hominibus
3019 1561 3142 1617 ﬁeri
3176 1578 3292 1616 non
3317 1561 3645 1617 mirantur.
3673 1559 3824 1625 Quod

2169 1655 2217 1710 si
2246 1655 2562 1725 quisquam
2595 1651 2914 1708 celeritates
2944 1651 3368 1707 elementorum
3393 1650 3515 1723 (27)
3549 1651 3697 1706 forte
3719 1649 3826 1704 mi-

2170 1747 2331 1798 ratur
2361 1742 2516 1814 quod
2548 1741 2648 1798 illa
2663 1741 3119 1797 animantiatam
3135 1740 3246 1795 cito
3266 1740 3427 1794 facta
3453 1742 3620 1806 sunt;
3645 1741 3821 1794 atten-

2169 1833 2290 1898 dat,
2325 1831 2823 1904 quemadmodum
2854 1835 2910 1886 ct
2940 1830 3074 1898 ista,
3109 1845 3212 1901 pro
3239 1828 3492 1884 modulo
3537 1826 3821 1883 facultatis

2170 1921 2463 1988 humanae,
2499 1921 2571 1976 ab
2605 1918 2945 1975 hominibus
2977 1917 3570 1991 procurentur.Unde
3589 1915 3744 1972 enim
3764 1915 3826 1969 fit

2169 2015 2233 2066 ut
2263 2028 2330 2066 ea
2358 2027 2600 2082 corpora
2635 2008 2747 2080 (28)
2771 2010 2947 2065 citius
2977 2011 3362 2064 vermescant-
3397 2010 3605 2063 aestate
3653 2021 3819 2078 quam

2167 2098 2379 2167 hieme;
2407 2099 2579 2156 citius
2610 2100 2668 2154 in
2699 2097 3078 2154 calidioribus
3104 2113 3281 2168 quam
3313 2095 3377 2150 in
3423 2093 3821 2169 frigidioribus

2167 2187 2338 2246 locis?
2368 2191 2478 2246 Sed
2511 2190 2632 2245 haec
2666 2189 2737 2244 ab
2756 2187 3096 2244 hominibus
3127 2191 3287 2242 tanto
3318 2184 3635 2242 difficilius
3665 2181 3822 2238 adhi-

2168 2279 2401 2344 bentur,
2436 2281 2652 2351 quanto
2684 2278 2896 2333 desunt
2925 2291 3206 2332 sensuum
3224 2273 3619 2339 subtilitates,
3637 2276 3693 2328 et
3712 2287 3823 2326 cor-

2169 2383 2374 2440 porum
2409 2367 2760 2423 mobilitates
2790 2365 2850 2421 in
2901 2363 3180 2421 membris
3225 2363 3484 2420 terrenis
3535 2365 3593 2418 et
3624 2360 3818 2434 pigris.

2169 2456 2331 2512 Unde
2379 2455 2890 2528 qualibuscumque
2937 2453 3163 2526 angelis
3211 2453 3439 2510 vicinas
3497 2467 3706 2508 causas
3750 2448 3817 2503 ab

2167 2545 2471 2602 elementis
2493 2543 2833 2601 contrahere
2850 2547 3067 2615 quanto
3086 2541 3316 2598 facilius
3332 2545 3449 2607 est,
3469 2543 3635 2596 tanto
3659 2537 3816 2593 mira-

2167 2634 2402 2690 biliores
2431 2633 2489 2689 in
2508 2633 2849 2706 hujusmodi
2871 2631 3147 2704 cperibus
3163 2646 3368 2686 eorum
3390 2629 3660 2686 existunt
3681 2623 3816 2681 cele-

2167 2724 2390 2779 ritates.
2421 2723 2531 2778 Sed
2563 2739 2678 2778 non
2709 2726 2799 2778 est
2825 2724 3072 2786 creator,
3117 2719 3233 2775 nisi
3265 2719 3367 2791 qui
3420 2713 3814 2791 principaliter

2165 2809 2280 2866 ista
2311 2811 2542 2879 format;
2564 2811 3001 2882 necquisquam
3023 2809 3132 2864 hoc
3158 2811 3348 2881 potest
3367 2808 3489 2863 nisi
3517 2805 3614 2862 ille
3644 2817 3808 2878 penes

2167 2916 2343 2971 quem
2375 2899 2648 2972 primitus
2681 2903 2840 2965 sunt,
2873 2898 3136 2955 omnium
3165 2915 3291 2969 quae
3324 2901 3473 2953 sunt
3508 2908 3808 2960 mensura,

2168 2989 2396 3045 numeri
2423 2993 2480 3044 et
2499 2989 2776 3061 pondera;
2796 2993 2852 3044 et
2883 2988 3007 3060 ipse
3023 2992 3113 3044 est
3133 3003 3287 3042 unus
3317 2989 3554 3043 creator
3574 2984 3810 3050 Deus,ex

2167 3079 2336 3150 cujus
2361 3076 2639 3134 ineffabili
2670 3081 2970 3149 potentatu
3002 3076 3070 3130 ﬁt
3085 3074 3255 3132 etiam
3263 3115 3284 3143 ,
3303 3079 3370 3130 ut
3400 3074 3562 3148 quod
3586 3070 3810 3144 possent

2167 3167 2225 3222 hi
2261 3166 2470 3240 angeli,
2505 3167 2553 3222 si
2576 3167 3074 3240 permitterentur,
3106 3165 3235 3220 ideo
3257 3180 3375 3220 non
3399 3163 3651 3237 possint,
3678 3155 3809 3231 quia

414 3250 829 3309 administrare
857 3254 1368 3326 creaturamzpuod
1401 3253 1541 3325 quid
1562 3251 1885 3321 facit,solus
1902 3269 2059 3308 crea-
2091 3241 2135 3308 C
2173 3272 2289 3312 non
2321 3255 2759 3328 permittuntur.
2792 3256 2989 3327 Neque
3014 3254 3170 3310 enim
3203 3254 3460 3309 occurrit
3509 3250 3625 3308 alia
3653 3247 3807 3310 ratio,

413 3343 505 3396 tor
533 3343 619 3396 est
653 3345 823 3408 Deus;
857 3340 1016 3396 aliud
1071 3346 1267 3398 autem
1298 3359 1402 3414 pro
1451 3342 1786 3398 distributis
1831 3343 1902 3398 ab
1962 3340 2060 3397 illo

411 3427 636 3484 viribus
651 3433 709 3484 et
722 3429 1097 3486 facultatibus
1123 3430 1383 3502 aliquam
1405 3431 1799 3504 operationem
1817 3431 2062 3487 forinse-

413 3535 518 3575 cus
543 3519 871 3588 admovere,
901 3523 966 3575 ut
996 3524 1134 3575 tunc
1164 3520 1253 3577 vel
1285 3524 1444 3588 tunc,
1497 3520 1580 3577 sic
1605 3521 1693 3576 vel
1745 3519 1826 3576 sic
1877 3523 2059 3590 exeat,

413 3608 566 3680 quod
598 3612 848 3664 creatur.
882 3610 1000 3664 Ista
1027 3608 1244 3682 quippe
1259 3609 1624 3683 originaliter
1637 3627 1703 3665 ac
1719 3609 2065 3682 primordia-

413 3697 546 3753 liter
576 3697 636 3752 in
666 3698 936 3769 quaedam
967 3702 1198 3754 textura
1227 3699 1652 3755 elementorum
1683 3703 1897 3756 cuncta
1931 3701 2061 3771 jam

413 3790 608 3843 creata
636 3789 794 3853 sunt,
821 3787 921 3841 sed
937 3787 1188 3858 acceptis
1203 3788 1737 3859 opportunitatibus
1753 3789 2059 3859 prodeunt.

414 3874 515 3930 l9
547 3873 693 3928 Nam
725 3873 879 3929 sicut
909 3879 1126 3931 matres
1183 3879 1320 3930 sunt
1378 3876 1626 3947 gravidae
1678 3877 1918 3941 fetibus,
1979 3875 2062 3931 sic

417 3962 541 4033 ipse
572 3962 830 4017 mundus
863 3962 1137 4034 gravidus
1169 3967 1258 4019 est
1287 3964 1481 4020 causis
1505 3963 1894 4031 nascentium,
1937 3981 2063 4036 quae

417 4049 475 4104 in
509 4047 612 4104 illo
640 4065 756 4105 non
788 4053 1079 4118 creantur,
1114 4051 1227 4107 nisi
1258 4052 1330 4108 ab
1360 4051 1460 4107 illa
1503 4069 1737 4108 summa
1787 4053 2058 4123 essentia,

417 4137 518 4195 ubi
551 4153 655 4194 nec
685 4138 952 4194 moritur.
989 4155 1092 4195 nec
1116 4139 1380 4196 nascitur
1427 4140 1670 4213 aliquid,
1706 4158 1810 4197 nec
1859 4141 2064 4214 incipit

415 4244 567 4297 esse,
599 4244 704 4284 nec
737 4227 970 4285 desinit.
993 4228 1279 4285 Adhibere
1293 4233 1487 4286 autem
1509 4229 1834 4286 forinsecus
1856 4247 2062 4286 causas

416 4318 765 4386 accidentes,
798 4335 926 4390 quae
959 4319 1193 4375 tametsi
1225 4336 1339 4376 non
1374 4323 1510 4375 sunt
1532 4318 2064 4385 naturales,tamen

417 4408 741 4465 secundum
775 4412 1048 4464 naturam
1083 4408 1456 4476 adhibentur,
1492 4411 1557 4463 ut
1587 4425 1654 4465 ea
1686 4425 1812 4481 quae
1843 4415 2063 4466 secreto

415 4501 637 4553 naturae
657 4497 790 4553 sinu
821 4498 1020 4554 abdita
1036 4497 1426 4566 continentur,
1451 4503 1771 4570 erumpunt
1789 4498 2068 4570 quodam-

2170 3361 2275 3400 cur
2303 3362 2416 3401 non
2447 3343 2743 3417 potuerint
2767 3344 2954 3400 facere
2985 3341 3420 3398 munitissimas
3438 3355 3693 3403 muscas,
3717 3331 3808 3406 qui

2169 3450 2344 3489 ranas
2373 3434 3087 3506 serpentesqueifecerunt,
3119 3430 3229 3486 nisi
3253 3429 3395 3503 quia
3409 3431 3604 3501 major
3621 3424 3809 3482 aderat

2170 3523 2490 3579 dominatio
2521 3522 2886 3595 prohibentis
2917 3520 3017 3576 Dei
3048 3537 3152 3593 per
3181 3518 3458 3592 spiritum
3481 3531 3658 3574 suum
3680 3509 3803 3584 (29);

2172 3612 2327 3686 quod
2361 3612 2534 3667 etiam
2567 3610 2678 3684 ipsi
2711 3610 2868 3683 magi
2899 3609 3147 3666 confessi
3181 3611 3338 3676 sunt,
3359 3608 3643 3665 dicentes:
3671 3599 3807 3671 Digi-

2168 3705 2256 3756 tus
2287 3702 2388 3758 20
2417 3701 2514 3757 Dei
2543 3701 2632 3756 hic
2653 3704 2731 3756 est
2764 3698 3082 3772 (Exodmn,
3117 3697 3228 3768 49).
3262 3697 3410 3763 Quid
3439 3699 3638 3753 autem
3685 3704 3804 3763 pos-

2171 3789 2292 3844 sint
2320 3807 2426 3862 per
2454 3793 2858 3844 naturam.nec
2888 3787 3119 3860 possint
3148 3803 3252 3858 per
3281 3778 3809 3858 prohibitionem,et

2173 3878 2310 3949 quid
2341 3894 2445 3950 per
2472 3877 2661 3950 ipsius
2692 3880 2911 3932 naturae
2929 3892 3050 3932 sua:
3069 3875 3470 3932 conditionem
3501 3874 3686 3929 facere
3705 3879 3807 3921 non

2173 3966 2459 4035 sinantur,
2495 3966 2718 4022 homini
2749 3963 3050 4038 explorare
3077 3962 3315 4020 difﬁcile
3363 3967 3476 4032 est,
3531 3962 3648 4017 imo
3687 3967 3806 4011 vero

2172 4055 2553 4128 impossibile,
2590 4055 2702 4111 nisi
2725 4071 2827 4128 per
2842 4053 2988 4110 illud
3013 4054 3234 4109 donum
3257 4052 3378 4120 Dei,
3403 4051 3566 4124 quod
3585 4046 3808 4120 Aposto-

2171 4143 2265 4201 lus
2295 4148 2713 4200 commemorat
2743 4143 2961 4200 dicens:
2995 4143 3110 4198 Alii
3155 4141 3482 4215 diiudicatio
3526 4137 3807 4211 spirituum

2172 4234 2219 4305 (Ι
2248 4234 2366 4290 Cor.
2411 4251 2512 4302 x11,
2576 4234 2684 4306 1Ο).
2742 4232 3024 4288 Novimus
3081 4231 3248 4298 enim,
3295 4229 3601 4286 hominem
3649 4232 3804 4296 posse

2171 4321 2491 4389 ambulare,
2525 4326 2582 4378 et
2645 4337 2832 4393 neque
2878 4320 2987 4376 hoc
3044 4336 3216 4392 posse
3249 4318 3361 4374 nisi
3419 4312 3800 4391 permittatur;

2170 4410 2364 4468 volare
2395 4415 2587 4467 autem
2622 4427 2737 4466 non
2772 4426 2941 4482 posse
2963 4408 3139 4465 etiam
3173 4407 3221 4462 si
3239 4405 3632 4480 permittatur.
3655 4396 3804 4454 Sicet

2172 4499 2255 4555 illi
2280 4497 2471 4573 an‘geli
2501 4500 2770 4571 quaedam
2803 4502 3051 4571 possunt
3083 4497 3290 4563 facere,
3323 4495 3373 4551 si
3403 4487 3805 4567 permittantur

417 4587 611 4652 modo,
645 4591 700 4642 et
730 4586 870 4642 foris
908 4592 1197 4655 creentur,
1247 4587 1588 4660 explicando
1636 4603 1965 4652 mensuras,
2008 4591 2066 4643 et
2094 4609 2142 4675 D
2172 4589 2244 4644 ab
2272 4587 2496 4661 angelis
2527 4586 2953 4660 potentioribus
2982 4603 3050 4642 ex
3080 4584 3326 4657 imperio
3375 4584 3496 4652 Dei;
3553 4574 3800 4668 quaedam

419 4680 780 4741 numeros,et
799 4677 1056 4747 pondera
1086 4693 1195 4732 sua
1224 4693 1354 4749 qua:
1379 4676 1438 4732 in
1463 4674 1687 4731 occulto
1717 4681 2066 4749 acceperunt

418 4763 492 4817 ab
524 4761 644 4830 illo,
679 4763 778 4834 qui
813 4763 1081 4820 omniain
1099 4781 1376 4820 mensura
1406 4768 1462 4820 et
1478 4779 1721 4820 numero
1737 4769 1794 4820 et
1811 4766 2066 4837 pondere

420 4850 712 4924 disposuit
741 4851 881 4924 (cap.
909 4855 1104 4922 11,21),
1146 4869 1260 4909 non
1309 4852 1500 4909 solum
1534 4853 1672 4908 mali
1719 4853 1929 4928 angeli,
1964 4855 2064 4910 sed

419 4941 593 4996 etiam
627 4939 765 4997 mali
784 4940 1052 4998 homines
1073 4946 1342 5014 possunt,
1365 4942 1793 5015 sicutexemplo
1823 4943 2068 5016 agricul-

420 5033 564 5085 turae
594 5047 773 5104 supra
802 5031 994 5087 docui.
1021 5031 1133 5087 Sed
1158 5047 1261 5086 nec
1291 5032 1360 5087 de
1391 5029 1747 5088 animalibus
1780 5033 1948 5105 quasi
1976 5034 2064 5088 di-

417 5134 586 5175 versa
614 5119 761 5175 ratio
793 5123 1039 5187 moveat,
1101 5121 1255 5192 quod
1314 5120 1570 5177 habeant
1613 5121 1885 5193 spiritum
1931 5122 2060 5177 vitae

420 5224 554 5263 cum
573 5224 750 5284 sensu
769 5210 1099 5282 appetendi,
1129 5227 1255 5282 quae
1271 5211 1594 5266 secundum
1614 5215 1882 5267 naturam
1903 5216 2061 5278 sunt,

419 5297 758 5370 vitandique
797 5299 1106 5368 contraria;
1141 5299 1314 5355 etiam
1364 5300 1472 5356 hoc
1505 5304 1593 5354 est
1642 5299 1838 5356 videre
1886 5317 2064 5372 quam

422 5385 592 5442 multi
625 5387 893 5444 homines
924 5389 1509 5460 noverint,exquibus
1529 5388 1728 5444 herbis
1751 5393 1854 5444 aut
1876 5389 2062 5444 carni-

494 5511 602 5584 (26)
637 5511 766 5585 Haec
790 5511 958 5568 lectio
988 5513 1217 5569 videtur
1245 5513 1452 5570 melior
1480 5528 1658 5585 quam
1705 5513 1762 5567 in
1811 5513 2065 5585 vulgatis

421 5581 837 5658 Augustjpiggsi
858 5600 961 5656 pro
989 5585 1307 5658 subtilitate.

496 5653 608 5726 (27)
639 5653 1031 5729 Melius'apud
1061 5657 1478 5730 Augustinum,
1506 5663 1986 5723 incrementorum.

2174 4694 2306 4733 vero
2338 4657 2453 4734 non
2487 4657 2753 4750 possunt,
2786 4692 2890 4730 nec
2922 4675 2969 4730 si
3003 4674 3073 4729 ab
3105 4674 3190 4728 eis
3223 4672 3656 4745 permittantur,
3679 4657 3803 4734 quia

2177 4766 2272 4823 ill‘e
2303 4784 2419 4823 non
2449 4765 2737 4839 permittit
2757 4782 2792 4821 a
2819 4761 3063 4836 quoillis
3076 4760 3312 4818 esttalis
3339 4765 3560 4816 natura:
3583 4751 3799 4811 modus»

2175 4856 2277 4928 qui
2308 4855 2483 4913 etiam
2517 4871 2618 4927 per
2641 4853 2878 4927 angelos
2909 4869 3048 4909 suos
3078 4855 3136 4907 et
3165 4850 3266 4906 illa
3309 4849 3654 4923 plerumque
3696 4848 3799 4893 non

2175 4927 2478 5018 permittit,
2513 4961 2640 5016 quis
2672 4941 2960 4999 concessit
2990 4947 3054 4996 ut
3077 4941 3323 5013 possint.
3357 4937 3621 5012 Exceptis
3638 4927 3803 5002 igitur

2173 5033 2290 5089 illis
2303 5050 2428 5106 qua:
2443 5032 2828 5088 usitatissimo
2841 5033 3527 5102 transcursutemporum
3542 5026 3598 5080 in
3621 5025 3798 5076 rerum

2174 5126 2391 5179 naturae
2419 5121 2620 5178 ordine
2650 5119 3026 5193 corporaliter
3054 5119 3224 5187 fiunt,
3257 5115 3431 5173 sicuti
3470 5115 3609 5171 sunt
3652 5106 3799 5164 ortus

2174 5227 2534 5284 occasusque
2560 5205 3250 5280 siderum,generationes
3281 5211 3338 5262 et
3359 5209 3573 5261 mortes
3593 5194 3798 5286 anima-

2175 5300 2343 5368 lium,
2376 5300 2669 5356 seminum
2681 5304 2737 5355 et
2752 5297 3082 5370 germinum
3096 5294 3554 5351 innumerabiles
3574 5287 3796 5370 diveI‘SIf

2175 5365 2344 5458 tates,
2376 5389 2599 5446 nebulae
2632 5392 2690 5443 ct
2720 5365 2926 5452 nubes,
2959 5384 3123 5441 nives
3153 5388 3209 5439 et
3235 5383 3463 5456 pluviae,
3499 5379 3719 5450 fulgura
3747 5365 3798 5419 et

2245 5513 2357 5585 (28)
2387 5513 2555 5585 Apud
2589 5509 2865 5585 eumdem
2886 5509 3285 5585 Augustinum
3311 5509 3497 5585 eadem
3525 5510 3752 5575 corpora-

2249 5583 2362 5656 (29)
2389 5581 2558 5656 Apud
2589 5581 2861 5640 eumdem
2891 5581 3285 5654 per—Spiritum
3311 5584 3575 5637 sanctum.
