4046 6186
485 344 601 463 ἔδει

1404 393 1782 464 RATHERII
1824 394 2073 463 EPISC.
2116 394 2412 463 'VEBON.
2458 398 2632 464 OPP.
2679 398 2879 465 PARS
2921 391 2974 463 Ῑ.

3784 386 3918 457 160

484 509 723 606 tentiam
752 511 1123 608 componere,
1156 536 1222 592 ut
1251 531 1366 592 Deo
1399 533 1674 599 similem,
1705 537 1993 605 quantum
2026 533 2133 590 sci-
2159 532 2217 601 Α
2238 537 2492 608 proximo
2523 536 2585 592 in
2608 544 2843 609 tempore
2870 530 3209 593 necessitatis
3245 530 3430 600 illius,-
3462 526 3600 604 quia
3625 529 3764 603 facit
3804 514 3922 584 mi-

483 623 618 680 licet
646 623 717 683 ad
741 623 871 695 ejus
897 628 1122 697 spectat
1148 624 1605 693 concessionem,
1650 623 1836 697 possit
1878 624 2124 692 efficere;

486 702 732 787 eamque
746 714 1032 770 mentium
1051 719 1321 770 naturam
1335 714 1693 780 esse,eodem
1714 714 1839 786 ipso
1864 713 2127 779 docente,

487 802 798 875 perpende,
831 807 895 858 ut
923 803 1152 874 quoties
1181 802 1700 874 abjecerintveras,
1720 802 1882 857 falsis
1911 802 2132 874 opinio-

489 890 665 946 nibus
696 893 797 949 22
830 892 1169 959 induantnr;
1203 897 1261 948 et
1292 890 1435 948 illud
1469 892 1657 964 magis
1687 908 1907 957 exerce,
1952 891 2131 963 quod,

491 983 556 1034 ut
581 978 641 1034 in
670 979 988 1051 primordio
1018 979 1332 1035 locutionis
1364 982 1652 1054 suggessi,
1678 998 1711 1034 a
1743 981 1857 1036 Deo
1889 979 2136 1051 inspira-

490 1073 680 1139 torum
716 1068 1077 1124 medicorum
1107 1086 1261 1125 vera.
1295 1071 1435 1141 quia
1466 1070 1943 1142 probatainvenit
1965 1068 2140 1124 soler-

490 1156 589 1224 tia,
624 1173 802 1228 quam
832 1158 987 1228 quod
1022 1157 1343 1213 infelicium
1371 1158 1875 1229 meretricularum
1906 1156 2138 1213 diabolo

492 1250 622 1300 acta
650 1245 995 1316 conjectavit
1024 1248 1340 1302 dementia.
1362 1248 1449 1302 Ita
1471 1249 1533 1301 fit
1552 1253 1614 1302 ut
1639 1247 1800 1302 nulla
1830 1246 2141 1301 infidelita-

492 1328 569 1388 tis
600 1332 787 1406 caligo
817 1350 1017 1389 verum
1050 1334 1240 1403 illum,
1276 1352 1392 1407 quo
1418 1335 1599 1390 videri
1648 1334 1956 1408 quidpiam
1997 1334 2146 1389 solet

497 1423 1560 1494 agendum,confundantintuituin;et
1593 1428 1826 1496 propter
1847 1422 2143 1495 sapientiae

496 1511 738 1576 bonum,
771 1516 828 1567 et
858 1511 1093 1568 medela:
1124 1529 1158 1568 a
1187 1513 1302 1568 Deo
1335 1530 1621 1569 concessae
1644 1514 1977 1569 subsidium
2009 1530 2041 1566 a
2063 1529 2147 1567 re-

498 1601 691 1672 gibus,
726 1601 865 1667 imo,
898 1606 963 1656 ut
991 1600 1221 1674 legitur,
1256 1618 1290 1657 a
1320 1603 1471 1675 Rege
1503 1602 1708 1675 utique
1756 1618 1961 1674 regum
2021 1618 2146 1657 om-

498 1689 685 1755 nium,
719 1693 842 1744 tam
870 1690 1189 1763 temporale
1221 1708 1398 1763 quam
1430 1696 1713 1747 aeternum
1767 1691 2016 1764 accipies
2045 1691 2145 1745 do-

499 1794 642 1832 num
672 1778 873 1847 (Eccli.
906 1796 1139 1834 nxvm.
1170 1781 1313 1851 2-8);
1354 1779 1666 1852 disciplina
1712 1796 1945 1852 quoque
1993 1779 2145 1835 exal-

2238 626 2614 683 sericordiam.
2647 627 2745 698 qui
2762 626 3046 697 feneratur
3083 638 3361 695 proximo,
3408 628 3459 676 et
3500 621 3596 694 qui
3638 618 3924 692 praevalet

2238 733 2432 781 manu,
2464 714 2721 770 mndata
2767 720 2945 770 servat
2990 713 3187 785 (Eceli.
3236 728 3329 778 xv,
3378 710 3456 780 2).
3508 708 3665 764 Voca
3721 707 3924 780 igitur

2243 804 2540 859 Christum
2579 804 2651 859 ad
2687 804 2927 858 domum
2950 798 3466 874 tuam,praaparaei
3497 796 3844 853 convivium
3862 799 3929 851 et

2246 910 2493 960 coenam,
2527 893 2703 965 pedes
2733 891 2878 959 lava,
2918 890 3191 964 lacrymis
3239 888 3392 961 riga,
3440 886 3662 960 capillis
3713 891 3923 959 terge,

2246 998 2419 1054 pasce
2450 999 2606 1048 eum,
2640 982 2806 1045 vesti,
2856 980 3092 1046 calefac,
3144 982 3301 1050 pota,
3338 976 3594 1049 hospitio
3642 972 3924 1047 suscipe,

2250 1088 2365 1126 non
2398 1070 2816 1143 dedignabitur
2844 1069 2918 1125 ad
2949 1070 3170 1124 donum
3214 1070 3380 1121 tuam
3428 1066 3729 1133 divertere;
3793 1062 3928 1118 imo

2250 1160 2550 1215 frontuose
2580 1158 2791 1231 ingerit
2820 1175 2902 1226 se;
2954 1158 3079 1230 ipse
3127 1155 3388 1231 quotidie
3426 1158 3493 1209 ut
3542 1152 3931 1225 suscipiatur

2252 1252 2437 1321 rogat,
2472 1266 2607 1303 cum
2637 1251 2697 1302 tu
2747 1247 2985 1302 deberes
3037 1261 3259 1318 cogere;
3307 1242 3560 1299 consulit
3606 1258 3722 1297 non
3794 1258 3929 1296 suae

2252 1337 2609 1409 indigentiae,
2646 1337 2746 1393 sed
2772 1340 2888 1393 tua:
2916 1334 3188 1390 avaritiae:
3243 1337 3368 1388 tum
3417 1333 3654 1388 demum
3698 1330 3779 1385 ad
3822 1330 3931 1384 do-

2257 1444 2421 1481 mum
2452 1429 2579 1497 ejus
2603 1423 3345 1498 propera,discipulosejus
3363 1420 3682 1493 alloquere,
3708 1435 3933 1474 mune-

2257 1532 2343 1583 ra,
2375 1516 2703 1587 deprecare,
2739 1517 2803 1569 ut
2826 1512 2933 1568 tibi
2962 1512 3213 1579 veniam;
3269 1510 3372 1566 tibi
3425 1507 3762 1574 consilium,
3818 1506 3933 1562 tibi

2257 1602 2687 1675 indulgentiam
2720 1607 2777 1658 et
2800 1601 2909 1674 ipsi
2945 1601 3261 1673 praebeant,
3292 1599 3343 1654 ei
3374 1616 3410 1654 a
3441 1598 3557 1655 Deo
3575 1599 3931 1671 exposcant.

2257 1692 2555 1764 Perpende
2598 1692 2745 1747 dum
2794 1689 2953 1748 domi
3002 1688 3266 1762 congeris
3317 1687 3574 1758 lucrum,
3622 1689 3936 1760 quantum

2260 1780 2466 1836 animai
2497 1796 2800 1852 comparas
2830 1778 3270 1855 detrimentum.
3303 1775 3447 1845 Quid
3476 1774 3657 1841 enim,
3694 1773 3785 1829 ait
3820 1773 3936 1829 Do-

496 1866 644 1924 tabit
674 1870 852 1939 caput
906 1870 1098 1935 tuum,
1148 1872 1205 1924 et
1256 1868 1680 1924 collaudaberis
1718 1868 1779 1923 in
1830 1871 2147 1940 conspectu
2178 1896 2225 1961 Β
2261 1870 2480 1934 minus,
2509 1868 2726 1941 prodest
2751 1868 2986 1942 homini,
3010 1869 3062 1923 si
3089 1867 3412 1923 universum
3438 1863 3939 1961 lucre-

500 1959 934 2031 magnatorum;
967 1956 1039 2012 ad
1072 1955 1429 2029 agnitionem
1462 1957 1771 2015 hominum
1819 1958 2005 2012 virtus
2046 1961 2149 2012 tua

501 2043 632 2111 erit,
664 2044 968 2101 scientiam
1001 2062 1233 2118 quoque
1262 2045 1368 2101 tibi
1400 2045 1743 2103 Altissimus
1781 2046 2054 2102 honorari
2088 2046 2147 2100 in

503 2131 874 2189 mirabilibus
886 2133 1011 2190 suis
1040 2135 1225 2204 dabit;
1249 2135 1307 2190 in
1326 2134 1420 2191 his
1435 2151 1651 2192 curans
1670 2135 1970 2209 mitigabis
1992 2134 2150 2191 dolo-

502 2237 596 2277 res
625 2225 684 2278 et
711 2221 888 2278 facies
918 2223 1220 2296 pigmenta
1249 2224 1579 2293 suavitatis,
1603 2231 1661 2281 et
1692 2227 2000 2281 unctiones
2020 2241 2153 2280 con-

503 2308 664 2365 ﬁcies
693 2310 1047 2378 sanitatis,et
1074 2327 1190 2369 non
1220 2318 1705 2375 consummentur
1719 2330 1894 2387 opera
1908 2318 2028 2383 tua,
2048 2314 2148 2369 sed

504 2413 617 2470 pax
646 2400 746 2455 Dei
776 2416 1008 2471 semper
1035 2402 1146 2458 erit
1174 2417 1352 2474 super
1379 2402 1588 2459 faciem
1619 2408 1790 2459 terra:
1817 2408 1951 2459 tuae.

880 2491 1003 2547 Trr.
1035 2490 1205 2553 V.,—
1235 2494 1316 2548 De
1339 2493 1785 2562 negotiatoribus.

577 2577 664 2632 12.
697 2577 1034 2650 Negotiator
1061 2580 1153 2636 es?
1196 2581 1369 2637 Audi:
1415 2583 1645 2654 Propter
1698 2583 1945 2654 inopiam
1988 2581 2155 2636 multi

506 2667 874 2738 deliquerunt,
918 2672 970 2724 et
999 2670 1097 2741 qui
1143 2672 1342 2741 quazrit
1399 2671 1740 2742 locupletari,
1798 2674 2004 2726 avertet
2033 2685 2157 2725 ocu-

509 2755 627 2811 lum
653 2772 835 2811 suum.
869 2757 1020 2812 Sicut
1070 2760 1127 2812 in
1177 2759 1352 2814 medio
1403 2761 1741 2831 compaginis
1790 2758 2034 2830 lapidum
2062 2776 2159 2830 pa-

511 2843 597 2899 lus
623 2845 833 2915 ﬁgitur,
858 2846 936 2899 sic
962 2849 1012 2901 et
1046 2847 1190 2902 inter
1216 2847 1458 2903 medium
1486 2847 1811 2904 venditionis
1838 2856 1889 2903 et
1936 2849 2158 2919 emptio-

510 2933 1660 3002 nisangustiabiturpeccatum.Conteretur
1671 2952 1795 2991 cum
1807 2936 2158 3008 delinquente

512 3021 792 3078 delictum.
823 3022 885 3077 Si
905 3038 1016 3079 non
1039 3024 1099 3078 in
1121 3025 1317 3080 timore
1348 3026 1575 3080 Domini
1603 3027 1843 3082 tenueris
1872 3034 1923 3082 te
1950 3027 2160 3081 iustam

514 3118 615 3179 ter,
671 3112 777 3167 cito
830 3111 1174 3168 subvertetur
1221 3112 1413 3170 domus
1458 3117 1555 3169 tua
1610 3114 1795 3187 (Eceli.
1840 3132 2016 3181 xxvn,
2080 3114 2157 3184 1);

515 3201 809 3273 idemque:
851 3208 1038 3258 Αυανο
1083 3202 1228 3258 nihil
1278 3206 1359 3259 est
1412 3198 1706 3259 scelestius.
1761 3205 1853 3261 Nil
1905 3205 2158 3276 iniquius

516 3307 681 3362 quam
706 3306 898 3346 amare
923 3293 1235 3363 pecuniam;
1267 3291 1356 3347 hic
1385 3292 1533 3349 enim
1552 3294 1804 3349 animam
1823 3310 1985 3350 suam
2002 3309 2162 3349 vena-

519 3381 623 3438 lem
652 3380 811 3436 habet
840 3380 1027 3452 (Ereti.
1076 3397 1134 3447 x,
1165 3380 1242 3449 9).
1296 3380 1584 3437 Dominus
1638 3386 1834 3438 autem
1872 3383 1933 3438 in
1983 3381 2165 3438 Evan-

517 3460 705 3543 gelio;
742 3471 1065 3537 Intuemini,
1124 3470 1226 3536 ait,
1257 3477 1311 3526 et
1355 3479 1535 3526 cavete
1592 3471 1658 3526 ab
1698 3473 1849 3527 omni
1903 3473 2168 3538 avaritia,-

517 3561 649 3631 quia
676 3574 787 3615 non
820 3560 880 3614 in
903 3559 1246 3638 abundantia
1281 3560 1609 3632 cujusquam
1653 3563 1770 3616 vita
1812 3563 2051 3617 hominis
2092 3568 2175 3617 est

514 3666 679 3722 super
708 3656 915 3705 terram
939 3664 1009 3704 ea:
1033 3648 1119 3706 his
1149 3666 1271 3722 qua:
1291 3649 1527 3721 possidet
1546 3650 1695 3721 (Luc.
1728 3668 1830 3722 xu,
1860 3650 1975 3723 15).
1997 3651 2170 3707 Item-

524 3754 637 3811 que
667 3737 768 3810 qui
799 3754 999 3810 supra;
1032 3739 1245 3805 lllultos,
1305 3737 1520 3810 inquit,
1550 3739 1790 3811 perdidit
1842 3756 2045 3796 aurum
2090 3743 2178 3796 at-

524 3843 627 3897 que
670 3834 958 3895 argentum
1018 3826 1206 3897 (Eccli.
1265 3843 1387 3893 vm,
1445 3828 1525 3897 3),-
1583 3832 1659 3883 et:
1703 3828 1821 3884 Viro
1876 3829 2072 3900 cupido
2124 3836 2176 3884 et

525 3915 704 3969 tenaci
719 3915 840 3968 sine
870 3914 1082 3969 ratione
1100 3918 1179 3968 est
1198 3914 1525 3980 substantia,
1542 3921 1595 3970 et
1608 3918 1705 3987 qui
1714 3925 1931 3972 acervat
1952 3919 2173 3988 injuste,

527 4001 659 4056 aliis
687 4006 996 4071 congregat,
1029 4003 1161 4056 etin
1191 4002 1346 4058 bonis
1389 4002 1546 4057 illius
1601 4005 1748 4059 alius
1796 4004 2178 4061 luxuriabitur

527 4088 857 4162 (Eceli.x1v,
890 4090 967 4158 3):
1030 4105 1403 4161 rursumque:
1467 4093 1733 4162 Difﬁcile,
1792 4091 1895 4159 ait,
1952 4096 2179 4149 exuitur

527 4179 832 4249 nogotiator
860 4194 896 4231 a
918 4177 1274 4248 negligentia,
1307 4182 1357 4234 et
1387 4196 1497 4233 non
1511 4182 1911 4252 justiﬁcabitur
1945 4196 2117 4254 caupo
2144 4201 2181 4238 a

524 4268 760 4339 peccatis
792 4265 1065 4322 labiorum
1098 4267 1282 4338 (Eceli.
1317 4282 1472 4332 xxvr,
1502 4268 1615 4337 28).
1653 4267 1755 4325 His
1784 4268 1980 4342 itaque
2011 4271 2096 4326 sic
2116 4287 2179 4327 se

531 4354 909 4422 habentibus,
942 4355 1256 4428 perpende,
1292 4372 1514 4428 quaeso,
1563 4372 1740 4429 quam
1784 4358 2193 4431 periculosum.

533 4440 743 4500 animae
763 4447 875 4499 tuze
904 4442 1146 4501 sortitus
1178 4445 1261 4502 sis
1293 4442 1575 4515 officium;
1618 4450 1674 4503 et
1705 4447 1850 4502 scito
1881 4451 1955 4515 te,
2007 4449 2180 4521 paulo

534 4531 668 4589 licet
694 4532 1110 4603 excusabilius,
1167 4552 1302 4592 cum
1353 4534 1728 4607 praedonibus
1778 4536 2060 4609 appellari
2103 4555 2180 4611 pu

2256 1963 2370 2027 tur,
2403 1960 2606 2014 animae
2635 1973 2759 2013 vero
2784 1973 2896 2013 suae
2934 1956 3323 2013 detrimentum
3372 1950 3652 2026 patiatur?
3701 1951 3931 2023 (Matth.

2257 2063 2372 2114 xv1,
2409 2049 2520 2117 25.)
2550 2047 2619 2102 Et
2646 2044 2980 2119 Apostolus:
3026 2044 3277 2113 Mundus,
3329 2041 3545 2114 inquit,
3595 2041 3834 2105 transit,
3877 2047 3933 2096 et

2258 2137 2691 2208 concupiicentia
2719 2136 2837 2207 ejus
2863 2136 2912 2203 (1
2939 2137 3099 2190 Joun.
3133 2148 3196 2202 ιι,
3229 2132 3341 2200 l7).
3372 2130 3586 2187 Verere
3630 2143 3806 2201 ergo,
3842 2144 3924 2184 ne

2259 2225 2402 2281 dum
2428 2223 2841 2295 insatiabiliter
2862 2222 3055 2285 inhias
3080 2219 3454 2290 transitoriis,
3474 2217 3718 2292 priveris
3737 2233 3935 2275 man-

2261 2314 2438 2370 suris.
2469 2314 2605 2370 Esto
2634 2311 2828 2386 potius
2857 2308 2964 2368 tibi
3011 2312 3202 2369 bonus
3253 2308 3537 2376 medicus;
3576 2308 3648 2364 de
3695 2306 3938 2373 instru-

2262 2406 2459 2459 mento
2489 2400 2743 2458 avaritiae
2791 2399 3125 2457 subsidium
3174 2396 3372 2455 confer
3423 2395 3652 2464 animae;
3704 2396 3933 2477 Facite,

2260 2491 2453 2564 inquit
2482 2491 2789 2559 Dominus,
2819 2490 3024 2545 amicos
3053 2488 3200 2546 vobis
3227 2486 3294 2543 de
3309 2501 3626 2541 mammona
3644 2485 3939 2557 iniquita-

2263 2583 2332 2639 tis
2359 2583 2514 2652 (Luc.
2546 2597 2661 2647 XVI,
2683 2579 2762 2649 9).
2794 2578 2909 2634 Nec
2939 2577 3049 2634 hoc
3085 2576 3288 2633 dicens
3336 2574 3606 2630 hortatur
3633 2570 3708 2629 ad
3752 2572 3936 2629 frau-

2264 2671 2524 2738 dem,sed
2539 2672 2851 2742 postquam
2869 2666 3133 2722 fraudem
3156 2663 3365 2729 fecisti,
3390 2663 3602 2719 invitat
3620 2662 3695 2718 ad
3713 2677 3937 2718 emen-

2264 2760 2580 2817 dationem.
2613 2758 2787 2814 Verbi
2808 2755 3019 2830 gratia,
3042 2753 3296 2812 debuisti
3315 2752 3555 2825 quidem
3586 2750 3669 2806 nil
3693 2766 3936 2824 rapere,

2266 2849 2345 2905 nil
2374 2848 2528 2906 malo
2550 2847 2784 2921 ingenio
2806 2861 3183 2920 congregare,
3203 2842 3501 2901 neminem
3522 2841 3582 2896 in
3595 2839 3805 2913 aliquo
3827 2855 3938 2895 ne-

2266 2938 2422 3011 gotio
2470 2935 2912 3000 circumvenire,
2965 2937 3182 3001 certus,
3236 2930 3585 3005 praedicente
3622 2931 3680 2984 et
3719 2927 3942 2984 testiﬁ-

2267 3031 2436 3083 cante
2463 3024 2759 3100 Apostolo,
2790 3023 3083 3080 vindicem
3115 3038 3294 3095 super
3316 3020 3428 3077 hoc
3457 3019 3939 3090 omnipotentem

2268 3114 2582 3172 Dominum
2612 3131 2739 3171 esse
2772 3114 2820 3186 (1
2852 3113 3022 3169 Thess.
3059 3129 3131 3177 IV,
3163 3110 3241 3182 6),
3274 3108 3388 3165 diei
3418 3107 3575 3163 victu
3607 3110 3940 3163 contentus

2271 3220 2526 3273 manere,
2561 3221 2596 3260 a
2619 3202 2733 3260 Deo
2763 3200 2963 3259 omnia
2991 3206 3246 3274 aperare,
3277 3197 3378 3272 qui
3412 3197 3541 3270 ipsa
3562 3210 3806 3269 quoque
3828 3211 3942 3251 vo-

2272 3292 2461 3350 latilia
2480 3292 2669 3367 pascit
2696 3290 2958 3364 quotidie
2984 3288 3190 3363 (Matth.
3221 3304 3299 3355 v1,
3330 3286 3444 3358 26);
3478 3284 3638 3358 quod
3667 3284 3803 3357 ipse
3835 3284 3945 3340 de-

2276 3383 2478 3452 disset,
2501 3398 2636 3438 cum
2668 3380 2990 3454 gratiarum
3037 3376 3265 3435 actione
3311 3379 3369 3431 et
3396 3375 3522 3447 ipse
3564 3388 3833 3442 sumere,
3885 3376 3949 3429 et

2279 3473 2410 3529 aliis
2440 3469 2807 3544 participare:
2842 3468 2997 3541 quod
3029 3466 3167 3523 dare
3195 3463 3502 3529 noluisset,
3533 3478 3641 3518 nec
3686 3476 3945 3534 cupere,

2281 3563 2380 3619 sed
2415 3560 2604 3634 ipsius
2626 3559 2923 3632 justitiam
2955 3555 3301 3630 gloriﬁcare.

2352 3651 2441 3709 44.
2475 3650 2588 3706 Sed
2618 3664 2800 3721 quare
2827 3647 2949 3703 hac
2978 3650 3383 3717 transgressus
3422 3639 3669 3714 rapuisti
3716 3637 3954 3695 violen-

2280 3746 2372 3798 ter
2394 3736 2758 3813 congregasti
2781 3733 3203 3801 fraudulenter,
3237 3747 3479 3787 usuram
3497 3733 3557 3785 et
3570 3728 3952 3801 superabun-

2284 3829 2547 3885 dantiam
2575 3825 2810 3893 amasti,
2853 3822 3089 3896 ingenio
3146 3825 3246 3877 tuo
3293 3823 3351 3875 te
3397 3815 3767 3885 concessisti,
3822 3816 3951 3873 Deo

2285 3922 2497 3973 cuncta
2528 3914 2663 3971 licet
2682 3913 2925 3985 indigno
2956 3910 3119 3967 danti
3168 3909 3435 3982 ingratus
3480 3904 3780 3973 exstitisti,
3840 3905 3951 3961 alii

2286 3988 2611 4061 secundum
2644 4000 2871 4057 Domini
2904 4002 3259 4074 praeceptum
3300 4013 3416 4053 non
3459 3992 3950 4060 communicasti;

2288 4093 2442 4165 quod
2475 4092 2613 4147 dare
2670 4088 2755 4145 illi
2814 4106 2929 4145 non
2988 4088 3229 4162 placuit,
3287 4102 3438 4158 saepe
3489 4079 3775 4156 quasisti,
3837 4099 3956 4139 nec

2288 4182 2537 4254 adeptus
2567 4178 2869 4235 multoties
2897 4175 3312 4234 murmurasti?
3360 4174 3497 4230 Post
3543 4172 3667 4228 bno
3712 4172 3957 4253 omnia,

2290 4288 2418 4344 qua:
2474 4268 2717 4325 minime
2771 4267 3096 4322 debuerant
3150 4263 3506 4335 contingere,
3557 4272 3674 4317 non
3745 4260 3959 4316 adhuc

2288 4366 2345 4416 te
2373 4358 2499 4416 vult
2528 4355 3088 4432 perdere,Monstrat
3104 4353 3211 4410 tibi
3233 4350 3463 4423 divitias
3492 4346 3777 4406 bonitatis
3798 4365 3959 4417 suae,

2290 4455 2347 4506 et
2376 4450 2446 4505 de
2478 4450 2603 4521 ipso
2629 4462 2853 4503 veneno
2882 4444 3137 4501 avaritiae
3176 4441 3503 4499 antidotum
3552 4436 3659 4496 tibi
3704 4438 3966 4495 conﬁcit

2293 4537 2695 4611 indulgentiae,
2726 4539 2788 4591 ut
2815 4534 2949 4589 dum
2974 4534 3303 4605 defeeeritis,
3334 4530 3630 4602 inquiens,
3670 4529 3968 4599 recipiant

534 4621 857 4678 blicanum.
890 4622 1044 4680 Vitio
1100 4625 1257 4681 enim
1316 4628 1374 4680 te
1422 4624 1731 4691 deservire,
1783 4641 1887 4681 nec
1932 4626 2183 4698 modico,
2216 4633 2262 4698 Ι)
2292 4645 2383 4684 vos
2412 4630 2475 4683 in
2503 4635 2710 4682 atema
2737 4624 3093 4681 tabernacula
3151 4623 3308 4694 (an.
3340 4636 3455 4687 xvi,
3496 4619 3575 4689 7).
3627 4616 3750 4673 [liis
3806 4630 3968 4690 ergo

535 4710 595 4765 id
627 4715 916 4768 monstrat
944 4713 1446 4785 vocabulum,quo
1475 4713 1995 4771 teamultisvocari
2020 4717 2191 4772 audis
2301 4716 2452 4773 male
2482 4711 3341 4789 qumsitum,pejusinventum,
3364 4706 3615 4781 pessime
3635 4720 3973 4779 congrega-

536 4799 981 4873 cupidenarium
1013 4802 1127 4873 (35)
1176 4803 1359 4860 Radix
1394 4805 1544 4859 enim
1592 4805 1840 4860 omnium
1891 4806 2184 4875 malorum,

535 4889 811 4960 Apostolo
838 4892 1006 4958 teste,
1038 4892 1310 4963 cupiditas
1341 4894 1390 4964 (I
1421 4894 1554 4948 Tim.
1589 4909 1666 4959 vn,
1698 4893 1810 4962 40),

612 4978 699 5033 13.
746 4978 1019 5032 Attamen
1066 4994 1136 5034 ne
1189 4980 1483 5051 desperes,
1536 4981 1676 5051 quia
1725 4981 2010 5053 scriptum
2058 4987 2185 5038 est:

538 5062 846 5122 Benedictio
904 5069 1134 5123 Domini
1176 5085 1346 5141 supra
1393 5077 1556 5141 caput
1604 5069 1951 5127 vendentium
2003 5073 2185 5144 (Prov.

540 5172 601 5224 ll,
632 5154 743 5227 ‘26);
796 5155 896 5212 sed
928 5156 1235 5213 considera
1293 5173 1565 5229 quorum.
1600 5158 1711 5214 Fac
1766 5160 1983 5232 itaque,
2046 5162 2188 5217 dum

542 5243 737 5303 adhuc
765 5245 893 5302 dies
922 5250 1032 5313 est,
1093 5246 1251 5318 quod
1283 5247 1384 5303 23
1429 5247 1534 5303 tibi
1590 5263 1862 5321 suggero:
1923 5252 2192 5306 Fenerare

615 5387 751 5459 (35).
784 5386 1572 5462 Legebaturcupedinarium.
1605 5390 1822 5448 Verum
1872 5392 1993 5446 haec
2024 5410 2131 5448 vox
2161 5410 2195 5448 a

544 5464 850 5534 contentus
882 5461 1170 5534 sententia
1200 5462 1498 5518 abhorret.
1534 5462 1679 5518 Nam
1706 5463 2056 5534 cupedinarii
2078 5466 2197 5521 Do-

544 5537 680 5586 nato
712 5531 1131 5603 interpretante
1154 5532 1212 5588 in
1231 5534 1566 5589 Terentium
1581 5531 1883 5591 venditbres
1903 5536 2200 5590 esculento-

546 5619 674 5685 rum
695 5609 748 5660 et
764 5604 1655 5685 poculentqrmn_appellantur,_
1685 5605 1786 5677 qui
1837 5606 2061 5685 scilicet
2102 5621 2198 5663 cu-

544 5672 729 5747 pedia,
761 5672 818 5730 id
851 5678 959 5745 est,
994 5675 1155 5734 cibos
1202 5672 1480 5736 lautiores
1520 5681 1577 5735 et
1604 5672 1739 5736 vina
1786 5676 2007 5736 rariora
2053 5695 2200 5736 ven-

2296 4812 2427 4863 tum
2457 4821 2650 4878 eroga,
2683 4801 2944 4875 quicum
2968 4797 3401 4862 defeceritvita,
3419 4794 3528 4852 tibi
3549 4796 3609 4855 in
3637 4793 3805 4851 cretis
3828 4796 3973 4851 red-

2297 4897 2434 4951 dere
2463 4894 2703 4959 tributa,
2736 4906 3113 4962 cempensare
3145 4886 3379 4952 collata,
3422 4884 3777 4951 coadunare,
3833 4883 3972 4940 imo

2298 4980 2691 5055 centuplicare
2717 4972 2949 5035 valeant
2979 4978 3266 5051 dispersa.
3298 4974 3554 5031 Observa
3603 4976 3829 5040 tamen,
3862 4978 3970 5041 ut,

2301 5072 2346 5129 si
2382 5070 2506 5127 ﬁeri
2535 5068 2808 5143 qotest,id
2832 5065 2994 5133 est,si
3013 5069 3327 5139 praesentes
3342 5058 3973 5135 suntquibusaliquid

2299 5158 2511 5226 tulisti,
2542 5163 2600 5215 et
2629 5153 3269 5231 copiafavet,primitus
3282 5152 3609 5209 secundum
3640 5148 3977 5207 Zacbaum

2298 5248 2484 5318 (Ibid.,
2521 5247 2626 5319 19),
2660 5246 2768 5303 etsi
2794 5263 2911 5301 non
2942 5243 3123 5310 vales,
3169 5247 3274 5299 aut
3317 5241 3485 5298 voles
3531 5237 3982 5313 quadruplum,

2303 5393 2471 5448 dunt.
2504 5388 2947 5459 Correctionem,
2971 5386 3397 5459 cupidenarivum
3427 5381 3708 5459 Ratherii
3756 5384 3987 5459 sensui

2305 5466 2720 5530 congruentem
2750 5453 3112 5530 indusimus.
3163 5456 3475 5530 Ugutionis
3523 5455 3681 5530 enim
3726 5453 3989 5511 codices

2307 5528 2529 5590 laudati
2588 5549 2623 5588 a
2666 5529 2886 5603 Cangio
2934 5528 3173 5586 habent:
3222 5528 3634 5601 'Cupidenarius
3687 5533 3995 5583 mercator

2308 5606 2537 5678 cupidus
2563 5604 2940 5661 denariorum.
3740 5606 3747 5613 °
