4100 6200
224 286 335 347 161

1181 285 1825 382 Plt/ELOQUIORQM
1870 282 2074 350 LIBItI
2119 286 2287 349 sex.
2322 322 2399 332 —
2426 281 2574 349 LIB.
2622 283 2670 363 ι.

3512 288 3627 373 162

221 418 434 477 saltem
465 416 741 477 restituas
758 417 1365 493 simplum.Memento
1377 420 1553 477 etiam
1576 425 1720 493 quot
1750 437 1870 494 per.
1901 422 1957 488 Α
1990 420 2111 477 rius
2134 420 2401 491 judicare
2433 425 2684 493 peccato,
2710 422 2809 494 qui
2832 438 2948 478 non
2972 423 3144 480 habet
3167 400 3629 497 undejudicetur

212 509 381 582 juria
405 508 467 565 in
487 509 617 582 ipsa
648 510 962 577 taxatione,
999 514 1141 583 quot
1168 510 1474 566 mendacia
1502 510 1561 565 in
1592 509 1721 583 ipsa
1741 526 1875 581 pro-

216 598 433 655 tuleris
461 599 768 668 auctione;
802 603 861 655 et
888 599 995 655 tibi
1034 616 1212 672 super
1257 599 1350 655 his
1389 598 1651 666 consule,
1685 598 1877 655 sciens

217 688 602 745 veracissime
632 692 859 763 patrem
893 689 1181 745 mendacii
1207 687 1507 744 diabolum
1539 705 1667 745 esse
1695 691 1874 758 (Joan.

219 794 354 847 VIII,
385 778 496 845 44),
524 778 653 850 ipso
682 778 929 834 Domino
971 781 1245 849 testante,
1277 777 1378 850 qui
1438 781 1494 833 et
1539 794 1642 851 per
1689 776 1878 850 legem

225 866 606 941 cognoscitur
622 866 910 923 clamasse
930 886 948 922 :
968 868 1082 923 Non
1112 867 1426 939 perjurabis
1446 869 1508 923 in
1536 867 1757 923 nomine
1782 868 1884 922 Do-

225 956 378 1011 mini
406 958 511 1013 Dei
536 958 622 1012 tui
655 958 847 1024 (Levii.
878 973 993 1022 xxx,
1023 956 1153 1023 12);
1187 960 1245 1011 et
1293 973 1396 1028 per
1445 956 1827 1028 semetipsum
1864 973 1877 1011 :

225 1044 349 1114 Ego
378 1048 562 1101 autem
589 1044 708 1101 dico
735 1044 884 1100 vobis
912 1060 1020 1099 non
1058 1045 1257 1117 jurare
1284 1045 1386 1101 24
1415 1047 1636 1101 omnino
1666 1044 1878 1114 (Matth.

225 1151 289 1201 ν,
322 1135 415 1202 34)
449 1150 464 1201 ;
497 1134 652 1190 unde
680 1137 737 1192 et
778 1133 933 1189 idem
987 1134 1223 1205 sapiens
1272 1133 1371 1205 qui
1432 1150 1612 1207 supra
1645 1151 1657 1189 :
1691 1135 1884 1191 Potius

228 1222 449 1296 inquit,
476 1225 571 1295 fur
590 1239 756 1296 quam
784 1222 1077 1279 assiduitas
1114 1223 1228 1278 viri
1258 1223 1538 1279 mendacis
1570 1242 1587 1286 :
1614 1223 1885 1295 perditio-

229 1330 369 1370 nem
414 1316 602 1368 tamen
642 1314 863 1384 utrique
912 1311 1315 1369 hwreditabunt
1354 1313 1539 1385 (Eccli.
1584 1330 1677 1379 xx,
1724 1312 1814 1383 17)
1868 1328 1882 1379 ;

234 1404 540 1473 itemque:
571 1401 849 1458 Jurationi
873 1417 984 1456 non
1021 1417 1299 1457 assuescas
1346 1418 1402 1458 os
1444 1406 1602 1456 tuum
1634 1422 1651 1467 ;
1680 1402 1887 1456 multus

236 1496 313 1549 est
346 1492 496 1546 enim
543 1507 701 1545 casus
748 1491 809 1545 in
856 1490 977 1545 illa.
1012 1490 1325 1547 Nominatio
1374 1505 1497 1547 vero
1544 1492 1639 1547 Dei
1672 1507 1783 1545 non
1818 1491 1890 1544 sit

236 1580 465 1637 assidua
488 1581 549 1635 in
578 1595 673 1635 ore
698 1586 809 1636 tuo.
836 1587 890 1635 et
912 1580 1230 1635 nominibus
1270 1588 1583 1636 sanctorum
1614 1596 1718 1636 non
1746 1596 1889 1634 com-

235 1668 544 1735 miscearis,
576 1668 839 1739 quoniam
883 1683 990 1723 non
1034 1669 1144 1723 eris
1190 1668 1454 1725 immunis
1483 1669 1551 1723 ab
1580 1671 1659 1724 eis
1702 1668 1889 1740 (Eccli.

239 1775 407 1826 nm,
449 1756 529 1828 9).
575 1754 723 1811 Alibi
775 1772 1010 1828 quoque
1045 1774 1058 1811 :
1093 1757 1345 1828 Loquela,
1374 1756 1474 1824 ait,
1516 1758 1753 1812 multum
1789 1758 1893 1829 ju-
1924 1795 1973 1869 Β

1985 526 2052 565 ex
2082 526 2207 566 suo.
2225 509 2375 565 Audi
2397 509 2650 584 denique
2677 511 2872 584 ipsum
2890 529 2903 567 :
2920 513 3114 579 Nolite,
3132 512 3346 585 inquit,
3356 515 3629 587 judicare,

1985 604 2036 653 et
2062 612 2172 653 non
2192 599 2589 669 judicabimini
2615 618 2641 665 ;
2665 601 2837 656 nolite
2865 601 3244 667 condemnare,
3278 611 3330 659 et
3355 621 3465 661 non
3503 622 3631 667 con-

1984 687 2388 743 demnabimini
2418 688 2643 761 (Matth.
2675 706 2775 758 vn,
2810 690 2883 761 1).
2917 690 3059 746 Audi
3090 695 3146 746 et
3175 690 3381 760 alium,
3407 694 3507 750 sed
3540 701 3632 751 ta-

1987 793 2122 831 men
2175 775 2248 831 ab
2295 775 2483 850 ipsius
2522 778 2733 851 spiritu
2781 778 3017 834 doctum
3048 796 3061 835 :
3096 781 3240 849 Noli,
3275 780 3377 849 ait,
3410 797 3636 847 querere

1986 865 2116 935 ﬁeri
2134 865 2329 937 judex,
2360 867 2477 921 nisi
2502 868 2646 937 forte
2674 868 2858 923 valeas
2890 870 3139 924 virtutem
3170 871 3474 942 irrumpere
3521 873 3633 926 mi-

1988 955 2238 1027 quitatis.
2275 970 2341 1011 ne
2369 957 2511 1025 forte
2540 958 2861 1011 extimescas
2888 958 3088 1027 faciem
3114 975 3181 1030 po
3193 960 3364 1027 'entis,
3389 967 3442 1016 et
3462 976 3636 1032 ponas

1987 1043 2309 1100 scandalum
2337 1046 2395 1099 in
2424 1045 2677 1116 (equitate
2707 1052 2800 1100 tua
2832 1047 3019 1116 (Eecli.
3052 1064 3151 1114 \‘ll,
3183 1048 3258 1119 6).
3295 1050 3367 1105 At
3413 1052 3499 1118 tu,
3532 1048 3634 1115 ita,

1988 1131 2210 1206 inquis,
2245 1132 2363 1187 haec
2391 1136 2495 1188 tua
2522 1132 2794 1189 videntur
2823 1136 2997 1190 verba
3029 1153 3255 1204 sonare,
3288 1139 3456 1209 quasi
3487 1143 3638 1195 Deus

1984 1221 2216 1293 judices
2247 1221 2485 1277 omnino
2516 1221 2663 1277 nolit
2692 1238 2840 1277 esse.
2877 1223 2980 1278 Ubi
3014 1240 3150 1297 ergo
3176 1225 3316 1281 lex?
3345 1226 3452 1283 Ubi
3506 1228 3594 1285 fas
3614 1229 3643 1284 ?

1992 1308 2102 1365 Ubi
2120 1310 2245 1382 ipsa
2269 1310 2419 1365 inter
2440 1310 2656 1366 bouum
2681 1310 3021 1383 malumque
3038 1311 3343 1369 discretio?
3355 1314 3642 1372 Omnibus

1994 1397 2194 1453 licebit
2225 1397 2491 1471 quaelibet
2511 1397 2753 1471 impune
2784 1416 2952 1472 agere
2978 1418 2991 1456 :
3017 1401 3237 1457 furtum
3261 1419 3424 1476 aque
3447 1402 3645 1460 lauda-

1996 1486 2177 1553 bitur,
2212 1491 2277 1541 ut
2304 1487 2505 1541 datum
2542 1487 2728 1543 :Vitia
2757 1505 2890 1544 cum
2924 1489 3238 1547 virtutibus
3264 1492 3387 1564 pari
3429 1509 3645 1551 corona

1999 1574 2358 1645 gaudebunt.
2388 1573 2529 1638 Quis
2560 1574 2711 1630 inter
2740 1575 2947 1632 fratres
2979 1578 3376 1635 haereditatem
3400 1581 3647 1637 dividet?

2001 1661 2144 1726 Quis
2190 1662 2427 1717 viduam
2468 1680 2501 1717 a
2530 1662 2973 1732 calumniatore,
3004 1666 3287 1739 virginem
3338 1685 3372 1723 a
3418 1673 3648 1743 raptore

2003 1750 2314 1806 defendet?
2335 1751 2476 1814 Quis
2501 1750 2737 1824 inopem
2769 1753 3070 1810 tuebitur?
3088 1755 3234 1823 Non,
3266 1755 3456 1831 inquit
3471 1757 3649 1828 Deus,

242 1864 407 1914 vans,
439 1845 917 1920 horripilationem
961 1846 1132 1918 capiti
1166 1848 1364 1901 statuet
1390 1846 1578 1908 (Eccli.
1611 1863 1746 1913 xvu,
1780 1847 1892 1913 25).
1926 1838 1973 1873 ’θ
2003 1839 2102 1896 25
2130 1838 2481 1910 prohibeoin
2514 1842 2781 1913 prmscnti
2814 1842 3025 1897 saeculo
3044 1842 3279 1917 aliquod
3307 1846 3652 1904 interhomi-

246 1933 624 2008 Horripilatio
647 1951 801 2000 vero,
835 1932 892 1989 id
926 1938 1015 1989 est
1035 1932 1242 1989 horror
1265 1933 1538 2006 pilorum,
1572 1936 1670 2007 qui
1696 1952 1764 1991 ex
1797 1952 1893 1990 su-

247 2027 375 2082 bito
397 2022 733 2098 pavore,vel
759 2022 943 2078 nimio
974 2022 1185 2078 rubore
1218 2022 1365 2079 solet
1386 2024 1897 2097 contingere,sivis

251 2130 429 2171 nosse
485 2113 584 2168 ubi
643 2112 960 2184 contingat,
1003 2113 1255 2168 maxime
1312 2114 1448 2168 audi
1506 2112 1895 2185 Apostolum:

254 2202 598 2261 tim-rendam
618 2206 714 2267 est,
749 2201 958 2273 inquit,
992 2202 1232 2257 incidere
1262 2204 1322 2257 in
1354 2218 1549 2258 manus
1580 2204 1678 2258 Dei
1714 2204 1897 2258 einen.

254 2296 324 2351 tis
357 2293 540 2365 (Hebr.
592 2308 646 2359 x,
691 2291 803 2354 31).
839 2291 903 2346 Et
949 2291 1057 2346 Job
1107 2292 1177 2346 de
1225 2290 1367 2347 locis
1398 2290 1767 2363 pcnnalibus:
1805 2291 1902 2348 Ubi

254 2383 465 2450 uultus,
499 2381 600 2449 ait,
650 2380 798 2445 ordo,
830 2380 921 2436 sed
975 2382 1336 2449 sempiternus
1386 2381 1580 2437 horror
1632 2382 1904 2436 inhabitat

255 2474 397 2545 (Job.
436 2489 493 2538 x,
526 2470 639 2543 31).
672 2468 783 2525 Sed
819 2486 888 2524 ne
920 2469 1161 2525 forsitan
1196 2470 1394 2525 minus
1425 2476 1623 2525 nostra
1653 2469 1904 2524 auctori-

251 2566 547 2633 tate,qu(e
575 2557 740 2614 nulla
771 2561 878 2625 est,
894 2558 1126 2623 ductus,
1142 2556 1450 2613 consilium
1469 2576 1502 2613 a
1522 2558 1692 2614 nobis
1704 2573 1908 2629 capere

255 2650 436 2714 nolis,
470 2648 604 2704 audi
638 2647 905 2720 quaedam
926 2646 1305 2719 verbaipsius
1336 2647 1591 2719 Spiritus
1620 2647 1913 2713 saneti;ut

256 2746 314 2797 et
347 2739 640 2794 habentur
665 2736 726 2792 in
759 2736 1277 2809 agiographis,tuae
1310 2736 1481 2791 saluti
1509 2735 1909 2810 congruentia.

258 2831 324 2885 In
359 2835 489 2893 tota,
524 2826 737 2897 inquit,
768 2828 957 2880 anima
990 2827 1085 2880 iua
1116 2826 1244 2881 time
1294 2827 1483 2899 Deum,
1516 2833 1567 2881 et
1617 2824 1914 2880 sacerdotes

262 2919 424 2974 illius
454 2915 758 2984 sancti/ica.
792 2916 851 2969 In
884 2917 1035 2969 omni
1062 2916 1265 2970 virtute
1292 2917 1389 2969 tua
1430 2914 1600 2984 dilige
1646 2931 1789 2979 eum,
1822 2914 1917 2985 qui

264 3015 317 3063 te
345 3005 501 3080 fecit,
536 3007 589 3059 et
616 3004 895 3059 ministros
928 3004 1082 3057 illius
1132 3019 1241 3058 non
1298 3002 1667 3074 derelinquas.
1703 3004 1917 3059 Honora

266 3099 449 3153 Deum
475 3110 545 3149 ea:
571 3101 678 3150 tota
706 3094 896 3148 anima
922 3101 1035 3158 tua,
1061 3100 1113 3148 et
1159 3091 1457 3163 honoriﬁca
1510 3092 1842 3156 sanerdotes,
1867 3094 1919 3147 et

2005 1946 2109 1984 nes
2139 1927 2598 1999 essejudieium;
2623 1930 2721 1984 sed
2749 1932 2993 2002 prtedico
3011 1932 3653 2004 periculum,utcaveas

2004 2021 2327 2090 peccatum.
2355 2017 2515 2081 Quod
2539 2017 2693 2074 enim
2718 2019 3108 2090 periculosum
3139 2026 3227 2078 est
3251 2022 3374 2091 uni,
3401 2041 3516 2080 non
3549 2027 3655 2082 de-

2008 2106 2103 2160 bet
2135 2105 2354 2179 passim
2389 2124 2422 2161 a
2454 2105 2656 2161 multis
2682 2106 2912 2162 ambiri.

2081 2196 2167 2249 17.
2204 2194 2463 2267 Denique
2493 2195 2887 2264 considerans,
2922 2197 3014 2252 vix
3045 2215 3302 2271 unquam
3319 2201 3653 2273 potuijudi-

2010 2300 2135 2340 cem
2196 2299 2428 2339 cernere
2477 2283 2601 2340 sine
2648 2285 2951 2356 cupiditia.
2986 2287 3055 2342 Et
3084 2294 3234 2343 certe
3266 2289 3395 2360 ipsa
3425 2307 3541 2346 non
3573 2291 3656 2349 di-

2012 2372 2228 2428 sccrnit
2250 2373 2435 2442 justa,
2458 2371 2577 2427 imo
2598 2373 3131 2444 obcaecatjudicum
3151 2377 3345 2433 corda.
3361 2377 3505 2433 Volo
3522 2395 3659 2452 ergo

2015 2477 2143 2515 esse
2165 2460 2420 2530 judices,
2454 2478 2567 2515 non
2602 2462 2943 2531 prazdoncs;
2975 2463 3103 2517 volo
3125 2464 3378 2534 judices,
3412 2482 3526 2519 non
3568 2483 3661 2519 ra-

2017 2552 2250 2620 ptores;
2282 2548 2411 2603 volo
2434 2548 2686 2619 judiccs,
2721 2566 2834 2604 non
2866 2549 3340 2620 calumniatores;
3365 2552 3493 2607 volo
3507 2553 3664 2623 judi-

2020 2654 2135 2701 ccs,
2188 2637 2287 2692 scd
2320 2654 2550 2692 veraces
2592 2653 2606 2692 :
2647 2636 2773 2693 volo
2796 2638 3051 2708 judices,
3076 2640 3172 2695 sed
3198 2656 3313 2695 non
3337 2640 3553 2698 divitiis
3576 2640 3663 2696 in-

1991 2718 2346 2782 'hiantcs.Et
2363 2726 2517 2781 enim
2541 2726 2779 2799 quidam
2807 2727 3062 2783 amicum
3083 2745 3258 2784 suum
3277 2730 3348 2785 de
3362 2730 3665 2803 partiendo

2022 2832 2195 2873 onere
2246 2816 2549 2887 potestatis
2597 2817 3014 2873 consiliaturus
3048 2836 3060 2873 :
3091 2818 3387 2886 Constitue,
3440 2820 3539 2887 ait,
3568 2821 3669 2893 ju-

2023 2906 2166 2961 dices
2242 2907 2338 2977 qui
2411 2905 2625 2961 oderint
2696 2908 2994 2962 avaritiam
3066 2908 3254 2980 (Exod.
3336 2926 3494 2977 xvm,
3553 2911 3663 2982 21).

2025 2993 2334 3066 Sapientiae
2372 3011 2603 3067 quoque
2647 2994 2793 3050 liber
2840 2996 2921 3051 ita
2961 2997 3186 3066 incipit.
3236 2998 3461 3070 Diligite
3495 3000 3669 3072 justi-

2027 3086 2182 3151 tiam,
2216 3085 2313 3155 qui
2331 3082 2597 3154 judicatis
2629 3088 2833 3139 terram
2864 3084 3014 3156 (Sap.
3045 3101 3085 3151 I,
3124 3086 3194 3157 1).
3227 3086 3399 3142 Jesus
3436 3104 3669 3160 quoque

257 3200 547 3258 prapurga
575 3187 628 3238 te
650 3199 775 3238 cum
805 3182 1066 3249 brachiis:
1090 3181 1156 3236 da
1178 3181 1294 3236 illis
1310 3162 1492 3253 partes
1511 3183 1912 3253 primitiarum,
1946 3162 1989 3230 C
2027 3171 2185 3227 ﬁlius
2216 3171 2415 3226 Sirach
2470 3171 2567 3227 ait.
2600 3174 2661 3228 In
2710 3173 3012 3245 judicando
3063 3178 3171 3229 esto
3222 3176 3457 3247 pupillis
3514 3177 3671 3232 mise-

262 3277 412 3329 sicut
438 3272 764 3327 mandatam
824 3273 899 3325 est
947 3271 1064 3339 tibi,
1098 3275 1149 3325 et
1190 3270 1255 3326 de
1300 3272 1633 3342 negligentia
1660 3287 1835 3343 purga
1865 3273 1917 3325 te

262 3379 392 3418 cum
417 3362 610 3434 paucis
641 3360 825 3432 (Eccli.
853 3376 953 3426 vn,
987 3359 1096 3426 3|).
1146 3360 1373 3428 Porrige
1417 3361 1649 3431 pauperi
1690 3376 1916 3414 manum

266 3459 446 3518 tuam,
493 3454 555 3504 ut
606 3450 927 3523 perﬁciatur
989 3450 1326 3520 propitiatio,
1375 3456 1426 3504 et
1482 3449 1778 3504 benedictio
1823 3455 1917 3503 tua

266 3540 458 3611 (Eccli,
490 3556 613 3604 νιιι,
666 3538 739 3608 1).
771 3539 889 3594 Non
939 3538 1122 3607 litiges
1170 3555 1294 3592 cum
1332 3538 1541 3594 homive
1574 3542 1810 3610 potente,
1850 3554 1919 3593 ne

264 3631 417 3701 forte
445 3626 657 3684 incidas
684 3628 745 3681 in
776 3643 974 3682 manus
1004 3627 1119 3690 eius
1152 3644 1164 3682 :
1198 3644 1307 3682 non
1335 3627 1622 3683 contendas
1646 3644 1768 3682 cum
1801 3627 1918 3681 viro

269 3717 555 3790 locuplete,
582 3733 651 3772 ne
680 3718 819 3789 forte
837 3724 1054 3773 econtra
1081 3718 1377 3772 constituas
1420 3717 1572 3772 litem
1626 3716 1749 3770 tibi.
1782 3716 1919 3771 Mor-

266 3811 366 3862 tuo
394 3824 507 3862 non
530 3806 821 3878 prohibeas
850 3808 1106 3877 gratiam,
1140 3822 1237 3861 nec
1276 3804 1421 3861 desis
1466 3805 1814 3877 plorantibus
1862 3805 1922 3859 in

267 3895 660 3963 consolatione,
708 3900 760 3951 et
805 3912 929 3950 cum
969 3895 1281 3966 lugentibus
1323 3894 1547 3950 ambula
1595 3894 1779 3966 (Eccli.
1820 3910 1921 3949 vn.

270 3984 484 4054 37-40).
516 3986 633 4041 Non
662 3994 713 4041 te
730 3986 912 4057 pigeat
940 3985 1165 4040 visitare
1194 3984 1477 4054 infirmum
1509 4004 1527 4045 :
1557 4000 1626 4039 ex
1656 3983 1738 4039 his
1776 3986 1925 4039 enim
1974 3998 1981 4003 '

270 4075 337 4129 in
390 4073 679 4130 dilectione
724 4074 1056 4143 ﬁrmabcris.
1099 4073 1247 4138 Quid
1297 4072 1534 4146 magis?
1564 4074 1621 4128 In
1670 4075 1924 4130 omnibus

270 4162 528 4236 operibus
560 4164 667 4219 tuis
689 4179 991 4219 memorare
1018 4163 1310 4220 novissimo
1337 4166 1450 4229 tua,
1485 4170 1535 4217 et
1563 4163 1624 4217 in
1656 4171 1927 4220 aeternum

272 4268 390 4308 non
415 4252 683 4325 peccabis.

695 4342 817 4397 'l‘rr.
850 4340 945 4396 VI.
975 4372 1043 4380 —
1074 4341 1150 4395 De
1171 4340 1467 4396 causidicis
1496 4384 1508 4397 .

353 4431 444 4485 15.
477 4430 818 4486 Causidicus
848 4428 937 4484 vel
966 4430 1282 4485 advocatus
1329 4446 1392 4485 es
1421 4428 1449 4483 ?
1498 4428 1700 4501 Cogita
1756 4429 1927 4499 cujus

2022 3263 2194 3317 ricors
2248 3264 2305 3315 ut
2362 3268 2535 3331 pater,
2568 3270 2618 3316 et
2665 3277 2767 3328 pro
2818 3264 2939 3317 viro
2969 3265 3137 3319 matri
3164 3280 3369 3331 eorum,
3399 3272 3450 3321 et
3477 3266 3586 3321 eris
3611 3268 3673 3321 tu

2024 3351 2197 3406 veluti
2240 3351 2392 3421 [ilius
2455 3351 2723 3405 Altissimi
2755 3351 3030 3418 obediens,
3080 3360 3132 3408 et
3176 3354 3523 3409 miserebitur
3589 3356 3674 3413 tui

2024 3442 2203 3508 magis
2226 3456 2392 3511 quam
2417 3448 2591 3495 mater
2622 3440 2807 3513 (Eccli.
2833 3457 2908 3507 ιν,
2944 3441 3055 3512 10).
3096 3441 3382 3499 Dominus
3437 3459 3674 3515 quoque

2026 3529 2086 3583 in
2114 3527 2560 3583 Deuteronomio
2595 3546 2608 3583 :
2642 3527 2951 3583 Maledictus
2979 3531 3076 3599 qui
3095 3532 3359 3599 pervertit
3398 3530 3676 3601 Judicium

2029 3616 2273 3683 aduente,
2307 3614 2530 3687 pupilli,
2555 3624 2606 3671 et
2642 3615 2818 3670 viduae
2848 3616 3027 3687 (Deut.
3059 3633 3235 3682 xxvii,
3269 3616 3379 3684 19).
3413 3616 3676 3689 Itemque

2032 3704 2129 3777 qui
2164 3720 2343 3775 supra
2375 3719 2388 3756 :
2427 3725 2453 3753 ‹‹
2483 3703 2564 3758 Ne
2590 3702 2890 3775 relinquas
2924 3708 3076 3759 retro
3124 3703 3230 3758 tibi
3284 3703 3627 3760 maledicere
3659 3721 3674 3774 ;

2030 3792 2432 3849 maledicenlis
2461 3791 2617 3848 enim
2644 3791 2749 3848 tibi
2772 3791 2829 3847 in
2866 3792 3256 3850 amaritudine
3282 3792 3487 3849 anima:
3509 3809 3679 3850 exau-

2033 3883 2225 3938 dietur
2254 3882 2508 3955 precatio
2542 3881 2700 3937 illius
2728 3900 2739 3950 ;
2772 3882 3042 3939 exaudiet
3072 3888 3268 3939 autem
3300 3881 3469 3940 illum
3501 3883 3678 3951 Deus,

2035 3973 2134 4046 qui
2163 3971 2295 4028 fecit
2324 3970 2490 4027 illum
2517 3972 2794 4041 (Eccli.1v,
2817 3973 2894 4040 5);
2920 3995 2947 4022 ››
2962 3977 3018 4029 et
3046 3990 3280 4030 rursus:
3299 3996 3325 4024 «
3341 3972 3467 4031 Noli
3482 3988 3679 4029 amare

2035 4061 2406 4118 mendacium
2438 4062 2717 4118 adversus
2744 4061 2980 4119 fratrem
3010 4066 3200 4132 tuum;
3233 4079 3423 4136 neque
3476 4061 3680 4137 alliges

2034 4151 2142 4207 tibi
2173 4149 2429 4223 duplicia
2459 4154 2730 4223 peccata;
2764 4167 2952 4223 neque
2982 4152 3137 4207 enim
3167 4151 3228 4207 in
3260 4169 3377 4208 uno
3407 4152 3523 4210 eris
3570 4151 3683 4207 im-

2036 4240 2235 4295 munis
2264 4240 2452 4309 (Eccli.
2484 4256 2582 4304 v11,
2612 4239 2722 4310 13).
2758 4262 2786 4289 »
2820 4238 3133 4296 Psalmista
3163 4257 3398 4312 quoque
3431 4259 3444 4297 :
3482 4242 3684 4313 Usque-

2036 4345 2160 4401 quo,
2217 4326 2428 4401 inquit,
2475 4328 2742 4402 judicatis
2798 4329 3170 4401 iniquitatem,
3230 4333 3280 4385 et
3334 4331 3505 4400 facies
3554 4344 3680 4400 pec-

2036 4426 2280 4473 catorum
2310 4419 2524 4473 sumitis
2546 4420 2571 4471 .9
2597 4416 2847 4472 Judicate
2875 4433 3042 4486 egeno
3072 4425 3123 4471 et
3148 4418 3385 4488 pupillo,
3420 4417 3687 4471 humilem

273 4519 531 4575 sortitus
560 4518 638 4575 sit
657 4534 966 4591 agnomen,
1000 4523 1055 4572 et
1083 4521 1203 4572 tam
1236 4518 1399 4573 bona:
1449 4517 1530 4572 rei
1591 4516 1905 4573 ministruu

2040 4515 2091 4562 et
2105 4523 2404 4580 pauperem
2420 4505 2722 4578 justiﬁcate
2739 4524 2763 4570 ;
2793 4508 2991 4576 eripite
3013 4520 3329 4577 pauperem,
3375 4512 3427 4560 et
3454 4520 3687 4575 egenum

272 4612 335 4664 te
365 4607 575 4664 exhibe
602 4606 952 4664 ﬁdelem,De
982 4606 1226 4662 nomine
1245 4606 1634 4661 enimdictum
1665 4610 1773 4674 εει,
1795 4606 1935 4678 quia
1964 4592 1996 4595 “
2041 4595 2105 4650 de
2154 4612 2324 4649 manu
2368 4595 2665 4665 peccatoris
2707 4594 2935 4649 liberate
2978 4594 3147 4665 (Psal.
3182 4610 3369 4660 Lxxx1,
3398 4595 3477 4663 2).
3523 4592 3689 4650 Alius

275 4696 631 4753 advocatum
664 4713 797 4752 eum
832 4695 1118 4751 habemus
1143 4696 1296 4767 apud
1329 4696 1575 4750 Patrem.
1613 4693 1905 4750 Dissimul:

2042 4699 2221 4739 vero:
2275 4683 2392 4738 Non
2438 4699 2688 4738 assumas
2727 4680 2940 4754 inquit,
2983 4698 3274 4754 personam
3317 4683 3583 4755 pauperis
3630 4684 3689 4738 in

277 4800 519 4857 quoque
550 4784 863 4858 aliquando
888 4783 1287 4841 causationem
1348 4784 1419 4839 ob
1475 4783 1932 4840 conservandam

276 4872 677 4931 dilectionem.

348 5012 361 5023 .
713 4965 836 5020 Trr.
863 4962 986 5019 VII.
1016 4994 1077 5003 —
1108 4952 1181 5018 De
1192 4962 1496 5035 judicibus.

357 5053 446 5107 16.
490 5052 947 5125 Loeotheta(46),
1001 5068 1177 5124 quem
1204 5069 1311 5107 nos
1360 5051 1633 5108 comitem
1679 5051 1934 5107 dicimus

276 5138 511 5214 palatii,
545 5140 846 5213 praefectus
877 5145 978 5196 aut
998 5139 1182 5213 judex
1211 5140 1313 5196 es?
1344 5139 1663 5195 Considera
1692 5156 1865 5212 quem
1879 5144 1936 5195 et

275 5233 350 5283 tu
372 5226 682 5287 habiturus
703 5229 785 5287 sis
808 5230 1247 5304 dispunctorem
1265 5227 1350 5283 vel
1370 5228 1629 5299 judicem
1654 5243 1669 5282 :
1693 5245 1936 5302 perpen-

2032 4772 2247 4846 judicio
2309 4772 2500 4844 (Eccli.
2566 4788 2732 4837 xxxv,
2787 4772 2895 4840 16).
2945 4771 3107 4839 Quod
3160 4775 3301 4828 tunc
3373 4772 3691 4828 observan-

2044 4862 2185 4917 dum
2219 4861 2391 4931 scias,
2420 4861 2654 4933 quando
2687 4861 2846 4916 dives
2865 4860 3113 4932 justam,
3134 4878 3356 4934 pauper
3385 4861 3689 4934 injustam,

2045 4957 2110 5007 ut
2140 4950 2379 5019 assolet,
2411 4950 2586 5005 habet
2614 4967 2875 5007 causam.
2902 4950 3048 5007 Item
3080 4950 3436 5023 idemquem
3459 4950 3689 5015 Audite,

2046 5046 2103 5097 et
2129 5041 2283 5113 quod
2300 5041 2531 5112 justum
2564 5042 2653 5095 est
2674 5039 2959 5111 judicate,
2984 5039 3104 5095 sive
3133 5040 3275 5097 civis
3306 5040 3385 5095 sit
3422 5039 3541 5108 ille,
3574 5039 3694 5095 sive
3758 5110 3785 5119 κ

2044 5129 2389 5204 peregrinus
2423 5146 2435 5185 :
2461 5127 2621 5183 nulla
2646 5128 2927 5185 distantia
2949 5128 3019 5184 sii
3051 5128 3555 5203 personarumJta
3570 5145 3698 5201 par-

2044 5237 2180 5275 vum
2214 5216 2461 5274 audietis
2494 5220 2557 5271 ut
2587 5232 2890 5289 magnum,
2924 5234 3030 5273 nec
3060 5216 3357 5291 accipietis
3387 5217 3697 5289 cujusdam

279 5317 360 5373 de
389 5334 567 5390 quam
597 5335 770 5393 grave
800 5318 1005 5377 tuleris
1029 5318 1263 5391 jugum,
1287 5320 1344 5374 et
1374 5320 1513 5389 puta
1534 5316 1690 5389 quod
1719 5334 1834 5374 non
1860 5317 1939 5373 sit
2048 5324 2356 5382 personam
2390 5306 2446 5361 ίῐι
2474 5304 2718 5377 jUdiCio,
2750 5306 2891 5378 quia
2928 5306 3031 5362 Dei
3072 5311 3161 5364 est
3194 5306 3486 5379 judicium
3516 5308 3694 5376 (Deut.

277 5406 524 5481 gravius
551 5408 939 5464 ullum.lllius
963 5408 1121 5463 enim
1151 5405 1335 5462 solius
1365 5410 1475 5475 est,
1491 5404 1671 5461 libere
1695 5405 1766 5461 de
1792 5403 1939 5461 alte-

2047 5398 2091 5465 I,
2125 5398 2235 5467 16).
2267 5418 2297 5448 »
2329 5395 2517 5452 Judex
2544 5410 2678 5450 vero
2731 5394 2948 5451 dicitur
2999 5396 3169 5469 quasi
3193 5397 3294 5471 jus
3332 5395 3570 5465 dicens;
3594 5397 3697 5468 jus

361 5515 475 5588 (96)
499 5490 1022 5574 νοοεωιοεοίὴειά
1047 5513 1358 5588 Ratherius
1379 5529 1447 5588 ex
1491 5512 1703 5588 Graecis
1732 5511 2007 5588 sumpsit,
2040 5506 2202 5588 apud
2250 5519 2397 5588 (11108
2428 5501 2792 5588 i3_7\°T°°‘m53
2829 5503 2885 5588 ξε
2915 5508 3024 5573 θεῖ,
3058 5504 3158 5580 qui
3208 5504 3491 5564 ratione!!!
3537 5504 3699 5581 indi-

278 5574 477 5655 cando
502 5587 781 5651 decernit.
795 5588 860 5651 In
891 5586 1409 5669 Langobardorum
1431 5584 1661 5664 legibus
1674 5585 1786 5647 loco
1799 5574 2033 5664 poem,
2064 5574 2152 5641 vel
2185 5574 2291 5639 loci
2318 5582 2561 5637 servator
2582 5574 2938 5655 appellatur,
