4100 6200
330 336 447 406 177

1290 338 1943 426 PR/ELOQUIORUM
1983 348 2194 427 LIBRI
2235 351 2413 421 SEX.
2433 386 2509 405 --
2532 353 2677 425 LIB.
2721 351 2773 421 Ι.

3617 353 3743 437 UO
3810 424 3821 431 ε

329 474 704 538 fundioribus
718 493 922 555 capere
936 478 1166 543 valeant
1184 483 1971 557 generibusinstitutionum.
1999 489 2057 557 Α
2084 489 2368 547 virtutum
2390 490 2653 565 generari
2676 491 2997 551 debuerant
3017 489 3265 566 soboles,
3282 487 3536 553 inaniter
3552 493 3737 553 effun-

329 568 575 635 Quidam
605 586 760 637 vero,
783 570 975 635 verbis
996 574 1062 627 ut
1080 573 1136 629 id
1157 572 1400 630 referam
1411 573 1973 648 AureliiAugustini,

325 662 501 715 tantis
524 662 663 716 sunt
685 659 991 729 fatuitatis,
1008 664 1073 717 ut
1101 661 1275 734 paulo
1307 662 1507 718 minus
1527 662 1797 719 differant
1829 681 1862 720 a
1880 682 1975 737 pe-

325 748 578 804 curibus.
594 748 746 803 Sunt
763 765 896 804 vero
919 750 1017 805 aiii
1040 754 1161 806 tam
1201 750 1371 823 agilis
1410 751 1738 809 intellectus
1764 756 1821 808 et
1847 758 1972 809 stu-

325 837 430 906 dii,
460 840 524 892 ut
550 854 706 910 saepe
736 837 969 910 proprio
1000 855 1174 895 sensu
1208 845 1265 896 et
1292 840 1512 906 studio,
1539 841 1716 897 etiam
1748 843 1973 914 majora

324 924 855 1000 percipiant,quam
881 944 914 982 a
936 927 1230 1000 magistris
1251 928 1765 986 didicerunt.Sunt
1793 932 1968 986 etiam

324 1015 427 1089 qui
454 1013 688 1071 difﬁcile
720 1015 978 1087 capiunt,
1004 1019 1061 1072 et
1083 1015 1253 1073 facile
1273 1018 1705 1090 perdunt.Sunt
1734 1019 1835 1091 qui
1857 1019 1968 1075 dif-

320 1104 553 1161 ﬁculter
579 1103 815 1176 quidem
848 1104 1164 1176 capientes,
1205 1111 1374 1179 capta
1420 1106 1648 1163 fortiter
1692 1106 1964 1164 retinent.

318 1198 469 1250 Sunt
497 1193 598 1266 qui
630 1192 798 1249 facile
827 1192 1085 1265 capiunt,
1119 1188 1352 1252 facilius
1382 1196 1678 1253 amittunt.
1698 1197 1848 1253 Sunt
1868 1198 1966 1269 qui

318 1280 600 1339 facillime
636 1280 893 1353 capiunt,
944 1282 1288 1339 difﬁcillime
1336 1285 1634 1341 amittunt.
1666 1285 1769 1342 His
1818 1286 1966 1341 nihil

313 1370 481 1427 aliud
513 1386 662 1444 opus
682 1374 771 1426 est
792 1369 1294 1442 insinuare,quam
1317 1377 1383 1429 ut
1401 1376 1711 1445 praepetem
1734 1374 1967 1446 agilita-

309 1462 437 1516 tem
460 1476 670 1515 sensus
695 1459 879 1516 studii
902 1459 1173 1515 exercitio
1195 1459 1479 1529 nutriant,
1508 1479 1577 1517 ne
1597 1479 1712 1518 non
1740 1463 1967 1519 discen-

313 1549 391 1606 do
412 1548 567 1620 quod
591 1546 870 1616 valent,et
891 1553 1188 1605 auctorem
1209 1548 1633 1622 ingratitudine
1649 1552 1965 1619 offendant,

313 1641 375 1694 et
393 1635 684 1708 sapientia
703 1636 893 1704 vacui,
913 1652 1116 1708 pmnas
1136 1654 1241 1709 pro
1261 1642 1595 1710 contemptu
1616 1641 1968 1712 quandoque

312 1724 632 1784 exsolvant.
667 1723 900 1783 Creteris
951 1741 1086 1782 vero
1129 1742 1232 1797 pro
1283 1730 1455 1799 captu
1504 1727 1876 1800 singulorum
1909 1732 1967 1784 et

310 1813 595 1877 varietate
626 1810 1030 1868 intellectuum
1067 1814 1355 1870 moderari
1388 1814 1595 1870 debere
1639 1817 1868 1872 noveris
1910 1820 1966 1872 et

310 1905 600 1978 praecepta
629 1900 1096 1974 disciplinarum,
1131 1918 1224 1970 ne,
1258 1901 1306 1960 si
1338 1903 1674 1977 incapibilia
1702 1904 1788 1961 eis
1816 1904 1960 1961 velis

306 1992 577 2066 ingerere
594 1990 1014 2058 doctrinarum,
1030 1991 1380 2063 profundius
1401 1992 1676 2050 caecitatis
1700 1992 1962 2051 incidant

307 2080 713 2157 gurgustium.
746 2083 893 2152 Lege
918 2078 1137 2137 librum
1160 2080 1957 2154 AugustiniSoliloquiorum,

304 2175 373 2229 et
399 2171 479 2227 ibi
508 2169 873 2238 evidens,39
885 2168 1022 2225 huic
1046 2173 1242 2226 tamen
1265 2174 1464 2227 nostro
1486 2187 1602 2226 non
1624 2171 1957 2239 dissonans,

300 2259 570 2319 invenies
595 2276 771 2333 super
791 2259 901 2315 isto
926 2257 1259 2315 consilium.
1283 2258 1499 2319 Verum
1522 2259 1766 2316 forsitan
1798 2261 1961 2317 deest

300 2350 538 2425 [scilicet
556 2347 706 2405 liber
723 2348 1067 2422 Augustini}
1088 2363 1191 2403 nec
1211 2346 1362 2404 valet
1382 2346 1627 2404 inveniri
1651 2336 1979 2421 quaesitus?

296 2438 567 2496 Dicimus
587 2437 714 2505 tibi,
739 2436 912 2492 sicuti
940 2436 999 2491 in
1032 2453 1099 2493 eo
1130 2435 1551 2509 legimus,quia
1581 2437 1787 2493 ordine
1816 2454 1963 2510 quo-

306 2529 453 2587 dam
485 2527 557 2584 ad
585 2525 932 2599 sapientiam
965 2525 1284 2598 pervenire,
1317 2526 1480 2581 bona:
1511 2524 1798 2597 diciplinae
1835 2526 1961 2581 ofﬁ-

301 2617 466 2675 cium
497 2619 623 2683 est;
659 2615 789 2671 sine
820 2614 1022 2670 ordine
1053 2617 1249 2673 autem
1277 2615 1374 2670 vix
1402 2613 1698 2671 credibilis
1728 2613 1968 2670 felicita-

298 2707 386 2765 tis
444 2695 808 2778 [f.‘felicitas]
850 2722 864 2759 :
914 2703 1190 2776 quocirca
1242 2705 1459 2759 suadeo
1509 2702 1640 2760 illos
1692 2703 1964 2776 superius

296 2811 615 2869 expressos
635 2793 713 2865 [id
742 2784 830 2849 est
861 2791 1198 2865 discipulos]
1232 2794 1395 2849 tanto
1424 2792 1699 2848 doctrinae
1729 2791 1964 2866 ingenio

302 2884 570 2953 tractari,
603 2887 671 2939 ut
697 2898 858 2941 more
891 2881 1279 2948 medicorum,
1313 2881 1414 2954 qui
1458 2880 1842 2955 lippientibus
1871 2898 1963 2938 so-

303 2978 450 3050 ptus
465 2971 730 3031 doctrina
748 2971 833 3029 eis
854 2971 1365 3039 oli‘eratur;deinde
1394 2970 1680 3043 quid,non
1712 2970 1965 3027 multum

304 3063 573 3138 quidem,
606 3061 814 3118 fortius
840 3064 1066 3125 tamen;
1100 3064 1227 3115 tum
1251 3060 1490 3115 demum
1533 3058 1777 3131 aliquid,
1808 3059 1963 3132 quod

303 3153 427 3210 lem
454 3151 701 3224 cupiunt
726 3148 1015 3206 visibilem
1046 3149 1307 3216 reddere,
1339 3147 1529 3222 primo
1560 3147 1843 3205 levissimi
1876 3165 1968 3203 ca-

2085 580 2249 648 dens,
2284 580 2412 654 ipsa
2440 580 2532 638 sui
2562 582 2962 654 superﬂuitate
2983 583 3212 640 steriles
3233 584 3476 643 reddere
3497 584 3732 645 eosdem

2085 669 2339 731 cernitur
2370 669 2686 728 auditores.
2719 672 2938 728 Horum
2970 672 3286 746 quinifaria
3312 690 3448 730 cum
3479 674 3558 729 sit
3584 673 3732 730 divi-

2082 757 2190 824 sio,
2224 775 2343 814 una
2368 760 2571 816 virtuti
2605 759 2715 833 (66)
2748 760 2998 817 militare
3019 761 3247 818 videtur
3274 762 3732 832 solummodo;id

2080 850 2169 902 est
2199 863 2335 903 cum
2359 848 2608 920 quilibet
2637 854 2759 907 tam
2790 851 3051 907 ardentis
3079 854 3169 907 est
3210 851 3530 920 charitatis,
3565 855 3629 907 ut
3678 851 3730 907 si

2080 935 2204 991 ﬁeri
2236 936 2638 1009 possit,totum
2661 955 2723 994 se
2746 939 3184 996 transfunderet
3207 940 3268 997 in
3297 957 3395 997 cor
3416 938 3731 1009 audientis,

2069 1023 2242 1094 juxta
2271 1023 2415 1080 illud
2444 1025 2703 1096 Apostoli
2729 1028 2879 1083 :l’olo
2908 1044 3092 1087 omnes
3118 1029 3244 1099 ﬁeri
3268 1031 3411 1089 sicut
3436 1046 3524 1087 me
3552 1031 3731 1102 ipsum

2085 1112 2139 1183 (1
2170 1110 2291 1167 Cor.
2323 1130 2422 1181 vn,
2456 1114 2547 1185 7);
2609 1117 2667 1169 et
2694 1130 2707 1168 :
2749 1114 2816 1169 0s
2845 1124 3094 1172 nostrum
3114 1125 3304 1189 pateat
3328 1118 3401 1174 ad
3430 1133 3604 1187 υοδχο
3632 1118 3733 1175 Co-

2074 1201 2293 1276 rinthii,
2324 1217 2417 1257 cor
2442 1210 2691 1263 nostrum
2717 1202 3013 1259 dilatatam
3040 1215 3139 1276 est,
3169 1223 3280 1263 non
3323 1208 3732 1277 angustiamini

2076 1292 2135 1345 in
2164 1291 2343 1357 nobis,
2374 1307 2497 1347 cum
2525 1293 2928 1362 angustiamini
2975 1295 3037 1349 in
3080 1295 3377 1351 visceribus
3412 1297 3606 1352 vestris
3656 1296 3734 1367 (II

2080 1377 2198 1441 Cor.
2228 1395 2303 1445 v1,
2327 1380 2413 1446 11,
2447 1380 2556 1448 12);
2591 1380 2759 1452 quasi
2789 1380 3054 1451 dixisset,
3088 1380 3221 1439 licet
3249 1387 3504 1456 angusta
3533 1381 3609 1439 sit
3628 1400 3727 1439 ar-

2078 1481 2147 1529 ca
2174 1466 2365 1523 cordis
2386 1465 2560 1522 vestri
2579 1483 2705 1541 quae
2728 1468 2941 1541 capiat,
2970 1485 3086 1524 non
3116 1474 3206 1526 est
3237 1475 3490 1544 angusta
3511 1488 3727 1539 manus

2077 1552 2379 1609 charitatis
2410 1571 2537 1626 quae
2565 1554 2791 1611 fundat.
2810 1556 3003 1615 Altera
3031 1557 3238 1614 divisio
3263 1559 3480 1617 servire
3498 1559 3729 1618 videtur

2078 1641 2422 1711 adulationi,
2448 1642 2589 1699 dum
2617 1642 2863 1716 quilibet
2892 1645 3004 1700 sub
3034 1646 3225 1717 specie
3253 1647 3497 1705 docendi
3523 1647 3727 1706 volens

2075 1728 2304 1802 placere
2325 1735 2630 1804 potentum
2662 1731 2858 1799 alicui,
2886 1732 3207 1792 introducit
3237 1740 3580 1809 satyram,et
3606 1736 3727 1794 vio-

1992 1855 2043 1931 Β
2064 1817 2158 1931 lat
2186 1819 2533 1931 doctrinam:
2557 1820 3034 1931 Tqrtiaavar‘itim
3063 1822 3539 1931 deprehenditur
3564 1824 3723 1883 mili-

2064 1910 2213 1975 tare;
2235 1907 2403 1964 multi
2438 1906 2593 1963 enim
2622 1908 2773 1965 lucri
2803 1910 3048 1979 ambitu,
3062 1912 3313 1986 tegenda
3342 1911 3575 1985 silentio
3593 1929 3723 1985 ven-

2070 1996 2219 2052 dunt
2245 1996 3091 2072 loquendo.Quartajactantiae
3113 1999 3429 2073 specialius
3448 2000 3720 2074 obsequi-

2068 2089 2186 2151 tur,
2220 2103 2356 2142 uam
2388 2089 2454 2142 ut
2483 2086 2738 2147 multum
2769 2087 2905 2160 quis
2936 2088 3084 2145 scire
3104 2088 3386 2161 videatur,
3402 2089 3591 2166 aperit
3609 2108 3723 2151 saa-

2071 2174 2312 2248 pissime
2345 2176 2501 2248 quod
2532 2175 2815 2232 debuerat
2842 2175 3048 2249 celare,
3076 2181 3278 2237 contra
3306 2177 3451 2236 illud
3481 2178 3725 2239 Psalmi-

2072 2267 2173 2319 stre
2208 2282 2220 2320 :
2254 2266 2317 2319 In
2339 2264 2499 2321 corde
2524 2281 2641 2320 meo
2684 2265 2941 2321 abscondi
2974 2267 3195 2338 eloquia
3222 2271 3340 2335 tua,
3371 2276 3571 2341 utnon
3594 2284 3723 2341 pecs

2071 2369 2186 2409 cem
2218 2354 2323 2409 tibi
2352 2353 2520 2426 (Psal.
2552 2369 2746 2419 cxvm,
2774 2354 2883 2423 ll);
2909 2354 3064 2411 unde
3096 2359 3153 2427 et
3179 2355 3724 2428 Augustinuseum-

2074 2440 2208 2497 dem
2236 2440 2590 2497 versiculum
2621 2442 2960 2513 exqonendo
2994 2459 3006 2495 :
3043 2443 3150 2510 Qui
3170 2459 3381 2498 arcana
3406 2441 3617 2515 inquit,
3634 2443 3721 2498 di-

2071 2528 2285 2599 vulgat,
2318 2530 2601 2584 imminuit
2655 2529 2860 2585 Christi
2906 2528 3189 2595 decorem;
3219 2528 3436 2602 quibus
3464 2529 3612 2595 satis
3640 2530 3721 2586 1e-

2074 2616 2211 2689 pide
2242 2615 2385 2671 illud
2418 2615 2673 2673 concinit
2700 2616 3121 2691 poethersii:
3154 2619 3326 2691 Usque
3352 2617 3484 2691 adeo
3512 2634 3600 2693 ne,
3632 2618 3723 2675 in-

2076 2705 2307 2777 quiens,
2340 2706 2481 2763 scire
2503 2713 2659 2762 tuum
2691 2704 2837 2761 nihil
2864 2713 2962 2777 est,
2984 2708 3102 2762 nisi
3130 2714 3180 2763 te
3205 2707 3348 2764 seire
3378 2706 3728 2771 hossciatal-

2075 2801 2174 2850 ter.
2192 2793 2571 2860 AOQuintam
2602 2810 2736 2851 vero
2758 2794 2969 2851 borum
2990 2798 3216 2868 partem
3247 2794 3482 2853 incauta
3498 2795 3723 2855 solum-

2076 2882 2249 2953 modo
2278 2882 2605 2955 loquacitas
2636 2882 2854 2951 efﬁcit;
2886 2883 3150 2956 plerique
3192 2884 3370 2951 enim,
3406 2885 3547 2942 dum
3597 2885 3726 2942 sine

2075 2969 2472 3039 moderatione
2500 2958 2763 3045 linguam
2795 2970 3089 3037 incautius
3117 2971 3410 3046 loquendo
3441 2972 3723 3043 relaxant,

2075 3060 2577 3116 inconsideranter
2615 3060 2911 3137 emittunt,
2944 3060 3121 3133 quod,
3152 3059 3289 3118 licet
3325 3061 3727 3131 desideranter

2074 3148 2277 3215 vellnt,
2312 3165 2579 3205 revocare
2610 3167 2723 3205 non
2758 3151 3022 3221 possunt.
3056 3151 3138 3206 Ex
3167 3149 3263 3206 his
3295 3150 3556 3224 quinque
3583 3149 3749 3206 divi~

303 3221 679 3317 aliquantula
702 3237 793 3296 sui
824 3240 987 3310 parte
1019 3238 1093 3293 ab
1120 3237 1231 3297 hoc
1259 3240 1571 3305 remotum,
1604 3237 1960 3311 quibusdam
1992 3221 2035 3288 Ο
2073 3238 2341 3295 sionibus
2369 3238 2560 3310 prima
2577 3237 2947 3311 praedicanda
2968 3244 3059 3297 est
3082 3243 3139 3295 et
3158 3221 3410 3299 tenenda
3434 3221 3732 3309 ;secunda

302 3329 495 3389 veluti
526 3328 881 3399 conjecturis
911 3327 1107 3400 ipsum
1138 3325 1503 3399 aliquantulo
1535 3327 1761 3399 aperire
1780 3326 1968 3383 valeat

302 3420 505 3487 visum
530 3435 545 3485 ;
569 3417 704 3475 inde
734 3415 1039 3489 quodlibet
1065 3415 1195 3487 ejus
1221 3415 1373 3471 lucis
1407 3414 1847 3485 vicinium,hinc
1877 3415 1963 3487 ip-

306 3510 439 3568 sius
470 3498 769 3583 sapientis:
786 3505 997 3574 levius,
1019 3503 1157 3561 hinc
1186 3503 1561 3571 mediocrius,
1585 3503 1722 3559 hinc
1744 3504 1887 3575 ipse,
1916 3503 1967 3560 si

304 3602 513 3656 tamen
530 3595 659 3668 capi
678 3597 974 3666 utcunque
994 3592 1408 3665 posset,ipsius
1428 3591 1622 3665 fulgor
1640 3594 1970 3647 monstran-

310 3688 427 3751 dus
450 3704 465 3757 ;
497 3685 588 3742 sin
611 3682 778 3752 alias,
794 3682 1050 3755 optatius
1071 3686 1159 3738 est
1184 3680 1465 3753 lippiente
1487 3680 1619 3735 visu
1641 3680 1767 3752 ipso
1796 3696 1969 3735 mane

310 3777 594 3841 tabernas
640 3771 907 3840 circuire,
937 3776 994 3827 et
1040 3768 1262 3842 aliquid
1295 3768 1588 3825 commodi
1622 3768 1821 3823 referri
1866 3768 1969 3829 do-

312 3880 508 3931 mum,
533 3878 712 3935 quam
743 3862 871 3933 ipso
899 3859 1211 3932 splendore
1240 3857 1549 3914 meridiani
1572 3855 1713 3929 solis
1735 3856 1968 3928 penitus

315 3955 630 4019 obcaecato,
662 3951 823 4022 ipsas
855 3966 989 4006 cum
1019 3949 1276 4022 quodam
1306 3947 1567 4020 appetitu
1597 3946 1869 4003 tenebras
1891 3946 1969 4002 si-

312 4058 390 4103 ne
420 4040 620 4113 aliquo
648 4039 841 4095 fructu
873 4042 1129 4110 captare.

385 4129 663 4188 52.Sicut
685 4131 883 4184 autem
904 4127 966 4183 in
988 4125 1357 4184 auditoribus
1387 4124 1626 4181 diversae
1658 4123 1970 4180 inveniun-

311 4225 414 4278 tur
442 4216 739 4275 distantim
763 4215 1159 4282 sensuum,ita
1188 4219 1245 4271 et
1274 4214 1333 4269 in
1366 4213 1701 4270 doctoribus
1732 4213 1971 4268 diversae

315 4304 1148 4383 reperiunturconspersiones
1166 4300 1789 4359 alfectuum.Nonnulli
1816 4300 1972 4357 enim

314 4403 442 4456 tam
474 4395 782 4454 obstinatae
806 4398 946 4450 sunt
971 4391 1385 4459 voluntatis,ut
1404 4408 1537 4447 cum
1560 4389 1826 4463 magistri
1847 4406 1971 4445 am-

314 4488 490 4546 biant
516 4485 730 4552 voeari,
765 4483 927 4540 nulla
970 4482 1246 4539 doctrinae
1279 4485 1403 4537 arte
1434 4479 1661 4553 aliquos
1699 4497 1733 4536 a
1762 4496 1825 4535 se
1873 4495 1973 4533 cu-

2075 3344 2209 3383 cum
2242 3326 2451 3398 quinta
2491 3326 2825 3386 miseranda
2872 3332 2931 3384 et
2979 3327 3361 3402 corrigenda;
3393 3327 3565 3385 tertia
3592 3343 3728 3383 cum

2076 3419 2285 3488 quarta
2310 3414 2543 3487 penitus
2575 3416 2830 3471 vitanda.
2862 3419 3011 3472 Sunt
3044 3419 3174 3488 post
3218 3415 3387 3484 istos,
3417 3416 3518 3487 qui
3568 3415 3726 3488 quod

2076 3504 2189 3576 ipsi
2209 3503 2451 3559 minime
2468 3502 2727 3559 didiceru
2736 3506 2818 3570 nt,
2839 3503 3256 3575 prasumptius
3271 3503 3448 3559 nimis
3465 3501 3610 3561 alios
3626 3518 3726 3557 au-

2078 3591 2219 3646 dent
2249 3591 2568 3646 docere.De
2590 3590 2810 3661 quibus
2840 3590 2923 3645 ait
2949 3589 3292 3663 Apostolus:
3313 3590 3551 3661 Valente:
3578 3590 3730 3661 ﬁeri-

2080 3680 2215 3751 legis
2243 3679 2499 3743 doctores,
2532 3694 2643 3733 non
2665 3678 3031 3747 intelligente:
3058 3693 3233 3750 neque
3260 3695 3378 3751 qum
3407 3678 3724 3755 tpqmmmr,
3752 3712 3755 3717 .

2077 3784 2255 3841 neque
2281 3767 2347 3823 de
2374 3768 2572 3840 quibus
2605 3767 2891 3841 afﬁrmant
2920 3769 2970 3841 (Ι
3001 3769 3134 3824 Tim.
3169 3786 3210 3838 ι,
3239 3767 3318 3842 7).
3346 3766 3416 3825 Hi
3448 3782 3727 3840 persaepe,

2080 3859 2222 3916 dum
2254 3857 2649 3930 dedignantur
2676 3856 2949 3929 discipuli
2982 3857 3109 3913 ﬁeri
3136 3857 3420 3927 veritatis,
3460 3854 3729 3931 magistri

2079 3947 2412 4004 efﬁciantur
2440 3946 2674 4002 erroris.
2702 3946 2852 4001 Sunt
2895 3945 3072 4002 etiam
3103 3945 3371 4021 quidam,
3402 3944 3728 4002 secundum

1982 4070 1986 4077 -
2078 4035 2448 4108 Apostolum,
2479 4051 2692 4107 semper
2718 4034 3002 4102 discentes,
3034 4040 3090 4092 et
3118 4052 3403 4109 nunquam
3443 4034 3515 4097 ad
3540 4034 3730 4106 cogni-

2078 4127 2283 4182 tionem
2323 4126 2575 4181 veritatis
2604 4126 2878 4181 venientes
2910 4126 2984 4195 (II
3012 4126 3145 4182 Tim.
3178 4142 3262 4193 ιιι,
3293 4127 3373 4194 7).
3404 4124 3557 4189 Sunt
3586 4139 3730 4196 quo-

2082 4231 2193 4288 que
2223 4214 2322 4286 qui
2357 4213 2585 4286 copiose
2617 4213 2822 4269 dicunt
2849 4214 3005 4285 quod
3030 4231 3146 4270 non
3194 4212 3550 4285 intelligunt.
3583 4212 3734 4268 Sunt

2081 4303 2562 4375 econtra,quibus
2589 4300 2922 4359 intellectus
2953 4302 3234 4371 abundat,
3266 4301 3369 4356 sed
3401 4298 3734 4370 eloquentia

2084 4391 2297 4447 deﬁcit.
2332 4392 2741 4447 Praedicandus
2774 4394 2995 4458 autem,
3028 4405 3201 4461 quem
3233 4391 3289 4444 et
3317 4384 3651 4458 eloquentia
3678 4388 3736 4441 et

2080 4478 2412 4535 intellectus
2443 4479 2632 4535 reddit
2662 4478 2974 4546 illustrem,
3006 4494 3140 4533 cum
3171 4475 3400 4548 primus
3424 4472 3540 4543 ille,
3557 4486 3735 4544 quem

318 4577 491 4652 piant
535 4572 762 4641 imbui;
817 4573 1085 4629 doctores
1114 4569 1227 4626 dici
1260 4569 1594 4627 desiderant
1625 4568 1723 4640 qui
1758 4566 1976 4623 invidia
2005 4587 2053 4653 D
2084 4568 2222 4635 dixi,
2256 4569 2327 4625 de
2355 4565 2809 4641 praesumptione
2854 4565 3204 4637 culpandus,
3423 4578 3539 4653 non
3582 4558 3736 4653 vitu-

317 4662 609 4734 Qbstrusi,
633 4661 829 4719 doceri
859 4660 1215 4717 omnimodis
1246 4659 1591 4715 detrectant.
1626 4656 1694 4712 Hi
1721 4660 1861 4713 sunt
1890 4656 1974 4711 ni-

316 4737 687 4824 mirum,qui‘
704 4751 1046 4807 thesaurum
1065 4747 1362 4824 sapientiae
1378 4745 1572 4801 cordis
1593 4744 1972 4801 suifodientes

315 4847 513 4909 antro,
546 4838 977 4898 maledictionis
1006 4836 1230 4912 spiculo
1263 4834 1704 4892 terebranturin
1724 4833 1970 4906 judicio,

300 4918 486 5006 juxta
507 4928 653 4986 illud
690 4947 702 4984 :
731 4929 838 4997 Qui
863 4926 1139 4984 abscondit
1177 4925 1475 4997 frumenta,
1507 4922 1858 4978 maledicitur
1914 4923 1975 4977 in

306 5020 539 5095 populis
569 5020 750 5089 (Prov.
784 5035 863 5086 x1,
892 5016 1007 5087 26).
1040 5017 1190 5072 Sunt
1237 5018 1441 5070 contra
1494 5011 1615 5078 alii,
1646 5012 1747 5085 qui
1799 5016 1974 5068 tantae

312 5095 602 5175 videntur
629 5104 941 5181 largitatis,
975 5107 1041 5162 ut
1070 5102 1395 5180 doctrinam
1441 5101 1631 5173 magis
1670 5101 1977 5157 videantur

317 5198 593 5269 fundere,
623 5212 802 5270 quam
832 5210 1091 5268 erogare,
1131 5194 1203 5248 de
1258 5190 1475 5264 quibus
1527 5190 1800 5262 Gregorio
1830 5194 1978 5246 teste

317 5286 551 5353 dicitur
577 5284 639 5341 in
671 5282 796 5358 lege
832 5300 844 5338 :
883 5284 973 5340 νίν
1002 5282 1097 5356 qui
1121 5281 1341 5354 ﬂuxum
1391 5278 1602 5349 patitur
1655 5278 1900 5344 seminis,
1945 5295 1980 5334 a

313 5374 627 5435 sacerdotio
655 5375 971 5446 repellatur.
998 5370 1245 5427 Fluxum
1277 5367 1436 5423 enim
1466 5365 1687 5438 patitur
1716 5365 1975 5433 seminis,

319 5465 439 5543 qui
469 5480 556 5530 ea,
590 5464 664 5520 de
692 5462 910 5534 quibus
938 5461 998 5516 in
1028 5460 1360 5515 auditorum
1392 5453 1665 5511 cordibus
1694 5454 1979 5510 bonarum

2085 4658 2404 4729 parandus,
2439 4657 2541 4713 sed
2574 4656 2650 4711 sit
2679 4654 3138 4727 amplectendus,
3172 4652 3283 4709 nisi
3326 4652 3479 4721 forte
3518 4648 3739 4707 invidia

2079 4746 2169 4802 vel
2198 4746 2440 4802 avaritia
2470 4745 2700 4818 plenus,
2737 4742 3101 4815 benignitate
3127 4742 3219 4801 vel
3244 4741 3525 4805 charitate
3553 4739 3650 4811 sit,
3672 4742 3739 4797 ut

2085 4822 2323 4904 assolet,
2355 4851 2594 4903 vacuus,
2629 4850 2805 4907 quem
2839 4835 2903 4887 ut
2932 4848 3134 4889 caveas
3160 4848 3364 4905 precor
3390 4829 3682 4888 obnixius.

2490 4924 2612 4979 Trr.
2646 4922 2813 4978 XVII.
2847 4951 2915 4961 -——
2946 4923 3021 4977 De
3047 4920 3334 4978 divitibus.

2154 5016 2244 5071 33.
2274 5014 2445 5070 Dives
2467 5012 2567 5069 es?
2598 5011 2744 5066 Cave
2769 5008 3008 5066 divitem
3048 5008 3215 5066 illum
3257 5008 3603 5081 superbum,
3637 5002 3740 5076 qui

2087 5101 2439 5174 contempsit
2470 5101 2751 5156 Lazarum
2778 5116 2793 5162 ;
2824 5096 2969 5153 time
2996 5097 3148 5167 ne,si
3196 5098 3452 5170 deneges
3495 5088 3741 5167 pauperi

2088 5192 2328 5259 micam,
2359 5188 2652 5246 desideres
2684 5202 2788 5241 nec
2819 5185 3075 5258 accipias
3117 5202 3281 5258 aquae
3335 5186 3562 5257 guttam
3586 5180 3740 5251 (Luc.

2086 5285 2224 5349 xw).
2255 5278 2482 5335 Videris
2513 5277 2711 5349 aliqua
2743 5274 3090 5347 possidere?
3122 5274 3419 5347 Disperge,
3452 5274 3519 5328 ut
3554 5266 3745 5343 poesi-

2089 5370 2228 5426 deas
2256 5384 2407 5424 vere.
2456 5364 2778 5432 Quomodo,
2811 5362 3034 5434 inquis,
3063 5362 3361 5429 veraciter
3389 5358 3698 5433 possidebo
3717 5355 3745 5411 ‘2

2091 5458 2362 5531 nunquid
2394 5472 2508 5511 non
2539 5457 2597 5509 et
2624 5452 2823 5518 modo,
2854 5468 2988 5508 cum
3037 5452 3217 5521 fruar,
3249 5449 3529 5507 veraciter
3557 5444 3745 5519 possi-

404 5572 517 5641 (66)
547 5570 698 5630 Male
730 5569 791 5626 in
820 5567 979 5643 vulg.
1000 5569 1097 5641 qui
1123 5567 1343 5643 nefaria
1370 5580 1495 5643 cum
1522 5564 1595 5620 sit
1624 5562 1821 5619 divisio
1844 5580 1977 5634 una,
2001 5567 2218 5635 virtuti,
2238 5570 2348 5623 etc.
2374 5562 2687 5621 Contextus
2718 5576 2989 5632 sequens,
3009 5558 3109 5631 qui
3141 5558 3400 5631 quinque
3430 5552 3747 5617 divisiones

319 5636 595 5722 praefert,
627 5636 1097 5700 emendationem
1128 5636 1429 5712 approbat.
