3988 6180
330 339 476 416 Πολ

1255 345 1630 418 RATHERII
1670 343 1916 412 EPISC.
1962 335 2250 410 VERON.
2297 343 2472 409 OPP.
2519 343 2717 410 PARS
2759 341 2810 410 Ῑ.

3619 338 3734 405 480

325 484 617 543 deo?Hec
639 502 674 543 a
697 499 790 543 me
811 503 928 544 non
946 484 1174 562 indiges
1195 489 1524 561 inquirere;
1558 489 1616 541 te
1643 485 1840 556 ipsum
1870 482 1964 537 in-
1993 481 2049 548 Α
2077 497 2174 536 ves
2194 480 2222 534 ?
2249 483 2442 549 Serve,
2472 481 2692 554 inquis,
2725 481 2881 537 ﬁliis.
2914 478 3060 536 Ante
3089 480 3146 536 te
3177 473 3418 536 forsitan
3462 474 3728 533 ebibunt.

322 577 575 648 terrega,
610 579 666 633 te
695 577 955 644 conveni,
981 581 1174 633 tecum
1206 577 1551 634 causamini.
1584 575 1704 643 Dic,
1737 572 1972 646 rego,in
2082 570 2263 638 Dabo,
2293 571 2400 637 ais,
2433 588 2538 642 pro
2569 571 2767 626 anima
2805 570 3060 626 illorum.
3096 568 3337 634 Quando
3359 567 3387 622 ?
3420 571 3733 640 postquam

323 662 543 735 quibus
575 665 750 723 rebus
769 671 1040 723 constant
1069 667 1278 722 divitiae
1309 671 1420 722 tuae
1444 667 1472 720 ‘?
1495 666 1556 722 In
1589 661 1975 738 possessioni-

325 751 463 821 bus,
521 752 742 826 inquis,
800 755 1169 828 praediorum,
1227 772 1549 821 servorum,
1607 752 1972 818 ancillarum,

326 855 638 913 equorum,
671 843 869 911 boum,
903 848 1359 916 ceterarumque
1381 844 1692 916 pecudum;
1729 842 1788 895 in
1811 841 1976 896 obse-

330 931 683 986 cundatione
735 932 1203 1004 obsequentium,
1237 932 1618 988 delectatione
1666 946 1877 985 canum
1927 931 1984 984 et

334 1017 702 1090 accipitrum,
735 1020 1097 1076 abundantia
1130 1022 1402 1088 vestium,
1436 1019 1830 1084 ustensilium,
1863 1018 1982 1072 fru-

339 1107 544 1174 menti,
575 1108 694 1163 vini
724 1112 780 1164 et
809 1108 940 1176 olei,
975 1126 1295 1180 armorum,
1344 1108 1590 1182 argenti,
1638 1107 1764 1164 auri
1812 1110 1987 1178 atque

342 1211 733 1267 gemmarum.
803 1197 1053 1270 Optime.
1119 1199 1288 1254 Mode
1359 1203 1415 1254 te
1474 1197 1603 1253 volo
1659 1195 1986 1252 convenire.

343 1284 465 1351 Dic,
521 1301 681 1358 rogo,
737 1290 1054 1358 tempestas
1110 1303 1413 1359 nunquam
1452 1287 1572 1342 hinc
1611 1289 1708 1341 tua
1749 1283 1992 1356 contigit

344 1374 564 1446 praedia
581 1373 610 1428 ?
633 1375 952 1441 Quomodo,
984 1374 1201 1447 inquis,
1236 1374 1403 1430 aliter
1432 1375 1554 1430 ﬁeri
1589 1374 1780 1447 potuit
1804 1375 1993 1438 PQuo-

345 1464 540 1529 modo,
575 1463 840 1536 inquam,
873 1464 1018 1519 dicis
1071 1467 1126 1518 te
1181 1480 1440 1535 unquam
1471 1464 1750 1518 veraciter
1791 1477 1992 1534 posse-

346 1552 522 1619 disse,
553 1552 708 1623 quod
739 1551 921 1607 valuit
949 1556 1267 1624 tempestas
1313 1552 1586 1608 auferre?
1615 1550 1786 1607 Nulla
1834 1550 1992 1607 enim

345 1639 570 1696 ratione
595 1639 874 1696 veraciter
901 1644 990 1696 est
1023 1641 1378 1712 tuum,quod
1413 1641 1663 1713 alicujus
1693 1640 1993 1696 invasione

345 1731 538 1800 potest
567 1727 690 1784 ﬁeri
723 1745 836 1784 non
864 1730 1234 1784 tuumzunde
1263 1734 1320 1785 et
1348 1729 1490 1785 illud
1523 1730 1840 1802 sapientis:
1877 1731 1994 1785 Non

2082 676 2181 715 eos
2213 659 2581 715 absorbuerit
2609 659 2916 732 gehenna?
2947 659 3070 713 Non
3098 656 3312 713 audisti
3335 656 3631 728 psalmum
3653 654 3739 710 di-

2085 752 2311 804 centem
2346 766 2357 803 :
2392 749 2450 803 Id
2497 751 2713 820 inferno
2743 751 2864 821 quis
2893 748 3241 819 conﬁtebitur
3272 747 3378 802 tibi
3402 745 3430 800 ?
3460 746 3628 816 (Psat.
3657 762 3736 813 v1,

2091 837 2164 906 6).
2198 838 2322 892 Non
2352 837 2541 908 legisti
2571 855 2585 893 ε
2619 840 2807 892 Frater
2833 854 2945 893 non
2983 837 3221 904 redimit,
3255 835 3486 892 redimet
3535 834 3690 890 homo
3713 833 3740 888 ?

2091 927 2263 997 (Psal.
2293 943 2482 993 XLVIII,
2517 926 2591 997 8).
2627 931 2927 981 Postremo
2986 939 3078 980 me
3124 941 3238 980 non
3289 923 3506 979 audisti
3538 923 3743 978 dicen-

2093 1020 2210 1070 tem
2245 1033 2257 1070 :
2287 1017 2447 1070 Ibunt
2473 1017 2533 1071 hi
2551 1017 2609 1070 in
2631 1015 2962 1087 supplicium
2978 1023 3268 1078 aeternum,
3292 1014 3435 1085 justi
3468 1021 3653 1068 autem
3682 1013 3746 1068 in

2095 1105 2265 1159 vitam
2293 1111 2556 1161 aeternam
2577 1105 2813 1176 ?(Matth.
2847 1103 3395 1175 xxv,46.)Quomodo
3428 1107 3623 1158 autem
3655 1104 3746 1157 est

2097 1197 2378 1249 aeternum
2389 1194 2562 1265 ,quod
2577 1193 2750 1263 alieuj
2761 1210 2828 1248 us
2842 1209 2942 1248 mu
2951 1196 3421 1265 nere,postquam
3435 1190 3616 1248 semel
3632 1190 3750 1246 fue-

2099 1282 2484 1354 ritadeptum,
2504 1286 2692 1355 potest
2705 1282 2827 1338 ﬁeri
2843 1281 3226 1337 nullum?Nen
3242 1281 3487 1336 audisti:
3509 1282 3749 1350 Lignum

2100 1372 2160 1426 in
2190 1387 2512 1444 quocunque
2542 1373 2653 1427 loco
2683 1372 2960 1436 ceciderit,
2995 1373 3076 1427 ibi
3103 1369 3254 1427 erit?
3285 1370 3470 1441 (Eccli.
3506 1387 3568 1436 II,
3599 1372 3675 1440 3).

2171 1460 2259 1514 35.
2293 1459 2456 1514 Unde
2487 1460 2535 1514 si
2561 1461 2648 1515 vis
2679 1477 2782 1532 pro
2813 1461 3013 1515 anima
3043 1464 3162 1527 tua,
3186 1458 3274 1514 vel
3303 1457 3621 1531 cujuslibet
3649 1460 3754 1516 da-

2100 1565 2182 1617 re,
2211 1550 2351 1604 dum
2385 1553 2447 1604 tu
2477 1548 2621 1604 illud
2654 1548 2939 1621 possides,
2975 1550 3080 1617 da;
3108 1549 3251 1604 dum
3277 1548 3363 1604 tui
3384 1549 3756 1620 estjuris,tui

2101 1637 2476 1707 arbitrii,tum
2504 1639 2978 1710 potestatis,dum
2998 1638 3156 1694 vales
3183 1639 3410 1706 redimi,
3436 1639 3577 1694 dum
3599 1638 3760 1694 vales

2101 1723 2358 1782 liberari.
2390 1726 2612 1782 Divitiae
2644 1727 2799 1782 enim
2831 1731 2943 1782 tua
2983 1732 3040 1782 te
3092 1728 3432 1784 antecedere
3483 1731 3756 1800 possunt,

340 1818 635 1890 proprium
662 1817 834 1885 dicas,
867 1817 1007 1889 quod
1035 1821 1246 1873 mutari
1284 1827 1476 1890 potest.
1528 1819 1640 1875 Sed
1692 1818 1994 1874 videamus
2022 1846 2072 1912 Β
2103 1817 2268 1886 sequi
2301 1816 2539 1872 omnino
2570 1833 2686 1871 non
2720 1820 2987 1889 possunt.
3023 1814 3126 1871 Hic
3161 1833 3342 1873 sanus
3374 1816 3563 1888 incipe
3595 1817 3759 1882 dare,

348 1910 573 1962 caetera.
633 1907 900 1962 Forsitan
953 1906 1184 1962 ﬁrmius
1241 1907 1506 1979 possides
1555 1924 1641 1963 ea.
1676 1907 1856 1974 Servi,
1891 1925 1994 1962 an-

347 1993 512 2064 cillis,
545 1994 702 2066 equi,
731 1995 904 2050 boves
931 1999 1253 2067 possuntne
1299 2013 1332 2051 a
1382 1996 1752 2068 praedonibus
1797 1995 1992 2067 diripi,

351 2082 516 2139 clade
545 2083 797 2156 opprimi
819 2083 847 2138 ‘I
875 2084 959 2139 Ad
988 2087 1348 2155 postremum
1398 2101 1590 2140 nonne
1621 2083 1712 2141 his
1742 2101 1904 2157 arque
1931 2101 1996 2139 ac

351 2171 459 2228 tibi
481 2173 594 2244 (67)
618 2189 745 2228 sors
760 2175 849 2228 est
870 2173 1151 2228 moriendi
1165 2172 1194 2227 ‘I
1213 2177 1416 2229 Vestes
1437 2178 1735 2246 nequeunt
1757 2191 1790 2229 a
1810 2173 1997 2229 tinzeis

281 2311 284 2314 .
351 2260 618 2317 demoliri
640 2261 837 2328 ?Scio,
874 2261 1094 2332 inquis,
1127 2263 1448 2318 remedium
1481 2262 1636 2318 inde.
1668 2263 1838 2318 Bene.
1872 2262 1995 2317 Ali-

350 2349 494 2422 quid
542 2350 693 2405 nosti
743 2349 1004 2417 remedii,
1039 2367 1104 2406 ιη
1147 2350 1280 2422 igne
1311 2366 1422 2406 non
1459 2352 1687 2423 possint
1718 2352 1998 2408 absumi?

347 2438 496 2504 Non,
528 2437 746 2510 inquis,
781 2438 881 2494 sed
916 2437 1081 2494 mitto
1111 2455 1210 2495 eas
1238 2438 1397 2506 illuc,
1436 2440 1534 2495 ubi
1582 2441 1910 2496 continetur
1939 2444 1996 2496 et

346 2544 579 2583 aurum.
611 2527 712 2582 Est
737 2526 899 2583 locus
930 2531 1222 2595 arcuatus,
1257 2545 1371 2583 non
1401 2528 1556 2584 valet
1583 2529 1703 2602 igni
1733 2547 1862 2586 esse
1899 2547 1993 2585 ac-

346 2633 568 2673 cessus.
627 2617 908 2672 Concedo.
965 2617 1207 2689 Semper
1261 2633 1397 2690 ergo
1446 2617 1563 2673 illic
1594 2619 1811 2674 erunt?
1844 2637 1991 2674 nun-

347 2721 603 2775 quamne
633 2704 774 2760 feris
806 2704 1126 2776 prodibant
1149 2709 1170 2761 Ρ
1192 2705 1425 2761 Facient
1448 2705 1792 2778 plane,Quid
1826 2708 1994 2763 tunc?

348 2793 408 2848 Si
439 2791 632 2861 salvat,
664 2791 836 2848 salva:
860 2811 873 2860 ;
894 2792 943 2847 si
976 2793 1233 2864 perditae,
1266 2793 1640 2864 perditae.Ubi
1671 2812 1806 2867 ergo
1829 2795 1997 2852 tanta'

349 2880 668 2953 diligentia,
701 2883 864 2935 tanta
902 2881 1209 2936 custodia?
1239 2881 1385 2945 Quid
1419 2883 1636 2953 profuit
1664 2887 1824 2939 tanto
1854 2887 1996 2940 tem-

348 2984 485 3042 pore
525 2966 1192 3040 custodisse,aliquande
1232 2969 1554 3042 perdidisse
1575 2973 1602 3026 ?
1631 2973 1764 3028 Esto
1788 2972 1867 3027 nil
1890 2973 1992 3027 he-

347 3074 480 3114 rum
512 3057 847 3130 contingat;
884 3056 1016 3130 quis
1045 3060 1196 3114 tuas.
1231 3073 1366 3113 cum
1397 3057 1532 3113 hinc
1561 3060 1994 3126 vadis,divitias

2103 1905 2160 1956 et
2213 1903 2260 1958 si
2301 1903 2614 1960 inﬁrmitas
2671 1905 2883 1966 evenit.
2942 1904 3265 1960 studiosius
3321 1920 3535 1977 eroga;
3595 1908 3652 1961 ct
3705 1905 3765 1961 si

2105 2007 2263 2047 mers
2321 1993 2652 2060 intervenit,
2712 2010 2784 2048 ne
2839 1993 3086 2061 timeas;
3131 1994 3286 2066 quod
3327 1992 3422 2048 hic
3460 1998 3766 2066 erogatur,

2104 2078 2223 2135 illic
2256 2082 2554 2153 proﬁciet;
2587 2086 2817 2137 tantum
2851 2100 2921 2138 ne
2962 2083 3115 2138 Deus
3156 2099 3352 2138 serum
3394 2083 3622 2154 judicet
3668 2083 3770 2138 in—

2106 2174 2384 2242 emptum,
2453 2171 2860 2226 necessitatem
2931 2188 3048 2226 non
3131 2172 3410 2238 attendat,
3479 2172 3773 2244 approbet

2104 2259 2484 2326 voluntatem,
2541 2278 2658 2316 non
2709 2261 3092 2332 reprehendat
3147 2260 3577 2316 intentionem:
3619 2278 3770 2317 cen-

2105 2350 2322 2405 sideret
2377 2349 2472 2405 hic
2526 2354 2582 2404 te
2632 2367 2843 2405 sanum
2888 2349 3142 2426 voluisse
3173 2350 3331 2418 dare,
3364 2349 3557 2406 videat
3583 2354 3638 2406 te
3663 2350 3773 2407 hic

2105 2439 2370 2510 cmpisse,
2404 2438 2499 2493 hic
2527 2437 2782 2494 voluisse
2813 2437 3104 2510 complere
3130 2457 3143 2494 :
3173 2439 3244 2494 de
3274 2438 3571 2495 voluntate
3600 2439 3774 2496 enim

2104 2530 2160 2581 et
2213 2527 2533 2583 intentione
2582 2527 2835 2598 judicat.
2869 2529 2944 2581 At
3001 2527 3143 2583 forte
3167 2527 3314 2582 dicis
3351 2545 3363 2583 :
3400 2527 3778 2600 reliquerunt

2105 2614 2251 2670 mihi
2302 2618 2590 2686 parentes,
2627 2632 2870 2686 possum
2918 2632 3033 2670 non
3081 2615 3409 2688 relinquere
3452 2615 3608 2684 ﬁliis,
3659 2624 3775 2673 aut

2103 2704 2438 2775 nepotibus,
2470 2708 2572 2758 aut
2597 2703 2891 2776 aliquibus
2914 2703 3291 2760 heredibus?
3329 2705 3423 2760 Vae
3469 2703 3605 2773 illis,
3657 2706 3770 2778 qui

2101 2795 2287 2846 totum
2313 2792 2419 2846 tibi
2439 2791 2823 2863 reliquerunt,
2841 2792 2952 2847 sibi
2973 2793 3054 2847 nil
3079 2792 3485 2861 tulerunt,ime
3502 2793 3772 2851 multum

2103 2880 2388 2936 tulerunt.
2422 2880 2735 2952 Nunquam
2767 2881 2922 2936 enim
2955 2881 3182 2938 deﬁciet
3238 2883 3394 2954 quod
3446 2882 3712 2939 tulerunt
3753 2903 3770 2954 ;

2104 2969 2539 3025 damnationem
2573 2970 2726 3025 enim
2760 2975 3101 3042 perpetuam
3129 2970 3239 3026 sibi
3273 2971 3771 3044 tulerunt,ignem

2102 3061 2448 3127 perpetuum
2484 3057 2596 3112 sibi
2626 3057 2889 3113 tulerunt
2912 3076 2924 3126 ;
2946 3057 3198 3149 quasi'te
3218 3059 3372 3115 Deus
3404 3077 3519 3116 non
3550 3062 3773 3132 possit,

344 3151 541 3203 tecum
570 3145 800 3219 portat?
827 3146 1029 3202 Nonne
1055 3150 1109 3201 te
1131 3146 1298 3202 video
1326 3146 1520 3219 ligatis
1551 3151 1646 3204 41
1684 3149 1993 3220 pollicibus
2028 3208 2064 3221 Α
2103 3144 2576 3217 nesqueillerum
2596 3146 2998 3202 muniﬁcentia
3014 3144 3574 3221 pas'cere,quitotum
3590 3167 3773 3206 mun-

349 3251 494 3309 pene
525 3208 750 3290 nudum
784 3234 876 3308 agi
907 3235 965 3290 in
996 3235 1288 3290 tumulum
1303 3208 1411 3291 ?F:t
1438 3236 1485 3293 si
1519 3237 1627 3293 hoc
1649 3208 1753 3293 tibi
1775 3238 1994 3294 eontin-
2023 3208 2065 3276 Ο
2103 3208 2250 3288 ἀιιῑη³
2276 3235 2427 3306 pacit
2463 3235 2745 3306 quotidie.
2780 3235 2967 3304 Pater,
3014 3208 3265 3309 inquis;
3293 3208 3465 3294 incus
3524 3237 3778 3310 reliquit

345 3328 463 3397 gat,
490 3324 728 3380 beatum
762 3327 818 3379 te
849 3323 1091 3379 forsitan
1123 3322 1390 3391 dixerim,
1425 3342 1561 3381 nam
1594 3327 1786 3383 audivi
1838 3343 1989 3400 saepe

343 3412 580 3468 divitem
613 3429 647 3468 a
679 3411 836 3485 lupis
865 3417 1210 3468 cemestum.

411 3502 501 3557 31.
525 3501 673 3565 Quid
705 3515 863 3574 ergo,
886 3499 1108 3573 inquis,
1133 3502 1424 3574 agendum
1447 3503 1475 3557 ?
1496 3505 1580 3558 An
1614 3504 1872 3578 segnitiae
1894 3523 1992 3561 va-

341 3591 617 3657 candum,
651 3589 732 3645 nil
763 3589 1171 3657 laborandum,
1191 3591 1466 3648 omnibus
1499 3593 1996 3650 mendicandum?

342 3679 484 3744 Quis
511 3680 633 3746 dat,
665 3677 716 3733 si
745 3679 940 3734 omnis
971 3678 1307 3735 mendicat?
1329 3683 1451 3736 Non
1479 3699 1492 3752 ;
1523 3699 1639 3737 non
1671 3681 1817 3738 illud
1851 3702 1994 3756 prie-

345 3765 665 3838 cipie,dicit
686 3766 990 3832 Dominus,
1007 3766 1125 3822 imo
1147 3769 1500 3825 omnimodis
1523 3769 1800 3842 prohibeo
1823 3790 1834 3839 ;
1861 3790 1995 3828 nam

350 3853 588 3926 praedixi
619 3853 743 3920 tibi,
775 3854 930 3925 quod
962 3853 1023 3909 in
1042 3854 1245 3909 sudore
1268 3857 1448 3911 vultus
1480 3859 1569 3913 tui
1594 3861 1819 3914 vesceris
1854 3877 2000 3930 pane

351 3948 443 3996 tuo
473 3941 624 4012 (Gen.
659 3957 742 4006 In,
811 3941 923 4011 l9).
991 3945 1134 3996 Cum
1204 3940 1345 3996 illud
1413 3946 1672 4015 praedixi,
1741 3946 1998 4003 laborem

355 4027 565 4083 indixi:
589 4029 652 4082 tu
678 4031 914 4084 econtra
943 4027 1025 4082 nil
1050 4027 1136 4082 vis
1167 4027 1448 4102 laborare,
1467 4033 1568 4087 sed
1597 4032 2002 4092 laborantibus

356 4115 604 4181 auferre,
639 4120 715 4183 et,
749 4131 883 4171 cum
915 4119 978 4170 tu
1008 4132 1174 4171 vaces
1207 4118 1458 4188 peccatis
1491 4126 1548 4175 et
1594 4120 1838 4191 deliciis,
1871 4124 2002 4180 aliis

353 4203 615 4259 laborem
634 4202 1026 4270 indicis;cum
1057 4208 1292 4260 econtra
1321 4223 1414 4261 me
1444 4207 1503 4262 in
1533 4207 1763 4265 Psalme
1785 4211 2004 4269 dixisse

350 4291 561 4364 legeris
611 4309 624 4348 :
671 4293 904 4348 Labores
949 4309 1219 4348 manuum
1267 4297 1490 4351 tuarum
1527 4299 1658 4368 quia
1699 4301 2002 4358 manduca-

352 4380 477 4445 bis;
529 4380 715 4436 beatus
771 4397 844 4449 es,
907 4381 1038 4436 bene
1092 4381 1200 4436 tibi
1244 4385 1351 4438 erit
1378 4386 1550 4453 (Psat.
1583 4402 1790 4455 cxxvn,
1821 4392 1898 4458 2).
1933 4391 2003 4446 Et

351 4485 454 4542 per
479 4469 819 4542 Apestolum
849 4485 863 4524 :
898 4471 1008 4539 Qui
1035 4486 1145 4526 non
1174 4472 1290 4526 vult
1321 4476 1556 4544 operari,
1590 4492 1687 4530 nec
1713 4479 2004 4535 manducet

2101 3322 2431 3378 mihi.Patri
2469 3324 2603 3396 quis
2624 3324 2652 3378 ?
2684 3325 3071 3397 avus,inquis.
3105 3327 3241 3395 Avo,
3276 3327 3458 3399 quis?
3487 3344 3774 3400 proavus,

2103 3409 2208 3464 ais.
2243 3411 2458 3465 Proavo
2486 3410 2620 3481 quis
2641 3410 2669 3465 ?
2701 3410 2798 3466 ille
2833 3410 2967 3468 talis
2996 3416 3053 3468 et
3081 3412 3236 3469 talis.
3258 3413 3377 3470 Illis
3408 3415 3542 3486 quis
3561 3415 3588 3471 ?
3617 3417 3777 3488 quid

2104 3515 2198 3553 me
2227 3499 2444 3571 fatigas
2472 3501 2752 3571 rogando,
2788 3499 3008 3573 inquis,
3041 3503 3247 3570 Adam,
3280 3503 3388 3559 etsi
3439 3521 3556 3560 non
3587 3504 3777 3564 alius.

2103 3588 2288 3643 Adam
2322 3588 2455 3660 quis
2477 3589 2505 3644 ?
2536 3589 2711 3644 Deus.
2746 3589 2896 3661 Ergo
2925 3590 3024 3647 Dei
3057 3596 3198 3659 erat,
3234 3591 3350 3648 imo
3390 3592 3553 3660 velis,
3586 3593 3780 3663 nolis,

2105 3677 2201 3732 Dei
2233 3681 2324 3732 est
2345 3681 2531 3732 totum
2552 3695 2564 3746 ;
2589 3677 2822 3734 etiamsi
2857 3696 2969 3735 non
3004 3680 3252 3752 accipiat
3281 3686 3412 3747 ate,
3439 3681 3661 3738 habete
3684 3688 3776 3740 te.

2107 3768 2328 3822 Domini
2356 3771 2436 3822 est
2481 3775 2628 3822 terra
2667 3775 2719 3822 et
2740 3769 3025 3839 plenitudo
3051 3769 3166 3840 ejus
3195 3771 3366 3839 (Psat.
3402 3788 3532 3838 xxv,
3561 3772 3633 3839 1).
3664 3775 3779 3830 Vae

2109 3859 2305 3910 autem
2333 3856 2437 3924 eis,
2481 3857 2696 3927 quibus
2729 3858 2828 3913 42
2860 3857 3005 3912 tanti
3038 3864 3450 3915 successerunt
3477 3860 3774 3918 heredes.

2109 3948 2174 3998 ut
2205 3943 2488 3998 Dominus
2521 3961 2824 4016 nunquam
2855 3945 2972 4001 illis
3031 3945 3308 4002 meruerit
3364 3963 3494 4005 esse
3552 3948 3776 4008 haeres.

2111 4033 2357 4103 Rumpe,
2392 4031 2496 4099 ﬁli,
2530 4049 2754 4105 rumpe,
2785 4051 2999 4106 quaeso,
3034 4035 3189 4091 hunc
3246 4036 3470 4107 funem,
3523 4053 3593 4093 ne
3651 4039 3779 4096 hoc

2111 4137 2244 4176 cum
2305 4120 2448 4192 Ipsis
2505 4121 2925 4196 censtringaris
2983 4125 3041 4179 in
3101 4125 3505 4197 perditionem.
3549 4127 3781 4200 Accipe

2112 4209 2421 4264 Dominum
2469 4209 2777 4276 hieredem,
2819 4217 2883 4268 ut
2922 4217 2976 4268 te
3014 4212 3111 4269 ille
3168 4213 3413 4286 accipiat
3447 4217 3607 4288 regni
3667 4219 3778 4274 sui

2111 4303 2463 4364 consortem;
2483 4300 2697 4371 partire
2715 4317 2849 4356 cum
2869 4301 2967 4357 illo
3000 4301 3253 4358 ﬁliorum
3277 4303 3784 4372 hmreditatem,et

2111 4387 2274 4444 efﬁce
2299 4404 2432 4443 cum
2467 4387 2582 4444 illis
2615 4389 2872 4445 fratrem.
2907 4391 3068 4456 Quod
3101 4391 3150 4447 si
3189 4408 3304 4447 non
3336 4392 3442 4461 vis,
3477 4409 3669 4465 neque
3706 4399 3784 4452 tu

2111 4479 2239 4549 ejus
2268 4477 2664 4533 haereditatem
2696 4480 3031 4552 usurpabis.
3071 4483 3341 4536 Attamen
3390 4481 3550 4548 velis,
3585 4482 3779 4554 nolis,

348 4558 418 4630 (ιι
448 4559 618 4615 Thess.
651 4576 734 4626 III,
769 4559 878 4631 10).
915 4559 1378 4632 Laberaitaque,
1402 4563 1550 4630 dice,
1575 4564 1783 4633 fruere,
1809 4583 2003 4641 eroga,
2034 4575 2081 4640 Ι)
2113 4567 2446 4640 approbabo
2466 4567 2586 4622 tuis
2610 4567 2794 4638 ipsius
2823 4568 3198 4635 testimoniis,
3232 4587 3347 4625 non
3376 4576 3433 4626 te
3455 4575 3589 4626 tuas
3622 4587 3784 4643 pos-

346 4647 635 4721 disperge.
659 4648 823 4702 Sicut
841 4663 946 4720 ego
967 4665 1082 4703 non
1105 4665 1270 4704 cesso
1293 4649 1574 4718 dare,imo
1593 4656 1989 4714 committere:

347 4735 428 4790 ita
458 4740 520 4791 tu
553 4752 624 4792 ne
653 4751 847 4792 cesses
885 4751 1161 4810 erogare;
1213 4742 1269 4792 et
1317 4755 1567 4812 semper,
1629 4743 1769 4814 quia
1813 4745 1990 4816 jussi,

346 4823 530 4880 lebori
563 4823 787 4891 insiste,
807 4828 873 4879 ut
892 4824 1291 4897 habeas,qued
1319 4829 1510 4899 possis
1532 4836 1854 4903 eregare,et
1875 4850 1989 4890 non

345 4912 422 4969 sit
437 4929 585 4986 opus
606 4911 1139 4968 servare.0tiesitas
1169 4915 1347 4982 enim,
1367 4914 1416 4969 si
1441 4933 1555 4972 non
1582 4919 1753 4976 certis
1783 4920 1990 4978 diebus

343 5003 456 5057 mei
490 5017 688 5064 causa,
720 5001 959 5056 inimica
989 5005 1079 5056 est
1109 5003 1338 5057 animae.
1373 5005 1541 5060 Enim
1571 5023 1704 5064 vero
1735 5026 1840 5065 nec
1870 5009 1989 5068 ullo

341 5095 605 5162 tempore
659 5093 716 5144 te
766 5087 894 5145 volo
934 5089 1187 5145 otiosum
1219 5108 1348 5147 esse
1383 5109 1395 5146 :
1431 5111 1568 5150 nam
1599 5097 1707 5152 etsi
1740 5098 1855 5153 dixi
1889 5117 1992 5172 per

341 5178 692 5250 Prephetam
727 5193 739 5234 :
779 5180 968 5234 Vacate
1027 5179 1126 5234 sed
1185 5179 1383 5235 addidi
1425 5199 1437 5238 :
1491 5185 1565 5239 Et
1619 5186 1808 5255 videte,
1860 5191 1992 5260 quia

336 5282 434 5336 ego
472 5283 597 5322 sum
624 5267 885 5322 Dominus
916 5268 1230 5340 (Psal.x:.v,
1262 5269 1369 5338 11),
1423 5276 1486 5325 ut
1540 5272 1831 5348 intelligas
1883 5278 1989 5334 tibi

339 5356 662 5411 cavendum
691 5353 756 5428 [f.
785 5356 1198 5428 vancandum],
1233 5358 1374 5412 mihi
1407 5361 1799 5420 serviendum.
1841 5367 1989 5431 Quid

336 5459 484 5515 opus
514 5449 604 5500 est
635 5449 699 5499 ut
728 5460 941 5510 serves,
967 5445 1066 5516 qui
1100 5462 1192 5501 me
1223 5447 1397 5503 dante
1429 5450 1689 5520 quotidie
1721 5454 1864 5510 satis
1895 5472 1991 5511 ac-

333 5530 521 5605 cipis?
550 5533 698 5597 Quid
722 5533 989 5589 convenit
1021 5537 1083 5589 ut
1105 5551 1319 5602 serves,
1354 5539 1454 5608 qui
1487 5539 1722 5610 ignoras
1754 5543 1846 5599 cui
1868 5561 1988 5601 scr-

405 5639 517 5714 (67)
549 5639 721 5714 Vulg.
757 5657 914 5714 (equa
948 5641 1067 5707 tibi,
1103 5641 1298 5697 minus
1324 5644 1490 5700 bene.

2103 4655 2292 4712 sidere
2323 4655 2570 4711 divitias.
2612 4655 2740 4722 Fac,
2777 4655 2994 4728 inquis.
3029 4659 3233 4729 Erega,
3278 4659 3427 4714 dico.
3490 4658 3616 4714 Non
3682 4661 3785 4716 fa-

2101 4744 2274 4813 ciam,
2306 4745 2474 4800 dicis.
2510 4743 2670 4799 Cur?
2699 4744 2922 4814 Timeo,
2956 4745 3063 4804 ais.
3097 4747 3244 4811 Quid
3273 4748 3300 4802 ?
3333 4747 3596 4820 inquam,
3625 4766 3786 4821 pau-

2102 4835 2561 4907 pertatem.Ergo
2575 4835 2936 4907 paupertatis
2952 4840 3089 4891 sunt
3107 4841 3216 4892 tuae
3229 4836 3464 4906 divitia},
3481 4854 3598 4893 non
3623 4841 3777 4895 tum.

2100 4921 2386 4978 Dominus
2408 4927 2498 4978 cst
2517 4923 2673 4978 enim
2698 4923 2798 4994 qui
2825 4923 3119 4980 interdicit
3141 4925 3566 4997 subjectus,cui
3589 4928 3784 4998 quid-

2098 5009 2238 5066 libet
2286 5010 2668 5066 interdicitur.
2704 5013 2864 5068 Ecce.
2897 5017 2953 5068 te
2999 5015 3332 5083 conﬁtente,
3375 5014 3779 5087 deprehendi,

2100 5116 2214 5155 non
2237 5103 2467 5155 tantum
2489 5105 2541 5156 te
2566 5106 2698 5156 tuas
2712 5118 2823 5155 non
2840 5102 3140 5174 possidere
3154 5103 3514 5173 divitias,sed
3534 5105 3723 5160 etiam
3743 5122 3789 5162 a.

2101 5192 2443 5260 paupertate
2466 5189 2772 5261 possideri,
2797 5189 2889 5244 cui
2929 5190 3066 5263 ipsa:
3099 5190 3358 5247 serviunt
3387 5191 3621 5248 divitia}.
3647 5192 3779 5249 Sed

2097 5277 2264 5332 video
2295 5278 2435 5348 quid
2470 5278 2872 5334 declinaveris.
2905 5281 3052 5335 Cum
3082 5281 3240 5336 enim
3274 5297 3478 5336 servus
3509 5279 3593 5336 sis
3623 5298 3783 5336 ava-

2099 5365 2264 5432 ritiae,
2287 5383 2400 5421 non
2433 5383 2614 5421 ausus
2636 5383 2764 5421 eam
2788 5368 2996 5424 saltem
3022 5369 3344 5438 nominare,
3369 5369 3479 5425 sub
3500 5369 3786 5442 tegmine

2099 5456 2462 5527 paupertatis
2496 5454 2719 5527 elegisti
2743 5455 3075 5530 confugere,
3101 5473 3235 5513 cum
3259 5475 3375 5514 non
3398 5459 3604 5514 timere
3625 5473 3784 5514 eam

2101 5547 2157 5600 tc
2190 5547 2435 5616 constet,
2469 5543 2567 5600 scd
2603 5542 2914 5602 abhorrere
2952 5564 2963 5602 :
2999 5545 3160 5604 illam
3195 5548 3528 5618 vero,cujus
3561 5563 3791 5604 amore
