4054 6190
259 259 377 352 189

1202 259 1847 362 Moomoauu
1886 282 2094 348 LIBRI
2137 283 2314 349 sax.
2341 311 2426 334 --
2449 283 2599 347 LIB.
2643 256 2765 348 II.'

3550 274 3681 347 1'90

1216 624 1622 712 INCIPIT
1684 622 2004 708 LIBER
2063 590 2703 707 SECUNDUS.

262 793 541 880 σοῖιέτήεί
568 812 799 880 neque
823 791 983 880 ιξξιεά
1018 790 1137 880 Im
1182 792 1590 880 Ρνκιοίζτέίωη
1610 812 1635 853 ο·
1684 790 1715 852 ι
1733 786 2146 880 aerumnis
2200 787 2516 880 Maleam
2536 809 2562 866 ›·
2592 787 2741 880 ac.
2788 790 3077 880 uetitum
3100 812 3126 868 ;
3162 790 3287 880 .Iy.
3320 792 3657 880 Mrem.

359 873 422 943 V,
474 868 748 954 CaeIibeni
771 892 795 946 ;
854 872 961 954 VI,
999 873 1244 954 Ralrem
1291 883 1348 933 et
1390 868 1649 954 Matrem
1670 891 1703 954 ;_
1733 869 1867 941 VII,
1922 868 2150 954 Filiuni
2166 877 2235 954 _e_t
2260 868 2485 954 filiam
2509 890 2531 935 .°
2592 868 2760 944 VIII,
2810 869 3057 932 Viduam
3077 892 3104 948 ;
3145 870 3256 945 IX,
3320 872 3624 954 Virginem
3643 922 3660 943 ,

343 954 427 1029 X,
463 953 839 1030 Parvulum;
865 952 981 1026 XI,
1015 953 1326 1030 Puerum;
1354 952 1500 1025 XII,
1538 950 2024 1025 Adolescentem;
2050 947 2234 1024 XIII,
2270 947 2506 1010 Senem.

335 1250 613 1316 Decurso,
646 1247 794 1303 duce
832 1250 912 1315 te,
941 1247 1118 1314 Deus,
1167 1246 1416 1303 breviter
1453 1246 1666 1319 primo,
1699 1261 1907 1301 secun-
1935 1242 1994 1310 Α
2020 1244 2150 1297 tens
2180 1242 2520 1313 clementiae,
2555 1247 2724 1318 cujus
2753 1246 2827 1302 ad
2857 1250 3066 1304 nutum
3090 1253 3302 1305 cuncta
3330 1252 3464 1307 novi
3485 1254 3678 1312 favere

249 1338 407 1395 dum
440 1337 512 1393 de
535 1341 591 1392 te
616 1351 847 1410 quoque
875 1335 1067 1391 adhuc
1097 1351 1477 1408 praesumens,
1509 1334 1918 1390 incunctanter

250 1424 532 1484 libellum
545 1424 703 1480 hunc
719 1424 1027 1497 aggredior
1036 1424 1462 1495 modicum,per
1482 1422 1699 1478 nullius
1718 1420 1917 1477 multi-

260 1514 538 1588 loquium
567 1512 679 1585 (80)
722 1512 1152 1585 mcestiloquus,
1185 1513 1404 1583 majore
1434 1510 1527 1567 sui
1558 1514 1720 1583 parte
1750 1509 1920 1575 lecta,

259 1601 637 1677 aliquantula
662 1617 797 1658 vero
824 1605 1121 1674 comperta
1141 1600 1426 1668 dicturus,
1449 1617 1584 1657 cum
1607 1598 1829 1655 scilicet
1848 1598 1922 1653 ab

261 1692 528 1750 infantia
570 1689 914 1765 crepusculo
943 1690 1003 1745 in
1035 1689 1191 1745 hunc
1238 1689 1426 1745 aetatis
1471 1689 1589 1745 fere
1636 1688 1922 1744 deductus

263 1781 598 1850 meridiem,
626 1795 839 1835 czecam
869 1777 1060 1833 adhuc
1080 1794 1326 1834 casuum
1348 1777 1710 1834 diversorum
1734 1776 1923 1849 patiar

264 1874 527 1935 noctem,
554 1867 925 1938 trimodoque
946 1867 1057 1938 (81)
1081 1870 1349 1922 retrusus
1369 1866 1738 1938 constringar
1761 1883 1922 1939 erga-

263 1958 449 2025 stulo,
482 1957 582 2030 qui
614 1972 645 2013 e
670 1955 929 2012 tenebris
974 1953 1298 2021 liberando,
1331 1954 1403 2010 ad
1448 1953 1764 2027 lumenque
1807 1958 1920 2011 tua:

264 2046 517 2105 visionis
530 2046 630 2103 ὅθ
641 2044 711 2101 ad
721 2043 985 2100 mirabile
1003 2044 1262 2099 vocando
1300 2042 1594 2115 quondam
1618 2043 1922 2100 institutus

265 2138 513 2194 videbar
552 2133 788 2209 populo,
844 2133 1126 2188 frutratus
1180 2131 1375 2206 gregis
1421 2132 1734 2200 consortio,
1786 2132 1925 2205 quia

268 2242 414 2285 eum
444 2222 746 2281 insidianti
781 2223 869 2295 (ut
897 2222 1099 2288 fertur,
1132 2224 1190 2277 et
1218 2221 1444 2278 utinam
1465 2221 1746 2278 veraciter
1775 2222 1927 2277 dice-

268 2314 457 2387 retur)
491 2312 652 2369 nolui
682 2309 1043 2367 committere
1087 2308 1229 2382 lupo
1260 2309 1374 2382 (82)
1401 2328 1415 2378 ;
1447 2311 1749 2383 expositus
1779 2328 1924 2383 sup-

269 2403 473 2479 plicio,
502 2401 642 2475 quia
672 2398 865 2457 solum
912 2415 1048 2455 eum
1090 2415 1375 2470 exponere
1423 2399 1594 2454 timui
1626 2400 1924 2472 periculo;

271 2492 477 2551 saeculi
508 2491 789 2548 subactus
819 2488 1100 2556 dominio,
1144 2487 1284 2561 quia
1310 2504 1404 2544 me
1441 2488 1547 2543 tibi
1579 2487 1686 2544 soli
1717 2489 1929 2560 subjici

2026 1330 2088 1401 [1.
2122 1331 2289 1403 fieri].

2571 1469 2689 1523 Trr.
2723 1473 2768 1523 I.
2800 1501 2867 1512 -
2896 1473 2972 1528 De
3000 1474 3136 1529 viris

2098 1602 2155 1655 2.
2196 1599 2299 1655 Vir
2327 1616 2391 1655 es
2440 1601 2575 1673 (85),
2617 1618 2652 1658 a
2696 1604 2931 1670 virtute,
2983 1623 3164 1663 necne
3212 1625 3247 1664 a
3292 1610 3470 1679 vireo,
3512 1613 3603 1670 vel
3644 1632 3680 1672 a

2026 1688 2273 1759 viribus,
2307 1689 2428 1745 sive
2466 1691 2540 1761 vi,
2575 1694 2631 1747 et
2660 1708 2793 1766 rego
2826 1695 3022 1763 verbo,
3051 1700 3117 1751 ut
3142 1699 3459 1769 quemdam
3483 1703 3679 1760 audivi

2030 1794 2145 1833 non
2179 1778 2519 1851 incongrue,
2569 1783 2627 1835 et
2676 1781 2821 1837 mihi
2868 1782 3061 1840 visum
3093 1789 3203 1855 est,
3254 1787 3679 1861 disputantem,

2029 1867 2473 1923 denominatum
2503 1873 2741 1941 gestans
2767 1872 3113 1929 vocabulum
3130 1875 3159 1930 ?
3178 1875 3511 1935 Femineam
3529 1880 3687 1937 devi-

2029 1959 2163 2012 tans
2185 1954 2516 2024 mollitiem,
2548 1957 2608 2012 in
2638 1958 2849 2015 virtute
2875 1958 3064 2016 solida
3079 1962 3160 2033 [id
3186 1972 3264 2020 est
3292 1965 3521 2035 robora,
3545 1985 3683 2025 con-

2031 2042 2224 2114 ﬁrma]
2253 2045 2518 2101 animum
2544 2063 2558 2114 ;
2589 2048 2771 2119 Neque
2799 2048 2978 2117 enim,
3012 2048 3094 2105 ait
3142 2052 3477 2124 Apostolus,
3492 2057 3684 2115 molles

2030 2150 2259 2205 regnum
2296 2135 2396 2190 Dei
2436 2135 2787 2206 possidebunt
2830 2137 2882 2210 (1
2926 2137 3047 2193 Cor.
3097 2157 3176 2206 v1,
3222 2141 3320 2211 9):
3355 2145 3511 2216 quod
3544 2149 3684 2202 tunc

2033 2221 2220 2278 facere
2250 2222 2547 2295 przevales,
2580 2222 2630 2280 si
2677 2224 2901 2281 viribus
2950 2227 3167 2296 nitens,
3219 2228 3336 2286 vim
3386 2232 3567 2289 animi
3610 2235 3684 2291 ad

2034 2311 2228 2366 sidera
2247 2310 2453 2380 eleves,
2472 2329 2709 2369 carnem
2733 2315 2963 2381 animae,
2988 2316 3249 2372 animam
3275 2319 3518 2392 subiges
3550 2323 3683 2389 Deo,

2036 2398 2261 2472 rigidus
2292 2416 2523 2473 semper
2550 2405 2608 2457 et
2652 2401 3007 2469 inﬂexibilis,
3062 2420 3197 2460 cum
3243 2405 3344 2462 Dei
3395 2408 3687 2479 adjutorio

2037 2491 2241 2543 contra
2290 2488 2487 2543 saeculi
2538 2488 2887 2561 voluptates,
2920 2495 3240 2563 contraque
3290 2494 3483 2551 carnis
3526 2495 3689 2553 ince-

271 2586 547 2657 oportere
575 2578 793 2636 credidi
814 2577 1080 2633 Domino.
1112 2580 1331 2633 Verum
1362 2581 1417 2633 te
1446 2576 1680 2650 penitus
1700 2582 1927 2633 contra-
1960 2610 2009 2676 Β
2037 2576 2184 2676 dens
2249 2575 2577 2676 illecebras,
2658 2576 2803 2633 illud
2877 2578 3200 2636 Psalmistaa
3267 2598 3502 2655 semper
3554 2589 3692 2643 ante

273 2672 389 2741 rio,
423 2674 615 2726 creato
646 2685 681 2724 a
708 2672 763 2724 te
793 2665 874 2722 nil
900 2666 993 2740 agi
1026 2664 1219 2722 sciens
1250 2665 1308 2720 in
1343 2666 1584 2734 mundo,
1614 2670 1930 2740 tempesta-

272 2767 398 2818 tem
412 2759 562 2815 hanc
578 2761 679 2813 tuo
696 2754 981 2813 solamine
997 2753 1180 2810 fultus
1193 2753 1504 2827 tranquille
1517 2756 1775 2811 sustineo
1793 2755 1927 2827 (83);

277 2849 527 2908 credens
557 2846 770 2913 sedari,
793 2844 843 2899 si
862 2843 1119 2899 volueris
1141 2847 1199 2899 et
1220 2844 1456 2916 quando
1482 2842 1753 2911 volueris,
1770 2844 1929 2900 istud

279 2956 387 3014 per
416 2943 474 2994 te
502 2952 704 3010 possse
725 2932 998 2990 facillime
1020 2931 1282 3006 pelagus,
1315 2934 1415 3005 qui
1440 2933 1759 2989 terminum
1782 2933 1929 2989 mari

280 3043 524 3084 arenam
575 3022 820 3098 posuisti
881 3021 1193 3095 primitus:
1256 3023 1428 3094 Usque
1478 3021 1601 3087 huc,
1634 3021 1927 3093 inquiens,

277 3118 483 3187 venies,
513 3122 567 3172 et
590 3130 702 3169 non
747 3111 1199 3184 supergredieris,
1248 3110 1342 3167 sed
1389 3112 1448 3167 in
1478 3112 1755 3183 temetipso
1801 3128 1928 3169 con-

275 3209 600 3279 fringentur
625 3204 820 3274 ﬂuctus
844 3202 928 3256 tui
956 3199 1089 3273 (Job.
1135 3216 1368 3267 xxxvm,
1403 3199 1514 3271 11).
1560 3200 1766 3256 Intona
1793 3217 1929 3273 ergo

276 3299 341 3352 et
368 3293 581 3362 adhuc,
612 3292 662 3349 si
693 3289 902 3365 placet,
935 3294 1037 3345 tuo
1067 3305 1099 3345 e
1127 3288 1308 3356 cmlis,
1339 3288 1586 3357 Christe,
1619 3295 1927 3363 praecepto,

279 3383 559 3458 quodque
583 3397 687 3455 per
721 3378 962 3447 multos,
995 3394 1213 3451 perque
1243 3383 1300 3434 te
1341 3378 1539 3451 ipsum
1579 3378 1932 3435 interdixisti

280 3470 635 3530 creberrime
665 3468 966 3536 minando,
999 3466 1245 3523 interdic
1277 3467 1386 3539 (84)
1434 3471 1493 3523 et
1539 3484 1695 3523 nunc
1726 3467 1931 3523 miser-

280 3562 436 3619 rimo
465 3556 1011 3616 misericordissime
1036 3555 1387 3624 miserando,
1412 3556 1506 3611 die
1527 3556 1598 3612 de
1629 3556 1934 3628 profundis

282 3649 562 3708 clamanti
603 3643 1093 3703 misericorditer:
1144 3646 1271 3712 Exi,
1320 3643 1577 3700 tenebris
1625 3644 1936 3701 horrendis

282 3740 699 3809 circumsepto,
748 3736 988 3791 relevare
1033 3734 1269 3790 carceris
1320 3732 1387 3787 de
1434 3733 1728 3802 ergastulo,
1791 3733 1932 3789 dic:

286 3827 409 3885 noli
449 3825 774 3901 prohibere.
809 3823 918 3879 Ssd
950 3822 1094 3896 quia
1123 3821 1277 3894 quod
1308 3820 1661 3877 desideranti
1694 3821 1936 3895 longum

282 3917 518 3973 videtur
546 3930 697 3980 esse,
728 3916 785 3968 et
809 3911 979 3982 quasi
1009 3910 1267 3978 difﬁcile,
1299 3909 1632 3983 disponenti
1653 3911 1822 3967 breve
1844 3915 1935 3967 est

2040 2664 2241 2722 oculos
2325 2665 2591 2722 habens:
2676 2667 2921 2723 Virililer
2991 2671 3156 2740 agite,
3224 2679 3275 2726 et
3356 2675 3694 2746 confortetur

2037 2771 2131 2810 cor
2176 2763 2439 2822 vestrum,
2487 2772 2669 2812 omnes
2713 2759 2812 2829 qui
2851 2759 3084 2830 speratis
3132 2760 3194 2814 in
3243 2763 3476 2819 Domino
3515 2765 3688 2832 (Psal.

2036 2861 2190 2912 sum,
2270 2845 2378 2917 14).
2440 2845 2510 2900 Et
2586 2844 2732 2901 illud
2802 2845 3033 2902 Domini
3101 2848 3175 2904 ad
3233 2850 3394 2908 Job:
3462 2854 3693 2927 Accinge

2036 2934 2179 2989 sicut
2240 2935 2327 2989 vir
2391 2933 2598 2990 lumbos
2663 2944 2779 2992 tuos
2846 2937 2984 3009 (Job.
3055 2955 3289 3007 xxxvm,
3339 2941 3417 3013 3).
3481 2942 3694 3000 Contra

2039 3022 2225 3079 aerias
2275 3039 2507 3096 quoque
2569 3029 2905 3097 potestates,
2959 3044 3086 3099 quae
3135 3028 3546 3100 significantur
3591 3049 3695 3105 per

2038 3116 2452 3168 Cananaeorum
2501 3130 2687 3186 reges,
2736 3114 2807 3171 ab
2859 3114 3134 3172 bellanda
3181 3116 3415 3173 Domini
3454 3118 3608 3175 bella
3636 3125 3693 3176 te

2039 3200 2304 3274 cogitans
2335 3201 2643 3269 directum,
2698 3207 2763 3258 ut
2810 3206 3028 3260 terram
3062 3206 3536 3277 repromissionis
3570 3225 3689 3266 me-

2039 3289 2223 3346 rearis
2254 3289 2472 3346 intrare
2520 3292 3021 3365 (quandoquidem
3069 3310 3139 3350 ex
3186 3299 3420 3369 Egypto
3440 3298 3568 3370 jam
3591 3314 3697 3372 per

2041 3395 2199 3435 mare
2218 3379 2620 3445 Rubrum,hoc
2640 3385 2729 3436 est
2750 3382 3037 3454 sanguine
3054 3382 3266 3438 Christi
3288 3390 3695 3443 consecratum

2042 3468 2335 3540 baptisma
2365 3468 2634 3535 eductus,
2676 3468 2858 3539 hujus
2889 3469 2981 3525 Μ
3027 3469 3225 3525 saeculi
3274 3472 3562 3543 gradieris
3593 3491 3697 3546 per

2043 3555 2349 3625 eremum),
2377 3559 2653 3628 computa
2680 3556 2783 3610 tibi
2834 3556 3055 3612 dictum
3086 3573 3099 3612 :
3136 3557 3454 3629 Con/artare
3502 3565 3555 3614 et
3585 3571 3697 3617 esto

2044 3646 2293 3699 robustus
2339 3644 2515 3716 (Deut.
2554 3661 2654 3713 vu,
2685 3645 2797 3716 23).
2849 3645 3146 3709 Quantum
3194 3646 3352 3702 enim
3403 3646 3599 3706 mollis
3641 3654 3699 3705 et

2045 3731 2336 3789 dissoluta
2356 3732 2567 3788 mentis
2597 3733 2864 3789 custodia
2882 3734 3059 3789 etiam
3082 3734 3470 3807 perfectorum
3493 3741 3700 3795 noceat

2046 3820 2280 3892 studiis,
2314 3820 2455 3876 Loth
2488 3820 2648 3877 illius
2669 3822 3012 3893 justissimi,
3043 3824 3291 3880 Samson
3324 3824 3486 3883 illius
3503 3826 3697 3883 fortis-

2045 3910 2203 3978 simi,
2235 3909 2561 3966 Salomonis
2592 3928 2825 3984 quoque
2846 3912 3269 3984 sapientissimi
3290 3915 3699 3974 demonstrant

280 4010 342 4063 et
357 4002 596 4061 omnino
628 3981 1054 4066 facillimum;si
1076 3999 1217 4072 quid
1239 3998 1333 4055 hic
1351 3981 1583 4056 interim
1598 3999 1793 4055 animo
1810 4015 1943 4073 sug-
1972 3981 2015 4049 (ἶ
2052 4016 2243 4055 casus.
2281 3999 2544 4056 Isboseth
2598 4000 2775 4057 etiam
2805 4000 3039 4058 intimat
3084 4002 3379 4072 interitus,
3433 4005 3696 4062 feminea:

278 4092 558 4168 gesseris,
590 4106 804 4165 ponere
854 4092 1140 4161 satagam,
1173 4088 1328 4160 quod
1361 4087 1632 4144 conficiat
1675 4092 1732 4144 et
1776 4088 1933 4145 istud

280 4199 423 4240 eum
451 4181 538 4238 tui
570 4178 859 4253 adjutorio
889 4176 1261 4250 opusculum,
1294 4180 1501 4233 caetera
1527 4180 1629 4233 tua
1658 4177 1935 4234 commit-

354 4370 469 4444 (80)
508 4370 624 4444 Per_
654 4368 876 4444 nullius
920 4364 1359 4444 multiloquium,
1406 4363 1597 4444 inquit
1621 4381 1645 4444 ;‘
1687 4365 1828 4444 quia
1876 4365 1936 4420 in

282 4435 537 4507 carcere,
568 4439 669 4496 ubi
698 4438 822 4494 haec
850 4436 1104 4509 scripsit,
1153 4435 1448 4491 neminem
1479 4435 1752 4502 habebat,
1786 4452 1936 4508 quo-

280 4510 920 4594 ουὲξι.9⁰Ρ⁰Ἱ⁰θ¹’θί“¹ὀ.
1038 4578 1049 4589 .
1167 4576 1179 4589 .

354 4586 474 4657 (81)
514 4575 858 4657 Papiensem
899 4578 1115 4657 turrim
1163 4576 1404 4645 indicat,
1450 4575 1509 4630 in
1560 4592 1679 4647 qua
1723 4575 1938 4650 triplici

281 4648 417 4713 sera
442 4648 544 4729 vel
562 4648 1182 4729 ostioeratjnclusus.
1406 4716 1421 4729 ‘
1535 4718 1574 4729 _
1628 4718 1664 4729 η
1757 4717 1770 4729 ν

352 4729 470 4797 (82)
494 4724 620 4797 Ωιιί
650 4723 850 4797 sedem
879 4722 1300 4797 Veronensem.
1323 4716 1494 4797 pulso
1535 4717 1809 4797 Batherio
1830 4719 1940 4797 λιι-

280 4788 461 4865 vasit,
490 4788 793 4852 Manassae
815 4793 944 4849 fuit.
977 4791 1162 4865 Istum
1179 4788 1553 4865 proindetupi
1572 4788 1940 4865 nomine‘hoc

284 4870 414 4927 loco
439 4859 703 4924 indicare
751 4865 1001 4931 videtur,
1035 4859 1198 4918 sicut
1233 4862 1291 4916 in
1339 4859 1942 4932 aliisiposterioribus

286 4938 566 5014 operibus
612 4937 822 5014 eadem
860 4935 1082 5014 ratione
1114 4934 1309 5014 lupun}
1335 4931 1593 5014 appellat
1639 4932 1939 5014 Milonem,

286 5002 391 5085 qui
422 5015 629 5087 postea
647 5008 924 5087 eamdem
954 5002 1614 5087 sedem‘,'pulso’iterum
1642 5004 1939 5087 Ratheri‘o,

286 5074 614 5154 occupavit.
647 5080 979 5136 Manassem
1029 5074 1267 5149 quidem
1299 5091 1482 5129 unum
1518 5074 1699 5131 fuisse
1726 5091 1795 5131 ex
1826 5075 1947 5133 illis

286 5155 503 5230 tribus,
526 5167 684 5230 quos
693 5151 867 5230 Hugo‘
881 5146 1205 5230 veronensi
1217 5144 1484 5228 Ecclesiae
1502 5144 1731 5230 volebat
1753 5148 1940 5230 praeﬁ-

284 5241 437 5291 cere,
470 5217 629 5279 fama
656 5217 897 5279 ferebat.
925 5219 1125 5291 Solum
1151 5218 1305 5291 idem
1328 5233 1428 5291 rex
1459 5217 1517 5271 in
1543 5217 1801 5291 Ratherii
1826 5218 1940 5274 ele-

285 5288 547 5353 ctionem
571 5292 888 5357 consensit,
911 5291 1064 5364 quia-
1087 5289 1246 5345 hunc
1276 5288 1588 5364 inﬁrmum
1625 5288 1781 5364 brevi
1815 5306 1940 5346 mo-

286 5369 545 5439 riturum
576 5364 868 5439 sperabat.
896 5357 1042 5439 Cum
1062 5378 1195 5439 vero
1225 5376 1362 5439 eum
1380 5365 1514 5439 post
1540 5357 1936 5439 electioneme

288 5438 496 5496 morbo
540 5429 908 5507 convaluisse
954 5429 1586 5507 deprehendit,_'hujus
1637 5429 1937 5507 electionis

287 5510 600 5585 panitens,
631 5506 900 5588 adhibuit
915 5501 1255 5588 nonnullos,
1285 5501 1504 5588 quivel
1534 5501 1828 5588 ipsum‘ad
1854 5503 1940 5588 fu-

286 5572 449 5655 gam,
481 5572 594 5639 seu
634 5579 707 5637 ad
738 5577 1147 5635 dimittendam
1193 5572 1511 5633 Ecclesiam
1553 5572 1937 5647 impellerent,

2043 4093 2263 4157 utrum,
2297 4105 2371 4144 an
2401 4089 2555 4145 virili
2581 4090 2858 4147 custodiae
2907 4092 3192 4149 committi
3244 4094 3437 4151 cordis
3488 4095 3697 4151 debeat

2045 4177 2240 4233 aditus
2271 4178 2344 4250 (II
2370 4179 2497 4248 Reg.
2532 4195 2606 4243 IV,
2637 4179 2718 4251 5).

2044 4363 2135 4438 vel
2159 4363 2241 4420 ita
2270 4364 2328 4419 in
2360 4364 2937 4438 illum_excederent,
2966 4371 3031 4421 ut
3053 4365 3499 4438 pejusejiciendi
3530 4382 3696 4438 occa-

2047 4435 2269 4509 sionem
2285 4436 2954 4509 caperet.Epi_scopatum
2973 4435 3129 4509 enim
3142 4435 3275 4509 aliis
3287 4436 3698 4509 ac_praesertim

2048 4505 2304 4581 Manassi
2322 4505 2549 4581 t_r_ad_ere
2562 4505 2821 4581 volebat,
2833 4508 3060 4581 utisane
3078 4506 3189 4579 ipsi
3202 4505 3475 4581 eumdem
3499 4511 3701 4581 postea

2046 4576 2309 4631 tradidit.
2344 4577 2496 4651 Huic
2516 4582 2723 4651 autern
2737 4577 2926 4651 veluti
2946 4576 3173 4651 lupo'se
3198 4578 3460 4651 noluisse
3482 4576 3703 4651 episco-

2049 4652 2251 4720 patum
2284 4648 2650 4705 committere
2695 4648 3029 4705 Ratherius'
3054 4649 3163 4706 hoc
3193 4649 3320 4707 loco
3347 4648 3580 4707 videtur
3607 4648 3698 4706 in-

2050 4735 2250 4776 nuere.

2123 4791 2233 4863 (83)
2274 4790 2557 4846 Construe
2587 4809 2599 4847 :
2624 4864 2631 4866 ξ
2657 4792 2850 4848 Verum
2889 4794 3066 4849 sciens
3114 4794 3198 4849 nil
3245 4795 3339 4866 agi
3368 4794 3445 4866 in
3494 4792 3699 4850 mundo

2048 4871 2227 4937 creato
2258 4880 2292 4917 α
2322 4870 2395 4937 te,
2424 4870 2477 4918 te
2498 4864 2719 4933 penitus
2756 4866 3054 4934 contrario,
3093 4866 3266 4937 fultus
3286 4864 3567 4921 solamine
3606 4869 3700 4921 tuo

2047 4936 2292 5006 sustineo
2314 4935 2871 5006 ihqncftempestatem,
2904 4940 3014 4991 etc.

2123 5006 2234 5076 (84)
2276 5004 2422 5079 Male
2470 5004 2832 5079 invulgatis
2864 5007 3149 5079 interdicet
3174 5024 3341 5063 nunc.
3388 5007 3520 5079 Mox
3561 5021 3701 5079 ροη-

2051 5081 2241 5133 strue:
2272 5077 2641 5149 Clamanlide
2652 5077 2945 5149 profundis
2969 5078 3065 5134 die
3088 5078 3518 5135 misericorditer
3540 5093 3554 5130 :
3574 5077 3699 5144 Exi,

2048 5150 2401 5222 circumsepto
2431 5148 2666 5222 tenebris
2696 5148 2981 5222 horrendis
2998 5149 3087 5205 dic
3107 5168 3127 5205 :
3158 5149 3428 5206 Relevare
3449 5149 3521 5205 de
3540 5164 3704 5222 erga-

2052 5218 2205 5276 stulo
2234 5218 2505 5287 carceris,
2528 5220 2647 5275 noli
2673 5221 2979 5290 prohibere.

2126 5290 2238 5357 (85)
2269 5290 2329 5345 Id
2361 5294 2468 5355 est,
2525 5292 2623 5345 Vir
2662 5306 2718 5345 es
2758 5296 2976 5360 gestans
3022 5293 3345 5349 vocabulum
3379 5290 3703 5347 denomina-

2050 5371 2167 5418 tum
2195 5380 2230 5417 α
2254 5362 2471 5429 virtute,
2512 5377 2681 5417 necne
2709 5379 2744 5417 a
2777 5365 2943 5431 vireo,
2976 5369 3086 5419 etc.
3114 5368 3292 5421 Necne
3320 5363 3475 5431 apud
3501 5365 3703 5418 aucto-

2050 5450 2142 5489 res
2155 5433 2357 5489 mediae
2372 5431 2686 5509 etinﬁrmze
2707 5432 2808 5509 lati
2816 5434 3015 5509 nitatis
3036 5440 3340 5509 acceptum
3353 5431 3570 5509 legitur
3584 5447 3702 5509 Apro

2050 5521 2259 5583 necnon
2286 5508 2357 5583 ut
2380 5502 2574 5583 videre
2602 5507 2692 5560 est
2721 5504 2782 5560 in
2802 5504 3093 5564 Glossaris
3121 5502 3343 5583 Céngii.
3376 5502 3479 5564 Hic
3500 5502 3697 5563 autem

2053 5576 2238 5649 accipi
2266 5575 2497 5634 videtur
2523 5592 2630 5649 pro
2661 5584 2776 5633 aut.
