4090 6180
379 252 488 331 191

790 384 913 458 Trr,
949 384 1020 447 II.
1060 418 1130 431 --
1158 384 1235 446 De
1261 388 1599 445 mulieribus.

446 482 499 538 3.
536 475 744 537 Mulier
772 479 875 536 es?
906 477 1231 547 Mollitiem,
1285 494 1463 550 quam
1494 478 1730 550 praefers
1762 479 2019 548 nomine,

375 571 446 628 ad
470 570 808 627 obedientiaa
829 570 1124 637 virtutem,
1150 585 1264 624 non
1291 568 1363 623 ad
1387 567 1794 625 dissolutionis
1814 569 2019 624 vitium

372 659 689 717 transferre
737 659 928 714 stude.
959 660 1148 730 Virago
1182 656 1360 724 enim,
1390 656 1447 712 id
1492 656 1786 725 estfortis,
1810 656 2022 713 mulier

373 755 577 807 vocata
627 751 718 805 est
765 748 823 803 in
874 746 1157 821 principio
1176 745 1337 813 (Gen.
1378 764 1439 812 ιι,
1486 744 1595 817 23),
1630 750 1695 800 ut
1726 749 1782 801 et
1812 748 2019 803 fortem

370 843 428 896 te
457 843 659 895 contra
687 836 844 904 vitia,
877 841 932 892 ct
976 834 1286 892 ﬂexibilem
1318 834 1374 889 in
1407 834 1766 905 subjectione
1787 835 2019 891 Domini

370 931 790 1001 praeceptorum
822 942 949 981 esse
980 925 1190 981 debere
1241 922 1582 980 memineris
1626 924 1884 978 omnino.
1917 924 2022 978 Vir

369 1020 567 1089 itaque
598 1019 809 1081 mente,
844 1014 1056 1070 mulier
1095 1028 1287 1079 carne,
1335 1013 1704 1085 insurgentes
1736 1017 1791 1067 et
1820 1016 1881 1066 tu
1917 1012 2017 1067 ad-

365 1123 569 1163 versus
591 1104 863 1178 spiritum
883 1103 1122 1159 insanos
1134 1101 1408 1157 vitiorum
1429 1099 1910 1173 voluptatumque
1931 1105 2019 1155 tu-

369 1195 594 1252 multus
625 1194 757 1249 forti
781 1192 997 1248 mentis
1018 1190 1214 1263 vigore
1236 1191 1407 1246 stude
1430 1189 1753 1257 devincere,
1778 1204 2019 1261 perpen-

367 1285 511 1340 dens
541 1281 797 1354 plurima
825 1279 933 1335 tibi
965 1279 1024 1333 in
1049 1276 1365 1350 Scripturis
1390 1276 1603 1332 divinis
1624 1276 1803 1348 hujus
1824 1278 2016 1350 operis

367 1370 633 1443 exempla
661 1367 1036 1440 suppeditare
1060 1384 1072 1433 ;
1107 1367 1247 1421 dum
1277 1369 1334 1421 et
1354 1365 1411 1420 in
1435 1365 1625 1421 Veteri
1646 1366 2013 1422 Testamento

368 1474 708 1533 quanquam
731 1457 801 1512 de
816 1455 982 1512 hoste
1003 1454 1279 1512 universo
1298 1453 1424 1509 orbi
1448 1454 1875 1525 pavendo,viris
1898 1472 2015 1511 om-

365 1548 541 1604 nibus
591 1545 819 1610 timore,
872 1542 1040 1616 quasi
1089 1543 1295 1599 mortis
1343 1558 1571 1611 somno,
1623 1543 2009 1616 consumptis,

364 1634 694 1693 mirabilem
723 1631 825 1688 Dei
854 1632 1045 1705 gratia
1072 1630 1283 1705 legeris
1312 1634 1642 1704 reportasse
1667 1630 1966 1687 victoriam
1996 1650 2009 1701 ;

1296 246 1676 337 eameam
1716 250 1969 319 EPISC.
2009 251 2303 337 mea.
2349 255 2524 321 app.
2566 251 2766 322 mas
2805 246 2865 323 ιε

2049 390 2105 460 Α
2131 391 2461 465 legitimum
2491 390 2843 463 dominium,
2864 393 2923 448 et
2941 385 3199 449 Creatori
3218 385 3487 461 debitum
3508 381 3780 446 exhibeat

3666 248 3789 317 192

2133 482 2503 553 obsequium,
2526 498 2645 554 qua
2673 481 2850 537 etiam
2882 480 3084 538 civitas
3114 479 3214 537 Dei
3242 496 3312 537 ex
3342 494 3590 536 numero
3621 494 3780 534 com-

2132 570 2360 644 pleatur
2389 570 2956 644 prmdestinatorum.
2989 570 3162 625 Aliud
3192 586 3323 625 vero
3353 568 3576 625 veniale
3606 571 3781 640 atque

2131 660 2554 728 concessivum,
2610 676 2821 733 proper
2880 658 3324 715 fornicationem
3372 657 3779 714 tantummodo

2131 749 2468 805 conceditur
2491 750 2564 805 ab
2616 747 2909 821 Apostolo,
2940 746 3209 805 videlicet
3238 764 3311 804 ne
3341 764 3443 821 per
3469 745 3779 815 adulteria,

2129 843 2231 893 aut
2260 838 2552 910 quoslibet
2597 836 2830 893 illicitos
2881 835 3160 909 quislibet
3206 837 3426 892 deﬂuat
3453 834 3774 909 appetitus,

2128 926 2441 1000 impatiens
2457 926 2849 995 libidinis,aut
2866 927 3043 1000 (quod
3061 924 3231 999 longe
3246 920 3779 998 incomparabiliter

2127 1017 2295 1088 pejus
2324 1016 2434 1085 est)
2456 1019 2655 1071 contra
2686 1019 2954 1071 naturam
2978 1015 3182 1088 quovis
3216 1015 3387 1070 modo
3420 1017 3665 1086 cogatur
3682 1030 3775 1069 ex-

2127 1104 2363 1160 cedere:
2399 1105 2473 1159 ob
2517 1104 2658 1159 talia
2686 1104 2842 1159 enim
2878 1104 3144 1176 quaedam
3169 1121 3182 1159 :
3210 1104 3401 1159 Melius
3429 1107 3506 1160 est
3545 1104 3770 1168 nubere,

2124 1210 2289 1266 quam
2317 1195 2411 1248 uri
2440 1193 2487 1265 (Ι
2515 1193 2635 1249 Cor.
2684 1209 2784 1261 vn,
2816 1193 2894 1265 9),
2926 1193 2984 1249 id
3015 1196 3105 1249 est
3148 1209 3336 1264 usque
3362 1192 3434 1248 ad
3463 1191 3772 1265 eliquatio-

2126 1298 2260 1337 nem
2289 1280 2378 1337 vel
2411 1282 2507 1353 [αἱ.
2547 1282 2651 1353 ut],
2704 1280 2994 1349 illicitum,
3054 1279 3174 1338 sive
3225 1279 3773 1337 immundissimum

2126 1369 2347 1425 ﬂuxum
2376 1370 2633 1437 accendi,
2683 1386 2787 1427 nec
2819 1368 2936 1431 ullo
2967 1368 3066 1425 Dei
3113 1383 3330 1437 amore,
3365 1373 3467 1424 aut
3495 1369 3771 1443 gehennae

2123 1459 2334 1517 timore
2382 1458 2677 1533 restringi.
2708 1460 2854 1515 Ecce
2884 1462 3169 1531 quantum
3213 1456 3366 1514 valet
3421 1458 3597 1513 etiam
3639 1474 3773 1521 cum

2122 1548 2295 1622 culpa
2325 1548 2688 1622 conjugium,
2722 1549 3071 1607 necessitate
3092 1546 3314 1603 scilicet
3342 1550 3579 1622 propter
3606 1548 3774 1621 pejus

2122 1654 2491 1693 concessum.
2516 1636 2679 1693 Unde
2697 1637 2936 1710 pulchre
2948 1635 3313 1709 Augustinus
3329 1636 3387 1690 in
3401 1634 3552 1691 libro
3573 1641 3775 1692 contra

361 1726 496 1783 etin
529 1719 1156 1781 novoinnumerabiles
1179 1718 1490 1775 femineam
1513 1718 1725 1818 oblitas
1756 1720 2009 1775 infirmi-
2042 1760 2091 1826 B
2119 1727 2497 1783 Jovinianum
2527 1727 2598 1781 de
2626 1726 2783 1783 Bono
2814 1726 3107 1800 conjugali
3138 1725 3480 1787 hereticum
3511 1726 3593 1799 (η,
3631 1726 3690 1781 11
3723 1734 3775 1783 ει

360 1818 566 1882 tatem,
614 1810 770 1868 virili
819 1812 1051 1883 peracto
1096 1808 1370 1865 hostibus
1401 1806 1639 1863 devictis
1670 1808 2007 1877 certamine,

360 1921 495 1961 cum
525 1900 825 1977 triumpho
856 1898 1049 1971 gloria:
1079 1896 1337 1971 palmam
1367 1894 1617 1952 victorias
1651 1898 1707 1952 et
1737 1912 2009 1953 coronam

361 1992 650 2052 meruisse
679 1988 996 2063 insignem.

800 2077 921 2132 Trr.
956 2075 1049 2131 ιιι.
1084 2105 1151 2116 -—-
1180 2077 1255 2131 De
1287 2073 1637 2146 Conjugibus.

431 2173 483 2228 4.
515 2169 761 2242 Conjux,
783 2166 871 2222 vel
894 2164 1144 2221 maritus
1166 2180 1228 2220 es
1248 2164 1276 2219 ?
1296 2163 1612 2220 Considera
1633 2180 1812 2236 quam
1836 2164 2009 2221 fidem

359 2263 571 2319 debeas
602 2257 790 2326 uxori,
841 2257 1130 2328 cujusque
1172 2252 1306 2309 ﬁdei
1347 2252 1480 2325 quis
1511 2251 1762 2308 habetur
1783 2257 2012 2309 exactor

357 2355 415 2410 et
434 2349 862 2407 testis.Bonum
884 2360 1138 2416 namque
1166 2359 1295 2399 esse
1316 2341 1898 2415 conjugium,secund
1909 2360 2008 2399 um

357 2442 534 2500 istam
564 2436 785 2496 scilicet
804 2432 1203 2511 conditionem
1234 2428 1511 2487 nascendi
1535 2435 1593 2486 et
1614 2429 1921 2499 moriendi,
1946 2432 2005 2487 in

358 2547 474 2604 qua
503 2527 681 2587 creati
710 2542 939 2593 sumus,
989 2526 1047 2579 et
1092 2520 1289 2595 ipsum
1322 2521 1543 2576 bonum
1574 2519 1771 2576 violari
1807 2521 2006 2594 magni

357 2618 622 2678 criminis
649 2632 798 2682 esse,
850 2612 1160 2686 Scriptura:
1192 2612 1406 2681 sanctae
1452 2608 1806 2666 testimoniis
1836 2615 2003 2682 potes

356 2688 672 2773 advertere,
702 2702 1046 2776 praesertim,
1080 2715 1215 2754 cum
1240 2703 1361 2754 tam
1394 2697 1770 2753 insolubilem
1820 2715 2001 2771 capu-

355 2798 475 2855 lam
493 2794 647 2869 pacti
666 2792 846 2865 hujus
856 2788 1140 2846 Dominus
1152 2787 1213 2842 in
1227 2786 1510 2859 principio
1526 2786 1774 2843 voluerit
1794 2788 2002 2853 facere,

356 2890 425 2943 ut
455 2902 571 2942 non
592 2879 858 2956 singulos
879 2875 1273 2951 singulariter,
1290 2877 1390 2931 sed
1414 2891 1597 2930 unum
1620 2891 1688 2943 ex
1707 2875 1886 2931 altero
1905 2892 2005 2932 vo-

356 2975 531 3033 luerit
560 2970 863 3037 fabricare,
896 2968 1181 3040 praecepto
1211 2966 1654 3036 consequenter,
1676 2967 1734 3020 et
1762 2980 1866 3020 cur
1894 2964 2004 3021 hoc

354 3064 558 3124 fecerit
584 3059 948 3118 monstrante
993 3059 1168 3127 atque
1214 3052 1482 3109 dicente:
1510 3054 1736 3126 Propter
1772 3054 1870 3112 hoc
1914 3072 2003 3111 re-

356 3159 566 3228 linquet
616 3153 770 3207 homo
797 3152 1009 3221 patrem
1048 3149 1098 3200 et
1135 3151 1384 3210 matrem,
1418 3151 1468 3198 et
1508 3143 1812 3199 adhaerebii
1838 3147 2005 3200 uxori
2033 3128 2077 3196 C

353 3260 494 3309 suae,
523 3247 574 3298 et
622 3246 784 3297 erunt
831 3236 937 3291 duo
987 3237 1047 3289 in
1084 3250 1250 3289 carne
1295 3248 1408 3287 una
1461 3231 1612 3304 (Gen.
1663 3232 1748 3304 11,)
1796 3233 1999 3303 Erunt,

355 3331 569 3406 inquit,
602 3330 718 3385 duo
748 3327 807 3381 in
856 3339 1030 3381 carne
1079 3338 1216 3378 una.
1246 3320 1305 3377 Si
1354 3335 1488 3393 ergo
1536 3324 1700 3376 tanta
1743 3320 1851 3390 vis,
1885 3320 2003 3377 imo

355 3421 495 3497 puia
522 3421 690 3487 tanta
708 3414 794 3473 vis
824 3414 1005 3486 hujus
1036 3415 1124 3469 est
1145 3409 1603 3483 conjunctionis;
1627 3409 1884 3485 cogitent
1904 3411 2006 3483 qui

356 3512 547 3569 abusu
595 3502 1036 3582 perversissimo
1084 3501 1256 3569 hanc,
1308 3504 1409 3555 aut
1457 3498 1855 3572 adulterando,
1905 3505 2009 3556 aut

356 3600 591 3676 penitus
640 3593 1228 3652 deserendouxores
1275 3594 1378 3645 aut
1424 3588 1597 3659 viros,
1647 3593 1822 3644 tantm
1870 3589 2006 3645 ﬁdei

354 3695 596 3762 tamque
624 3681 959 3741 insolubilis
1002 3679 1273 3754 cepulam
1330 3678 1659 3735 dilectionis
1704 3678 2002 3746 scindunt,

358 3794 537 3853 quam
592 3790 764 3848 grave
821 3770 1178 3841 noxiumque
1224 3767 1445 3823 crimen
1496 3767 1607 3823 sibi
1656 3767 2005 3840 acquirunt;

359 3867 615 3937 maxime
636 3878 771 3919 cum
802 3859 1040 3916 evidens
1071 3861 1127 3913 et
1158 3857 1217 3911 in
1240 3855 1633 3929 Evangelio,et
1652 3855 1711 3911 in
1732 3855 2007 3927 Apostolo

359 3955 548 4029 ipsius
576 3949 810 4008 Domini
840 3949 1042 4004 contra
1062 3944 1172 4001 hoc
1196 3944 1452 4015 habeant
1477 3946 1852 4016 praeceptum;
1871 3948 1930 3998 et
1958 3943 2010 3999 si

357 4040 574 4109 violata
602 4037 878 4103 charitas,
913 4034 1047 4091 odio
1080 4032 1470 4098 subvertente,
1504 4032 1564 4086 in
1595 4031 1827 4087 duobus
1847 4030 2011 4103 spiri-

358 4130 505 4189 tuali
522 4123 956 4202 regeneratione
978 4121 1257 4178 fratribus
1268 4119 1569 4177 homicidii
1586 4118 1829 4177 crimine
1846 4124 2009 4176 nota-

360 4226 489 4289 tur;
522 4216 666 4292 quid
697 4230 834 4272 cum
865 4228 982 4268 non
1014 4208 1207 4267 solum
1247 4208 1512 4282 spiritus,
1556 4209 1656 4265 sed
1689 4207 1863 4265 etiam
1893 4226 2013 4265 una

361 4326 496 4367 caro
525 4300 907 4365 abominabili
929 4298 1175 4356 divortio
1205 4299 1266 4354 in
1298 4296 1527 4353 diversa
1555 4295 1941 4353 distrahitur?

428 4400 482 4455 5.
510 4393 827 4455 Sciendum
848 4407 983 4446 vero
999 4389 1115 4444 duo
1131 4403 1345 4459 genere
1363 4402 1489 4442 esse
1511 4386 1790 4459 conjugii,
1826 4403 2011 4442 unum

2123 1815 2211 1887 12)
2239 1833 2251 1871 :
2278 1838 2304 1865 ‹‹
2329 1815 2710 1882 Concubitus,
2727 1815 2827 1884 ait,
2853 1815 3221 1875 necessarius
3261 1831 3441 1877 causa
3457 1816 3773 1891 generandi

2120 1903 2492 1978 inculpabilis
2523 1908 2631 1974 est,
2655 1908 2711 1961 et
2736 1903 2897 1964 solus
2923 1904 3048 1978 ipse
3069 1903 3349 1978 nuptialis
3375 1921 3387 1960 ε
3421 1903 3518 1963 ille
3549 1908 3770 1977 autem,

2121 1994 2220 2068 qui
2251 1994 2405 2052 ultra
2434 1994 2608 2051 istam
2641 1992 3043 2052 necessitatem
3083 1992 3472 2068 progreditur,
3496 1994 3624 2066 jam
3653 2012 3771 2056 non

2119 2083 2351 2152 rationi,
2380 2084 2481 2141 sed
2510 2082 2741 2139 libidini
2765 2081 3139 2155 obsequitur;
3171 2086 3227 2139 et
3246 2082 3403 2140 hunc
3427 2086 3622 2139 tamen
3650 2101 3771 2147 non

2119 2173 2365 2246 exigere,
2401 2172 2502 2229 sed
2553 2172 2792 2228 reddere
2820 2171 3079 2245 conjugi,
3130 2188 3201 2227 ne
3233 2170 3571 2237 fornicando
3602 2160 3797 2232 dam--

2118 2260 2393 2317 nabiliter
2423 2264 2638 2333 peccet,
2663 2260 2733 2317 ad
2767 2276 3078 2333 personam
3099 2259 3353 2334 pertinet
3375 2261 3766 2337 conjugalem.

2116 2349 2172 2408 Si
2203 2356 2400 2406 autem
2420 2350 2592 2407 ambo
2614 2348 2716 2406 tali
2738 2349 3223 2423 concupiscentia
3246 2349 3621 2423 subiguntur,
3645 2368 3766 2421 rem

2114 2440 2337 2499 faciunt
2355 2456 2467 2495 non
2492 2438 2661 2512 plane
2678 2438 3015 2511 nuptiarum
3042 2456 3055 2508 ;
3078 2442 3479 2501 verumtamen
3501 2438 3551 2494 si
3575 2442 3767 2515 magis

2113 2530 2173 2586 in
2207 2546 2314 2586 sua
2344 2528 2753 2601 conjunctione
2804 2526 3057 2600 diligunt
3103 2528 3260 2600 quod
3308 2527 3621 2585 honestum
3676 2533 3768 2586 est

2114 2636 2292 2693 quam
2319 2619 2476 2693 quod
2525 2615 2923 2685 inhonestum,
2956 2617 3015 2672 id
3055 2620 3146 2673 est
3194 2617 3349 2689 quod
3396 2616 3761 2691 nuptiarum,

2113 2726 2292 2781 quam
2322 2708 2380 2763 id
2414 2707 2568 2780 quod
2602 2723 2716 2763 non
2747 2710 2836 2762 est
2865 2704 3239 2779 nuptiarum;
3262 2706 3372 2762 hoc
3395 2706 3500 2779 eis,
3526 2710 3762 2771 auctore

2110 2796 2406 2871 Apostolo,
2426 2796 2749 2852 secundum
2767 2794 2996 2852 veniam
3019 2794 3547 2868 conceditur,cujus
3561 2793 3760 2859 delicti

2113 2903 2229 2944 non
2259 2885 2477 2941 habent
2509 2883 2855 2941 hortatrices
2886 2883 3140 2957 nuptias,
3170 2884 3270 2941 sed
3312 2884 3756 2957 deprecatrices,

2112 2975 2160 3032 si
2193 2974 2294 3030 Dei
2341 2972 2806 3029 misericordiam
2855 2988 2970 3027 non
3002 2989 3036 3030 a
3084 2987 3145 3029 se
3176 2966 3460 3046 avertant,
3509 2971 3597 3029 vel
3644 2989 3762 3029 non

2113 3063 2460 3120 abstinendo
2488 3060 2844 3134 quibusdam
2875 3060 3102 3128 diebus,
3130 3064 3196 3116 ut
3225 3059 3504 3117 orationis
3532 3064 3761 3129 vacent,

2114 3157 2168 3211 et
2199 3170 2303 3226 per
2331 3151 2483 3206 hanc
2505 3148 2923 3207 abstinentiam
2946 3150 3357 3209 commendent
3378 3166 3578 3223 preces
3600 3166 3764 3219 suas,

2113 3241 2267 3299 sicut
2279 3240 2522 3313 etperjej
2532 3237 2853 3306 unium,vel
2868 3239 3236 3295 immutando
3251 3242 3388 3296 natu
3399 3238 3574 3295 ralem
3589 3256 3768 3308 usum

2113 3332 2175 3389 in
2206 3346 2362 3398 eum,
2397 3328 2497 3403 qui
2527 3331 2616 3384 est
2644 3331 2847 3385 contra
2867 3332 3167 3397 naturam,
3189 3328 3344 3401 quod
3368 3326 3768 3389 damnabilius

2116 3422 2182 3477 fit
2213 3420 2272 3476 in
2303 3419 2570 3492 conjuge.
2590 3417 2737 3474 Nam
2762 3434 2896 3474 cum
2914 3416 3012 3473 ille
3042 3415 3327 3475 naturalis
3345 3434 3509 3484 usus,
3533 3418 3772 3491 quando

2115 3506 2606 3584 prolabiturultra
2617 3511 2787 3579 pacta
2797 3504 3170 3579 nuptialia,id
3182 3510 3269 3562 est
3282 3504 3436 3563 ultra
3447 3522 3772 3580 propagan-

2116 3599 2175 3655 di
2199 3596 2628 3663 necessitatem,
2668 3593 2914 3653 venialis
2941 3594 3020 3649 sit
3048 3592 3111 3649 in
3146 3611 3343 3661 uxore,
3373 3594 3432 3651 in
3462 3593 3770 3657 meretrice

2117 3684 2472 3745 damnabilis
2493 3700 2505 3740 :
2533 3683 2644 3740 iste
2666 3683 2765 3757 qui
2787 3685 2876 3739 est
2896 3685 3096 3738 contra
3116 3685 3409 3749 naturam,
3433 3681 3767 3739 exsecrabi-

2115 3776 2251 3833 liter
2280 3776 2344 3830 ﬁt
2373 3773 2433 3830 in
2464 3772 2793 3842 meretrice,
2826 3772 2926 3828 sed
2972 3770 3385 3828 exsecrabilius
3412 3771 3472 3829 in
3502 3788 3699 3830 uxore.
3734 3794 3764 3822 ››

2186 3867 2239 3920 6.
2284 3864 2426 3920 Item
2457 3863 2516 3918 in
2546 3858 2743 3918 libello
2774 3860 2845 3916 ad
2891 3859 3191 3917 Valerium
3240 3861 3339 3933 (lib
3376 3878 3395 3916 ι
3425 3860 3491 3917 de
3517 3861 3685 3935 Nupt.
3717 3864 3771 3919 et

2121 3954 2355 4025 Concup.
2387 3969 2444 4008 η.
2481 3951 2571 4019 15)
2619 3953 2823 4007 contra
2866 3948 3123 4005 novellos
3172 3949 3472 4007 haereticos
3525 3949 3598 4008 de
3644 3967 3768 4007 ser-

2120 4057 2293 4101 mone
2319 4039 2578 4113 Apostoli
2608 4057 2620 4095 :
2652 4039 2773 4095 Volo
2795 4055 2885 4095 vos
2905 4039 3026 4094 sine
3047 4038 3421 4095 sollicitudine
3449 4055 3563 4095 esse
3578 4039 3628 4110 (Ι
3642 4039 3767 4096 Cor.

2118 4148 2219 4199 vn,
2280 4129 2412 4202 31):
2465 4152 2494 4179 ‹‹
2556 4127 2694 4195 Hoc,
2758 4127 2971 4201 inquit,
3030 4127 3181 4197 dico,
3243 4128 3472 4199 fratres,
3531 4131 3771 4205 tempus

2120 4220 2293 4277 breve
2323 4222 2434 4285 est,
2468 4217 2526 4273 id
2558 4221 2649 4273 est
2678 4232 2792 4272 non
2824 4216 3014 4272 adhuc
3037 4214 3289 4288 populus
3320 4215 3421 4272 Dei
3442 4231 3770 4289 propagan-

2121 4309 2233 4363 dus
2263 4311 2352 4364 est
2379 4304 2750 4379 generatione
2796 4303 3103 4376 temporali
3152 4303 3480 4370 carlianter,
3515 4304 3616 4377 sed
3639 4305 3769 4376 jam

2121 4395 2494 4469 generatione
2545 4395 2659 4465 (86)
2709 4391 3095 4466 spiritualiter
3163 4390 3546 4466 colligendus.
3624 4393 3771 4448 Reli-

360 4483 738 4564 inculpabile,
782 4480 941 4536 aliud
992 4496 1127 4534 cum
1175 4475 1349 4548 culpa
1384 4474 1627 4531 veniale.
1659 4474 2010 4564 Hisqaliquid
2037 4495 2088 4560 D
2120 4502 2289 4558 quam
2345 4499 2481 4557 ergo
2534 4487 2633 4550 est,
2691 4491 2752 4538 αι
2803 4484 2899 4555 qui
2954 4481 3154 4537 habent
3208 4498 3423 4551 υπονεδ,
3474 4497 3593 4547 non
3638 4497 3772 4537 σω...

360 4574 809 4651 superadditum
828 4572 955 4643 jam
987 4584 1115 4627 esse
1145 4565 1517 4636 adulterium,
1551 4563 1781 4621 etiamsi
1810 4581 2011 4637 perpe-

360 4668 545 4723 trator
568 4662 794 4720 nullius
835 4658 1013 4716 violet
1054 4657 1315 4727 thorum,
1365 4654 1507 4727 quia
1534 4653 1800 4711 videlicet
1827 4653 1887 4709 in
1920 4672 2010 4711 se-

363 4754 640 4829 metipso,
670 4750 731 4813 in
761 4764 877 4823 quo
906 4748 1119 4803 cubare
1150 4745 1452 4810 debuerat,
1502 4742 1605 4799 Dei
1651 4742 1831 4799 violat
1859 4746 2009 4799 tem-

362 4843 550 4918 plum.
582 4839 804 4899 Horum
825 4835 1084 4909 primum
1104 4838 1336 4891 tantum
1362 4833 1641 4890 Conditor
1660 4831 1786 4904 ipse
1815 4832 2014 4905 digna-

364 4938 461 4990 tus
490 4934 579 4989 est
607 4926 936 4995 nobilitare,
982 4928 1049 4981 ut
1078 4941 1194 4980 non
1225 4922 1418 4980 solum
1458 4920 1789 4995 praecipere,
1823 4922 1923 4978 sed
1957 4925 2014 4977 et

364 5020 417 5095 ei
447 5019 509 5076 in
539 5016 763 5093 nuptiis
800 5014 1079 5088 dignatus
1109 5012 1187 5070 sit
1214 5011 1493 5080 assidere,
1529 5011 1796 5083 factoque
1824 5009 2013 5083 primo

364 5106 669 5177 miraculo,
692 5122 799 5163 suo
819 5121 955 5161 eum
977 5116 1221 5159 munere
1241 5099 1523 5174 insignire
1551 5099 1725 5172 (Joan.
1748 5116 1810 5169 ιι,
1838 5100 2010 5173 1-11).

363 5197 605 5257 Constat
632 5213 766 5253 vero
793 5195 947 5251 idem
978 5208 1175 5249 amore
1207 5193 1440 5247 tantum
1468 5187 1747 5255 filiorum,
1773 5205 1887 5261 quo
1909 5189 2018 5245 sci-

364 5287 500 5351 licet
530 5289 880 5361 propagetur
899 5280 1213 5340 multitudo
1239 5278 1549 5334 hominum
1576 5278 1676 5334 52
1706 5294 1833 5349 quae
1865 5294 2018 5334 com-

364 5377 523 5451 plant
568 5375 770 5433 orbem
817 5377 1128 5440 terrarum,
1159 5374 1217 5427 et
1243 5367 1527 5425 creaturis
1577 5366 1691 5423 sibi
1723 5369 2016 5426 concessis

436 5484 552 5554 (86)
590 5478 799 5541 Melius
826 5477 982 5554 apud
1012 5475 1410 5554 Augustinum
1439 5474 1869 5547 regenemtione.

2118 4573 2236 4635 nuli
2267 4570 2749 4645 concupiscentia
2766 4571 3194 4643 subjugentur;
3238 4576 3294 4628 et
3321 4572 3419 4643 qui
3431 4572 3567 4641 flent
3586 4569 3771 4631 tristi-

2116 4663 2200 4720 tia
2229 4661 2533 4736 praesentis
2565 4659 2722 4730 mali,
2755 4660 3050 4734 gaudeant
3078 4676 3180 4733 spe
3209 4660 3390 4716 futuri
3414 4656 3571 4727 boni,
3598 4668 3651 4717 et
3674 4660 3775 4733 qui

2117 4750 2355 4823 gaudent
2400 4754 2636 4823 propter
2685 4747 3004 4822 temporale
3066 4749 3462 4821 commodum,
3527 4747 3776 4813 timeant

2121 4846 2402 4898 mternum
2417 4837 2746 4911 judicium;
2779 4841 2829 4893 et
2849 4839 2947 4910 qui
2961 4841 3170 4906 emunt,
3195 4838 3279 4895 sic
3296 4836 3566 4899 habendo
3587 4836 3779 4915 possi-

2121 4929 2317 4998 deant,
2351 4931 2419 4983 ut
2446 4926 2697 4983 amando
2747 4927 3037 4998 possessis
3088 4944 3205 4985 non
3249 4926 3547 4995 hiemant;
3577 4935 3631 4985 et
3676 4927 3777 4999 qui

2121 5022 2359 5074 utimmr
2387 5015 2486 5071 hoc
2508 5014 2731 5084 mundo,
2775 5015 3031 5073 transire
3081 5032 3143 5072 se
3191 5014 3468 5089 cogitent,
3499 5030 3617 5087 non
3648 5030 3775 5071 ma-

2124 5122 2279 5163 nere.
2329 5105 2581 5161 Prmterit
2606 5106 2755 5161 enim
2790 5106 2971 5177 ﬁgura
2999 5105 3161 5177 hujus
3179 5104 3393 5161 mundi.
3446 5103 3568 5177 Vqlo
3591 5109 3776 5175 autem

2123 5211 2214 5252 vos
2242 5196 2365 5251 sine
2391 5192 2768 5250 sollicitudine
2809 5209 2937 5264 esse,
2979 5194 3040 5250 id
3089 5198 3179 5251 est
3206 5192 3332 5253 volo
3380 5209 3485 5251 vos
3532 5208 3777 5255 sm‘snm

2125 5301 2225 5341 cor
2262 5284 2321 5340 in
2372 5300 2498 5356 qua:
2547 5299 2665 5339 non
2710 5285 3061 5354 prastereunt
3121 5284 3237 5357 (87,)
3284 5280 3579 5354 praterita
3624 5284 3775 5347 tem-

2127 5390 2270 5446 pora
2316 5372 2550 5429 habere.
2601 5369 2822 5428 Deinde
2872 5371 3229 5447 subjungitz.
3278 5372 3386 5440 Qui
3440 5371 3561 5433 sine
3602 5383 3777 5426 mre

438 5549 554 5629 (87)
592 5549 956 5627 Augustinus
983 5567 996 5608 :
1028 5553 1087 5606 in
1110 5549 1220 5618 liis,
1253 5565 1372 5622 qua;
1402 5563 1512 5605 non
1544 5553 1895 5621 pulueream,
1930 5563 2020 5607 vos
2058 5549 2275 5631 habere.
