4054 6190
430 293 578 355 495

1380 289 1755 353 RATHERII
1797 288 2042 353 EPISC.
2090 286 2379 354 VERON.
2427 290 2599 354 OPP.
2655 291 2859 356 PARS
2905 287 2955 355 Ῑ.

3746 290 3870 361 ,196

456 439 796 499 quanquam
823 423 895 479 ad
925 419 1158 479 tertiam
1181 423 1454 479 connubii
1477 439 1663 497 genus
1684 424 1793 481 hoc
1814 441 1847 480 a
1868 423 2108 496 quibus-
2134 423 2191 491 Α
2221 424 2278 479 id
2309 429 2398 481 est
2427 428 2591 497 pater
2617 428 2674 480 et
2703 429 2909 493 mater,
2941 425 3002 480 in
3045 441 3218 482 carne
3241 440 3379 495 una,
3412 424 3471 481 1d
3519 430 3611 483 est
3645 427 3706 481 in
3756 427 3868 485 filio

454 517 591 571 dam
621 512 822 570 referri
878 511 1158 579 noverim,
1192 512 1672 584 proponentibus,
1706 512 1766 567 in
1817 512 2106 586 principio

451 604 649 678 ipsum
679 605 1023 659 cunctorum
1048 601 1358 657 Auctorem
1379 600 1595 657 dixisse
1619 618 1631 656 :
1658 603 1775 657 Non
1795 610 1872 658 est
1907 602 2107 658 bonum

449 709 566 751 esse
585 692 864 749 hominem
891 692 1089 757 solum,
1118 689 1396 764 faciamus
1428 691 1482 746 ei
1535 690 1874 762 adjutorium
1920 692 2106 749 simile

449 784 557 840 sibi
590 782 740 856 (Gen.
774 798 836 847 11,
872 778 1199 848 12).Quovis
1231 783 1424 835 autem
1457 779 1660 836 ordine
1690 797 1869 837 causa
1900 780 2100 853 prolis,

453 889 527 928 an
558 869 966 943 aspernatione
998 867 1097 924 55
1129 867 1655 937 fornicationis,vel
1689 870 1927 941 repudio
1959 886 2102 941 pau-

451 959 693 1033 pertatis
715 958 1217 1030 agantur,tantum
1238 954 1393 1012 valet
1412 955 1642 1024 fides,et
1670 961 2101 1013 sacramentum

449 1046 738 1104 connubio
781 1044 1104 1117 proprium,
1139 1047 1204 1099 ut
1233 1060 1340 1099 nec
1388 1043 1619 1100 deserta
1648 1044 1887 1101 alterius
1916 1045 2105 1118 possit

446 1152 597 1207 esse,
648 1134 763 1190 nisi
822 1131 1137 1189 desertoris
1190 1147 1376 1199 uxor;
1435 1132 1855 1203 superinducta
1907 1138 2102 1189 autem

447 1224 773 1298 quamlibet
800 1225 1022 1287 sancta,
1056 1222 1237 1288 casta,
1267 1219 1481 1275 nobilis
1512 1220 1610 1290 sit,
1641 1225 1697 1277 et
1726 1222 1959 1293 pudica,
1980 1238 2100 1278 me-

447 1313 626 1369 retrix
650 1311 937 1368 habeatur
978 1308 1202 1363 ratione
1252 1306 1541 1363 veridica:
1571 1308 1784 1365 ductus
1843 1314 2037 1365 autem
2068 1327 2103 1366 a

444 1401 756 1468 contraria,
789 1397 1017 1455 adulter
1039 1399 1095 1452 et
1124 1396 1249 1468 ipse
1278 1394 1628 1464 sit,testante
1661 1402 1836 1470 atque
1867 1398 2101 1454 dicente

444 1508 583 1548 voce
607 1488 945 1547 Dominica:
980 1487 1297 1556 Quicunque
1334 1484 1606 1540 dimiserit
1654 1502 1880 1541 uxorem
1918 1504 2096 1557 suam,

444 1581 559 1637 nisi
583 1595 752 1636 causa
779 1575 1185 1649 fornicationis,
1224 1575 1542 1641 masc/tatur,
1570 1582 1621 1630 et
1676 1577 1773 1647 qui
1816 1575 2101 1632 dimissam

442 1670 661 1726 duxerit
691 1667 987 1722 moechatur
1017 1663 1225 1736 (Matth.
1258 1681 1374 1730 xxx,
1407 1663 1485 1734 9).
1536 1664 1686 1719 Nota
1715 1669 1934 1731 autem,
1962 1665 2102 1737 quia

444 1775 579 1815 cum
610 1756 779 1813 aliter
807 1753 1061 1827 poenitus
1085 1751 1671 1821 interdicatur,cansa
1698 1752 2099 1811 fornicationis

441 1847 658 1904 dimitti
685 1842 1057 1909 conceditur;
1087 1841 1227 1913 quia
1253 1838 1783 1912 videlicet,quando
1815 1840 2099 1899 fornicata

441 1942 550 2003 est,
566 1937 694 2007 jam
727 1932 884 2004 rupit
912 1928 1232 1996 vinculum,
1257 1929 1384 1998 jam
1417 1927 1590 1984 desiit
1621 1945 1749 1985 esse
1796 1947 1911 1986 una
1940 1947 2093 1987 caro.

445 2023 587 2079 Hinc
609 2018 855 2076 adulteri
876 2016 966 2073 vel
988 2015 1264 2072 adulterae
1286 2015 2095 2091 colligant,advertant,quam

443 2107 782 2168 detestabile
808 2106 1036 2162 facinus
1068 2105 1387 2173 incurrant,
1409 2104 1458 2161 si
1491 2110 1693 2161 contra
1720 2106 2095 2164 interdictum

442 2197 790 2264 Conditoris,
824 2195 976 2269 quod
1010 2194 1164 2250 Deus
1197 2194 1518 2265 conjunxit,
1552 2198 1656 2251 aut
1687 2195 2090 2267 adulterando,

440 2293 543 2347 aut
560 2288 793 2361 penitus
815 2283 1138 2342 abdicando
1158 2287 1433 2355 separant
1455 2300 1468 2351 ;
1494 2300 1627 2340 cum
1651 2302 1770 2340 una
1789 2301 1922 2342 caro
1943 2303 2090 2353 esse,

438 2378 553 2435 nisi
566 2379 740 2433 ﬁdem
754 2375 865 2432 sibi
879 2374 1248 2441 servando,et
1262 2377 1693 2430 sacramentum
1712 2374 2093 2433 custodiendo

437 2485 555 2525 non
584 2467 697 2537 (92)
729 2463 976 2539 possint.
1010 2463 1382 2534 Quaecunque
1413 2466 1611 2519 autem
1643 2462 2003 2520 feminisnon
2030 2464 2095 2520 li-

436 2562 588 2626 cent,
619 2557 741 2614 haac
771 2558 827 2613 et
854 2553 998 2611 viris
1044 2569 1160 2608 non
1207 2551 1381 2608 licere
1437 2553 1917 2611 manifestissima
1945 2555 2093 2612 ratio

434 2649 619 2714 docet,
654 2648 943 2718 quantum
971 2641 1195 2698 scilicet
1224 2641 1296 2697 ad
1327 2641 1478 2713 pacti
1512 2643 1972 2699 convenientiam
2007 2649 2091 2700 at-

431 2736 583 2792 tinet
608 2752 622 2803 ;
644 2739 696 2789 et
721 2731 1135 2805 turpissimum
1162 2730 1327 2785 valde
1359 2735 1467 2798 est,
1492 2731 1541 2785 si
1575 2733 1729 2802 quod
1753 2733 1888 2802 jure
1918 2749 2091 2788 sexus

434 2822 733 2879 robustior
764 2821 837 2876 ab
870 2817 1239 2874 imbecilliori
1272 2817 1468 2890 exigit,
1493 2818 1684 2874 vietus
1727 2822 1783 2875 et
1812 2821 2093 2878 subactus

431 2911 699 2980 libidine,
740 2906 1107 2965 imbecilliori
1166 2922 1283 2962 non
1328 2906 1634 2978 impendit.
1693 2908 1934 2964 Pactum
1981 2927 2089 2965 au-

430 3004 549 3058 tem
591 3003 650 3056 et
682 3001 1140 3063 sacramentum,
1171 2993 1490 3067 sponsalia,
1524 2994 1612 3051 vel
1670 2996 1784 3069 (93)
1840 2996 2086 3064 tabalas,

430 3089 551 3145 sive
575 3089 811 3145 chartas
844 3084 1217 3158 dico,quibus
1250 3083 1495 3140 invicem
1529 3083 1921 3142 insolabiliter
1950 3103 2086 3142 eon-

429 3178 787 3234 fcederantur
815 3178 1120 3249 prasente,
1153 3176 1452 3246 spectante
1510 3177 1686 3245 atque
1732 3177 1876 3231 teste
1922 3175 2084 3246 justo

420 3267 621 3340 judice
653 3267 791 3322 Deo.
825 3265 943 3321 Hoc
971 3266 1159 3319 totum
1191 3261 1373 3335 igitur
1402 3278 1436 3316 a
1483 3261 1652 3319 nobis
1683 3261 1976 3334 prolatum
2009 3265 2081 3321 ad

426 3357 537 3414 hoc
566 3371 763 3429 quaeso
792 3352 1000 3419 valeat,
1024 3355 1090 3407 ut
1120 3351 1255 3422 quia
1281 3350 1399 3422 iam
1421 3351 1720 3407 ardentem
1742 3352 2080 3422 Sodomam,

426 3446 484 3502 id
519 3450 610 3502 est
641 3443 844 3500 illicita
873 3441 1068 3498 carnis
1100 3439 1616 3506 incendia,saniori
1648 3441 1928 3513 autugisti
1949 3458 2083 3498 con-

422 3534 576 3602 silio,
608 3550 715 3589 nec
739 3536 1038 3595 montana,
1070 3530 1127 3585 id
1174 3532 1263 3585 est
1317 3528 1727 3585 celsitudinem
1784 3529 2083 3589 cmlibatus

422 3623 832 3691 conscendere,
863 3619 1219 3688 deliberasti,
1254 3617 1462 3674 saltem
1494 3616 1554 3672 in
1595 3622 1772 3692 Segor
1802 3620 2078 3689 (Gen.x1x,

420 3712 665 3784 23),hoc
696 3715 784 3768 est
815 3710 875 3765 in
905 3709 1098 3765 medio
1130 3708 1360 3774 horum,
1395 3707 1549 3778 quod
1578 3706 1920 3782 intelligitur
1953 3727 2079 3766 car-

420 3800 555 3857 nale
583 3816 713 3855 esse
737 3797 1119 3863 connubium,
1151 3799 1208 3851 te
1238 3794 1604 3851 continenter
1632 3801 1689 3852 et
1737 3798 1947 3868 pudice
1975 3816 2079 3871 pro

421 3904 596 3961 posse
625 3887 947 3951 contineas,
978 3900 1217 3940 uxorem
1266 3884 1589 3939 secundum
1636 3885 1897 3957 Apostoli
1930 3904 2079 3959 prae-

422 3980 677 4049 ceptum,
713 3977 777 4030 ut
806 3973 1072 4030 Christus
1100 3970 1419 4028 Ecclesiam
1468 3969 1720 4045 diligens
1776 3974 1987 4046 (Ephes.
2019 3994 2075 4047 v,

418 4064 534 4135 25),
569 4067 627 4119 et
655 4065 866 4136 praeter
894 4059 1086 4133 ipsam
1134 4058 1361 4115 nullam
1418 4075 1810 4132 cognoscens;
1845 4064 1917 4120 ab
1950 4064 2080 4137 ipsa

418 4151 598 4210 etiam
628 4150 893 4225 legaliter
913 4148 1236 4206 interdictis
1260 4147 1652 4206 ecclesiastice
1681 4149 1909 4220 diebus,
1942 4169 2076 4210 cum

418 4241 607 4315 ipsius
637 4256 931 4297 consensu
962 4243 1020 4295 te
1052 4236 1378 4305 continens,
1414 4237 1707 4311 ﬁdemque
1734 4246 2075 4313 perpetuam

416 4333 470 4389 ei
502 4347 856 4388 conservans
882 4347 895 4386 :
930 4327 1256 4386 certissime
1278 4328 1802 4400 cognoscens,quia
1821 4329 1871 4385 si
1892 4330 1950 4384 in
1974 4330 2077 4387 ali-

368 4466 383 4476 .
413 4437 531 4495 quo
563 4420 794 4495 negotio
823 4435 953 4477 eam
985 4415 1303 4490 deceperis,
1337 4414 1426 4471 vel
1456 4415 1944 4493 circumveneris,
1971 4421 2072 4476 ad-

2214 530 2400 569 unum
2432 513 2568 570 sint.
2595 514 2655 569 Si
2701 514 2858 569 enim
2904 512 2988 569 ita
3033 518 3206 582 esset,
3240 516 3608 572 tantumdem
3658 515 3866 573 valeret

2215 607 2495 670 scortum,
2529 607 2815 675 quantum
2865 603 3250 669 connubium,
3278 607 3507 660 tantum
3566 609 3634 661 ut
3680 605 3867 678 proles

2214 709 2281 748 ex
2312 709 2377 748 eo
2408 695 2780 760 nasceretur;
2834 709 2969 747 cum
3017 690 3317 749 evidenter
3369 692 3706 766 Apostolus,
3756 710 3864 751 non

2214 785 2452 854 propter
2482 780 2738 837 ﬁliorum
2774 782 3228 855 generationem,
3261 783 3363 839 sed
3406 787 3642 855 propter
3674 784 3862 857 ipsum

2212 880 2615 946 concubitum,
2631 895 2817 935 unum
2841 896 3050 952 corpus
3071 879 3218 937 tales
3239 897 3470 953 quoque
3490 897 3618 938 esse
3638 881 3862 951 dixerit,

2212 970 2297 1026 sic
2328 969 2483 1026 enim
2514 967 2632 1024 ait:
2665 969 2903 1024 Nescitis
2936 971 3197 1041 quoniam
3216 970 3317 1042 qui
3348 971 3592 1027 adiuvet
3620 974 3864 1027 meretri-

2209 1061 2280 1128 ci,
2314 1075 2488 1115 unum
2516 1075 2710 1130 corpus
2730 1059 2971 1130 efﬁcitur
2987 1076 3012 1123 ;
3031 1060 3129 1130 qui
3156 1062 3341 1115 autem
3360 1058 3598 1116 adhere!
3614 1060 3859 1129 Domino,

2213 1163 2353 1202 unus
2379 1147 2607 1216 spiritus
2634 1154 2714 1201 est
2743 1146 2791 1217 (I
2818 1146 2937 1201 Cor.
2989 1161 3068 1213 v1,
3124 1147 3232 1215 16).
3284 1145 3345 1203 Si
3391 1146 3473 1202 ita
3514 1163 3766 1220 quoque,
3800 1152 3862 1205 ut

2211 1235 2394 1302 aiunt,
2426 1238 2599 1300 esset,
2632 1234 2821 1289 dicere
2842 1234 2988 1290 satis
3018 1234 3177 1290 ﬁlius
3199 1239 3416 1307 posset,
3448 1236 3604 1308 quod
3637 1236 3740 1293 56
3768 1254 3861 1294 so-

2208 1322 2301 1380 lus
2332 1323 2678 1395 Unigenitus
2713 1323 2809 1379 Dei
2841 1322 3020 1379 Filius
3052 1322 3514 1381 eoessentialiter
3542 1327 3599 1380 et
3629 1329 3858 1382 coaater-

2209 1412 2420 1468 naliter
2447 1412 2621 1480 Deus,
2654 1413 2808 1485 apud
2846 1417 3028 1468 Deum
3060 1429 3324 1481 manens,
3358 1412 3548 1470 dicere
3586 1414 3861 1472 veraciter

2209 1509 2434 1582 potuit:
2469 1513 2636 1565 Pater
2666 1510 2728 1564 in
2754 1525 2842 1564 me
2871 1519 2972 1576 est,
3001 1517 3054 1565 et
3081 1527 3179 1582 ego
3208 1511 3269 1566 in
3316 1526 3378 1567 eo
3426 1515 3608 1579 (Joan.
3641 1530 3700 1577 x,
3730 1513 3859 1585 38);

2208 1604 2265 1654 et
2289 1605 2478 1654 :Pater
2504 1599 2563 1652 in
2588 1615 2673 1654 me
2699 1614 2924 1653 manens
2969 1599 3106 1669 facit
3151 1615 3315 1671 opera
3360 1600 3539 1667 (Joan.
3581 1617 3697 1663 xxv.
3732 1602 3856 1673 10);

2208 1693 2300 1745 et:
2337 1689 2447 1756 Ego
2477 1695 2528 1743 et
2570 1693 2729 1759 pater
2773 1702 2948 1741 unum
2987 1703 3178 1741 sumit:
3224 1688 3402 1758 (Joan.
3434 1705 3490 1756 x,
3522 1688 3656 1759 30);
3688 1706 3861 1746 unum

2125 1791 2174 1856 B
2204 1777 2470 1834 videlicet
2498 1774 2894 1848 singulariter,
2943 1791 3132 1832 sumus
3189 1775 3392 1833 dicens
3438 1775 3763 1849 pluraliter,
3796 1784 3860 1836 ut

2202 1873 2495 1946 intelligas
2524 1873 2673 1928 duos
2695 1872 2752 1927 in
2783 1888 2903 1927 una
2922 1871 3860 1943 substantia,deitate,aaternitates

2204 1965 2532 2036 majestate,
2564 1959 2917 2041 operatione,
2948 1959 3249 2016 voluntate
3296 1966 3353 2017 et
3384 1965 3670 2035 potestate
3699 1963 3860 2022 inso-

2205 2051 2462 2109 labiliter
2491 2066 2657 2117 esse;
2688 2051 2745 2105 et
2775 2052 2840 2104 ut
2862 2047 3156 2120 replicem,
3173 2048 3256 2104 ita
3284 2049 3395 2106 iste
3414 2050 3605 2107 dicere
3624 2060 3859 2124 posset:

2202 2142 2321 2215 Ego
2353 2145 2411 2196 et
2430 2142 2593 2213 pater
2611 2142 2669 2194 et
2689 2141 2874 2193 mater
2902 2154 3088 2203 unum
3111 2154 3320 2194 sumus
3343 2157 3356 2207 ;
3390 2142 3446 2195 et
3476 2144 3643 2212 pater
3665 2144 3724 2197 et
3743 2160 3866 2201 ma-

2200 2235 2292 2287 ter
2318 2231 2377 2285 in
2402 2244 2495 2284 me
2525 2230 2755 2298 sunt,et
2784 2242 2891 2299 ego
2917 2226 2976 2281 in
3006 2227 3091 2282 eis
3117 2244 3131 2295 ;
3163 2231 3220 2282 et
3248 2228 3521 2285 vesanius
3544 2245 3559 2284 :
3586 2229 3701 2303 Ego
3720 2248 3859 2289 sum

2203 2328 2318 2384 mei
2347 2324 2535 2398 ipsius
2566 2327 2737 2396 pater
2756 2327 2813 2379 et
2843 2326 3049 2390 mater,
3082 2322 3222 2395 quia
3267 2322 3327 2379 in
3372 2341 3466 2381 me
3515 2330 3659 2382 sunt
3683 2327 3858 2384 ambo

2202 2433 2387 2472 unum
2409 2412 2509 2487 qui
2543 2412 2773 2468 fuerant
2802 2416 2936 2467 ante
2966 2412 3101 2480 duo,
3136 2412 3290 2485 quod
3341 2412 3467 2469 ﬁeri
3501 2432 3616 2471 non
3648 2418 3861 2489 potuit,

2202 2504 2317 2562 nisi
2347 2502 2431 2559 illi
2463 2517 2591 2558 esse
2611 2499 2842 2556 desiiss.
2861 2504 2926 2554 nt
2956 2501 3016 2555 in
3045 2516 3127 2567 se,
3160 2502 3311 2558 versi
3343 2501 3402 2558 in
3437 2520 3549 2560 me.
3573 2505 3721 2570 Quid
3756 2523 3859 2563 au-

2199 2608 2317 2659 tem
2345 2617 2477 2657 eum
2500 2615 2616 2655 non
2640 2596 2832 2654 solum
2854 2598 3138 2664 unus,sed
3160 2602 3217 2653 et
3236 2598 3374 2669 dno,
3397 2598 3515 2655 imo
3536 2600 3743 2674 viginti
3766 2607 3866 2658 aut

2202 2692 2397 2765 plures
2419 2691 2746 2745 nascuntur
2774 2685 2877 2740 ﬁlii
2898 2685 2925 2741 ?
2952 2686 3099 2758 Ergo
3129 2687 3201 2742 de
3246 2686 3466 2744 talibus
3496 2689 3698 2746 debuit
3720 2690 3856 2759 dici,

2200 2798 2317 2836 non
2348 2780 2667 2836 debuerant
2691 2773 3425 2848 praetermitti,debuerant,
3448 2776 3853 2850 inquam,dici,

2198 2874 2371 2925 erunt
2396 2868 2511 2922 duo
2535 2866 2594 2920 in
2627 2863 2904 2920 carnibus
2924 2862 3610 2938 viginti.Intelligendum
3634 2868 3850 2941 potius,

2200 2967 2339 3037 quia
2367 2968 2539 3022 erunt
2559 2964 2674 3018 duo
2706 2962 2766 3017 in
2799 2978 2970 3017 carne
2992 2977 3133 3030 una,
3164 2961 3222 3017 in
3254 2961 3400 3036 lege,
3425 2963 3754 3035 dilectione,
3775 2972 3859 3024 at-

2200 3071 2313 3127 que
2341 3054 2454 3110 ﬁde
2483 3050 2675 3108 carnis
2704 3067 2842 3117 una,
2875 3050 2935 3105 in
2965 3048 3199 3107 vinculo
3229 3051 3424 3108 carnis
3452 3053 3657 3119 uno,in
3683 3060 3854 3127 pacto

2115 3154 2157 3223 α
2196 3143 2389 3200 carnis
2422 3157 2558 3209 uno,
2593 3144 2657 3195 ut
2685 3138 2910 3196 scilicet
2940 3141 3105 3194 tanta
3130 3139 3348 3195 unione
3378 3141 3503 3197 dua:
3532 3143 3855 3210 carnes,in-

2192 3232 2377 3289 vicem
2398 3229 2884 3295 confoederantur,
2907 3231 2971 3281 ut
3002 3244 3115 3283 non
3147 3226 3319 3283 liceat
3346 3230 3447 3284 uni
3471 3231 3623 3302 quod
3643 3248 3763 3288 non
3785 3231 3854 3287 li-

2191 3326 2281 3379 cet
2309 3319 2476 3376 alteri
2504 3338 2517 3388 ;
2551 3334 2658 3375 nec
2687 3316 2805 3384 isti,
2838 3316 2996 3372 verbi
3029 3316 3236 3389 gratia,
3271 3318 3340 3373 ad
3376 3317 3617 3375 alterius
3645 3320 3859 3377 mulie-

2191 3420 2294 3484 ris,
2326 3435 2433 3474 nec
2464 3416 2547 3472 illi
2579 3416 2651 3471 ad
2685 3414 2927 3472 alterius
2958 3413 3064 3469 viri
3096 3431 3352 3482 carnem,
3376 3417 3611 3489 propria
3638 3417 3700 3473 in
3729 3419 3855 3477 viro

2190 3507 2412 3574 relicta,
2448 3505 2803 3572 accedere,et
2830 3503 2999 3559 sicuti
3034 3520 3215 3559 caroa
3237 3521 3409 3561 carne
3431 3504 3609 3561 dividi
3642 3508 3853 3580 nequit

2191 3597 2316 3652 sine
2339 3612 2550 3668 magno
2571 3592 2878 3659 dolore,ita
2907 3609 3050 3648 uxor
3070 3608 3105 3647 a
3125 3591 3248 3647 viro
3272 3592 3449 3648 dividi
3486 3594 3694 3666 nequit
3723 3596 3855 3653 sine

2190 3702 2403 3758 magno
2425 3683 2671 3740 crimine
2694 3698 2706 3736 :
2734 3680 2994 3753 alioquin
3009 3680 3108 3753 qui
3131 3680 3189 3736 in
3212 3680 3547 3755 virginitate
3568 3691 3855 3759 perpetua

2188 3774 2658 3847 permanserunt,
2728 3769 2881 3826 sicut
2947 3769 3166 3826 multos
3206 3774 3540 3827 sanctorum
3593 3771 3853 3846 legimus

2188 3862 2364 3918 etiam
2396 3859 2668 3934 conjugio
2692 3861 2931 3931 junctos
2965 3859 3300 3927 fecisse,aut
3330 3860 3430 3932 qui
3462 3859 3695 3920 steriles
3720 3863 3851 3919 fue-

2187 3964 2351 4027 runt,
2376 3975 2546 4015 senes
2577 3974 2808 4030 quoque
2865 3956 2926 4012 in
2956 3956 3318 4014 cadaverinis
3341 3959 3468 4029 jam
3501 3960 3850 4031 corporibus

2185 4047 2602 4116 constituti,ab
2632 4046 2743 4102 hac
2762 4045 3099 4103 viderentur
3128 4045 3430 4104 charitatis
3451 4046 3598 4121 lege,
3621 4048 3745 4106 imo
3777 4052 3851 4107 ab

2185 4136 2294 4192 hoc
2320 4135 2656 4208 nuptiarum
2678 4134 2830 4191 bono
2847 4132 3016 4191 alieni
3040 4153 3054 4201 ;
3078 4135 3234 4206 quod
3253 4133 3489 4193 aliunde
3505 4153 3622 4193 non
3636 4142 3731 4194 est
3749 4139 3854 4196 ho-

2183 4241 2348 4293 num,
2372 4224 2487 4280 nisi
2514 4227 2748 4297 propter
2778 4227 2901 4278 tam
2935 4222 3247 4279 insolubile
3288 4223 3595 4281 vinculum
3623 4243 3637 4282 :
3687 4228 3849 4300 quod

2183 4313 2339 4369 Deus
2368 4329 2438 4370 ex
2458 4329 2574 4369 uno
2597 4313 2745 4367 duos
2765 4310 2949 4368 voluit
2979 4311 3257 4383 facere,ut
3277 4329 3462 4368 unum
3485 4318 3743 4372 essenta
3764 4333 3850 4385 se,

2182 4414 2246 4466 ut
2276 4426 2345 4467 ex
2374 4410 2504 4467 istis
2534 4409 2766 4466 duobus
2797 4408 3003 4465 tertius
3036 4409 3331 4482 ﬁeret,qui
3354 4410 3482 4482 jam
3514 4427 3630 4466 non
3654 4429 3849 4470 unum

413 4509 525 4566 erit
542 4509 757 4565 vindex
776 4504 1269 4572 velocissimus,et
1290 4502 1880 4575 judexjustisslmus,
1899 4510 2074 4580 atque
2104 4522 2152 4588 D
2182 4516 2320 4556 cum
2349 4499 2434 4557 eis
2459 4503 2649 4588 esset,
2662 4500 2772 4588 sed
2805 4497 3030 4588 relictis
3055 4497 3172 4554 illis
3204 4497 3301 4555 alii
3330 4498 3677 4569 adhaereret,
3710 4517 3852 4559 cum

411 4598 580 4655 testis
610 4596 1026 4653 veraeissimus
1055 4594 1127 4663 de
1157 4592 1299 4649 cmlo
1330 4596 1541 4648 cuncta
1571 4593 1933 4666 prospiciens
1963 4596 2073 4653 Do-

414 4687 634 4753 minus,
668 4687 837 4757 cujus
867 4683 1137 4756 przecepti
1169 4699 1231 4738 es
1262 4685 1661 4754 transgressor
1689 4683 1950 4741 effectus.

482 4776 537 4829 8.
569 4771 877 4829 Pueriliter
897 4789 1030 4828 vero
1082 4770 1362 4837 sentiunt,
1405 4770 1559 4842 quod
1618 4771 1862 4829 minime
1888 4775 2072 4831 audeo

413 4862 729 4936 prmterire,
762 4859 863 4933 qui
913 4859 1058 4915 illud
1114 4861 1269 4932 quod
1318 4859 1572 4915 dicitur:
1628 4862 1804 4917 Eruut
1858 4862 1964 4919 duo
2011 4865 2069 4920 in

413 4967 579 5009 carne
601 4967 715 5007 una
745 4948 897 5023 (Gen.
921 4966 982 5018 II,
1015 4949 1128 5020 24),
1161 4964 1339 5021 super
1366 4947 1484 5003 filio
1513 4947 1870 5022 intelligunt,
1903 4956 1967 5007 ut
1996 4952 2073 5007 vi-

410 5040 620 5098 delicet
648 5043 887 5115 propter
917 5054 1119 5094 semen
1150 5037 1331 5093 maris
1354 5041 1412 5093 et
1459 5037 1663 5094 ﬂorem
1718 5037 1969 5108 feminae,
2001 5056 2071 5096 ex

338 5168 345 5171 -
410 5130 629 5203 quibus
658 5127 862 5187 conﬁci
888 5124 1111 5201 prolem
1130 5125 1191 5183 in
1212 5130 1376 5183 utero
1400 5125 1625 5200 physici
1649 5129 2068 5198 tractant,duo,

481 5292 594 5366 (92)
627 5290 978 5366 Particulam
1014 5286 2067 5366 n_on_sensu_exigentesupplevimus.

481 5358 595 5433 (93)
628 5363 968 5420 Indicantur
986 5359 1445 5433 tabulae,quibus
1459 5358 1911 5433 'matrimonium
1933 5376 2070 5433 con-

411 5431 778 5493 trahebatur.
830 5432 1059 5489 Tabulas
1103 5431 1539 5505 matrimonium
1584 5435 1756 5505 vocat
1795 5431 2070 5505 Augusti-

408 5524 523 5567 nus
553 5523 731 5565 serm.
763 5507 856 5573 52,
889 5520 1054 5562 num.
1113 5503 1208 5571 22,
1236 5504 1554 5561 Recitantur
1601 5502 1823 5575 tabulae,
1851 5502 1913 5562 et
1939 5505 2074 5564 reci-

405 5582 599 5652 tantur
628 5579 687 5641 in
716 5584 1004 5659 partaparta
1031 5576 1281 5639 omnium
1319 5575 1696 5640 attestantium
1772 5615 1786 5637 .
1865 5617 1881 5639 .
1960 5615 1977 5642 .
2052 5616 2071 5646 .

2184 4606 2298 4662 quo
2329 4587 2594 4661 exempto
2615 4586 2851 4643 illorum
2883 4587 2998 4642 duo
3020 4586 3077 4642 in
3108 4603 3283 4643 carne
3307 4604 3425 4643 una
3448 4593 3737 4654 essent,et
3767 4591 3851 4647 ita

2180 4681 2602 4752 propagaretur
2629 4675 2936 4731 hominum
2963 4674 3277 4748 generatio,
3306 4675 3415 4732 hoc
3441 4692 3476 4732 a
3503 4677 3712 4734 bestiis
3735 4695 3847 4735 caa—

2180 4767 2439 4839 terisque
2464 4765 2865 4822 animantibus
2896 4764 3083 4821 divisa
3112 4765 3447 4837 bono,quod
3470 4764 3582 4821 ille
3612 4765 3849 4822 irratio-

2181 4863 2429 4931 nabiles,
2461 4865 2671 4920 affectu
2702 4861 3031 4919 dilectionis
3052 4878 3237 4918 unum
3260 4877 3389 4919 esse
3421 4862 3844 4931 nescientes,in

2178 4952 2545 5024 promiscuos
2575 4952 2885 5008 ditluerent
2932 4949 3318 5019 concubitus;
3350 4950 3449 5006 isti
3495 4967 3632 5008 vero
3661 4952 3851 5008 ratio-

2178 5040 2342 5097 nales
2370 5046 2537 5114 pacto
2584 5040 2961 5097 tenacissimo
3018 5040 3413 5112 firmarentur,
3453 5056 3571 5096 uno
3629 5040 3848 5098 affectu

2178 5128 2478 5186 charitatis
2509 5128 2683 5186 etiam
2717 5145 2890 5186 carne
2920 5129 3183 5185 connexi.

2177 5294 2232 5346 et
2260 5298 2524 5346 vocantur
2551 5290 2749 5347 tabula:
2778 5290 3308 5347 matrimoniates.ln
3339 5288 3433 5346 his
3462 5289 3682 5345 tabulis
3702 5306 3847 5346 eon-

2179 5361 2433 5434 ditiones
2451 5367 2509 5418 et
2537 5367 2707 5434 pacta
2727 5360 3083 5434 matrimonii
3125 5361 3646 5434 describebantur;
3674 5378 3846 5434 nam,

2179 5438 2245 5489 ut
2274 5433 2355 5488 ait
2382 5432 2774 5489 idem’doctor
2820 5449 2995 5489 serm.
3018 5432 3073 5497 9,
3108 5450 3165 5489 n.
3200 5434 3301 5489 18:
3330 5432 3391 5490 Id
3434 5434 3599 5490 etiam
3630 5432 3852 5492 tabula:

2180 5504 2449 5595 indicant,
2516 5503 2613 5562 ubi
2675 5504 2940 5563 scribitur
3012 5504 3312 5577 liberorum
3370 5503 3852 5595 procreandorum
