  <div class='ocr_page' id='page_1' title='image "/cluster/home/n/w/nwhite01/storage/ocr_20150623/136/hvd.32044054759964/106.png"; bbox 0 0 4054 6190; ppageno 0'>
   <div class='ocr_carea' id='block_1_1' title="bbox 292 344 414 411">
    <p class='ocr_par' dir='ltr' id='par_1_1' title="bbox 292 344 414 411">
     <span class='ocr_line' id='line_1_1' title="bbox 292 344 414 411; baseline 0 -1"><span class='ocrx_word' id='word_1_1' title='bbox 292 344 414 411; x_wconf 71' lang='grc'>197</span> 
     </span>
    </p>
   </div>
   <div class='ocr_carea' id='block_1_2' title="bbox 1240 339 2760 418">
    <p class='ocr_par' dir='ltr' id='par_1_2' title="bbox 1240 339 2760 418">
     <span class='ocr_line' id='line_1_2' title="bbox 1240 339 2760 418; baseline -0.001 -8"><span class='ocrx_word' id='word_1_2' title='bbox 1240 340 1880 418; x_wconf 66' lang='lat' dir='ltr'>PRIELOQUIORUM</span> <span class='ocrx_word' id='word_1_3' title='bbox 1924 339 2132 407; x_wconf 82' lang='lat' dir='ltr'><strong>LIBRI</strong></span> <span class='ocrx_word' id='word_1_4' title='bbox 2176 343 2350 409; x_wconf 86' lang='lat' dir='ltr'>SEX.</span> <span class='ocrx_word' id='word_1_5' title='bbox 2381 377 2461 393; x_wconf 86' lang='lat'>--</span> <span class='ocrx_word' id='word_1_6' title='bbox 2488 346 2635 410; x_wconf 89' lang='lat' dir='ltr'>LIB.</span> <span class='ocrx_word' id='word_1_7' title='bbox 2684 344 2760 410; x_wconf 93' lang='grc' dir='ltr'>ΙῙ.</span> 
     </span>
    </p>
   </div>
   <div class='ocr_carea' id='block_1_3' title="bbox 3581 345 3698 413">
    <p class='ocr_par' dir='ltr' id='par_1_3' title="bbox 3581 345 3698 413">
     <span class='ocr_line' id='line_1_3' title="bbox 3581 345 3698 413; baseline 0.017 -2"><span class='ocrx_word' id='word_1_8' title='bbox 3581 345 3698 413; x_wconf 79' lang='grc'>198</span> 
     </span>
    </p>
   </div>
   <div class='ocr_carea' id='block_1_4' title="bbox 365 476 3696 554">
    <p class='ocr_par' dir='ltr' id='par_1_4' title="bbox 365 476 3696 554">
     <span class='ocr_line' id='line_1_4' title="bbox 365 476 3696 554; baseline 0.002 -19"><span class='ocrx_word' id='word_1_9' title='bbox 365 482 422 538; x_wconf 81' lang='grc'><strong>9.</strong></span> <span class='ocrx_word' id='word_1_10' title='bbox 453 478 617 547; x_wconf 90' lang='lat' dir='ltr'>Quod</span> <span class='ocrx_word' id='word_1_11' title='bbox 646 476 698 536; x_wconf 88' lang='lat' dir='ltr'>si</span> <span class='ocrx_word' id='word_1_12' title='bbox 727 483 985 554; x_wconf 87' lang='lat' dir='ltr'>opponat</span> <span class='ocrx_word' id='word_1_13' title='bbox 1014 480 1159 538; x_wconf 91' lang='lat' dir='ltr'>mihi</span> <span class='ocrx_word' id='word_1_14' title='bbox 1188 481 1364 538; x_wconf 88' lang='lat' dir='ltr'>Jacob</span> <span class='ocrx_word' id='word_1_15' title='bbox 1396 480 1542 536; x_wconf 87' lang='lat' dir='ltr'>duas</span> <span class='ocrx_word' id='word_1_16' title='bbox 1570 495 1799 547; x_wconf 86' lang='lat' dir='ltr'>uxores,</span> <span class='ocrx_word' id='word_1_17' title='bbox 1831 479 1948 536; x_wconf 85' lang='lat' dir='ltr'>Da-</span> <span class='ocrx_word' id='word_1_18' title='bbox 1976 479 2033 547; x_wconf 80' lang='grc' dir='ltr'><strong>Α</strong></span> <span class='ocrx_word' id='word_1_19' title='bbox 2062 480 2224 535; x_wconf 89' lang='lat' dir='ltr'>illum</span> <span class='ocrx_word' id='word_1_20' title='bbox 2251 496 2466 549; x_wconf 85' lang='lat' dir='ltr'>uocans,</span> <span class='ocrx_word' id='word_1_21' title='bbox 2499 483 2654 553; x_wconf 89' lang='lat' dir='ltr'>cujus</span> <span class='ocrx_word' id='word_1_22' title='bbox 2685 484 2810 538; x_wconf 87' lang='lat' dir='ltr'>estis</span> <span class='ocrx_word' id='word_1_23' title='bbox 2836 482 2973 554; x_wconf 73' lang='lat' dir='ltr'>ﬁliae</span> <span class='ocrx_word' id='word_1_24' title='bbox 3002 483 3134 539; x_wconf 87' lang='lat' dir='ltr'>bene</span> <span class='ocrx_word' id='word_1_25' title='bbox 3179 482 3439 554; x_wconf 75' lang='lat' dir='ltr'>facientes</span> <span class='ocrx_word' id='word_1_26' title='bbox 3466 484 3515 551; x_wconf 89' lang='lat' dir='ltr'>(I</span> <span class='ocrx_word' id='word_1_27' title='bbox 3552 485 3696 542; x_wconf 85' lang='lat' dir='ltr'>Petr.</span> 
     </span>
    </p>
   </div>
   <div class='ocr_carea' id='block_1_5' title="bbox 291 569 1942 643">
    <p class='ocr_par' dir='ltr' id='par_1_5' title="bbox 291 569 1942 643">
     <span class='ocr_line' id='line_1_5' title="bbox 291 569 1942 643; baseline -0.001 -18"><span class='ocrx_word' id='word_1_28' title='bbox 291 569 390 626; x_wconf 93' lang='lat' dir='ltr'>vid</span> <span class='ocrx_word' id='word_1_29' title='bbox 425 586 660 643; x_wconf 90' lang='lat' dir='ltr'>quoque</span> <span class='ocrx_word' id='word_1_30' title='bbox 689 574 747 625; x_wconf 90' lang='lat' dir='ltr'>et</span> <span class='ocrx_word' id='word_1_31' title='bbox 775 570 1106 627; x_wconf 85' lang='lat' dir='ltr'>Salomonis</span> <span class='ocrx_word' id='word_1_32' title='bbox 1123 571 1297 627; x_wconf 86' lang='lat' dir='ltr'>etiam</span> <span class='ocrx_word' id='word_1_33' title='bbox 1320 569 1518 642; x_wconf 84' lang='lat' dir='ltr'>plures</span> <span class='ocrx_word' id='word_1_34' title='bbox 1544 588 1557 637; x_wconf 92' lang='lat'><strong>;</strong></span> <span class='ocrx_word' id='word_1_35' title='bbox 1590 569 1767 625; x_wconf 90' lang='lat' dir='ltr'>invito</span> <span class='ocrx_word' id='word_1_36' title='bbox 1789 572 1844 625; x_wconf 88' lang='lat' dir='ltr'>te</span> <span class='ocrx_word' id='word_1_37' title='bbox 1870 570 1942 624; x_wconf 89' lang='lat' dir='ltr'>ad</span> 
     </span>
    </p>
   </div>
   <div class='ocr_carea' id='block_1_6' title="bbox 289 658 1948 733">
    <p class='ocr_par' dir='ltr' id='par_1_6' title="bbox 289 658 1948 733">
     <span class='ocr_line' id='line_1_6' title="bbox 289 658 1948 733; baseline -0.001 -18"><span class='ocrx_word' id='word_1_38' title='bbox 289 658 636 733; x_wconf 79' lang='lat' dir='ltr'>mysterium</span> <span class='ocrx_word' id='word_1_39' title='bbox 666 658 1092 732; x_wconf 83' lang='lat' dir='ltr'>indagandum,</span> <span class='ocrx_word' id='word_1_40' title='bbox 1124 660 1267 732; x_wconf 84' lang='lat' dir='ltr'>quia</span> <span class='ocrx_word' id='word_1_41' title='bbox 1311 660 1499 715; x_wconf 85' lang='lat' dir='ltr'>omnia</span> <span class='ocrx_word' id='word_1_42' title='bbox 1529 658 1642 713; x_wconf 74' lang='lat' dir='ltr'>haec</span> <span class='ocrx_word' id='word_1_43' title='bbox 1671 660 1731 715; x_wconf 87' lang='lat' dir='ltr'>in</span> <span class='ocrx_word' id='word_1_44' title='bbox 1767 659 1948 730; x_wconf 86' lang='lat' dir='ltr'>ﬁgura</span> 
     </span>
    </p>
   </div>
   <div class='ocr_carea' id='block_1_7' title="bbox 287 734 1943 820">
    <p class='ocr_par' dir='ltr' id='par_1_7' title="bbox 287 734 1943 820">
     <span class='ocr_line' id='line_1_7' title="bbox 287 734 1943 820; baseline -0.001 -16"><span class='ocrx_word' id='word_1_45' title='bbox 287 734 681 818; x_wconf 84' lang='lat' dir='ltr'>contingebant</span> <span class='ocrx_word' id='word_1_46' title='bbox 702 750 754 816; x_wconf 93' lang='grc' dir='ltr'>(Ι</span> <span class='ocrx_word' id='word_1_47' title='bbox 790 747 910 805; x_wconf 89' lang='lat' dir='ltr'>Cor.</span> <span class='ocrx_word' id='word_1_48' title='bbox 944 767 999 805; x_wconf 69' lang='grc' dir='ltr'><strong>Χ.</strong></span> <span class='ocrx_word' id='word_1_49' title='bbox 1034 748 1097 805; x_wconf 81' lang='lat' dir='ltr'>li</span> <span class='ocrx_word' id='word_1_50' title='bbox 1130 749 1171 819; x_wconf 86' lang='lat'>;)</span> <span class='ocrx_word' id='word_1_51' title='bbox 1204 752 1260 804; x_wconf 89' lang='lat' dir='ltr'>et</span> <span class='ocrx_word' id='word_1_52' title='bbox 1317 749 1597 804; x_wconf 83' lang='lat' dir='ltr'>audacter</span> <span class='ocrx_word' id='word_1_53' title='bbox 1650 748 1943 820; x_wconf 81' lang='lat' dir='ltr'>profiteor,</span> 
     </span>
    </p>
   </div>
   <div class='ocr_carea' id='block_1_8' title="bbox 289 834 1944 904">
    <p class='ocr_par' dir='ltr' id='par_1_8' title="bbox 289 834 1944 904">
     <span class='ocr_line' id='line_1_8' title="bbox 289 834 1944 904; baseline -0.001 -12"><span class='ocrx_word' id='word_1_54' title='bbox 289 836 469 892; x_wconf 88' lang='lat' dir='ltr'>etiam</span> <span class='ocrx_word' id='word_1_55' title='bbox 501 835 595 892; x_wconf 93' lang='lat' dir='ltr'>hic</span> <span class='ocrx_word' id='word_1_56' title='bbox 626 834 914 893; x_wconf 88' lang='lat' dir='ltr'>civitatem</span> <span class='ocrx_word' id='word_1_57' title='bbox 939 837 1039 892; x_wconf 90' lang='lat' dir='ltr'>Dei</span> <span class='ocrx_word' id='word_1_58' title='bbox 1062 837 1270 904; x_wconf 90' lang='lat' dir='ltr'>nostri,</span> <span class='ocrx_word' id='word_1_59' title='bbox 1292 841 1349 893; x_wconf 91' lang='lat' dir='ltr'>et</span> <span class='ocrx_word' id='word_1_60' title='bbox 1370 841 1632 893; x_wconf 86' lang='lat' dir='ltr'>montem</span> <span class='ocrx_word' id='word_1_61' title='bbox 1673 839 1944 892; x_wconf 88' lang='lat' dir='ltr'>sanctum</span> 
     </span>
    </p>
   </div>
   <div class='ocr_carea' id='block_1_9' title="bbox 291 923 1947 998">
    <p class='ocr_par' dir='ltr' id='par_1_9' title="bbox 291 923 1947 998">
     <span class='ocr_line' id='line_1_9' title="bbox 291 923 1947 998; baseline -0.002 -17"><span class='ocrx_word' id='word_1_62' title='bbox 291 925 423 996; x_wconf 86' lang='lat' dir='ltr'>ejus</span> <span class='ocrx_word' id='word_1_63' title='bbox 451 924 886 998; x_wconf 82' lang='lat' dir='ltr'>prophetatum,</span> <span class='ocrx_word' id='word_1_64' title='bbox 922 925 980 980; x_wconf 89' lang='lat' dir='ltr'>in</span> <span class='ocrx_word' id='word_1_65' title='bbox 1005 941 1121 998; x_wconf 93' lang='lat' dir='ltr'>quo</span> <span class='ocrx_word' id='word_1_66' title='bbox 1152 942 1270 980; x_wconf 92' lang='lat' dir='ltr'>non</span> <span class='ocrx_word' id='word_1_67' title='bbox 1293 924 1429 981; x_wconf 89' lang='lat' dir='ltr'>licet</span> <span class='ocrx_word' id='word_1_68' title='bbox 1456 925 1578 981; x_wconf 90' lang='lat' dir='ltr'>viro</span> <span class='ocrx_word' id='word_1_69' title='bbox 1594 924 1808 980; x_wconf 87' lang='lat' dir='ltr'>habere</span> <span class='ocrx_word' id='word_1_70' title='bbox 1832 923 1947 980; x_wconf 87' lang='lat' dir='ltr'>nisi</span> 
     </span>
    </p>
   </div>
   <div class='ocr_carea' id='block_1_10' title="bbox 291 1012 1942 1083">
    <p class='ocr_par' dir='ltr' id='par_1_10' title="bbox 291 1012 1942 1083">
     <span class='ocr_line' id='line_1_10' title="bbox 291 1012 1942 1083; baseline -0.001 -14"><span class='ocrx_word' id='word_1_71' title='bbox 291 1029 473 1069; x_wconf 88' lang='lat' dir='ltr'>unam</span> <span class='ocrx_word' id='word_1_72' title='bbox 506 1028 766 1080; x_wconf 84' lang='lat' dir='ltr'>uxorem,</span> <span class='ocrx_word' id='word_1_73' title='bbox 801 1017 859 1068; x_wconf 83' lang='lat' dir='ltr'>ct</span> <span class='ocrx_word' id='word_1_74' title='bbox 903 1012 1070 1069; x_wconf 85' lang='lat' dir='ltr'>uxori</span> <span class='ocrx_word' id='word_1_75' title='bbox 1129 1012 1244 1068; x_wconf 87' lang='lat' dir='ltr'>nisi</span> <span class='ocrx_word' id='word_1_76' title='bbox 1293 1029 1479 1068; x_wconf 92' lang='lat' dir='ltr'>unum</span> <span class='ocrx_word' id='word_1_77' title='bbox 1538 1013 1747 1083; x_wconf 84' lang='lat' dir='ltr'>virum,</span> <span class='ocrx_word' id='word_1_78' title='bbox 1808 1029 1942 1067; x_wconf 91' lang='lat' dir='ltr'>cum</span> 
     </span>
    </p>
   </div>
   <div class='ocr_carea' id='block_1_11' title="bbox 293 1100 1945 1174">
    <p class='ocr_par' dir='ltr' id='par_1_11' title="bbox 293 1100 1945 1174">
     <span class='ocr_line' id='line_1_11' title="bbox 293 1100 1945 1174; baseline -0.001 -18"><span class='ocrx_word' id='word_1_79' title='bbox 293 1118 411 1174; x_wconf 92' lang='lat' dir='ltr'>quo</span> <span class='ocrx_word' id='word_1_80' title='bbox 434 1100 641 1174; x_wconf 89' lang='lat' dir='ltr'>pudice</span> <span class='ocrx_word' id='word_1_81' title='bbox 664 1100 861 1157; x_wconf 85' lang='lat' dir='ltr'>vivens</span> <span class='ocrx_word' id='word_1_82' title='bbox 892 1119 1070 1158; x_wconf 87' lang='lat' dir='ltr'>causa</span> <span class='ocrx_word' id='word_1_83' title='bbox 1099 1102 1178 1159; x_wconf 96' lang='lat' dir='ltr'>sit</span> <span class='ocrx_word' id='word_1_84' title='bbox 1206 1101 1409 1174; x_wconf 82' lang='lat' dir='ltr'>prolis,</span> <span class='ocrx_word' id='word_1_85' title='bbox 1438 1105 1540 1158; x_wconf 89' lang='lat' dir='ltr'>aut</span> <span class='ocrx_word' id='word_1_86' title='bbox 1569 1107 1727 1158; x_wconf 91' lang='lat' dir='ltr'>metu</span> <span class='ocrx_word' id='word_1_87' title='bbox 1760 1101 1945 1157; x_wconf 86' lang='lat' dir='ltr'>forni-</span> 
     </span>
    </p>
   </div>
   <div class='ocr_carea' id='block_1_12' title="bbox 290 1189 1946 1264">
    <p class='ocr_par' dir='ltr' id='par_1_12' title="bbox 290 1189 1946 1264">
     <span class='ocr_line' id='line_1_12' title="bbox 290 1189 1946 1264; baseline -0.001 -17"><span class='ocrx_word' id='word_1_88' title='bbox 290 1190 563 1257; x_wconf 88' lang='lat' dir='ltr'>cationis,</span> <span class='ocrx_word' id='word_1_89' title='bbox 585 1189 760 1247; x_wconf 79' lang='lat' dir='ltr'>ﬁdem</span> <span class='ocrx_word' id='word_1_90' title='bbox 782 1189 1132 1247; x_wconf 89' lang='lat' dir='ltr'>eiillihatam</span> <span class='ocrx_word' id='word_1_91' title='bbox 1150 1195 1429 1264; x_wconf 90' lang='lat' dir='ltr'>perpetuo</span> <span class='ocrx_word' id='word_1_92' title='bbox 1462 1190 1839 1258; x_wconf 86' lang='lat' dir='ltr'>custodiat,et</span> <span class='ocrx_word' id='word_1_93' title='bbox 1858 1206 1946 1245; x_wconf 89' lang='lat' dir='ltr'>sa-</span> 
     </span>
    </p>
   </div>
   <div class='ocr_carea' id='block_1_13' title="bbox 289 1277 1944 1350">
    <p class='ocr_par' dir='ltr' id='par_1_13' title="bbox 289 1277 1944 1350">
     <span class='ocr_line' id='line_1_13' title="bbox 289 1277 1944 1350; baseline -0.002 -14"><span class='ocrx_word' id='word_1_94' title='bbox 289 1283 686 1345; x_wconf 86' lang='lat' dir='ltr'>cramentum,</span> <span class='ocrx_word' id='word_1_95' title='bbox 726 1277 979 1334; x_wconf 82' lang='lat' dir='ltr'>maxime</span> <span class='ocrx_word' id='word_1_96' title='bbox 1020 1295 1151 1334; x_wconf 90' lang='lat' dir='ltr'>cum</span> <span class='ocrx_word' id='word_1_97' title='bbox 1185 1283 1242 1335; x_wconf 92' lang='lat' dir='ltr'>et</span> <span class='ocrx_word' id='word_1_98' title='bbox 1289 1279 1344 1333; x_wconf 89' lang='lat' dir='ltr'>id</span> <span class='ocrx_word' id='word_1_99' title='bbox 1398 1280 1468 1334; x_wconf 87' lang='lat' dir='ltr'>ad</span> <span class='ocrx_word' id='word_1_100' title='bbox 1510 1280 1704 1350; x_wconf 87' lang='lat' dir='ltr'>majus</span> <span class='ocrx_word' id='word_1_101' title='bbox 1762 1279 1944 1350; x_wconf 90' lang='lat' dir='ltr'>perti-</span> 
     </span>
    </p>
   </div>
   <div class='ocr_carea' id='block_1_14' title="bbox 285 1365 1946 1435">
    <p class='ocr_par' dir='ltr' id='par_1_14' title="bbox 285 1365 1946 1435">
     <span class='ocr_line' id='line_1_14' title="bbox 285 1365 1946 1435; baseline -0.001 -12"><span class='ocrx_word' id='word_1_102' title='bbox 285 1371 454 1435; x_wconf 87' lang='lat' dir='ltr'>neat,</span> <span class='ocrx_word' id='word_1_103' title='bbox 486 1366 596 1423; x_wconf 91' lang='lat' dir='ltr'>hoc</span> <span class='ocrx_word' id='word_1_104' title='bbox 622 1370 711 1422; x_wconf 90' lang='lat' dir='ltr'>est</span> <span class='ocrx_word' id='word_1_105' title='bbox 755 1365 1077 1422; x_wconf 89' lang='lat' dir='ltr'>Ecclesiam</span> <span class='ocrx_word' id='word_1_106' title='bbox 1110 1372 1167 1422; x_wconf 90' lang='lat' dir='ltr'>et</span> <span class='ocrx_word' id='word_1_107' title='bbox 1224 1366 1562 1434; x_wconf 82' lang='lat' dir='ltr'>Christum;</span> <span class='ocrx_word' id='word_1_108' title='bbox 1597 1366 1737 1422; x_wconf 83' lang='lat' dir='ltr'>dicit</span> <span class='ocrx_word' id='word_1_109' title='bbox 1787 1367 1946 1423; x_wconf 89' lang='lat' dir='ltr'>enim</span> 
     </span>
    </p>
   </div>
   <div class='ocr_carea' id='block_1_15' title="bbox 286 1454 1948 1530">
    <p class='ocr_par' dir='ltr' id='par_1_15' title="bbox 286 1454 1948 1530">
     <span class='ocr_line' id='line_1_15' title="bbox 286 1454 1948 1530; baseline -0.001 -17"><span class='ocrx_word' id='word_1_110' title='bbox 286 1454 608 1530; x_wconf 86' lang='lat' dir='ltr'>Apostolus</span> <span class='ocrx_word' id='word_1_111' title='bbox 638 1455 711 1510; x_wconf 93' lang='lat' dir='ltr'>de</span> <span class='ocrx_word' id='word_1_112' title='bbox 737 1455 939 1511; x_wconf 87' lang='lat' dir='ltr'>eadem</span> <span class='ocrx_word' id='word_1_113' title='bbox 973 1455 1260 1512; x_wconf 84' lang='lat' dir='ltr'>sententia</span> <span class='ocrx_word' id='word_1_114' title='bbox 1285 1473 1297 1511; x_wconf 91' lang='lat'>:</span> <span class='ocrx_word' id='word_1_115' title='bbox 1334 1455 1750 1512; x_wconf 85' lang='lat' dir='ltr'>Sacramentnm</span> <span class='ocrx_word' id='word_1_116' title='bbox 1778 1455 1835 1511; x_wconf 91' lang='lat' dir='ltr'>id</span> <span class='ocrx_word' id='word_1_117' title='bbox 1858 1460 1948 1512; x_wconf 90' lang='lat' dir='ltr'>est</span> 
     </span>
    </p>
   </div>
   <div class='ocr_carea' id='block_1_16' title="bbox 290 1543 1948 1618">
    <p class='ocr_par' dir='ltr' id='par_1_16' title="bbox 290 1543 1948 1618">
     <span class='ocr_line' id='line_1_16' title="bbox 290 1543 1948 1618; baseline -0.001 -17"><span class='ocrx_word' id='word_1_118' title='bbox 290 1544 664 1618; x_wconf 79' lang='lat' dir='ltr'>mysterium,</span> <span class='ocrx_word' id='word_1_119' title='bbox 705 1543 807 1599; x_wconf 86' lang='lat' dir='ltr'>hoc</span> <span class='ocrx_word' id='word_1_120' title='bbox 858 1560 1126 1612; x_wconf 84' lang='lat' dir='ltr'>magnum</span> <span class='ocrx_word' id='word_1_121' title='bbox 1179 1552 1271 1611; x_wconf 88' lang='lat' dir='ltr'>est,</span> <span class='ocrx_word' id='word_1_122' title='bbox 1324 1560 1421 1613; x_wconf 86' lang='lat' dir='ltr'>ego</span> <span class='ocrx_word' id='word_1_123' title='bbox 1473 1548 1657 1600; x_wconf 88' lang='lat' dir='ltr'>autem</span> <span class='ocrx_word' id='word_1_124' title='bbox 1712 1545 1831 1601; x_wconf 87' lang='lat' dir='ltr'>dico</span> <span class='ocrx_word' id='word_1_125' title='bbox 1887 1546 1948 1600; x_wconf 88' lang='lat' dir='ltr'>in</span> 
     </span>
    </p>
   </div>
   <div class='ocr_carea' id='block_1_17' title="bbox 296 1632 1949 1703">
    <p class='ocr_par' dir='ltr' id='par_1_17' title="bbox 296 1632 1949 1703">
     <span class='ocr_line' id='line_1_17' title="bbox 296 1632 1949 1703; baseline 0 -14"><span class='ocrx_word' id='word_1_126' title='bbox 296 1633 508 1690; x_wconf 77' lang='lat' dir='ltr'>Christo</span> <span class='ocrx_word' id='word_1_127' title='bbox 556 1640 607 1688; x_wconf 89' lang='lat' dir='ltr'>et</span> <span class='ocrx_word' id='word_1_128' title='bbox 642 1634 702 1687; x_wconf 87' lang='lat' dir='ltr'>in</span> <span class='ocrx_word' id='word_1_129' title='bbox 730 1633 973 1688; x_wconf 81' lang='lat' dir='ltr'>Ecclesia</span> <span class='ocrx_word' id='word_1_130' title='bbox 1024 1632 1240 1703; x_wconf 89' lang='lat' dir='ltr'>(Ephes.</span> <span class='ocrx_word' id='word_1_131' title='bbox 1272 1650 1328 1688; x_wconf 94' lang='lat' dir='ltr'>v.</span> <span class='ocrx_word' id='word_1_132' title='bbox 1359 1634 1438 1689; x_wconf 82' lang='lat'>32</span> <span class='ocrx_word' id='word_1_133' title='bbox 1459 1638 1503 1703; x_wconf 88' lang='lat'>:)</span> <span class='ocrx_word' id='word_1_134' title='bbox 1560 1633 1827 1690; x_wconf 86' lang='lat' dir='ltr'>videlicet</span> <span class='ocrx_word' id='word_1_135' title='bbox 1884 1638 1949 1689; x_wconf 93' lang='lat' dir='ltr'>ut</span> 
     </span>
    </p>
   </div>
   <div class='ocr_carea' id='block_1_18' title="bbox 297 1720 1948 1795">
    <p class='ocr_par' dir='ltr' id='par_1_18' title="bbox 297 1720 1948 1795">
     <span class='ocr_line' id='line_1_18' title="bbox 297 1720 1948 1795; baseline -0.001 -15"><span class='ocrx_word' id='word_1_136' title='bbox 297 1722 392 1781; x_wconf 74' lang='lat'>57</span> <span class='ocrx_word' id='word_1_137' title='bbox 429 1720 861 1793; x_wconf 88' lang='lat' dir='ltr'>aliquantulum</span> <span class='ocrx_word' id='word_1_138' title='bbox 898 1736 967 1777; x_wconf 80' lang='lat' dir='ltr'>ex</span> <span class='ocrx_word' id='word_1_139' title='bbox 1024 1721 1133 1777; x_wconf 92' lang='lat' dir='ltr'>hoc</span> <span class='ocrx_word' id='word_1_140' title='bbox 1165 1723 1419 1794; x_wconf 87' lang='lat' dir='ltr'>proferre</span> <span class='ocrx_word' id='word_1_141' title='bbox 1476 1724 1746 1790; x_wconf 83' lang='lat' dir='ltr'>audeam,</span> <span class='ocrx_word' id='word_1_142' title='bbox 1807 1723 1948 1795; x_wconf 83' lang='lat' dir='ltr'>quia</span> 
     </span>
    </p>
   </div>
   <div class='ocr_carea' id='block_1_19' title="bbox 297 1809 2023 1913">
    <p class='ocr_par' dir='ltr' id='par_1_19' title="bbox 297 1809 2023 1913">
     <span class='ocr_line' id='line_1_19' title="bbox 297 1809 2023 1913; baseline 0.001 -46"><span class='ocrx_word' id='word_1_143' title='bbox 297 1811 450 1867; x_wconf 88' lang='lat' dir='ltr'>sicut</span> <span class='ocrx_word' id='word_1_144' title='bbox 472 1809 554 1865; x_wconf 91' lang='lat' dir='ltr'>illi</span> <span class='ocrx_word' id='word_1_145' title='bbox 577 1809 693 1866; x_wconf 93' lang='lat' dir='ltr'>duo</span> <span class='ocrx_word' id='word_1_146' title='bbox 715 1809 774 1865; x_wconf 91' lang='lat' dir='ltr'>in</span> <span class='ocrx_word' id='word_1_147' title='bbox 802 1827 974 1867; x_wconf 89' lang='lat' dir='ltr'>carne</span> <span class='ocrx_word' id='word_1_148' title='bbox 996 1813 1135 1865; x_wconf 90' lang='lat' dir='ltr'>sunt</span> <span class='ocrx_word' id='word_1_149' title='bbox 1156 1827 1291 1880; x_wconf 89' lang='lat' dir='ltr'>una,</span> <span class='ocrx_word' id='word_1_150' title='bbox 1326 1812 1406 1867; x_wconf 89' lang='lat' dir='ltr'>ita</span> <span class='ocrx_word' id='word_1_151' title='bbox 1425 1812 1690 1868; x_wconf 87' lang='lat' dir='ltr'>Christus</span> <span class='ocrx_word' id='word_1_152' title='bbox 1711 1829 1844 1868; x_wconf 92' lang='lat' dir='ltr'>cum</span> <span class='ocrx_word' id='word_1_153' title='bbox 1867 1812 1945 1868; x_wconf 92' lang='lat' dir='ltr'>sit</span> <span class='ocrx_word' id='word_1_154' title='bbox 1973 1847 2023 1913; x_wconf 81' lang='grc' dir='ltr'>Β</span> 
     </span>
    </p>
   </div>
   <div class='ocr_carea' id='block_1_20' title="bbox 294 1898 1947 1973">
    <p class='ocr_par' dir='ltr' id='par_1_20' title="bbox 294 1898 1947 1973">
     <span class='ocr_line' id='line_1_20' title="bbox 294 1898 1947 1973; baseline 0.001 -18"><span class='ocrx_word' id='word_1_155' title='bbox 294 1916 470 1957; x_wconf 87' lang='lat' dir='ltr'>verus</span> <span class='ocrx_word' id='word_1_156' title='bbox 501 1900 674 1966; x_wconf 90' lang='lat' dir='ltr'>Deus,</span> <span class='ocrx_word' id='word_1_157' title='bbox 707 1904 764 1955; x_wconf 89' lang='lat' dir='ltr'>et</span> <span class='ocrx_word' id='word_1_158' title='bbox 793 1916 965 1955; x_wconf 92' lang='lat' dir='ltr'>verus</span> <span class='ocrx_word' id='word_1_159' title='bbox 995 1898 1170 1955; x_wconf 88' lang='lat' dir='ltr'>homo</span> <span class='ocrx_word' id='word_1_160' title='bbox 1192 1899 1251 1954; x_wconf 90' lang='lat' dir='ltr'>in</span> <span class='ocrx_word' id='word_1_161' title='bbox 1280 1915 1519 1972; x_wconf 90' lang='lat' dir='ltr'>corpore</span> <span class='ocrx_word' id='word_1_162' title='bbox 1550 1901 1836 1973; x_wconf 88' lang='lat' dir='ltr'>sao,quod</span> <span class='ocrx_word' id='word_1_163' title='bbox 1858 1905 1947 1958; x_wconf 91' lang='lat' dir='ltr'>est</span> 
     </span>
    </p>
   </div>
   <div class='ocr_carea' id='block_1_21' title="bbox 297 1989 1947 2062">
    <p class='ocr_par' dir='ltr' id='par_1_21' title="bbox 297 1989 1947 2062">
     <span class='ocr_line' id='line_1_21' title="bbox 297 1989 1947 2062; baseline 0.001 -16"><span class='ocrx_word' id='word_1_164' title='bbox 297 1989 553 2046; x_wconf 87' lang='lat' dir='ltr'>Ecclesia</span> <span class='ocrx_word' id='word_1_165' title='bbox 573 1989 795 2062; x_wconf 88' lang='lat' dir='ltr'>(Coloss.</span> <span class='ocrx_word' id='word_1_166' title='bbox 826 2007 864 2055; x_wconf 83' lang='grc' dir='ltr'>ι,</span> <span class='ocrx_word' id='word_1_167' title='bbox 896 1989 966 2043; x_wconf 83' lang='grc'>24</span> <span class='ocrx_word' id='word_1_168' title='bbox 991 1992 1032 2057; x_wconf 90' lang='lat'><strong>;)</strong></span> <span class='ocrx_word' id='word_1_169' title='bbox 1052 2006 1237 2043; x_wconf 90' lang='lat' dir='ltr'>unum</span> <span class='ocrx_word' id='word_1_170' title='bbox 1261 2005 1330 2044; x_wconf 87' lang='lat' dir='ltr'>ex</span> <span class='ocrx_word' id='word_1_171' title='bbox 1359 1989 1590 2045; x_wconf 89' lang='lat' dir='ltr'>duabus</span> <span class='ocrx_word' id='word_1_172' title='bbox 1620 1998 1818 2047; x_wconf 87' lang='lat' dir='ltr'>manet</span> <span class='ocrx_word' id='word_1_173' title='bbox 1848 2009 1947 2047; x_wconf 87' lang='lat' dir='ltr'>na-</span> 
     </span>
    </p>
   </div>
   <div class='ocr_carea' id='block_1_22' title="bbox 296 2075 1947 2152">
    <p class='ocr_par' dir='ltr' id='par_1_22' title="bbox 296 2075 1947 2152">
     <span class='ocr_line' id='line_1_22' title="bbox 296 2075 1947 2152; baseline 0.001 -18"><span class='ocrx_word' id='word_1_174' title='bbox 296 2078 470 2147; x_wconf 67' lang='lat' dir='ltr'>turis,</span> <span class='ocrx_word' id='word_1_175' title='bbox 500 2094 607 2133; x_wconf 89' lang='lat' dir='ltr'>nec</span> <span class='ocrx_word' id='word_1_176' title='bbox 640 2075 817 2132; x_wconf 88' lang='lat' dir='ltr'>dividi</span> <span class='ocrx_word' id='word_1_177' title='bbox 848 2077 920 2133; x_wconf 91' lang='lat' dir='ltr'>ob</span> <span class='ocrx_word' id='word_1_178' title='bbox 952 2093 1019 2132; x_wconf 84' lang='lat' dir='ltr'>ea</span> <span class='ocrx_word' id='word_1_179' title='bbox 1049 2080 1239 2150; x_wconf 89' lang='lat' dir='ltr'>potest</span> <span class='ocrx_word' id='word_1_180' title='bbox 1267 2077 1325 2133; x_wconf 92' lang='lat' dir='ltr'>in</span> <span class='ocrx_word' id='word_1_181' title='bbox 1357 2082 1657 2145; x_wconf 65' lang='lat' dir='ltr'>aeternum,</span> <span class='ocrx_word' id='word_1_182' title='bbox 1693 2095 1798 2150; x_wconf 90' lang='lat' dir='ltr'>pro</span> <span class='ocrx_word' id='word_1_183' title='bbox 1829 2097 1947 2152; x_wconf 89' lang='lat' dir='ltr'>qua</span> 
     </span>
    </p>
   </div>
   <div class='ocr_carea' id='block_1_23' title="bbox 296 2164 1945 2239">
    <p class='ocr_par' dir='ltr' id='par_1_23' title="bbox 296 2164 1945 2239">
     <span class='ocr_line' id='line_1_23' title="bbox 296 2164 1945 2239; baseline 0.001 -16"><span class='ocrx_word' id='word_1_184' title='bbox 296 2167 450 2223; x_wconf 84' lang='lat' dir='ltr'>fudit</span> <span class='ocrx_word' id='word_1_185' title='bbox 470 2166 528 2221; x_wconf 91' lang='lat' dir='ltr'>in</span> <span class='ocrx_word' id='word_1_186' title='bbox 543 2164 916 2239; x_wconf 85' lang='lat' dir='ltr'>sponsalibus</span> <span class='ocrx_word' id='word_1_187' title='bbox 939 2165 1287 2238; x_wconf 89' lang='lat' dir='ltr'>sanguinem</span> <span class='ocrx_word' id='word_1_188' title='bbox 1310 2166 1816 2239; x_wconf 90' lang='lat' dir='ltr'>proprium,sicuti</span> <span class='ocrx_word' id='word_1_189' title='bbox 1840 2185 1945 2224; x_wconf 91' lang='lat' dir='ltr'>nec</span> 
     </span>
    </p>
   </div>
   <div class='ocr_carea' id='block_1_24' title="bbox 292 2254 1945 2328">
    <p class='ocr_par' dir='ltr' id='par_1_24' title="bbox 292 2254 1945 2328">
     <span class='ocr_line' id='line_1_24' title="bbox 292 2254 1945 2328; baseline 0.001 -16"><span class='ocrx_word' id='word_1_190' title='bbox 292 2256 418 2312; x_wconf 89' lang='lat' dir='ltr'>viro</span> <span class='ocrx_word' id='word_1_191' title='bbox 450 2271 712 2319; x_wconf 80' lang='lat' dir='ltr'>uxorem,</span> <span class='ocrx_word' id='word_1_192' title='bbox 744 2270 850 2310; x_wconf 90' lang='lat' dir='ltr'>nec</span> <span class='ocrx_word' id='word_1_193' title='bbox 872 2254 1036 2310; x_wconf 83' lang='lat' dir='ltr'>uxori</span> <span class='ocrx_word' id='word_1_194' title='bbox 1058 2254 1322 2327; x_wconf 90' lang='lat' dir='ltr'>linquere</span> <span class='ocrx_word' id='word_1_195' title='bbox 1343 2255 1646 2328; x_wconf 89' lang='lat' dir='ltr'>proprium</span> <span class='ocrx_word' id='word_1_196' title='bbox 1668 2256 1801 2311; x_wconf 91' lang='lat' dir='ltr'>licet</span> <span class='ocrx_word' id='word_1_197' title='bbox 1821 2274 1945 2313; x_wconf 89' lang='lat' dir='ltr'>ma-</span> 
     </span>
    </p>
   </div>
   <div class='ocr_carea' id='block_1_25' title="bbox 294 2343 1946 2411">
    <p class='ocr_par' dir='ltr' id='par_1_25' title="bbox 294 2343 1946 2411">
     <span class='ocr_line' id='line_1_25' title="bbox 294 2343 1946 2411; baseline 0 -9"><span class='ocrx_word' id='word_1_198' title='bbox 294 2346 499 2402; x_wconf 83' lang='lat' dir='ltr'>ritum.</span> <span class='ocrx_word' id='word_1_199' title='bbox 533 2343 696 2400; x_wconf 89' lang='lat' dir='ltr'>Sicut</span> <span class='ocrx_word' id='word_1_200' title='bbox 724 2348 919 2411; x_wconf 79' lang='lat' dir='ltr'>autem</span> <span class='ocrx_word' id='word_1_201' title='bbox 951 2359 1130 2399; x_wconf 85' lang='lat' dir='ltr'>causa</span> <span class='ocrx_word' id='word_1_202' title='bbox 1153 2344 1552 2399; x_wconf 81' lang='lat' dir='ltr'>fornicationis</span> <span class='ocrx_word' id='word_1_203' title='bbox 1573 2344 1646 2400; x_wconf 88' lang='lat' dir='ltr'>ab</span> <span class='ocrx_word' id='word_1_204' title='bbox 1668 2345 1946 2402; x_wconf 90' lang='lat' dir='ltr'>alterutro</span> 
     </span>
    </p>
   </div>
   <div class='ocr_carea' id='block_1_26' title="bbox 293 2432 1949 2507">
    <p class='ocr_par' dir='ltr' id='par_1_26' title="bbox 293 2432 1949 2507">
     <span class='ocr_line' id='line_1_26' title="bbox 293 2432 1949 2507; baseline 0 -17"><span class='ocrx_word' id='word_1_205' title='bbox 293 2434 630 2507; x_wconf 86' lang='lat' dir='ltr'>legitimum</span> <span class='ocrx_word' id='word_1_206' title='bbox 643 2432 978 2504; x_wconf 86' lang='lat' dir='ltr'>contingere</span> <span class='ocrx_word' id='word_1_207' title='bbox 999 2437 1189 2504; x_wconf 85' lang='lat' dir='ltr'>potest</span> <span class='ocrx_word' id='word_1_208' title='bbox 1208 2432 1542 2501; x_wconf 86' lang='lat' dir='ltr'>divortium,</span> <span class='ocrx_word' id='word_1_209' title='bbox 1559 2434 1640 2489; x_wconf 87' lang='lat' dir='ltr'>ita</span> <span class='ocrx_word' id='word_1_210' title='bbox 1660 2438 1716 2490; x_wconf 92' lang='lat' dir='ltr'>et</span> <span class='ocrx_word' id='word_1_211' title='bbox 1735 2452 1770 2490; x_wconf 89' lang='lat' dir='ltr'>a</span> <span class='ocrx_word' id='word_1_212' title='bbox 1789 2434 1949 2490; x_wconf 89' lang='lat' dir='ltr'>Chri-</span> 
     </span>
    </p>
   </div>
   <div class='ocr_carea' id='block_1_27' title="bbox 298 2520 1951 2596">
    <p class='ocr_par' dir='ltr' id='par_1_27' title="bbox 298 2520 1951 2596">
     <span class='ocr_line' id='line_1_27' title="bbox 298 2520 1951 2596; baseline 0 -17"><span class='ocrx_word' id='word_1_213' title='bbox 298 2527 393 2580; x_wconf 85' lang='lat' dir='ltr'>sto</span> <span class='ocrx_word' id='word_1_214' title='bbox 421 2537 790 2593; x_wconf 80' lang='lat' dir='ltr'>unaquaequc</span> <span class='ocrx_word' id='word_1_215' title='bbox 821 2520 1019 2576; x_wconf 88' lang='lat' dir='ltr'>anima</span> <span class='ocrx_word' id='word_1_216' title='bbox 1049 2524 1182 2591; x_wconf 91' lang='lat' dir='ltr'>post</span> <span class='ocrx_word' id='word_1_217' title='bbox 1213 2525 1501 2596; x_wconf 79' lang='lat' dir='ltr'>amatores</span> <span class='ocrx_word' id='word_1_218' title='bbox 1532 2521 1837 2593; x_wconf 87' lang='lat' dir='ltr'>alienos,id</span> <span class='ocrx_word' id='word_1_219' title='bbox 1862 2527 1951 2579; x_wconf 89' lang='lat' dir='ltr'>est</span> 
     </span>
    </p>
   </div>
   <div class='ocr_carea' id='block_1_28' title="bbox 299 2608 1949 2684">
    <p class='ocr_par' dir='ltr' id='par_1_28' title="bbox 299 2608 1949 2684">
     <span class='ocr_line' id='line_1_28' title="bbox 299 2608 1949 2684; baseline -0.002 -14"><span class='ocrx_word' id='word_1_220' title='bbox 299 2610 552 2670; x_wconf 84' lang='lat' dir='ltr'>crimina</span> <span class='ocrx_word' id='word_1_221' title='bbox 582 2609 829 2677; x_wconf 89' lang='lat' dir='ltr'>diversa,</span> <span class='ocrx_word' id='word_1_222' title='bbox 875 2608 965 2665; x_wconf 86' lang='lat' dir='ltr'>vel</span> <span class='ocrx_word' id='word_1_223' title='bbox 996 2609 1270 2681; x_wconf 89' lang='lat' dir='ltr'>spiritum</span> <span class='ocrx_word' id='word_1_224' title='bbox 1328 2610 1772 2667; x_wconf 90' lang='lat' dir='ltr'>immundorum</span> <span class='ocrx_word' id='word_1_225' title='bbox 1806 2629 1949 2684; x_wconf 85' lang='lat' dir='ltr'>sug-</span> 
     </span>
    </p>
   </div>
   <div class='ocr_carea' id='block_1_29' title="bbox 300 2698 1953 2776">
    <p class='ocr_par' dir='ltr' id='par_1_29' title="bbox 300 2698 1953 2776">
     <span class='ocr_line' id='line_1_29' title="bbox 300 2698 1953 2776; baseline 0.001 -20"><span class='ocrx_word' id='word_1_226' title='bbox 300 2698 597 2776; x_wconf 80' lang='lat' dir='ltr'>gestiones</span> <span class='ocrx_word' id='word_1_227' title='bbox 620 2699 934 2764; x_wconf 86' lang='lat' dir='ltr'>fornicans,</span> <span class='ocrx_word' id='word_1_228' title='bbox 957 2698 1030 2754; x_wconf 91' lang='lat' dir='ltr'>ab</span> <span class='ocrx_word' id='word_1_229' title='bbox 1061 2715 1126 2754; x_wconf 92' lang='lat' dir='ltr'>eo</span> <span class='ocrx_word' id='word_1_230' title='bbox 1158 2698 1519 2771; x_wconf 83' lang='lat' dir='ltr'>repudiatur,</span> <span class='ocrx_word' id='word_1_231' title='bbox 1544 2699 1659 2756; x_wconf 88' lang='lat' dir='ltr'>nisi</span> <span class='ocrx_word' id='word_1_232' title='bbox 1683 2700 1831 2757; x_wconf 87' lang='lat' dir='ltr'>forte</span> <span class='ocrx_word' id='word_1_233' title='bbox 1850 2701 1953 2757; x_wconf 89' lang='lat' dir='ltr'>ite-</span> 
     </span>
    </p>
   </div>
   <div class='ocr_carea' id='block_1_30' title="bbox 300 2786 1951 2861">
    <p class='ocr_par' dir='ltr' id='par_1_30' title="bbox 300 2786 1951 2861">
     <span class='ocr_line' id='line_1_30' title="bbox 300 2786 1951 2861; baseline 0 -15"><span class='ocrx_word' id='word_1_234' title='bbox 300 2806 439 2846; x_wconf 90' lang='lat' dir='ltr'>rum</span> <span class='ocrx_word' id='word_1_235' title='bbox 469 2788 520 2845; x_wconf 91' lang='lat' dir='ltr'>ei</span> <span class='ocrx_word' id='word_1_236' title='bbox 569 2804 672 2860; x_wconf 91' lang='lat' dir='ltr'>per</span> <span class='ocrx_word' id='word_1_237' title='bbox 727 2786 1131 2860; x_wconf 81' lang='lat' dir='ltr'>pmnitentiam</span> <span class='ocrx_word' id='word_1_238' title='bbox 1185 2787 1590 2844; x_wconf 88' lang='lat' dir='ltr'>reconcilietur</span> <span class='ocrx_word' id='word_1_239' title='bbox 1619 2789 1668 2861; x_wconf 93' lang='grc' dir='ltr'>(Ι</span> <span class='ocrx_word' id='word_1_240' title='bbox 1698 2789 1815 2845; x_wconf 90' lang='lat' dir='ltr'>Cor.</span> <span class='ocrx_word' id='word_1_241' title='bbox 1850 2808 1951 2859; x_wconf 82' lang='lat' dir='ltr'>vn,</span> 
     </span>
    </p>
   </div>
   <div class='ocr_carea' id='block_1_31' title="bbox 300 2874 1951 2950">
    <p class='ocr_par' dir='ltr' id='par_1_31' title="bbox 300 2874 1951 2950">
     <span class='ocr_line' id='line_1_31' title="bbox 300 2874 1951 2950; baseline 0 -15"><span class='ocrx_word' id='word_1_242' title='bbox 300 2877 421 2949; x_wconf 69' lang='lat'>41,)</span> <span class='ocrx_word' id='word_1_243' title='bbox 452 2876 604 2933; x_wconf 88' lang='lat' dir='ltr'>sicut</span> <span class='ocrx_word' id='word_1_244' title='bbox 631 2880 689 2932; x_wconf 92' lang='lat' dir='ltr'>et</span> <span class='ocrx_word' id='word_1_245' title='bbox 719 2892 957 2932; x_wconf 85' lang='lat' dir='ltr'>uxorem</span> <span class='ocrx_word' id='word_1_246' title='bbox 992 2874 1113 2931; x_wconf 84' lang='lat' dir='ltr'>viro</span> <span class='ocrx_word' id='word_1_247' title='bbox 1134 2875 1257 2931; x_wconf 86' lang='lat' dir='ltr'>ﬁeri</span> <span class='ocrx_word' id='word_1_248' title='bbox 1286 2892 1456 2949; x_wconf 89' lang='lat' dir='ltr'>posse</span> <span class='ocrx_word' id='word_1_249' title='bbox 1486 2892 1590 2949; x_wconf 93' lang='lat' dir='ltr'>per</span> <span class='ocrx_word' id='word_1_250' title='bbox 1607 2878 1951 2950; x_wconf 84' lang='lat' dir='ltr'>Apostolum</span> 
     </span>
    </p>
   </div>
   <div class='ocr_carea' id='block_1_32' title="bbox 300 2968 607 3024">
    <p class='ocr_par' dir='ltr' id='par_1_32' title="bbox 300 2968 607 3024">
     <span class='ocr_line' id='line_1_32' title="bbox 300 2968 607 3024; baseline -0.013 -1"><span class='ocrx_word' id='word_1_251' title='bbox 300 2968 607 3024; x_wconf 86' lang='lat' dir='ltr'>docemur.</span> 
     </span>
    </p>
   </div>
   <div class='ocr_carea' id='block_1_33' title="bbox 373 3054 1951 3130">
    <p class='ocr_par' dir='ltr' id='par_1_33' title="bbox 373 3054 1951 3130">
     <span class='ocr_line' id='line_1_33' title="bbox 373 3054 1951 3130; baseline 0.002 -18"><span class='ocrx_word' id='word_1_252' title='bbox 373 3056 465 3112; x_wconf 77' lang='grc'>40.</span> <span class='ocrx_word' id='word_1_253' title='bbox 499 3055 663 3121; x_wconf 88' lang='lat' dir='ltr'>Quod</span> <span class='ocrx_word' id='word_1_254' title='bbox 694 3060 889 3111; x_wconf 91' lang='lat' dir='ltr'>autem</span> <span class='ocrx_word' id='word_1_255' title='bbox 913 3054 1087 3111; x_wconf 89' lang='lat' dir='ltr'>etiam</span> <span class='ocrx_word' id='word_1_256' title='bbox 1110 3070 1216 3127; x_wconf 91' lang='lat' dir='ltr'>per</span> <span class='ocrx_word' id='word_1_257' title='bbox 1236 3054 1577 3127; x_wconf 88' lang='lat' dir='ltr'>Apostolum</span> <span class='ocrx_word' id='word_1_258' title='bbox 1610 3073 1784 3113; x_wconf 90' lang='lat' dir='ltr'>carne</span> <span class='ocrx_word' id='word_1_259' title='bbox 1812 3059 1951 3130; x_wconf 91' lang='lat' dir='ltr'>duo,</span> 
     </span>
    </p>
   </div>
   <div class='ocr_carea' id='block_1_34' title="bbox 299 3143 1954 3216">
    <p class='ocr_par' dir='ltr' id='par_1_34' title="bbox 299 3143 1954 3216">
     <span class='ocr_line' id='line_1_34' title="bbox 299 3143 1954 3216; baseline 0.001 -15"><span class='ocrx_word' id='word_1_260' title='bbox 299 3145 364 3202; x_wconf 90' lang='lat' dir='ltr'>in</span> <span class='ocrx_word' id='word_1_261' title='bbox 396 3160 572 3201; x_wconf 84' lang='lat' dir='ltr'>carne</span> <span class='ocrx_word' id='word_1_262' title='bbox 600 3147 740 3199; x_wconf 90' lang='lat' dir='ltr'>sunt</span> <span class='ocrx_word' id='word_1_263' title='bbox 764 3160 882 3199; x_wconf 89' lang='lat' dir='ltr'>una</span> <span class='ocrx_word' id='word_1_264' title='bbox 912 3144 1128 3216; x_wconf 84' lang='lat' dir='ltr'>(Ephes.</span> <span class='ocrx_word' id='word_1_265' title='bbox 1160 3161 1214 3211; x_wconf 91' lang='lat' dir='ltr'>v,</span> <span class='ocrx_word' id='word_1_266' title='bbox 1238 3145 1356 3213; x_wconf 80' lang='lat'>31,)</span> <span class='ocrx_word' id='word_1_267' title='bbox 1377 3161 1481 3199; x_wconf 90' lang='lat' dir='ltr'>nec</span> <span class='ocrx_word' id='word_1_268' title='bbox 1512 3143 1621 3201; x_wconf 92' lang='lat' dir='ltr'>hoc</span> <span class='ocrx_word' id='word_1_269' title='bbox 1647 3150 1954 3203; x_wconf 51' lang='lat' dir='ltr'>transeun‘</span> 
     </span>
    </p>
   </div>
   <div class='ocr_carea' id='block_1_35' title="bbox 2057 569 3700 644">
    <p class='ocr_par' dir='ltr' id='par_1_35' title="bbox 2057 569 3700 644">
     <span class='ocr_line' id='line_1_35' title="bbox 2057 569 3700 644; baseline 0.002 -19"><span class='ocrx_word' id='word_1_270' title='bbox 2057 586 2140 636; x_wconf 85' lang='lat' dir='ltr'>III,</span> <span class='ocrx_word' id='word_1_271' title='bbox 2173 571 2228 624; x_wconf 91' lang='lat'>6.</span> <span class='ocrx_word' id='word_1_272' title='bbox 2262 569 2334 624; x_wconf 93' lang='lat' dir='ltr'>Ut</span> <span class='ocrx_word' id='word_1_273' title='bbox 2363 586 2500 643; x_wconf 84' lang='lat' dir='ltr'>ergo</span> <span class='ocrx_word' id='word_1_274' title='bbox 2540 570 2662 627; x_wconf 81' lang='lat' dir='ltr'>{ilia</span> <span class='ocrx_word' id='word_1_275' title='bbox 2716 571 2994 628; x_wconf 88' lang='lat' dir='ltr'>merearis</span> <span class='ocrx_word' id='word_1_276' title='bbox 3051 572 3173 627; x_wconf 81' lang='lat' dir='ltr'>ﬁeri</span> <span class='ocrx_word' id='word_1_277' title='bbox 3233 573 3700 644; x_wconf 83' lang='lat' dir='ltr'>patriarcharum</span> 
     </span>
    </p>
   </div>
   <div class='ocr_carea' id='block_1_36' title="bbox 2054 656 3703 733">
    <p class='ocr_par' dir='ltr' id='par_1_36' title="bbox 2054 656 3703 733">
     <span class='ocr_line' id='line_1_36' title="bbox 2054 656 3703 733; baseline 0.004 -22"><span class='ocrx_word' id='word_1_278' title='bbox 2054 656 2204 712; x_wconf 88' lang='lat' dir='ltr'>bene</span> <span class='ocrx_word' id='word_1_279' title='bbox 2233 656 2475 726; x_wconf 84' lang='lat' dir='ltr'>faciens,</span> <span class='ocrx_word' id='word_1_280' title='bbox 2500 659 2733 715; x_wconf 80' lang='lat' dir='ltr'>obedire</span> <span class='ocrx_word' id='word_1_281' title='bbox 2764 660 2932 716; x_wconf 90' lang='lat' dir='ltr'>stude</span> <span class='ocrx_word' id='word_1_282' title='bbox 2960 660 3084 715; x_wconf 86' lang='lat' dir='ltr'>viro</span> <span class='ocrx_word' id='word_1_283' title='bbox 3114 661 3288 716; x_wconf 85' lang='lat' dir='ltr'>etiam</span> <span class='ocrx_word' id='word_1_284' title='bbox 3341 660 3401 716; x_wconf 92' lang='lat' dir='ltr'>in</span> <span class='ocrx_word' id='word_1_285' title='bbox 3432 661 3560 733; x_wconf 89' lang='lat' dir='ltr'>ipso</span> <span class='ocrx_word' id='word_1_286' title='bbox 3587 679 3703 718; x_wconf 88' lang='lat' dir='ltr'>scr-</span> 
     </span>
    </p>
   </div>
   <div class='ocr_carea' id='block_1_37' title="bbox 2056 746 3704 823">
    <p class='ocr_par' dir='ltr' id='par_1_37' title="bbox 2056 746 3704 823">
     <span class='ocr_line' id='line_1_37' title="bbox 2056 746 3704 823; baseline 0.004 -23"><span class='ocrx_word' id='word_1_287' title='bbox 2056 761 2229 801; x_wconf 89' lang='lat' dir='ltr'>moue</span> <span class='ocrx_word' id='word_1_288' title='bbox 2258 746 2633 815; x_wconf 88' lang='lat' dir='ltr'>humilitatis,</span> <span class='ocrx_word' id='word_1_289' title='bbox 2665 749 3089 819; x_wconf 86' lang='lat' dir='ltr'>subjectionem</span> <span class='ocrx_word' id='word_1_290' title='bbox 3120 754 3176 804; x_wconf 85' lang='lat' dir='ltr'>et</span> <span class='ocrx_word' id='word_1_291' title='bbox 3192 749 3535 823; x_wconf 83' lang='lat' dir='ltr'>gravitatem</span> <span class='ocrx_word' id='word_1_292' title='bbox 3563 767 3704 823; x_wconf 66' lang='lat' dir='ltr'>pra)-</span> 
     </span>
    </p>
   </div>
   <div class='ocr_carea' id='block_1_38' title="bbox 2054 833 3704 911">
    <p class='ocr_par' dir='ltr' id='par_1_38' title="bbox 2054 833 3704 911">
     <span class='ocr_line' id='line_1_38' title="bbox 2054 833 3704 911; baseline 0.004 -23"><span class='ocrx_word' id='word_1_293' title='bbox 2054 833 2247 891; x_wconf 84' lang='lat' dir='ltr'>ferens</span> <span class='ocrx_word' id='word_1_294' title='bbox 2278 852 2443 891; x_wconf 89' lang='lat' dir='ltr'>moru</span> <span class='ocrx_word' id='word_1_295' title='bbox 2456 853 2509 891; x_wconf 91' lang='lat' dir='ltr'>m</span> <span class='ocrx_word' id='word_1_296' title='bbox 2522 841 2832 908; x_wconf 88' lang='lat' dir='ltr'>,quatenus</span> <span class='ocrx_word' id='word_1_297' title='bbox 2850 839 3202 911; x_wconf 63' lang='lat' dir='ltr'>praeconium</span> <span class='ocrx_word' id='word_1_298' title='bbox 3220 838 3379 895; x_wconf 87' lang='lat' dir='ltr'>illius</span> <span class='ocrx_word' id='word_1_299' title='bbox 3399 839 3704 895; x_wconf 86' lang='lat' dir='ltr'>conveniat</span> 
     </span>
    </p>
   </div>
   <div class='ocr_carea' id='block_1_39' title="bbox 2054 923 3704 1020">
    <p class='ocr_par' dir='ltr' id='par_1_39' title="bbox 2054 923 3704 1020">
     <span class='ocr_line' id='line_1_39' title="bbox 2054 923 3704 1020; baseline 0.004 -42"><span class='ocrx_word' id='word_1_300' title='bbox 2054 923 2346 994; x_wconf 86' lang='lat' dir='ltr'>Sapientis</span> <span class='ocrx_word' id='word_1_301' title='bbox 2376 925 2624 981; x_wconf 89' lang='lat' dir='ltr'>dicentis</span> <span class='ocrx_word' id='word_1_302' title='bbox 2658 943 2670 980; x_wconf 93' lang='lat'>:</span> <span class='ocrx_word' id='word_1_303' title='bbox 2706 928 2961 1020; x_wconf 54' lang='lat' dir='ltr'>ll‘ulieris</span> <span class='ocrx_word' id='word_1_304' title='bbox 2992 929 3147 984; x_wconf 67' lang='lat' dir='ltr'>bonae</span> <span class='ocrx_word' id='word_1_305' title='bbox 3168 928 3352 983; x_wconf 75' lang='lat' dir='ltr'>beatus</span> <span class='ocrx_word' id='word_1_306' title='bbox 3377 930 3484 994; x_wconf 87' lang='lat' dir='ltr'>vir,</span> <span class='ocrx_word' id='word_1_307' title='bbox 3517 945 3704 984; x_wconf 86' lang='lat' dir='ltr'>nume-</span> 
     </span>
    </p>
   </div>
   <div class='ocr_carea' id='block_1_40' title="bbox 2054 1014 3704 1088">
    <p class='ocr_par' dir='ltr' id='par_1_40' title="bbox 2054 1014 3704 1088">
     <span class='ocr_line' id='line_1_40' title="bbox 2054 1014 3704 1088; baseline 0.004 -23"><span class='ocrx_word' id='word_1_308' title='bbox 2054 1028 2150 1066; x_wconf 87' lang='lat' dir='ltr'>rus</span> <span class='ocrx_word' id='word_1_309' title='bbox 2180 1028 2453 1068; x_wconf 87' lang='lat' dir='ltr'>annorum</span> <span class='ocrx_word' id='word_1_310' title='bbox 2485 1014 2640 1069; x_wconf 81' lang='lat' dir='ltr'>illius</span> <span class='ocrx_word' id='word_1_311' title='bbox 2668 1014 2876 1088; x_wconf 73' lang='lat' dir='ltr'>duplex</span> <span class='ocrx_word' id='word_1_312' title='bbox 2904 1017 3091 1085; x_wconf 84' lang='lat' dir='ltr'>(Eccli.</span> <span class='ocrx_word' id='word_1_313' title='bbox 3141 1033 3293 1085; x_wconf 75' lang='lat' dir='ltr'>xxvi,</span> <span class='ocrx_word' id='word_1_314' title='bbox 3329 1016 3403 1088; x_wconf 92' lang='grc'>1,)</span> <span class='ocrx_word' id='word_1_315' title='bbox 3435 1016 3493 1072; x_wconf 93' lang='lat' dir='ltr'>id</span> <span class='ocrx_word' id='word_1_316' title='bbox 3529 1020 3619 1072; x_wconf 91' lang='lat' dir='ltr'>est</span> <span class='ocrx_word' id='word_1_317' title='bbox 3646 1020 3704 1072; x_wconf 90' lang='lat' dir='ltr'>et</span> 
     </span>
    </p>
   </div>
   <div class='ocr_carea' id='block_1_41' title="bbox 2054 1101 3703 1177">
    <p class='ocr_par' dir='ltr' id='par_1_41' title="bbox 2054 1101 3703 1177">
     <span class='ocr_line' id='line_1_41' title="bbox 2054 1101 3703 1177; baseline 0.004 -23"><span class='ocrx_word' id='word_1_318' title='bbox 2054 1101 2357 1173; x_wconf 54' lang='lat' dir='ltr'>praesentis</span> <span class='ocrx_word' id='word_1_319' title='bbox 2389 1102 2583 1157; x_wconf 72' lang='lat' dir='ltr'>saeculi</span> <span class='ocrx_word' id='word_1_320' title='bbox 2613 1107 2670 1158; x_wconf 90' lang='lat' dir='ltr'>et</span> <span class='ocrx_word' id='word_1_321' title='bbox 2690 1104 2871 1159; x_wconf 85' lang='lat' dir='ltr'>futuri</span> <span class='ocrx_word' id='word_1_322' title='bbox 2885 1104 3251 1175; x_wconf 86' lang='lat' dir='ltr'>jucuncilate</span> <span class='ocrx_word' id='word_1_323' title='bbox 3279 1104 3703 1177; x_wconf 77' lang='lat' dir='ltr'>felithemque</span> 
     </span>
    </p>
   </div>
   <div class='ocr_carea' id='block_1_42' title="bbox 2052 1188 3705 1261">
    <p class='ocr_par' dir='ltr' id='par_1_42' title="bbox 2052 1188 3705 1261">
     <span class='ocr_line' id='line_1_42' title="bbox 2052 1188 3705 1261; baseline 0.004 -18"><span class='ocrx_word' id='word_1_324' title='bbox 2052 1188 2250 1244; x_wconf 80' lang='lat' dir='ltr'>Mulier</span> <span class='ocrx_word' id='word_1_325' title='bbox 2275 1192 2437 1261; x_wconf 82' lang='lat' dir='ltr'>fortis</span> <span class='ocrx_word' id='word_1_326' title='bbox 2490 1191 2721 1247; x_wconf 83' lang='lat' dir='ltr'>oblectat</span> <span class='ocrx_word' id='word_1_327' title='bbox 2774 1194 2961 1247; x_wconf 73' lang='lat' dir='ltr'>cirum</span> <span class='ocrx_word' id='word_1_328' title='bbox 3014 1210 3197 1260; x_wconf 85' lang='lat' dir='ltr'>suum,</span> <span class='ocrx_word' id='word_1_329' title='bbox 3255 1202 3307 1249; x_wconf 89' lang='lat' dir='ltr'>et</span> <span class='ocrx_word' id='word_1_330' title='bbox 3356 1210 3531 1250; x_wconf 85' lang='lat' dir='ltr'>annos</span> <span class='ocrx_word' id='word_1_331' title='bbox 3572 1196 3705 1252; x_wconf 77' lang='lat' dir='ltr'>vitae</span> 
     </span>
    </p>
   </div>
   <div class='ocr_carea' id='block_1_43' title="bbox 2056 1278 3706 1351">
    <p class='ocr_par' dir='ltr' id='par_1_43' title="bbox 2056 1278 3706 1351">
     <span class='ocr_line' id='line_1_43' title="bbox 2056 1278 3706 1351; baseline 0.004 -19"><span class='ocrx_word' id='word_1_332' title='bbox 2056 1278 2211 1334; x_wconf 89' lang='lat' dir='ltr'>illius</span> <span class='ocrx_word' id='word_1_333' title='bbox 2242 1280 2301 1333; x_wconf 91' lang='lat' dir='ltr'>in</span> <span class='ocrx_word' id='word_1_334' title='bbox 2330 1296 2461 1351; x_wconf 90' lang='lat' dir='ltr'>pace</span> <span class='ocrx_word' id='word_1_335' title='bbox 2497 1280 2762 1351; x_wconf 81' lang='lat' dir='ltr'>implebit.</span> <span class='ocrx_word' id='word_1_336' title='bbox 2822 1287 2961 1336; x_wconf 84' lang='lat' dir='ltr'>Pars</span> <span class='ocrx_word' id='word_1_337' title='bbox 2993 1283 3153 1345; x_wconf 90' lang='lat' dir='ltr'>bona,</span> <span class='ocrx_word' id='word_1_338' title='bbox 3196 1282 3401 1337; x_wconf 81' lang='lat' dir='ltr'>mulier</span> <span class='ocrx_word' id='word_1_339' title='bbox 3449 1283 3589 1338; x_wconf 87' lang='lat' dir='ltr'>bona</span> <span class='ocrx_word' id='word_1_340' title='bbox 3643 1284 3706 1338; x_wconf 86' lang='lat' dir='ltr'>in</span> 
     </span>
    </p>
   </div>
   <div class='ocr_carea' id='block_1_44' title="bbox 2052 1368 3706 1441">
    <p class='ocr_par' dir='ltr' id='par_1_44' title="bbox 2052 1368 3706 1441">
     <span class='ocr_line' id='line_1_44' title="bbox 2052 1368 3706 1441; baseline 0.004 -21"><span class='ocrx_word' id='word_1_341' title='bbox 2052 1370 2210 1438; x_wconf 87' lang='lat' dir='ltr'>parte</span> <span class='ocrx_word' id='word_1_342' title='bbox 2240 1369 2377 1422; x_wconf 89' lang='lat' dir='ltr'>bona</span> <span class='ocrx_word' id='word_1_343' title='bbox 2407 1368 2632 1424; x_wconf 82' lang='lat' dir='ltr'>dabitur</span> <span class='ocrx_word' id='word_1_344' title='bbox 2656 1371 2772 1424; x_wconf 89' lang='lat' dir='ltr'>viro</span> <span class='ocrx_word' id='word_1_345' title='bbox 2799 1385 2899 1440; x_wconf 89' lang='lat' dir='ltr'>pro</span> <span class='ocrx_word' id='word_1_346' title='bbox 2932 1370 3084 1424; x_wconf 79' lang='lat' dir='ltr'>bonis</span> <span class='ocrx_word' id='word_1_347' title='bbox 3110 1370 3272 1441; x_wconf 82' lang='lat' dir='ltr'>factis</span> <span class='ocrx_word' id='word_1_348' title='bbox 3304 1369 3488 1439; x_wconf 89' lang='lat' dir='ltr'>(Ibid.,</span> <span class='ocrx_word' id='word_1_349' title='bbox 3521 1373 3598 1435; x_wconf 88' lang='lat'>2.)</span> <span class='ocrx_word' id='word_1_350' title='bbox 3636 1371 3706 1426; x_wconf 90' lang='lat' dir='ltr'>Et</span> 
     </span>
    </p>
   </div>
   <div class='ocr_carea' id='block_1_45' title="bbox 2058 1456 3706 1530">
    <p class='ocr_par' dir='ltr' id='par_1_45' title="bbox 2058 1456 3706 1530">
     <span class='ocr_line' id='line_1_45' title="bbox 2058 1456 3706 1530; baseline 0.004 -22"><span class='ocrx_word' id='word_1_351' title='bbox 2058 1470 2234 1511; x_wconf 88' lang='lat' dir='ltr'>vere:</span> <span class='ocrx_word' id='word_1_352' title='bbox 2270 1456 2588 1511; x_wconf 75' lang='lat' dir='ltr'>Saluabitur</span> <span class='ocrx_word' id='word_1_353' title='bbox 2640 1460 2809 1524; x_wconf 89' lang='lat' dir='ltr'>enim,</span> <span class='ocrx_word' id='word_1_354' title='bbox 2866 1463 3016 1513; x_wconf 65' lang='lat' dir='ltr'>teste</span> <span class='ocrx_word' id='word_1_355' title='bbox 3072 1456 3368 1530; x_wconf 89' lang='lat' dir='ltr'>Apostolo,</span> <span class='ocrx_word' id='word_1_356' title='bbox 3418 1459 3589 1514; x_wconf 79' lang='lat' dir='ltr'>etiam</span> <span class='ocrx_word' id='word_1_357' title='bbox 3620 1460 3706 1514; x_wconf 90' lang='lat' dir='ltr'>vir</span> 
     </span>
    </p>
   </div>
   <div class='ocr_carea' id='block_1_46' title="bbox 2059 1544 3705 1619">
    <p class='ocr_par' dir='ltr' id='par_1_46' title="bbox 2059 1544 3705 1619">
     <span class='ocr_line' id='line_1_46' title="bbox 2059 1544 3705 1619; baseline 0.004 -22"><span class='ocrx_word' id='word_1_358' title='bbox 2059 1544 2301 1614; x_wconf 86' lang='lat' dir='ltr'>inﬁdelis</span> <span class='ocrx_word' id='word_1_359' title='bbox 2323 1561 2424 1614; x_wconf 87' lang='lat' dir='ltr'>per</span> <span class='ocrx_word' id='word_1_360' title='bbox 2445 1546 2732 1601; x_wconf 80' lang='lat' dir='ltr'>mulierem</span> <span class='ocrx_word' id='word_1_361' title='bbox 2761 1547 2974 1616; x_wconf 87' lang='lat' dir='ltr'>ﬁdelem</span> <span class='ocrx_word' id='word_1_362' title='bbox 3002 1548 3048 1619; x_wconf 94' lang='lat' dir='ltr'>(I</span> <span class='ocrx_word' id='word_1_363' title='bbox 3078 1547 3197 1602; x_wconf 89' lang='lat' dir='ltr'>Cor.</span> <span class='ocrx_word' id='word_1_364' title='bbox 3228 1564 3329 1613; x_wconf 83' lang='lat' dir='ltr'>vn,</span> <span class='ocrx_word' id='word_1_365' title='bbox 3364 1547 3451 1603; x_wconf 81' lang='grc'>44.</span> <span class='ocrx_word' id='word_1_366' title='bbox 3492 1547 3705 1604; x_wconf 83' lang='lat' dir='ltr'>Contra</span> 
     </span>
    </p>
   </div>
   <div class='ocr_carea' id='block_1_47' title="bbox 2056 1634 3707 1707">
    <p class='ocr_par' dir='ltr' id='par_1_47' title="bbox 2056 1634 3707 1707">
     <span class='ocr_line' id='line_1_47' title="bbox 2056 1634 3707 1707; baseline 0.004 -22"><span class='ocrx_word' id='word_1_367' title='bbox 2056 1647 2191 1686; x_wconf 90' lang='lat' dir='ltr'>vero</span> <span class='ocrx_word' id='word_1_368' title='bbox 2223 1634 2544 1688; x_wconf 89' lang='lat' dir='ltr'>secundum</span> <span class='ocrx_word' id='word_1_369' title='bbox 2579 1634 2849 1689; x_wconf 89' lang='lat' dir='ltr'>eumdem</span> <span class='ocrx_word' id='word_1_370' title='bbox 2882 1635 2981 1706; x_wconf 93' lang='lat' dir='ltr'>qui</span> <span class='ocrx_word' id='word_1_371' title='bbox 3015 1651 3226 1707; x_wconf 91' lang='lat' dir='ltr'>supra:</span> <span class='ocrx_word' id='word_1_372' title='bbox 3261 1636 3425 1691; x_wconf 89' lang='lat' dir='ltr'>Dolor</span> <span class='ocrx_word' id='word_1_373' title='bbox 3444 1637 3624 1692; x_wconf 87' lang='lat' dir='ltr'>cordis</span> <span class='ocrx_word' id='word_1_374' title='bbox 3653 1642 3707 1693; x_wconf 87' lang='lat' dir='ltr'>et</span> 
     </span>
    </p>
   </div>
   <div class='ocr_carea' id='block_1_48' title="bbox 2056 1719 3705 1797">
    <p class='ocr_par' dir='ltr' id='par_1_48' title="bbox 2056 1719 3705 1797">
     <span class='ocr_line' id='line_1_48' title="bbox 2056 1719 3705 1797; baseline 0.004 -23"><span class='ocrx_word' id='word_1_375' title='bbox 2056 1719 2236 1775; x_wconf 81' lang='lat' dir='ltr'>luctus</span> <span class='ocrx_word' id='word_1_376' title='bbox 2266 1722 2471 1775; x_wconf 84' lang='lat' dir='ltr'>mulier</span> <span class='ocrx_word' id='word_1_377' title='bbox 2517 1722 2764 1795; x_wconf 72' lang='lat' dir='ltr'>zelotypa</span> <span class='ocrx_word' id='word_1_378' title='bbox 2798 1724 2986 1783; x_wconf 83' lang='lat' dir='ltr'>(Eccli.</span> <span class='ocrx_word' id='word_1_379' title='bbox 3019 1740 3171 1790; x_wconf 76' lang='lat' dir='ltr'>xxvr,</span> <span class='ocrx_word' id='word_1_380' title='bbox 3223 1723 3326 1797; x_wconf 84' lang='lat'>8;)</span> <span class='ocrx_word' id='word_1_381' title='bbox 3356 1728 3414 1781; x_wconf 88' lang='lat' dir='ltr'>et</span> <span class='ocrx_word' id='word_1_382' title='bbox 3446 1743 3459 1781; x_wconf 88' lang='lat'><strong>:</strong></span> <span class='ocrx_word' id='word_1_383' title='bbox 3491 1726 3555 1780; x_wconf 86' lang='lat' dir='ltr'>In</span> <span class='ocrx_word' id='word_1_384' title='bbox 3581 1742 3705 1781; x_wconf 90' lang='lat' dir='ltr'>mu-</span> 
     </span>
    </p>
   </div>
   <div class='ocr_carea' id='block_1_49' title="bbox 2056 1808 3711 1887">
    <p class='ocr_par' dir='ltr' id='par_1_49' title="bbox 2056 1808 3711 1887">
     <span class='ocr_line' id='line_1_49' title="bbox 2056 1808 3711 1887; baseline 0.005 -25"><span class='ocrx_word' id='word_1_385' title='bbox 2056 1808 2193 1865; x_wconf 89' lang='lat' dir='ltr'>liere</span> <span class='ocrx_word' id='word_1_386' title='bbox 2234 1810 2483 1882; x_wconf 63' lang='lat' dir='ltr'>zelotypa</span> <span class='ocrx_word' id='word_1_387' title='bbox 2536 1812 2819 1882; x_wconf 82' lang='lat' dir='ltr'>ﬂagellum</span> <span class='ocrx_word' id='word_1_388' title='bbox 2876 1812 3087 1883; x_wconf 58' lang='lat' dir='ltr'>linguae</span> <span class='ocrx_word' id='word_1_389' title='bbox 3117 1812 3297 1884; x_wconf 69' lang='lat' dir='ltr'>(Ibid,</span> <span class='ocrx_word' id='word_1_390' title='bbox 3330 1814 3414 1881; x_wconf 90' lang='lat'>9.)</span> <span class='ocrx_word' id='word_1_391' title='bbox 3439 1812 3711 1887; x_wconf 84' lang='lat' dir='ltr'>Zelotypa</span> 
     </span>
    </p>
   </div>
   <div class='ocr_carea' id='block_1_50' title="bbox 2054 1897 3708 1972">
    <p class='ocr_par' dir='ltr' id='par_1_50' title="bbox 2054 1897 3708 1972">
     <span class='ocr_line' id='line_1_50' title="bbox 2054 1897 3708 1972; baseline 0.005 -22"><span class='ocrx_word' id='word_1_392' title='bbox 2054 1913 2188 1952; x_wconf 86' lang='lat' dir='ltr'>vero</span> <span class='ocrx_word' id='word_1_393' title='bbox 2214 1897 2426 1953; x_wconf 89' lang='lat' dir='ltr'>mulier</span> <span class='ocrx_word' id='word_1_394' title='bbox 2454 1904 2544 1953; x_wconf 90' lang='lat' dir='ltr'>est</span> <span class='ocrx_word' id='word_1_395' title='bbox 2574 1899 2785 1967; x_wconf 85' lang='lat' dir='ltr'>rixosa,</span> <span class='ocrx_word' id='word_1_396' title='bbox 2823 1901 2906 1955; x_wconf 84' lang='lat' dir='ltr'>vel</span> <span class='ocrx_word' id='word_1_397' title='bbox 2941 1918 3010 1956; x_wconf 87' lang='lat' dir='ltr'>ea</span> <span class='ocrx_word' id='word_1_398' title='bbox 3040 1918 3168 1972; x_wconf 62' lang='lat' dir='ltr'>quae</span> <span class='ocrx_word' id='word_1_399' title='bbox 3224 1899 3467 1958; x_wconf 90' lang='lat' dir='ltr'>zelotem</span> <span class='ocrx_word' id='word_1_400' title='bbox 3516 1903 3708 1958; x_wconf 90' lang='lat' dir='ltr'>virum</span> 
     </span>
    </p>
   </div>
   <div class='ocr_carea' id='block_1_51' title="bbox 2054 1985 3708 2060">
    <p class='ocr_par' dir='ltr' id='par_1_51' title="bbox 2054 1985 3708 2060">
     <span class='ocr_line' id='line_1_51' title="bbox 2054 1985 3708 2060; baseline 0.005 -20"><span class='ocrx_word' id='word_1_401' title='bbox 2054 1985 2252 2040; x_wconf 79' lang='lat' dir='ltr'>efﬁcit.</span> <span class='ocrx_word' id='word_1_402' title='bbox 2285 1985 2507 2042; x_wconf 89' lang='lat' dir='ltr'>Zelotcs</span> <span class='ocrx_word' id='word_1_403' title='bbox 2538 1991 2731 2042; x_wconf 85' lang='lat' dir='ltr'>autem</span> <span class='ocrx_word' id='word_1_404' title='bbox 2764 1988 2849 2042; x_wconf 90' lang='lat' dir='ltr'>vir</span> <span class='ocrx_word' id='word_1_405' title='bbox 2869 1992 2975 2051; x_wconf 86' lang='lat' dir='ltr'>est,</span> <span class='ocrx_word' id='word_1_406' title='bbox 3002 1989 3258 2060; x_wconf 91' lang='lat' dir='ltr'>quicum</span> <span class='ocrx_word' id='word_1_407' title='bbox 3276 2006 3417 2045; x_wconf 87' lang='lat' dir='ltr'>cura</span> <span class='ocrx_word' id='word_1_408' title='bbox 3438 1995 3495 2047; x_wconf 90' lang='lat' dir='ltr'>et</span> <span class='ocrx_word' id='word_1_409' title='bbox 3515 1991 3708 2048; x_wconf 89' lang='lat' dir='ltr'>cordis</span> 
     </span>
    </p>
   </div>
   <div class='ocr_carea' id='block_1_52' title="bbox 2055 2072 3709 2135">
    <p class='ocr_par' dir='ltr' id='par_1_52' title="bbox 2055 2072 3709 2135">
     <span class='ocr_line' id='line_1_52' title="bbox 2055 2072 3709 2135; baseline 0.004 -6"><span class='ocrx_word' id='word_1_410' title='bbox 2055 2072 2312 2129; x_wconf 88' lang='lat' dir='ltr'>cruciatu</span> <span class='ocrx_word' id='word_1_411' title='bbox 2348 2075 2677 2132; x_wconf 83' lang='lat' dir='ltr'>castitatem</span> <span class='ocrx_word' id='word_1_412' title='bbox 2710 2076 2968 2132; x_wconf 88' lang='lat' dir='ltr'>custodit</span> <span class='ocrx_word' id='word_1_413' title='bbox 3001 2077 3221 2134; x_wconf 79' lang='lat' dir='ltr'>uxoris.</span> <span class='ocrx_word' id='word_1_414' title='bbox 3257 2078 3419 2135; x_wconf 90' lang='lat' dir='ltr'>Unde</span> <span class='ocrx_word' id='word_1_415' title='bbox 3439 2086 3496 2135; x_wconf 90' lang='lat' dir='ltr'>et</span> <span class='ocrx_word' id='word_1_416' title='bbox 3516 2079 3709 2135; x_wconf 90' lang='lat' dir='ltr'>Domi-</span> 
     </span>
    </p>
   </div>
   <div class='ocr_carea' id='block_1_53' title="bbox 2056 2161 3704 2241">
    <p class='ocr_par' dir='ltr' id='par_1_53' title="bbox 2056 2161 3704 2241">
     <span class='ocr_line' id='line_1_53' title="bbox 2056 2161 3704 2241; baseline 0.005 -25"><span class='ocrx_word' id='word_1_417' title='bbox 2056 2178 2168 2216; x_wconf 92' lang='lat' dir='ltr'>nus</span> <span class='ocrx_word' id='word_1_418' title='bbox 2198 2161 2410 2218; x_wconf 86' lang='lat' dir='ltr'>zelotes</span> <span class='ocrx_word' id='word_1_419' title='bbox 2443 2163 2634 2236; x_wconf 69' lang='lat' dir='ltr'>(Exod.</span> <span class='ocrx_word' id='word_1_420' title='bbox 2665 2182 2853 2221; x_wconf 72' lang='lat' dir='ltr'>xxxrv.</span> <span class='ocrx_word' id='word_1_421' title='bbox 2885 2165 2977 2236; x_wconf 79' lang='grc'>14)</span> <span class='ocrx_word' id='word_1_422' title='bbox 3032 2182 3137 2238; x_wconf 92' lang='lat' dir='ltr'>per</span> <span class='ocrx_word' id='word_1_423' title='bbox 3173 2166 3410 2241; x_wconf 80' lang='lat' dir='ltr'>Moysen</span> <span class='ocrx_word' id='word_1_424' title='bbox 3468 2167 3704 2238; x_wconf 90' lang='lat' dir='ltr'>dicitur,</span> 
     </span>
    </p>
   </div>
   <div class='ocr_carea' id='block_1_54' title="bbox 2056 2250 3710 2326">
    <p class='ocr_par' dir='ltr' id='par_1_54' title="bbox 2056 2250 3710 2326">
     <span class='ocr_line' id='line_1_54' title="bbox 2056 2250 3710 2326; baseline 0.006 -22"><span class='ocrx_word' id='word_1_425' title='bbox 2056 2250 2196 2322; x_wconf 87' lang='lat' dir='ltr'>quia</span> <span class='ocrx_word' id='word_1_426' title='bbox 2220 2250 2391 2306; x_wconf 91' lang='lat' dir='ltr'>sicuti</span> <span class='ocrx_word' id='word_1_427' title='bbox 2425 2253 2674 2308; x_wconf 87' lang='lat' dir='ltr'>maritus</span> <span class='ocrx_word' id='word_1_428' title='bbox 2701 2270 2834 2309; x_wconf 91' lang='lat' dir='ltr'>cum</span> <span class='ocrx_word' id='word_1_429' title='bbox 2869 2252 3008 2310; x_wconf 81' lang='lat' dir='ltr'>cura</span> <span class='ocrx_word' id='word_1_430' title='bbox 3030 2254 3359 2312; x_wconf 86' lang='lat' dir='ltr'>castitatem</span> <span class='ocrx_word' id='word_1_431' title='bbox 3386 2257 3603 2326; x_wconf 85' lang='lat' dir='ltr'>uxoris,</span> <span class='ocrx_word' id='word_1_432' title='bbox 3628 2257 3710 2314; x_wconf 85' lang='lat' dir='ltr'>ita</span> 
     </span>
    </p>
   </div>
   <div class='ocr_carea' id='block_1_55' title="bbox 2056 2338 3709 2417">
    <p class='ocr_par' dir='ltr' id='par_1_55' title="bbox 2056 2338 3709 2417">
     <span class='ocr_line' id='line_1_55' title="bbox 2056 2338 3709 2417; baseline 0.004 -23"><span class='ocrx_word' id='word_1_433' title='bbox 2056 2343 2113 2394; x_wconf 93' lang='lat' dir='ltr'>et</span> <span class='ocrx_word' id='word_1_434' title='bbox 2140 2338 2265 2410; x_wconf 90' lang='lat' dir='ltr'>ipse</span> <span class='ocrx_word' id='word_1_435' title='bbox 2294 2341 2465 2396; x_wconf 90' lang='lat' dir='ltr'>modo</span> <span class='ocrx_word' id='word_1_436' title='bbox 2496 2346 2714 2397; x_wconf 91' lang='lat' dir='ltr'>terrore</span> <span class='ocrx_word' id='word_1_437' title='bbox 2770 2342 3065 2414; x_wconf 84' lang='lat' dir='ltr'>supplicii,</span> <span class='ocrx_word' id='word_1_438' title='bbox 3100 2345 3273 2399; x_wconf 88' lang='lat' dir='ltr'>modo</span> <span class='ocrx_word' id='word_1_439' title='bbox 3318 2345 3709 2417; x_wconf 89' lang='lat' dir='ltr'>promissione</span> 
     </span>
    </p>
   </div>
   <div class='ocr_carea' id='block_1_56' title="bbox 2057 2427 3709 2501">
    <p class='ocr_par' dir='ltr' id='par_1_56' title="bbox 2057 2427 3709 2501">
     <span class='ocr_line' id='line_1_56' title="bbox 2057 2427 3709 2501; baseline 0.005 -21"><span class='ocrx_word' id='word_1_440' title='bbox 2057 2427 2219 2499; x_wconf 80' lang='lat' dir='ltr'>regni</span> <span class='ocrx_word' id='word_1_441' title='bbox 2275 2444 2402 2495; x_wconf 92' lang='lat' dir='ltr'>nos,</span> <span class='ocrx_word' id='word_1_442' title='bbox 2458 2445 2530 2484; x_wconf 90' lang='lat' dir='ltr'>ne</span> <span class='ocrx_word' id='word_1_443' title='bbox 2589 2430 2662 2483; x_wconf 89' lang='lat' dir='ltr'>ab</span> <span class='ocrx_word' id='word_1_444' title='bbox 2704 2429 2831 2501; x_wconf 89' lang='lat' dir='ltr'>ipso</span> <span class='ocrx_word' id='word_1_445' title='bbox 2894 2430 3267 2499; x_wconf 79' lang='lat' dir='ltr'>fornicamur,</span> <span class='ocrx_word' id='word_1_446' title='bbox 3327 2433 3709 2489; x_wconf 89' lang='lat' dir='ltr'>custodiendo</span> 
     </span>
    </p>
   </div>
   <div class='ocr_carea' id='block_1_57' title="bbox 2060 2514 3713 2589">
    <p class='ocr_par' dir='ltr' id='par_1_57' title="bbox 2060 2514 3713 2589">
     <span class='ocr_line' id='line_1_57' title="bbox 2060 2514 3713 2589; baseline 0.005 -20"><span class='ocrx_word' id='word_1_447' title='bbox 2060 2514 2386 2588; x_wconf 87' lang='lat' dir='ltr'>restringit.</span> <span class='ocrx_word' id='word_1_448' title='bbox 2418 2514 2680 2588; x_wconf 89' lang='lat' dir='ltr'>Itemque</span> <span class='ocrx_word' id='word_1_449' title='bbox 2713 2534 2727 2571; x_wconf 90' lang='lat'><strong>:</strong></span> <span class='ocrx_word' id='word_1_450' title='bbox 2760 2518 2956 2573; x_wconf 80' lang='lat' dir='ltr'>Mulier</span> <span class='ocrx_word' id='word_1_451' title='bbox 3001 2521 3189 2573; x_wconf 69' lang='lat' dir='ltr'>rimosa</span> <span class='ocrx_word' id='word_1_452' title='bbox 3244 2522 3333 2574; x_wconf 90' lang='lat' dir='ltr'>ira</span> <span class='ocrx_word' id='word_1_453' title='bbox 3376 2537 3629 2589; x_wconf 89' lang='lat' dir='ltr'>magna:</span> <span class='ocrx_word' id='word_1_454' title='bbox 3659 2526 3713 2577; x_wconf 88' lang='lat' dir='ltr'>et</span> 
     </span>
    </p>
   </div>
   <div class='ocr_carea' id='block_1_58' title="bbox 2058 2604 3714 2680">
    <p class='ocr_par' dir='ltr' id='par_1_58' title="bbox 2058 2604 3714 2680">
     <span class='ocr_line' id='line_1_58' title="bbox 2058 2604 3714 2680; baseline 0.004 -22"><span class='ocrx_word' id='word_1_455' title='bbox 2058 2604 2414 2673; x_wconf 81' lang='lat' dir='ltr'>contumelia,</span> <span class='ocrx_word' id='word_1_456' title='bbox 2448 2612 2498 2659; x_wconf 90' lang='lat' dir='ltr'>et</span> <span class='ocrx_word' id='word_1_457' title='bbox 2549 2606 2829 2677; x_wconf 84' lang='lat' dir='ltr'>turpitudo</span> <span class='ocrx_word' id='word_1_458' title='bbox 2883 2606 3037 2662; x_wconf 87' lang='lat' dir='ltr'>ilttus</span> <span class='ocrx_word' id='word_1_459' title='bbox 3089 2623 3203 2662; x_wconf 89' lang='lat' dir='ltr'>non</span> <span class='ocrx_word' id='word_1_460' title='bbox 3248 2615 3488 2680; x_wconf 79' lang='lat' dir='ltr'>legetur;</span> <span class='ocrx_word' id='word_1_461' title='bbox 3527 2611 3714 2679; x_wconf 85' lang='lat' dir='ltr'>gratia</span> 
     </span>
    </p>
   </div>
   <div class='ocr_carea' id='block_1_59' title="bbox 2056 2695 3713 2770">
    <p class='ocr_par' dir='ltr' id='par_1_59' title="bbox 2056 2695 3713 2770">
     <span class='ocr_line' id='line_1_59' title="bbox 2056 2695 3713 2770; baseline 0.004 -22"><span class='ocrx_word' id='word_1_462' title='bbox 2056 2708 2182 2748; x_wconf 84' lang='lat' dir='ltr'>vero</span> <span class='ocrx_word' id='word_1_463' title='bbox 2210 2707 2373 2763; x_wconf 87' lang='lat' dir='ltr'>super</span> <span class='ocrx_word' id='word_1_464' title='bbox 2407 2696 2647 2763; x_wconf 85' lang='lat' dir='ltr'>gratiam</span> <span class='ocrx_word' id='word_1_465' title='bbox 2700 2695 2906 2750; x_wconf 88' lang='lat' dir='ltr'>mulier</span> <span class='ocrx_word' id='word_1_466' title='bbox 2967 2695 3066 2752; x_wconf 75' lang='lat'>58</span> <span class='ocrx_word' id='word_1_467' title='bbox 3096 2700 3288 2753; x_wconf 85' lang='lat' dir='ltr'>sancta</span> <span class='ocrx_word' id='word_1_468' title='bbox 3343 2701 3396 2753; x_wconf 88' lang='lat' dir='ltr'>et</span> <span class='ocrx_word' id='word_1_469' title='bbox 3439 2698 3713 2770; x_wconf 85' lang='lat' dir='ltr'>pudorata</span> 
     </span>
    </p>
   </div>
   <div class='ocr_carea' id='block_1_60' title="bbox 2061 2782 3714 2858">
    <p class='ocr_par' dir='ltr' id='par_1_60' title="bbox 2061 2782 3714 2858">
     <span class='ocr_line' id='line_1_60' title="bbox 2061 2782 3714 2858; baseline 0.006 -23"><span class='ocrx_word' id='word_1_470' title='bbox 2061 2782 2248 2847; x_wconf 83' lang='lat' dir='ltr'>(Eccli.</span> <span class='ocrx_word' id='word_1_471' title='bbox 2281 2798 2433 2847; x_wconf 76' lang='lat' dir='ltr'>xxvr,</span> <span class='ocrx_word' id='word_1_472' title='bbox 2467 2783 2577 2852; x_wconf 86' lang='grc'><strong>11.)</strong></span> <span class='ocrx_word' id='word_1_473' title='bbox 2606 2783 2917 2856; x_wconf 89' lang='lat' dir='ltr'>Apostolus</span> <span class='ocrx_word' id='word_1_474' title='bbox 2948 2800 3181 2858; x_wconf 89' lang='lat' dir='ltr'>quoque</span> <span class='ocrx_word' id='word_1_475' title='bbox 3206 2786 3403 2843; x_wconf 89' lang='lat' dir='ltr'>Titum</span> <span class='ocrx_word' id='word_1_476' title='bbox 3436 2788 3508 2844; x_wconf 91' lang='lat' dir='ltr'>de</span> <span class='ocrx_word' id='word_1_477' title='bbox 3537 2788 3714 2845; x_wconf 90' lang='lat' dir='ltr'>rebus</span> 
     </span>
    </p>
   </div>
   <div class='ocr_carea' id='block_1_61' title="bbox 2060 2868 3715 2948">
    <p class='ocr_par' dir='ltr' id='par_1_61' title="bbox 2060 2868 3715 2948">
     <span class='ocr_line' id='line_1_61' title="bbox 2060 2868 3715 2948; baseline 0.005 -22"><span class='ocrx_word' id='word_1_478' title='bbox 2060 2868 2866 2941; x_wconf 88' lang='lat' dir='ltr'>ecclesiasticisinstruens,te</span> <span class='ocrx_word' id='word_1_479' title='bbox 2889 2891 3120 2948; x_wconf 91' lang='lat' dir='ltr'>quoque</span> <span class='ocrx_word' id='word_1_480' title='bbox 3143 2876 3436 2948; x_wconf 90' lang='lat' dir='ltr'>quomodo</span> <span class='ocrx_word' id='word_1_481' title='bbox 3459 2893 3715 2935; x_wconf 90' lang='lat' dir='ltr'>commo-</span> 
     </span>
    </p>
   </div>
   <div class='ocr_carea' id='block_1_62' title="bbox 2061 2958 3709 3041">
    <p class='ocr_par' dir='ltr' id='par_1_62' title="bbox 2061 2958 3709 3041">
     <span class='ocr_line' id='line_1_62' title="bbox 2061 2958 3709 3041; baseline 0.006 -27"><span class='ocrx_word' id='word_1_482' title='bbox 2061 2958 2331 3026; x_wconf 85' lang='lat' dir='ltr'>nefaciat,</span> <span class='ocrx_word' id='word_1_483' title='bbox 2364 2960 2550 3028; x_wconf 90' lang='lat' dir='ltr'>docet,</span> <span class='ocrx_word' id='word_1_484' title='bbox 2584 2960 2830 3018; x_wconf 88' lang='lat' dir='ltr'>dicendo</span> <span class='ocrx_word' id='word_1_485' title='bbox 2859 2962 3012 3019; x_wconf 91' lang='lat' dir='ltr'>inter</span> <span class='ocrx_word' id='word_1_486' title='bbox 3041 2968 3246 3020; x_wconf 59' lang='lat' dir='ltr'>cratera</span> <span class='ocrx_word' id='word_1_487' title='bbox 3278 2981 3291 3020; x_wconf 89' lang='lat'><strong>:</strong></span> <span class='ocrx_word' id='word_1_488' title='bbox 3323 2969 3563 3039; x_wconf 85' lang='lat' dir='ltr'>Loquere</span> <span class='ocrx_word' id='word_1_489' title='bbox 3591 2984 3709 3041; x_wconf 55' lang='lat' dir='ltr'>qua</span> 
     </span>
    </p>
   </div>
   <div class='ocr_carea' id='block_1_63' title="bbox 2060 3048 3709 3127">
    <p class='ocr_par' dir='ltr' id='par_1_63' title="bbox 2060 3048 3709 3127">
     <span class='ocr_line' id='line_1_63' title="bbox 2060 3048 3709 3127; baseline 0.006 -24"><span class='ocrx_word' id='word_1_490' title='bbox 2060 3048 2246 3104; x_wconf 88' lang='lat' dir='ltr'>decent</span> <span class='ocrx_word' id='word_1_491' title='bbox 2268 3065 2462 3104; x_wconf 86' lang='lat' dir='ltr'>sanam</span> <span class='ocrx_word' id='word_1_492' title='bbox 2490 3050 2814 3120; x_wconf 85' lang='lat' dir='ltr'>doctrinam,</span> <span class='ocrx_word' id='word_1_493' title='bbox 2841 3068 2990 3109; x_wconf 87' lang='lat' dir='ltr'>senes</span> <span class='ocrx_word' id='word_1_494' title='bbox 3018 3060 3081 3109; x_wconf 87' lang='lat' dir='ltr'>ut</span> <span class='ocrx_word' id='word_1_495' title='bbox 3106 3054 3284 3110; x_wconf 87' lang='lat' dir='ltr'>sobrii</span> <span class='ocrx_word' id='word_1_496' title='bbox 3309 3056 3442 3125; x_wconf 88' lang='lat' dir='ltr'>sint,</span> <span class='ocrx_word' id='word_1_497' title='bbox 3473 3057 3709 3127; x_wconf 86' lang='lat' dir='ltr'>pudici,</span> 
     </span>
    </p>
   </div>
   <div class='ocr_carea' id='block_1_64' title="bbox 2055 3138 3708 3229">
    <p class='ocr_par' dir='ltr' id='par_1_64' title="bbox 2055 3138 3708 3229">
     <span class='ocr_line' id='line_1_64' title="bbox 2055 3138 3708 3229; baseline 0.005 -37"><span class='ocrx_word' id='word_1_498' title='bbox 2055 3138 2533 3209; x_wconf 72' lang='lat' dir='ltr'>prudentes,-sani</span> <span class='ocrx_word' id='word_1_499' title='bbox 2574 3140 2633 3194; x_wconf 89' lang='lat' dir='ltr'>in</span> <span class='ocrx_word' id='word_1_500' title='bbox 2660 3140 2785 3209; x_wconf 88' lang='lat' dir='ltr'>ﬁde,</span> <span class='ocrx_word' id='word_1_501' title='bbox 2835 3142 2893 3196; x_wconf 90' lang='lat' dir='ltr'>in</span> <span class='ocrx_word' id='word_1_502' title='bbox 2948 3141 3254 3210; x_wconf 85' lang='lat' dir='ltr'>dilectione,</span> <span class='ocrx_word' id='word_1_503' title='bbox 3309 3145 3368 3198; x_wconf 90' lang='lat' dir='ltr'>in</span> <span class='ocrx_word' id='word_1_504' title='bbox 3419 3146 3708 3229; x_wconf 52' lang='lat' dir='ltr'>patientia.</span> 
     </span>
    </p>
   </div>
   <div class='ocr_carea' id='block_1_65' title="bbox 303 3210 3709 3309">
    <p class='ocr_par' dir='ltr' id='par_1_65' title="bbox 303 3210 3709 3309">
     <span class='ocr_line' id='line_1_65' title="bbox 303 3210 3709 3309; baseline 0.001 -22"><span class='ocrx_word' id='word_1_505' title='bbox 303 3239 399 3293; x_wconf 83' lang='lat' dir='ltr'>ter</span> <span class='ocrx_word' id='word_1_506' title='bbox 425 3232 829 3306; x_wconf 88' lang='lat' dir='ltr'>accipiendum</span> <span class='ocrx_word' id='word_1_507' title='bbox 857 3250 868 3300; x_wconf 89' lang='lat'>;</span> <span class='ocrx_word' id='word_1_508' title='bbox 896 3210 995 3287; x_wconf 83' lang='lat' dir='ltr'>sed</span> <span class='ocrx_word' id='word_1_509' title='bbox 1018 3232 1331 3289; x_wconf 91' lang='lat' dir='ltr'>dicendum</span> <span class='ocrx_word' id='word_1_510' title='bbox 1355 3234 1490 3305; x_wconf 88' lang='lat' dir='ltr'>quia</span> <span class='ocrx_word' id='word_1_511' title='bbox 1511 3238 1568 3289; x_wconf 89' lang='lat' dir='ltr'>et</span> <span class='ocrx_word' id='word_1_512' title='bbox 1586 3233 1645 3289; x_wconf 92' lang='lat' dir='ltr'>in</span> <span class='ocrx_word' id='word_1_513' title='bbox 1668 3235 1954 3309; x_wconf 85' lang='lat' dir='ltr'>principio</span> <span class='ocrx_word' id='word_1_514' title='bbox 1986 3210 2028 3278; x_wconf 83' lang='lat' dir='ltr'>C</span> <span class='ocrx_word' id='word_1_515' title='bbox 2065 3226 2217 3282; x_wconf 86' lang='lat' dir='ltr'>Anus</span> <span class='ocrx_word' id='word_1_516' title='bbox 2243 3227 2502 3283; x_wconf 86' lang='lat' dir='ltr'>similiter</span> <span class='ocrx_word' id='word_1_517' title='bbox 2530 3230 2592 3283; x_wconf 87' lang='lat' dir='ltr'>in</span> <span class='ocrx_word' id='word_1_518' title='bbox 2641 3230 2835 3286; x_wconf 87' lang='lat' dir='ltr'>habitu</span> <span class='ocrx_word' id='word_1_519' title='bbox 2886 3239 3093 3299; x_wconf 88' lang='lat' dir='ltr'>sancto,</span> <span class='ocrx_word' id='word_1_520' title='bbox 3135 3247 3247 3287; x_wconf 87' lang='lat' dir='ltr'>non</span> <span class='ocrx_word' id='word_1_521' title='bbox 3283 3210 3709 3305; x_wconf 47' lang='lat' dir='ltr'>criminatin&#39;ces,</span> 
     </span>
    </p>
   </div>
   <div class='ocr_carea' id='block_1_66' title="bbox 307 3320 1961 3396">
    <p class='ocr_par' dir='ltr' id='par_1_66' title="bbox 307 3320 1961 3396">
     <span class='ocr_line' id='line_1_66' title="bbox 307 3320 1961 3396; baseline 0.001 -16"><span class='ocrx_word' id='word_1_522' title='bbox 307 3324 429 3380; x_wconf 91' lang='lat' dir='ltr'>duo</span> <span class='ocrx_word' id='word_1_523' title='bbox 460 3323 717 3389; x_wconf 83' lang='lat' dir='ltr'>fuerunt,</span> <span class='ocrx_word' id='word_1_524' title='bbox 745 3320 885 3393; x_wconf 85' lang='lat' dir='ltr'>quia</span> <span class='ocrx_word' id='word_1_525' title='bbox 915 3338 1099 3377; x_wconf 90' lang='lat' dir='ltr'>unum</span> <span class='ocrx_word' id='word_1_526' title='bbox 1131 3321 1297 3393; x_wconf 88' lang='lat' dir='ltr'>quasi</span> <span class='ocrx_word' id='word_1_527' title='bbox 1321 3339 1532 3396; x_wconf 88' lang='lat' dir='ltr'>corpus</span> <span class='ocrx_word' id='word_1_528' title='bbox 1564 3323 1811 3380; x_wconf 91' lang='lat' dir='ltr'>invicem</span> <span class='ocrx_word' id='word_1_529' title='bbox 1844 3326 1961 3382; x_wconf 83' lang='lat' dir='ltr'>fue-</span> 
     </span>
    </p>
   </div>
   <div class='ocr_carea' id='block_1_67' title="bbox 310 3409 1959 3482">
    <p class='ocr_par' dir='ltr' id='par_1_67' title="bbox 310 3409 1959 3482">
     <span class='ocr_line' id='line_1_67' title="bbox 310 3409 1959 3482; baseline 0.001 -13"><span class='ocrx_word' id='word_1_530' title='bbox 310 3416 477 3478; x_wconf 90' lang='lat' dir='ltr'>runt,</span> <span class='ocrx_word' id='word_1_531' title='bbox 508 3410 633 3482; x_wconf 89' lang='lat' dir='ltr'>ipse</span> <span class='ocrx_word' id='word_1_532' title='bbox 657 3409 717 3464; x_wconf 92' lang='lat' dir='ltr'>in</span> <span class='ocrx_word' id='word_1_533' title='bbox 749 3426 817 3465; x_wconf 88' lang='lat' dir='ltr'>ea</span> <span class='ocrx_word' id='word_1_534' title='bbox 842 3413 1022 3476; x_wconf 86' lang='lat' dir='ltr'>costa,</span> <span class='ocrx_word' id='word_1_535' title='bbox 1057 3427 1183 3481; x_wconf 73' lang='lat' dir='ltr'>qua:</span> <span class='ocrx_word' id='word_1_536' title='bbox 1206 3411 1464 3467; x_wconf 83' lang='lat' dir='ltr'>detracta</span> <span class='ocrx_word' id='word_1_537' title='bbox 1493 3416 1581 3469; x_wconf 90' lang='lat' dir='ltr'>est</span> <span class='ocrx_word' id='word_1_538' title='bbox 1604 3412 1736 3481; x_wconf 89' lang='lat' dir='ltr'>sibi,</span> <span class='ocrx_word' id='word_1_539' title='bbox 1772 3411 1873 3470; x_wconf 90' lang='lat' dir='ltr'>illa</span> <span class='ocrx_word' id='word_1_540' title='bbox 1899 3415 1959 3471; x_wconf 80' lang='lat' dir='ltr'>in</span> 
     </span>
    </p>
   </div>
   <div class='ocr_carea' id='block_1_68' title="bbox 311 3498 1957 3574">
    <p class='ocr_par' dir='ltr' id='par_1_68' title="bbox 311 3498 1957 3574">
     <span class='ocr_line' id='line_1_68' title="bbox 311 3498 1957 3574; baseline 0.002 -18"><span class='ocrx_word' id='word_1_541' title='bbox 311 3500 445 3574; x_wconf 89' lang='lat' dir='ltr'>ipso</span> <span class='ocrx_word' id='word_1_542' title='bbox 474 3503 663 3556; x_wconf 88' lang='lat' dir='ltr'>totum</span> <span class='ocrx_word' id='word_1_543' title='bbox 693 3514 905 3569; x_wconf 88' lang='lat' dir='ltr'>corpus</span> <span class='ocrx_word' id='word_1_544' title='bbox 944 3498 1187 3566; x_wconf 90' lang='lat' dir='ltr'>habens,</span> <span class='ocrx_word' id='word_1_545' title='bbox 1216 3517 1284 3554; x_wconf 83' lang='lat' dir='ltr'>ex</span> <span class='ocrx_word' id='word_1_546' title='bbox 1341 3517 1457 3572; x_wconf 92' lang='lat' dir='ltr'>quo</span> <span class='ocrx_word' id='word_1_547' title='bbox 1488 3505 1651 3557; x_wconf 91' lang='lat' dir='ltr'>costa</span> <span class='ocrx_word' id='word_1_548' title='bbox 1680 3502 1957 3572; x_wconf 87' lang='lat' dir='ltr'>detracta,</span> 
     </span>
    </p>
   </div>
   <div class='ocr_carea' id='block_1_69' title="bbox 313 3586 1960 3648">
    <p class='ocr_par' dir='ltr' id='par_1_69' title="bbox 313 3586 1960 3648">
     <span class='ocr_line' id='line_1_69' title="bbox 313 3586 1960 3648; baseline 0.002 -3"><span class='ocrx_word' id='word_1_549' title='bbox 313 3592 515 3645; x_wconf 89' lang='lat' dir='ltr'>creata</span> <span class='ocrx_word' id='word_1_550' title='bbox 541 3590 629 3644; x_wconf 90' lang='lat' dir='ltr'>est</span> <span class='ocrx_word' id='word_1_551' title='bbox 657 3586 764 3642; x_wconf 90' lang='lat' dir='ltr'>illi.</span> <span class='ocrx_word' id='word_1_552' title='bbox 788 3586 1071 3643; x_wconf 91' lang='lat' dir='ltr'>Similiter</span> <span class='ocrx_word' id='word_1_553' title='bbox 1094 3592 1149 3643; x_wconf 89' lang='lat' dir='ltr'>et</span> <span class='ocrx_word' id='word_1_554' title='bbox 1181 3587 1446 3645; x_wconf 87' lang='lat' dir='ltr'>Christus</span> <span class='ocrx_word' id='word_1_555' title='bbox 1479 3606 1663 3645; x_wconf 89' lang='lat' dir='ltr'>unum</span> <span class='ocrx_word' id='word_1_556' title='bbox 1704 3595 1794 3646; x_wconf 90' lang='lat' dir='ltr'>est</span> <span class='ocrx_word' id='word_1_557' title='bbox 1824 3608 1960 3648; x_wconf 91' lang='lat' dir='ltr'>cum</span> 
     </span>
    </p>
   </div>
   <div class='ocr_carea' id='block_1_70' title="bbox 310 3675 1958 3747">
    <p class='ocr_par' dir='ltr' id='par_1_70' title="bbox 310 3675 1958 3747">
     <span class='ocr_line' id='line_1_70' title="bbox 310 3675 1958 3747; baseline 0.001 -14"><span class='ocrx_word' id='word_1_558' title='bbox 310 3676 597 3743; x_wconf 88' lang='lat' dir='ltr'>Ecclesia,</span> <span class='ocrx_word' id='word_1_559' title='bbox 630 3675 690 3730; x_wconf 92' lang='lat' dir='ltr'>in</span> <span class='ocrx_word' id='word_1_560' title='bbox 723 3679 1010 3747; x_wconf 87' lang='lat' dir='ltr'>quantum</span> <span class='ocrx_word' id='word_1_561' title='bbox 1042 3680 1219 3747; x_wconf 89' lang='lat' dir='ltr'>caput</span> <span class='ocrx_word' id='word_1_562' title='bbox 1248 3677 1511 3747; x_wconf 87' lang='lat' dir='ltr'>ejusdem</span> <span class='ocrx_word' id='word_1_563' title='bbox 1543 3682 1632 3733; x_wconf 89' lang='lat' dir='ltr'>est</span> <span class='ocrx_word' id='word_1_564' title='bbox 1668 3678 1958 3747; x_wconf 81' lang='lat' dir='ltr'>Ecclesiae,</span> 
     </span>
    </p>
   </div>
   <div class='ocr_carea' id='block_1_71' title="bbox 310 3762 1957 3837">
    <p class='ocr_par' dir='ltr' id='par_1_71' title="bbox 310 3762 1957 3837">
     <span class='ocr_line' id='line_1_71' title="bbox 310 3762 1957 3837; baseline 0.002 -15"><span class='ocrx_word' id='word_1_565' title='bbox 310 3765 470 3824; x_wconf 88' lang='lat' dir='ltr'>sicut</span> <span class='ocrx_word' id='word_1_566' title='bbox 497 3764 624 3837; x_wconf 90' lang='lat' dir='ltr'>ipse</span> <span class='ocrx_word' id='word_1_567' title='bbox 654 3781 888 3837; x_wconf 90' lang='lat' dir='ltr'>quoque</span> <span class='ocrx_word' id='word_1_568' title='bbox 918 3762 978 3819; x_wconf 91' lang='lat' dir='ltr'>in</span> <span class='ocrx_word' id='word_1_569' title='bbox 1024 3764 1334 3837; x_wconf 80' lang='lat' dir='ltr'>Evangelia</span> <span class='ocrx_word' id='word_1_570' title='bbox 1392 3770 1661 3835; x_wconf 88' lang='lat' dir='ltr'>testatur,</span> <span class='ocrx_word' id='word_1_571' title='bbox 1712 3767 1912 3824; x_wconf 89' lang='lat' dir='ltr'>dicens</span> <span class='ocrx_word' id='word_1_572' title='bbox 1944 3788 1957 3826; x_wconf 88' lang='lat'><strong>:</strong></span> 
     </span>
    </p>
   </div>
   <div class='ocr_carea' id='block_1_72' title="bbox 308 3853 1960 3926">
    <p class='ocr_par' dir='ltr' id='par_1_72' title="bbox 308 3853 1960 3926">
     <span class='ocr_line' id='line_1_72' title="bbox 308 3853 1960 3926; baseline 0.001 -14"><span class='ocrx_word' id='word_1_573' title='bbox 308 3856 480 3912; x_wconf 83' lang='lat' dir='ltr'>Nemo</span> <span class='ocrx_word' id='word_1_574' title='bbox 508 3853 751 3910; x_wconf 84' lang='lat' dir='ltr'>ascendit</span> <span class='ocrx_word' id='word_1_575' title='bbox 778 3856 834 3908; x_wconf 89' lang='lat' dir='ltr'>in</span> <span class='ocrx_word' id='word_1_576' title='bbox 867 3853 1082 3920; x_wconf 72' lang='lat' dir='ltr'>caelum,</span> <span class='ocrx_word' id='word_1_577' title='bbox 1114 3854 1231 3909; x_wconf 85' lang='lat' dir='ltr'>nisi</span> <span class='ocrx_word' id='word_1_578' title='bbox 1252 3856 1351 3925; x_wconf 87' lang='lat' dir='ltr'>qui</span> <span class='ocrx_word' id='word_1_579' title='bbox 1396 3854 1668 3911; x_wconf 86' lang='lat' dir='ltr'>descendit</span> <span class='ocrx_word' id='word_1_580' title='bbox 1713 3856 1781 3912; x_wconf 89' lang='lat' dir='ltr'>de</span> <span class='ocrx_word' id='word_1_581' title='bbox 1807 3858 1960 3926; x_wconf 77' lang='lat' dir='ltr'>ctelo,</span> 
     </span>
    </p>
   </div>
   <div class='ocr_carea' id='block_1_73' title="bbox 306 3943 1960 4018">
    <p class='ocr_par' dir='ltr' id='par_1_73' title="bbox 306 3943 1960 4018">
     <span class='ocr_line' id='line_1_73' title="bbox 306 3943 1960 4018; baseline 0.002 -18"><span class='ocrx_word' id='word_1_582' title='bbox 306 3944 489 4016; x_wconf 79' lang='lat' dir='ltr'>Filius</span> <span class='ocrx_word' id='word_1_583' title='bbox 520 3943 762 4012; x_wconf 88' lang='lat' dir='ltr'>honinis,</span> <span class='ocrx_word' id='word_1_584' title='bbox 790 3944 887 4016; x_wconf 89' lang='lat' dir='ltr'>qui</span> <span class='ocrx_word' id='word_1_585' title='bbox 913 3946 993 3998; x_wconf 89' lang='lat' dir='ltr'>est</span> <span class='ocrx_word' id='word_1_586' title='bbox 1024 3943 1085 3997; x_wconf 90' lang='lat' dir='ltr'>in</span> <span class='ocrx_word' id='word_1_587' title='bbox 1107 3946 1240 3998; x_wconf 75' lang='lat' dir='ltr'>cazto</span> <span class='ocrx_word' id='word_1_588' title='bbox 1271 3944 1453 4015; x_wconf 86' lang='lat' dir='ltr'>(Joan.</span> <span class='ocrx_word' id='word_1_589' title='bbox 1489 3960 1570 4009; x_wconf 83' lang='lat' dir='ltr'>III,</span> <span class='ocrx_word' id='word_1_590' title='bbox 1634 3945 1748 4018; x_wconf 86' lang='grc'><strong>13.)</strong></span> <span class='ocrx_word' id='word_1_591' title='bbox 1781 3947 1960 4014; x_wconf 84' lang='lat' dir='ltr'>Quasi</span> 
     </span>
    </p>
   </div>
   <div class='ocr_carea' id='block_1_74' title="bbox 311 4031 1955 4107">
    <p class='ocr_par' dir='ltr' id='par_1_74' title="bbox 311 4031 1955 4107">
     <span class='ocr_line' id='line_1_74' title="bbox 311 4031 1955 4107; baseline 0.004 -20"><span class='ocrx_word' id='word_1_592' title='bbox 311 4032 577 4100; x_wconf 83' lang='lat' dir='ltr'>dixisset,</span> <span class='ocrx_word' id='word_1_593' title='bbox 609 4032 804 4105; x_wconf 89' lang='lat' dir='ltr'>aptius</span> <span class='ocrx_word' id='word_1_594' title='bbox 836 4047 1006 4087; x_wconf 92' lang='lat' dir='ltr'>nemo</span> <span class='ocrx_word' id='word_1_595' title='bbox 1037 4031 1279 4088; x_wconf 89' lang='lat' dir='ltr'>intrabit</span> <span class='ocrx_word' id='word_1_596' title='bbox 1300 4032 1360 4087; x_wconf 91' lang='lat' dir='ltr'>in</span> <span class='ocrx_word' id='word_1_597' title='bbox 1392 4050 1635 4107; x_wconf 86' lang='lat' dir='ltr'>regnum</span> <span class='ocrx_word' id='word_1_598' title='bbox 1658 4034 1955 4106; x_wconf 75' lang='lat' dir='ltr'>cmlorum,</span> 
     </span>
    </p>
   </div>
   <div class='ocr_carea' id='block_1_75' title="bbox 308 4119 1958 4195">
    <p class='ocr_par' dir='ltr' id='par_1_75' title="bbox 308 4119 1958 4195">
     <span class='ocr_line' id='line_1_75' title="bbox 308 4119 1958 4195; baseline 0.002 -18"><span class='ocrx_word' id='word_1_599' title='bbox 308 4120 661 4187; x_wconf 87' lang='lat' dir='ltr'>nisiunitus,</span> <span class='ocrx_word' id='word_1_600' title='bbox 675 4125 732 4176; x_wconf 90' lang='lat' dir='ltr'>et</span> <span class='ocrx_word' id='word_1_601' title='bbox 753 4119 922 4193; x_wconf 91' lang='lat' dir='ltr'>quasi</span> <span class='ocrx_word' id='word_1_602' title='bbox 943 4125 1396 4193; x_wconf 90' lang='lat' dir='ltr'>concorporatus</span> <span class='ocrx_word' id='word_1_603' title='bbox 1408 4122 1589 4195; x_wconf 82' lang='lat' dir='ltr'>ei,qui</span> <span class='ocrx_word' id='word_1_604' title='bbox 1611 4123 1694 4180; x_wconf 91' lang='lat' dir='ltr'>sic</span> <span class='ocrx_word' id='word_1_605' title='bbox 1716 4124 1958 4183; x_wconf 90' lang='lat' dir='ltr'>descen-</span> 
     </span>
    </p>
   </div>
   <div class='ocr_carea' id='block_1_76' title="bbox 306 4209 1958 4287">
    <p class='ocr_par' dir='ltr' id='par_1_76' title="bbox 306 4209 1958 4287">
     <span class='ocr_line' id='line_1_76' title="bbox 306 4209 1958 4287; baseline 0.001 -20"><span class='ocrx_word' id='word_1_606' title='bbox 306 4211 401 4267; x_wconf 89' lang='lat' dir='ltr'>dit</span> <span class='ocrx_word' id='word_1_607' title='bbox 428 4210 604 4266; x_wconf 89' lang='lat' dir='ltr'>homo</span> <span class='ocrx_word' id='word_1_608' title='bbox 636 4209 825 4265; x_wconf 88' lang='lat' dir='ltr'>factus</span> <span class='ocrx_word' id='word_1_609' title='bbox 855 4210 927 4265; x_wconf 92' lang='lat' dir='ltr'>de</span> <span class='ocrx_word' id='word_1_610' title='bbox 957 4209 1125 4287; x_wconf 68' lang='lat' dir='ltr'>cmlo,</span> <span class='ocrx_word' id='word_1_611' title='bbox 1173 4213 1235 4265; x_wconf 92' lang='lat' dir='ltr'>ut</span> <span class='ocrx_word' id='word_1_612' title='bbox 1268 4227 1370 4282; x_wconf 91' lang='lat' dir='ltr'>per</span> <span class='ocrx_word' id='word_1_613' title='bbox 1398 4210 1723 4268; x_wconf 90' lang='lat' dir='ltr'>divinitatis</span> <span class='ocrx_word' id='word_1_614' title='bbox 1753 4219 1958 4286; x_wconf 89' lang='lat' dir='ltr'>poten-</span> 
     </span>
    </p>
   </div>
   <div class='ocr_carea' id='block_1_77' title="bbox 303 4297 1957 4372">
    <p class='ocr_par' dir='ltr' id='par_1_77' title="bbox 303 4297 1957 4372">
     <span class='ocr_line' id='line_1_77' title="bbox 303 4297 1957 4372; baseline 0.002 -16"><span class='ocrx_word' id='word_1_615' title='bbox 303 4299 456 4356; x_wconf 85' lang='lat' dir='ltr'>tiam</span> <span class='ocrx_word' id='word_1_616' title='bbox 488 4298 566 4355; x_wconf 91' lang='lat' dir='ltr'>sit</span> <span class='ocrx_word' id='word_1_617' title='bbox 594 4298 654 4354; x_wconf 91' lang='lat' dir='ltr'>in</span> <span class='ocrx_word' id='word_1_618' title='bbox 689 4297 853 4367; x_wconf 87' lang='lat' dir='ltr'>coelo,</span> <span class='ocrx_word' id='word_1_619' title='bbox 885 4303 1100 4355; x_wconf 89' lang='lat' dir='ltr'>terram</span> <span class='ocrx_word' id='word_1_620' title='bbox 1151 4298 1372 4355; x_wconf 91' lang='lat' dir='ltr'>scilicet</span> <span class='ocrx_word' id='word_1_621' title='bbox 1419 4300 1720 4372; x_wconf 89' lang='lat' dir='ltr'>complens</span> <span class='ocrx_word' id='word_1_622' title='bbox 1754 4306 1811 4357; x_wconf 90' lang='lat' dir='ltr'>et</span> <span class='ocrx_word' id='word_1_623' title='bbox 1839 4319 1957 4359; x_wconf 82' lang='lat' dir='ltr'>cce-</span> 
     </span>
    </p>
   </div>
   <div class='ocr_carea' id='block_1_78' title="bbox 303 4386 1958 4464">
    <p class='ocr_par' dir='ltr' id='par_1_78' title="bbox 303 4386 1958 4464">
     <span class='ocr_line' id='line_1_78' title="bbox 303 4386 1958 4464; baseline 0.002 -20"><span class='ocrx_word' id='word_1_624' title='bbox 303 4388 459 4445; x_wconf 90' lang='lat' dir='ltr'>lum.</span> <span class='ocrx_word' id='word_1_625' title='bbox 492 4387 617 4444; x_wconf 91' lang='lat' dir='ltr'>Duo</span> <span class='ocrx_word' id='word_1_626' title='bbox 645 4404 779 4443; x_wconf 89' lang='lat' dir='ltr'>vero</span> <span class='ocrx_word' id='word_1_627' title='bbox 810 4390 951 4443; x_wconf 91' lang='lat' dir='ltr'>sunt</span> <span class='ocrx_word' id='word_1_628' title='bbox 980 4386 1246 4442; x_wconf 88' lang='lat' dir='ltr'>Christus</span> <span class='ocrx_word' id='word_1_629' title='bbox 1278 4391 1333 4443; x_wconf 92' lang='lat' dir='ltr'>et</span> <span class='ocrx_word' id='word_1_630' title='bbox 1362 4387 1638 4457; x_wconf 88' lang='lat' dir='ltr'>Ecclesia,</span> <span class='ocrx_word' id='word_1_631' title='bbox 1681 4390 1739 4446; x_wconf 91' lang='lat' dir='ltr'>in</span> <span class='ocrx_word' id='word_1_632' title='bbox 1773 4408 1958 4464; x_wconf 86' lang='lat' dir='ltr'>quan-</span> 
     </span>
    </p>
   </div>
   <div class='ocr_carea' id='block_1_79' title="bbox 308 4474 1957 4548">
    <p class='ocr_par' dir='ltr' id='par_1_79' title="bbox 308 4474 1957 4548">
     <span class='ocr_line' id='line_1_79' title="bbox 308 4474 1957 4548; baseline 0.002 -16"><span class='ocrx_word' id='word_1_633' title='bbox 308 4481 441 4532; x_wconf 84' lang='lat' dir='ltr'>tum</span> <span class='ocrx_word' id='word_1_634' title='bbox 472 4475 603 4548; x_wconf 89' lang='lat' dir='ltr'>ipsa</span> <span class='ocrx_word' id='word_1_635' title='bbox 631 4492 700 4532; x_wconf 86' lang='lat' dir='ltr'>ex</span> <span class='ocrx_word' id='word_1_636' title='bbox 727 4474 1090 4543; x_wconf 90' lang='lat' dir='ltr'>hominibus,</span> <span class='ocrx_word' id='word_1_637' title='bbox 1121 4480 1180 4532; x_wconf 89' lang='lat' dir='ltr'>et</span> <span class='ocrx_word' id='word_1_638' title='bbox 1207 4474 1372 4548; x_wconf 89' lang='lat' dir='ltr'>puris</span> <span class='ocrx_word' id='word_1_639' title='bbox 1430 4482 1657 4532; x_wconf 87' lang='lat' dir='ltr'>constat</span> <span class='ocrx_word' id='word_1_640' title='bbox 1702 4478 1957 4535; x_wconf 90' lang='lat' dir='ltr'>homini-</span> 
     </span>
    </p>
   </div>
   <div class='ocr_carea' id='block_1_80' title="bbox 2066 3317 3713 3394">
    <p class='ocr_par' dir='ltr' id='par_1_80' title="bbox 2066 3317 3713 3394">
     <span class='ocr_line' id='line_1_80' title="bbox 2066 3317 3713 3394; baseline 0.008 -27"><span class='ocrx_word' id='word_1_641' title='bbox 2066 3332 2174 3371; x_wconf 82' lang='lat' dir='ltr'>uon</span> <span class='ocrx_word' id='word_1_642' title='bbox 2204 3317 2328 3371; x_wconf 83' lang='lat' dir='ltr'>vino</span> <span class='ocrx_word' id='word_1_643' title='bbox 2354 3317 2526 3373; x_wconf 86' lang='lat' dir='ltr'>multo</span> <span class='ocrx_word' id='word_1_644' title='bbox 2553 3320 2865 3387; x_wconf 86' lang='lat' dir='ltr'>servientes,</span> <span class='ocrx_word' id='word_1_645' title='bbox 2900 3320 3031 3376; x_wconf 87' lang='lat' dir='ltr'>bene</span> <span class='ocrx_word' id='word_1_646' title='bbox 3078 3320 3339 3388; x_wconf 85' lang='lat' dir='ltr'>docentes,</span> <span class='ocrx_word' id='word_1_647' title='bbox 3371 3329 3433 3377; x_wconf 88' lang='lat' dir='ltr'>ut</span> <span class='ocrx_word' id='word_1_648' title='bbox 3470 3323 3713 3394; x_wconf 88' lang='lat' dir='ltr'>pruden-</span> 
     </span>
    </p>
   </div>
   <div class='ocr_carea' id='block_1_81' title="bbox 2068 3403 3712 3483">
    <p class='ocr_par' dir='ltr' id='par_1_81' title="bbox 2068 3403 3712 3483">
     <span class='ocr_line' id='line_1_81' title="bbox 2068 3403 3712 3483; baseline 0.005 -23"><span class='ocrx_word' id='word_1_649' title='bbox 2068 3406 2207 3460; x_wconf 87' lang='lat' dir='ltr'>tiam</span> <span class='ocrx_word' id='word_1_650' title='bbox 2242 3403 2469 3460; x_wconf 88' lang='lat' dir='ltr'>doceant</span> <span class='ocrx_word' id='word_1_651' title='bbox 2520 3405 2898 3475; x_wconf 87' lang='lat' dir='ltr'>adolescentes,</span> <span class='ocrx_word' id='word_1_652' title='bbox 2956 3412 3019 3463; x_wconf 88' lang='lat' dir='ltr'>ut</span> <span class='ocrx_word' id='word_1_653' title='bbox 3072 3411 3220 3465; x_wconf 83' lang='lat' dir='ltr'>viros</span> <span class='ocrx_word' id='word_1_654' title='bbox 3274 3426 3398 3466; x_wconf 88' lang='lat' dir='ltr'>suos</span> <span class='ocrx_word' id='word_1_655' title='bbox 3454 3411 3712 3483; x_wconf 87' lang='lat' dir='ltr'>diligant,</span> 
     </span>
    </p>
   </div>
   <div class='ocr_carea' id='block_1_82' title="bbox 2063 3492 3713 3570">
    <p class='ocr_par' dir='ltr' id='par_1_82' title="bbox 2063 3492 3713 3570">
     <span class='ocr_line' id='line_1_82' title="bbox 2063 3492 3713 3570; baseline 0.005 -23"><span class='ocrx_word' id='word_1_656' title='bbox 2063 3492 2376 3564; x_wconf 81' lang='lat' dir='ltr'>prudentes,</span> <span class='ocrx_word' id='word_1_657' title='bbox 2407 3497 2601 3561; x_wconf 84' lang='lat' dir='ltr'>castas,</span> <span class='ocrx_word' id='word_1_658' title='bbox 2660 3496 2890 3562; x_wconf 86' lang='lat' dir='ltr'>sobrias,</span> <span class='ocrx_word' id='word_1_659' title='bbox 2951 3496 3140 3551; x_wconf 85' lang='lat' dir='ltr'>domus</span> <span class='ocrx_word' id='word_1_660' title='bbox 3190 3514 3382 3552; x_wconf 88' lang='lat' dir='ltr'>curam</span> <span class='ocrx_word' id='word_1_661' title='bbox 3436 3499 3713 3570; x_wconf 83' lang='lat' dir='ltr'>habentes,</span> 
     </span>
    </p>
   </div>
   <div class='ocr_carea' id='block_1_83' title="bbox 2071 3581 3719 3656">
    <p class='ocr_par' dir='ltr' id='par_1_83' title="bbox 2071 3581 3719 3656">
     <span class='ocr_line' id='line_1_83' title="bbox 2071 3581 3719 3656; baseline 0.005 -21"><span class='ocrx_word' id='word_1_662' title='bbox 2071 3581 2354 3650; x_wconf 85' lang='lat' dir='ltr'>benignas,</span> <span class='ocrx_word' id='word_1_663' title='bbox 2385 3582 2629 3637; x_wconf 88' lang='lat' dir='ltr'>subditas</span> <span class='ocrx_word' id='word_1_664' title='bbox 2669 3585 2806 3638; x_wconf 86' lang='lat' dir='ltr'>viris</span> <span class='ocrx_word' id='word_1_665' title='bbox 2861 3585 2997 3650; x_wconf 87' lang='lat' dir='ltr'>suis,</span> <span class='ocrx_word' id='word_1_666' title='bbox 3056 3588 3119 3638; x_wconf 91' lang='lat' dir='ltr'>ut</span> <span class='ocrx_word' id='word_1_667' title='bbox 3164 3600 3271 3639; x_wconf 88' lang='lat' dir='ltr'>non</span> <span class='ocrx_word' id='word_1_668' title='bbox 3318 3585 3719 3656; x_wconf 87' lang='lat' dir='ltr'>blasphemetur</span> 
     </span>
    </p>
   </div>
   <div class='ocr_carea' id='block_1_84' title="bbox 2068 3670 3716 3746">
    <p class='ocr_par' dir='ltr' id='par_1_84' title="bbox 2068 3670 3716 3746">
     <span class='ocr_line' id='line_1_84' title="bbox 2068 3670 3716 3746; baseline 0.004 -20"><span class='ocrx_word' id='word_1_669' title='bbox 2068 3670 2294 3726; x_wconf 83' lang='lat' dir='ltr'>verbum</span> <span class='ocrx_word' id='word_1_670' title='bbox 2322 3671 2420 3725; x_wconf 78' lang='lat' dir='ltr'>Dei</span> <span class='ocrx_word' id='word_1_671' title='bbox 2467 3670 2589 3743; x_wconf 88' lang='lat' dir='ltr'>(Tit.</span> <span class='ocrx_word' id='word_1_672' title='bbox 2623 3687 2684 3739; x_wconf 80' lang='grc' dir='ltr'>ιι,</span> <span class='ocrx_word' id='word_1_673' title='bbox 2723 3674 2747 3726; x_wconf 92' lang='grc'>1</span> <span class='ocrx_word' id='word_1_674' title='bbox 2776 3672 2819 3743; x_wconf 81' lang='grc'>;&gt;</span> <span class='ocrx_word' id='word_1_675' title='bbox 2853 3673 2923 3727; x_wconf 88' lang='lat' dir='ltr'>ad</span> <span class='ocrx_word' id='word_1_676' title='bbox 2952 3672 3203 3743; x_wconf 89' lang='lat' dir='ltr'>Ephesio</span> <span class='ocrx_word' id='word_1_677' title='bbox 3249 3690 3483 3746; x_wconf 89' lang='lat' dir='ltr'>quoque</span> <span class='ocrx_word' id='word_1_678' title='bbox 3525 3692 3538 3730; x_wconf 94' lang='lat'><strong>:</strong></span> <span class='ocrx_word' id='word_1_679' title='bbox 3591 3679 3716 3732; x_wconf 82' lang='lat' dir='ltr'>Mu-</span> 
     </span>
    </p>
   </div>
   <div class='ocr_carea' id='block_1_85' title="bbox 2073 3758 3719 3838">
    <p class='ocr_par' dir='ltr' id='par_1_85' title="bbox 2073 3758 3719 3838">
     <span class='ocr_line' id='line_1_85' title="bbox 2073 3758 3719 3838; baseline 0.005 -25"><span class='ocrx_word' id='word_1_680' title='bbox 2073 3758 2256 3827; x_wconf 87' lang='lat' dir='ltr'>lieres,</span> <span class='ocrx_word' id='word_1_681' title='bbox 2287 3758 2386 3828; x_wconf 90' lang='lat' dir='ltr'>ait,</span> <span class='ocrx_word' id='word_1_682' title='bbox 2417 3759 2657 3818; x_wconf 60' lang='lat' dir='ltr'>subditw</span> <span class='ocrx_word' id='word_1_683' title='bbox 2683 3761 2798 3816; x_wconf 89' lang='lat' dir='ltr'>sint</span> <span class='ocrx_word' id='word_1_684' title='bbox 2825 3763 2961 3817; x_wconf 87' lang='lat' dir='ltr'>viris</span> <span class='ocrx_word' id='word_1_685' title='bbox 2988 3762 3270 3830; x_wconf 89' lang='lat' dir='ltr'>suis,sicut</span> <span class='ocrx_word' id='word_1_686' title='bbox 3298 3764 3530 3820; x_wconf 88' lang='lat' dir='ltr'>Domino</span> <span class='ocrx_word' id='word_1_687' title='bbox 3551 3783 3569 3832; x_wconf 88' lang='lat'><strong><em>;</em></strong></span> <span class='ocrx_word' id='word_1_688' title='bbox 3590 3781 3719 3838; x_wconf 88' lang='lat' dir='ltr'>quo-</span> 
     </span>
    </p>
   </div>
   <div class='ocr_carea' id='block_1_86' title="bbox 2068 3849 3713 3924">
    <p class='ocr_par' dir='ltr' id='par_1_86' title="bbox 2068 3849 3713 3924">
     <span class='ocr_line' id='line_1_86' title="bbox 2068 3849 3713 3924; baseline 0.005 -22"><span class='ocrx_word' id='word_1_689' title='bbox 2068 3849 2225 3903; x_wconf 87' lang='lat' dir='ltr'>niam</span> <span class='ocrx_word' id='word_1_690' title='bbox 2255 3849 2339 3904; x_wconf 90' lang='lat' dir='ltr'>vir</span> <span class='ocrx_word' id='word_1_691' title='bbox 2361 3857 2523 3920; x_wconf 86' lang='lat' dir='ltr'>caput</span> <span class='ocrx_word' id='word_1_692' title='bbox 2547 3852 2625 3904; x_wconf 89' lang='lat' dir='ltr'>est</span> <span class='ocrx_word' id='word_1_693' title='bbox 2662 3851 2934 3920; x_wconf 86' lang='lat' dir='ltr'>mulieris,</span> <span class='ocrx_word' id='word_1_694' title='bbox 2965 3852 3105 3907; x_wconf 85' lang='lat' dir='ltr'>sicut</span> <span class='ocrx_word' id='word_1_695' title='bbox 3163 3851 3408 3908; x_wconf 82' lang='lat' dir='ltr'>Christus</span> <span class='ocrx_word' id='word_1_696' title='bbox 3444 3854 3713 3924; x_wconf 71' lang='lat' dir='ltr'>Ecclesiae,</span> 
     </span>
    </p>
   </div>
   <div class='ocr_carea' id='block_1_87' title="bbox 2069 3938 3718 4018">
    <p class='ocr_par' dir='ltr' id='par_1_87' title="bbox 2069 3938 3718 4018">
     <span class='ocr_line' id='line_1_87' title="bbox 2069 3938 3718 4018; baseline 0.006 -27"><span class='ocrx_word' id='word_1_697' title='bbox 2069 3938 2183 4008; x_wconf 86' lang='lat' dir='ltr'>ipse</span> <span class='ocrx_word' id='word_1_698' title='bbox 2211 3938 2450 3995; x_wconf 86' lang='lat' dir='ltr'>salvator</span> <span class='ocrx_word' id='word_1_699' title='bbox 2476 3940 2718 4011; x_wconf 87' lang='lat' dir='ltr'>corporis</span> <span class='ocrx_word' id='word_1_700' title='bbox 2746 3940 2903 4012; x_wconf 87' lang='lat' dir='ltr'>ejus:</span> <span class='ocrx_word' id='word_1_701' title='bbox 2934 3940 3025 3996; x_wconf 89' lang='lat' dir='ltr'>sed</span> <span class='ocrx_word' id='word_1_702' title='bbox 3078 3950 3141 3998; x_wconf 86' lang='lat' dir='ltr'>ut</span> <span class='ocrx_word' id='word_1_703' title='bbox 3187 3941 3425 3999; x_wconf 87' lang='lat' dir='ltr'>Ecclesia</span> <span class='ocrx_word' id='word_1_704' title='bbox 3478 3943 3718 4018; x_wconf 88' lang='lat' dir='ltr'>subjecta</span> 
     </span>
    </p>
   </div>
   <div class='ocr_carea' id='block_1_88' title="bbox 2067 4028 3719 4098">
    <p class='ocr_par' dir='ltr' id='par_1_88' title="bbox 2067 4028 3719 4098">
     <span class='ocr_line' id='line_1_88' title="bbox 2067 4028 3719 4098; baseline 0.005 -16"><span class='ocrx_word' id='word_1_705' title='bbox 2067 4035 2145 4082; x_wconf 89' lang='lat' dir='ltr'>est</span> <span class='ocrx_word' id='word_1_706' title='bbox 2175 4028 2414 4098; x_wconf 85' lang='lat' dir='ltr'>Christo,</span> <span class='ocrx_word' id='word_1_707' title='bbox 2453 4029 2534 4083; x_wconf 85' lang='lat' dir='ltr'>ita</span> <span class='ocrx_word' id='word_1_708' title='bbox 2589 4036 2642 4085; x_wconf 88' lang='lat' dir='ltr'>et</span> <span class='ocrx_word' id='word_1_709' title='bbox 2698 4029 2956 4086; x_wconf 88' lang='lat' dir='ltr'>mulieres</span> <span class='ocrx_word' id='word_1_710' title='bbox 3012 4032 3148 4087; x_wconf 87' lang='lat' dir='ltr'>viris</span> <span class='ocrx_word' id='word_1_711' title='bbox 3175 4033 3291 4088; x_wconf 90' lang='lat' dir='ltr'>suis</span> <span class='ocrx_word' id='word_1_712' title='bbox 3348 4033 3408 4089; x_wconf 90' lang='lat' dir='ltr'>in</span> <span class='ocrx_word' id='word_1_713' title='bbox 3465 4035 3719 4090; x_wconf 86' lang='lat' dir='ltr'>omnibus</span> 
     </span>
    </p>
   </div>
   <div class='ocr_carea' id='block_1_89' title="bbox 2068 4116 3714 4195">
    <p class='ocr_par' dir='ltr' id='par_1_89' title="bbox 2068 4116 3714 4195">
     <span class='ocr_line' id='line_1_89' title="bbox 2068 4116 3714 4195; baseline 0.004 -23"><span class='ocrx_word' id='word_1_714' title='bbox 2068 4116 2282 4189; x_wconf 86' lang='lat' dir='ltr'>(Ephes.</span> <span class='ocrx_word' id='word_1_715' title='bbox 2316 4134 2366 4171; x_wconf 88' lang='grc' dir='ltr'><strong>υ.</strong></span> <span class='ocrx_word' id='word_1_716' title='bbox 2398 4117 2520 4187; x_wconf 83' lang='lat'>22.)</span> <span class='ocrx_word' id='word_1_717' title='bbox 2549 4117 2706 4175; x_wconf 88' lang='lat' dir='ltr'>Viris</span> <span class='ocrx_word' id='word_1_718' title='bbox 2764 4136 2996 4192; x_wconf 91' lang='lat' dir='ltr'>quoque</span> <span class='ocrx_word' id='word_1_719' title='bbox 3054 4121 3395 4195; x_wconf 66' lang='lat' dir='ltr'>praecipiens</span> <span class='ocrx_word' id='word_1_720' title='bbox 3428 4140 3442 4179; x_wconf 88' lang='lat'><strong><em>:</em></strong></span> <span class='ocrx_word' id='word_1_721' title='bbox 3473 4124 3714 4195; x_wconf 87' lang='lat' dir='ltr'>Diligite,</span> 
     </span>
    </p>
   </div>
   <div class='ocr_carea' id='block_1_90' title="bbox 2049 4199 3717 4277">
    <p class='ocr_par' dir='ltr' id='par_1_90' title="bbox 2049 4199 3717 4277">
     <span class='ocr_line' id='line_1_90' title="bbox 2049 4199 3717 4277; baseline 0.005 -18"><span class='ocrx_word' id='word_1_722' title='bbox 2049 4199 2282 4277; x_wconf 80' lang='lat' dir='ltr'>inquit,</span> <span class='ocrx_word' id='word_1_723' title='bbox 2314 4222 2517 4261; x_wconf 73' lang='lat' dir='ltr'>uxores</span> <span class='ocrx_word' id='word_1_724' title='bbox 2546 4214 2771 4275; x_wconf 81' lang='lat' dir='ltr'>vestras,</span> <span class='ocrx_word' id='word_1_725' title='bbox 2802 4210 2945 4264; x_wconf 87' lang='lat' dir='ltr'>sicut</span> <span class='ocrx_word' id='word_1_726' title='bbox 2974 4213 3024 4266; x_wconf 86' lang='lat' dir='ltr'>et</span> <span class='ocrx_word' id='word_1_727' title='bbox 3047 4210 3297 4266; x_wconf 84' lang='lat' dir='ltr'>Christus</span> <span class='ocrx_word' id='word_1_728' title='bbox 3322 4210 3519 4267; x_wconf 71' lang='lat' dir='ltr'>dilexit</span> <span class='ocrx_word' id='word_1_729' title='bbox 3536 4212 3717 4268; x_wconf 88' lang='lat' dir='ltr'>Eccle-</span> 
     </span>
    </p>
   </div>
   <div class='ocr_carea' id='block_1_91' title="bbox 2066 4295 3718 4369">
    <p class='ocr_par' dir='ltr' id='par_1_91' title="bbox 2066 4295 3718 4369">
     <span class='ocr_line' id='line_1_91' title="bbox 2066 4295 3718 4369; baseline 0.004 -21"><span class='ocrx_word' id='word_1_730' title='bbox 2066 4295 2227 4360; x_wconf 86' lang='lat' dir='ltr'>siam,</span> <span class='ocrx_word' id='word_1_731' title='bbox 2259 4298 2311 4350; x_wconf 88' lang='lat' dir='ltr'>et</span> <span class='ocrx_word' id='word_1_732' title='bbox 2331 4296 2570 4366; x_wconf 87' lang='lat' dir='ltr'>seipsum</span> <span class='ocrx_word' id='word_1_733' title='bbox 2596 4296 2828 4353; x_wconf 88' lang='lat' dir='ltr'>tradidit</span> <span class='ocrx_word' id='word_1_734' title='bbox 2847 4314 2949 4369; x_wconf 89' lang='lat' dir='ltr'>pro</span> <span class='ocrx_word' id='word_1_735' title='bbox 2971 4314 3056 4365; x_wconf 90' lang='lat' dir='ltr'>ea,</span> <span class='ocrx_word' id='word_1_736' title='bbox 3103 4306 3167 4355; x_wconf 91' lang='lat' dir='ltr'>ut</span> <span class='ocrx_word' id='word_1_737' title='bbox 3218 4299 3378 4354; x_wconf 89' lang='lat' dir='ltr'>illam</span> <span class='ocrx_word' id='word_1_738' title='bbox 3405 4300 3718 4369; x_wconf 84' lang='lat' dir='ltr'>sanctiﬁca-</span> 
     </span>
    </p>
   </div>
   <div class='ocr_carea' id='block_1_92' title="bbox 2068 4383 3720 4459">
    <p class='ocr_par' dir='ltr' id='par_1_92' title="bbox 2068 4383 3720 4459">
     <span class='ocr_line' id='line_1_92' title="bbox 2068 4383 3720 4459; baseline 0.004 -22"><span class='ocrx_word' id='word_1_739' title='bbox 2068 4390 2167 4440; x_wconf 89' lang='lat' dir='ltr'>ret.</span> <span class='ocrx_word' id='word_1_740' title='bbox 2203 4383 2284 4438; x_wconf 90' lang='lat' dir='ltr'>Ita</span> <span class='ocrx_word' id='word_1_741' title='bbox 2305 4387 2358 4439; x_wconf 85' lang='lat' dir='ltr'>et</span> <span class='ocrx_word' id='word_1_742' title='bbox 2376 4385 2487 4439; x_wconf 84' lang='lat' dir='ltr'>viri</span> <span class='ocrx_word' id='word_1_743' title='bbox 2513 4384 2709 4441; x_wconf 88' lang='lat' dir='ltr'>debent</span> <span class='ocrx_word' id='word_1_744' title='bbox 2738 4384 2969 4457; x_wconf 85' lang='lat' dir='ltr'>diligere</span> <span class='ocrx_word' id='word_1_745' title='bbox 2997 4402 3195 4443; x_wconf 72' lang='lat' dir='ltr'>uxores</span> <span class='ocrx_word' id='word_1_746' title='bbox 3222 4402 3352 4442; x_wconf 87' lang='lat' dir='ltr'>suas</span> <span class='ocrx_word' id='word_1_747' title='bbox 3380 4395 3442 4442; x_wconf 89' lang='lat' dir='ltr'>ut</span> <span class='ocrx_word' id='word_1_748' title='bbox 3491 4403 3720 4459; x_wconf 87' lang='lat' dir='ltr'>corpora</span> 
     </span>
    </p>
   </div>
   <div class='ocr_carea' id='block_1_93' title="bbox 2068 4473 3719 4545">
    <p class='ocr_par' dir='ltr' id='par_1_93' title="bbox 2068 4473 3719 4545">
     <span class='ocr_line' id='line_1_93' title="bbox 2068 4473 3719 4545; baseline 0.001 -17"><span class='ocrx_word' id='word_1_749' title='bbox 2068 4488 2209 4539; x_wconf 87' lang='lat' dir='ltr'>sua;</span> <span class='ocrx_word' id='word_1_750' title='bbox 2238 4488 2395 4528; x_wconf 89' lang='lat' dir='ltr'>nemo</span> <span class='ocrx_word' id='word_1_751' title='bbox 2424 4474 2573 4528; x_wconf 87' lang='lat' dir='ltr'>enim</span> <span class='ocrx_word' id='word_1_752' title='bbox 2595 4490 2835 4545; x_wconf 87' lang='lat' dir='ltr'>unquam</span> <span class='ocrx_word' id='word_1_753' title='bbox 2866 4490 3090 4529; x_wconf 88' lang='lat' dir='ltr'>carnem</span> <span class='ocrx_word' id='word_1_754' title='bbox 3117 4490 3280 4529; x_wconf 87' lang='lat' dir='ltr'>suam</span> <span class='ocrx_word' id='word_1_755' title='bbox 3327 4473 3450 4530; x_wconf 88' lang='lat' dir='ltr'>odio</span> <span class='ocrx_word' id='word_1_756' title='bbox 3505 4474 3719 4545; x_wconf 75' lang='lat' dir='ltr'>habuit,</span> 
     </span>
    </p>
   </div>
   <div class='ocr_carea' id='block_1_94' title="bbox 302 4561 3718 4646">
    <p class='ocr_par' dir='ltr' id='par_1_94' title="bbox 302 4561 3718 4646">
     <span class='ocr_line' id='line_1_94' title="bbox 302 4561 3718 4646; baseline 0 -24"><span class='ocrx_word' id='word_1_757' title='bbox 302 4565 442 4636; x_wconf 88' lang='lat' dir='ltr'>bus,</span> <span class='ocrx_word' id='word_1_758' title='bbox 475 4564 602 4637; x_wconf 75' lang='lat' dir='ltr'>ipso</span> <span class='ocrx_word' id='word_1_759' title='bbox 642 4580 776 4620; x_wconf 90' lang='lat' dir='ltr'>vero</span> <span class='ocrx_word' id='word_1_760' title='bbox 800 4581 972 4621; x_wconf 85' lang='lat' dir='ltr'>verus</span> <span class='ocrx_word' id='word_1_761' title='bbox 1028 4564 1225 4632; x_wconf 89' lang='lat' dir='ltr'>homo,</span> <span class='ocrx_word' id='word_1_762' title='bbox 1256 4582 1431 4621; x_wconf 88' lang='lat' dir='ltr'>verus</span> <span class='ocrx_word' id='word_1_763' title='bbox 1491 4569 1678 4622; x_wconf 82' lang='lat' dir='ltr'>exstat</span> <span class='ocrx_word' id='word_1_764' title='bbox 1703 4571 1761 4622; x_wconf 90' lang='lat' dir='ltr'>et</span> <span class='ocrx_word' id='word_1_765' title='bbox 1785 4568 1960 4625; x_wconf 91' lang='lat' dir='ltr'>Deus.</span> <span class='ocrx_word' id='word_1_766' title='bbox 1994 4581 2040 4646; x_wconf 84' lang='lat' dir='ltr'><strong>D</strong></span> <span class='ocrx_word' id='word_1_767' title='bbox 2069 4561 2160 4616; x_wconf 73' lang='lat' dir='ltr'>88d</span> <span class='ocrx_word' id='word_1_768' title='bbox 2206 4561 2386 4615; x_wconf 67' lang='lat' dir='ltr'>nutrit</span> <span class='ocrx_word' id='word_1_769' title='bbox 2414 4568 2465 4617; x_wconf 73' lang='lat' dir='ltr'>et</span> <span class='ocrx_word' id='word_1_770' title='bbox 2493 4562 2636 4631; x_wconf 76' lang='lat' dir='ltr'>fovet</span> <span class='ocrx_word' id='word_1_771' title='bbox 2685 4578 2827 4628; x_wconf 76' lang='lat' dir='ltr'>eam,</span> <span class='ocrx_word' id='word_1_772' title='bbox 2858 4564 2999 4617; x_wconf 74' lang='lat' dir='ltr'>sicut</span> <span class='ocrx_word' id='word_1_773' title='bbox 3028 4570 3080 4618; x_wconf 76' lang='lat' dir='ltr'>et</span> <span class='ocrx_word' id='word_1_774' title='bbox 3108 4562 3357 4618; x_wconf 71' lang='lat' dir='ltr'>Christus</span> <span class='ocrx_word' id='word_1_775' title='bbox 3397 4563 3718 4631; x_wconf 75' lang='lat' dir='ltr'>Ecclesiam,</span> 
     </span>
    </p>
   </div>
   <div class='ocr_carea' id='block_1_95' title="bbox 301 4652 1749 4726">
    <p class='ocr_par' dir='ltr' id='par_1_95' title="bbox 301 4652 1749 4726">
     <span class='ocr_line' id='line_1_95' title="bbox 301 4652 1749 4726; baseline -0.001 -14"><span class='ocrx_word' id='word_1_776' title='bbox 301 4655 428 4712; x_wconf 84' lang='lat' dir='ltr'>Ista</span> <span class='ocrx_word' id='word_1_777' title='bbox 459 4653 770 4723; x_wconf 88' lang='lat' dir='ltr'>hactenus,</span> <span class='ocrx_word' id='word_1_778' title='bbox 800 4670 955 4709; x_wconf 90' lang='lat' dir='ltr'>nunc</span> <span class='ocrx_word' id='word_1_779' title='bbox 988 4654 1061 4710; x_wconf 88' lang='lat' dir='ltr'>ad</span> <span class='ocrx_word' id='word_1_780' title='bbox 1093 4652 1319 4725; x_wconf 87' lang='lat' dir='ltr'>reliqua</span> <span class='ocrx_word' id='word_1_781' title='bbox 1348 4670 1749 4726; x_wconf 86' lang='lat' dir='ltr'>properemus.</span> 
     </span>
    </p>
   </div>
   <div class='ocr_carea' id='block_1_96' title="bbox 772 4803 1463 4861">
    <p class='ocr_par' dir='ltr' id='par_1_96' title="bbox 772 4803 1463 4861">
     <span class='ocr_line' id='line_1_96' title="bbox 772 4803 1463 4861; baseline -0.001 0"><span class='ocrx_word' id='word_1_782' title='bbox 772 4805 896 4861; x_wconf 83' lang='lat' dir='ltr'>Trr.</span> <span class='ocrx_word' id='word_1_783' title='bbox 930 4803 1022 4861; x_wconf 91' lang='lat' dir='ltr'>IV.</span> <span class='ocrx_word' id='word_1_784' title='bbox 1065 4805 1140 4860; x_wconf 87' lang='lat' dir='ltr'>De</span> <span class='ocrx_word' id='word_1_785' title='bbox 1176 4804 1463 4861; x_wconf 74' lang='lat' dir='ltr'>uxoribus.</span> 
     </span>
    </p>
   </div>
   <div class='ocr_carea' id='block_1_97' title="bbox 384 4920 1962 4995">
    <p class='ocr_par' dir='ltr' id='par_1_97' title="bbox 384 4920 1962 4995">
     <span class='ocr_line' id='line_1_97' title="bbox 384 4920 1962 4995; baseline 0 -17"><span class='ocrx_word' id='word_1_786' title='bbox 384 4924 472 4978; x_wconf 90' lang='grc'>11.</span> <span class='ocrx_word' id='word_1_787' title='bbox 505 4922 661 4979; x_wconf 85' lang='lat' dir='ltr'>Uxor</span> <span class='ocrx_word' id='word_1_788' title='bbox 681 4920 792 4978; x_wconf 86' lang='lat' dir='ltr'>es?</span> <span class='ocrx_word' id='word_1_789' title='bbox 822 4920 1033 4978; x_wconf 90' lang='lat' dir='ltr'>Omnia</span> <span class='ocrx_word' id='word_1_790' title='bbox 1064 4920 1177 4979; x_wconf 84' lang='lat' dir='ltr'>tibi</span> <span class='ocrx_word' id='word_1_791' title='bbox 1220 4920 1524 4977; x_wconf 89' lang='lat' dir='ltr'>convenire</span> <span class='ocrx_word' id='word_1_792' title='bbox 1574 4920 1782 4995; x_wconf 83' lang='lat' dir='ltr'>cogita,</span> <span class='ocrx_word' id='word_1_793' title='bbox 1835 4938 1962 4994; x_wconf 63' lang='lat' dir='ltr'>quae</span> 
     </span>
    </p>
   </div>
   <div class='ocr_carea' id='block_1_98' title="bbox 309 5009 1965 5085">
    <p class='ocr_par' dir='ltr' id='par_1_98' title="bbox 309 5009 1965 5085">
     <span class='ocr_line' id='line_1_98' title="bbox 309 5009 1965 5085; baseline 0.002 -20"><span class='ocrx_word' id='word_1_794' title='bbox 309 5010 769 5085; x_wconf 68' lang='lat' dir='ltr'>prelihavimus,</span> <span class='ocrx_word' id='word_1_795' title='bbox 804 5009 1200 5083; x_wconf 91' lang='lat' dir='ltr'>superadditis</span> <span class='ocrx_word' id='word_1_796' title='bbox 1230 5009 1344 5079; x_wconf 89' lang='lat' dir='ltr'>his,</span> <span class='ocrx_word' id='word_1_797' title='bbox 1378 5027 1504 5082; x_wconf 59' lang='lat' dir='ltr'>qua</span> <span class='ocrx_word' id='word_1_798' title='bbox 1536 5015 1592 5066; x_wconf 90' lang='lat' dir='ltr'>et</span> <span class='ocrx_word' id='word_1_799' title='bbox 1622 5027 1724 5082; x_wconf 89' lang='lat' dir='ltr'>per</span> <span class='ocrx_word' id='word_1_800' title='bbox 1752 5016 1965 5068; x_wconf 89' lang='lat' dir='ltr'>semet-</span> 
     </span>
    </p>
   </div>
   <div class='ocr_carea' id='block_1_99' title="bbox 308 5097 1989 5172">
    <p class='ocr_par' dir='ltr' id='par_1_99' title="bbox 308 5097 1989 5172">
     <span class='ocr_line' id='line_1_99' title="bbox 308 5097 1989 5172; baseline 0 -17"><span class='ocrx_word' id='word_1_801' title='bbox 308 5100 513 5172; x_wconf 87' lang='lat' dir='ltr'>ipsum</span> <span class='ocrx_word' id='word_1_802' title='bbox 536 5103 593 5156; x_wconf 90' lang='lat' dir='ltr'>et</span> <span class='ocrx_word' id='word_1_803' title='bbox 612 5116 717 5172; x_wconf 92' lang='lat' dir='ltr'>per</span> <span class='ocrx_word' id='word_1_804' title='bbox 735 5116 930 5156; x_wconf 89' lang='lat' dir='ltr'>servos</span> <span class='ocrx_word' id='word_1_805' title='bbox 970 5115 1109 5155; x_wconf 91' lang='lat' dir='ltr'>suos</span> <span class='ocrx_word' id='word_1_806' title='bbox 1148 5101 1267 5153; x_wconf 86' lang='lat' dir='ltr'>tam</span> <span class='ocrx_word' id='word_1_807' title='bbox 1308 5097 1610 5171; x_wconf 83' lang='lat' dir='ltr'>exemplis,</span> <span class='ocrx_word' id='word_1_808' title='bbox 1640 5116 1818 5171; x_wconf 91' lang='lat' dir='ltr'>quam</span> <span class='ocrx_word' id='word_1_809' title='bbox 1840 5116 1989 5157; x_wconf 85' lang='lat' dir='ltr'>ver-.</span> 
     </span>
    </p>
   </div>
   <div class='ocr_carea' id='block_1_100' title="bbox 309 5184 1967 5261">
    <p class='ocr_par' dir='ltr' id='par_1_100' title="bbox 309 5184 1967 5261">
     <span class='ocr_line' id='line_1_100' title="bbox 309 5184 1967 5261; baseline -0.001 -16"><span class='ocrx_word' id='word_1_810' title='bbox 309 5188 428 5256; x_wconf 89' lang='lat' dir='ltr'>his,</span> <span class='ocrx_word' id='word_1_811' title='bbox 443 5189 696 5245; x_wconf 88' lang='lat' dir='ltr'>maxime</span> <span class='ocrx_word' id='word_1_812' title='bbox 708 5206 841 5245; x_wconf 89' lang='lat' dir='ltr'>vero</span> <span class='ocrx_word' id='word_1_813' title='bbox 862 5205 967 5261; x_wconf 92' lang='lat' dir='ltr'>per</span> <span class='ocrx_word' id='word_1_814' title='bbox 984 5184 1326 5260; x_wconf 85' lang='lat' dir='ltr'>Apostolum</span> <span class='ocrx_word' id='word_1_815' title='bbox 1350 5186 1456 5242; x_wconf 91' lang='lat' dir='ltr'>tibi</span> <span class='ocrx_word' id='word_1_816' title='bbox 1490 5187 1822 5261; x_wconf 89' lang='lat' dir='ltr'>specialiter</span> <span class='ocrx_word' id='word_1_817' title='bbox 1842 5188 1967 5260; x_wconf 90' lang='lat' dir='ltr'>ipse</span> 
     </span>
    </p>
   </div>
   <div class='ocr_carea' id='block_1_101' title="bbox 309 5274 1964 5349">
    <p class='ocr_par' dir='ltr' id='par_1_101' title="bbox 309 5274 1964 5349">
     <span class='ocr_line' id='line_1_101' title="bbox 309 5274 1964 5349; baseline -0.001 -15"><span class='ocrx_word' id='word_1_818' title='bbox 309 5277 613 5334; x_wconf 88' lang='lat' dir='ltr'>mandavit</span> <span class='ocrx_word' id='word_1_819' title='bbox 651 5277 921 5334; x_wconf 90' lang='lat' dir='ltr'>conditor</span> <span class='ocrx_word' id='word_1_820' title='bbox 975 5277 1133 5333; x_wconf 92' lang='lat' dir='ltr'>Deus</span> <span class='ocrx_word' id='word_1_821' title='bbox 1167 5294 1180 5345; x_wconf 93' lang='lat'><strong>;</strong></span> <span class='ocrx_word' id='word_1_822' title='bbox 1214 5275 1324 5331; x_wconf 89' lang='lat' dir='ltr'>Sub</span> <span class='ocrx_word' id='word_1_823' title='bbox 1354 5277 1480 5343; x_wconf 88' lang='lat' dir='ltr'>viri,</span> <span class='ocrx_word' id='word_1_824' title='bbox 1540 5274 1836 5347; x_wconf 90' lang='lat' dir='ltr'>inquiens,</span> <span class='ocrx_word' id='word_1_825' title='bbox 1866 5292 1964 5349; x_wconf 86' lang='lat' dir='ltr'>po-</span> 
     </span>
    </p>
   </div>
   <div class='ocr_carea' id='block_1_102' title="bbox 306 5362 1964 5439">
    <p class='ocr_par' dir='ltr' id='par_1_102' title="bbox 306 5362 1964 5439">
     <span class='ocr_line' id='line_1_102' title="bbox 306 5362 1964 5439; baseline -0.002 -16"><span class='ocrx_word' id='word_1_826' title='bbox 306 5369 499 5423; x_wconf 84' lang='lat' dir='ltr'>testate</span> <span class='ocrx_word' id='word_1_827' title='bbox 531 5369 664 5434; x_wconf 86' lang='lat' dir='ltr'>eris,</span> <span class='ocrx_word' id='word_1_828' title='bbox 701 5375 752 5423; x_wconf 90' lang='lat' dir='ltr'>et</span> <span class='ocrx_word' id='word_1_829' title='bbox 807 5368 923 5439; x_wconf 88' lang='lat' dir='ltr'>ipse</span> <span class='ocrx_word' id='word_1_830' title='bbox 979 5364 1357 5421; x_wconf 89' lang='lat' dir='ltr'>dominabitur</span> <span class='ocrx_word' id='word_1_831' title='bbox 1411 5366 1498 5420; x_wconf 87' lang='lat' dir='ltr'>tui</span> <span class='ocrx_word' id='word_1_832' title='bbox 1549 5362 1701 5431; x_wconf 87' lang='lat' dir='ltr'>(Cen.</span> <span class='ocrx_word' id='word_1_833' title='bbox 1731 5381 1819 5432; x_wconf 77' lang='grc' dir='ltr'>ιιι,</span> <span class='ocrx_word' id='word_1_834' title='bbox 1849 5365 1964 5437; x_wconf 88' lang='grc'><strong>61.)</strong></span> 
     </span>
    </p>
   </div>
   <div class='ocr_carea' id='block_1_103' title="bbox 308 5452 1964 5528">
    <p class='ocr_par' dir='ltr' id='par_1_103' title="bbox 308 5452 1964 5528">
     <span class='ocr_line' id='line_1_103' title="bbox 308 5452 1964 5528; baseline -0.002 -17"><span class='ocrx_word' id='word_1_835' title='bbox 308 5453 475 5512; x_wconf 90' lang='lat' dir='ltr'>Unde</span> <span class='ocrx_word' id='word_1_836' title='bbox 506 5455 712 5513; x_wconf 87' lang='lat' dir='ltr'>Petrus</span> <span class='ocrx_word' id='word_1_837' title='bbox 741 5453 1044 5528; x_wconf 89' lang='lat' dir='ltr'>apostolus</span> <span class='ocrx_word' id='word_1_838' title='bbox 1070 5458 1271 5509; x_wconf 78' lang='lat' dir='ltr'>Suram</span> <span class='ocrx_word' id='word_1_839' title='bbox 1304 5453 1362 5508; x_wconf 92' lang='lat' dir='ltr'>in</span> <span class='ocrx_word' id='word_1_840' title='bbox 1395 5452 1728 5525; x_wconf 85' lang='lat' dir='ltr'>exemplum</span> <span class='ocrx_word' id='word_1_841' title='bbox 1762 5452 1964 5525; x_wconf 87' lang='lat' dir='ltr'>trahit,</span> 
     </span>
    </p>
   </div>
   <div class='ocr_carea' id='block_1_104' title="bbox 306 5540 1963 5618">
    <p class='ocr_par' dir='ltr' id='par_1_104' title="bbox 306 5540 1963 5618">
     <span class='ocr_line' id='line_1_104' title="bbox 306 5540 1963 5618; baseline -0.003 -16"><span class='ocrx_word' id='word_1_842' title='bbox 306 5560 448 5602; x_wconf 84' lang='lat' dir='ltr'>cum</span> <span class='ocrx_word' id='word_1_843' title='bbox 478 5549 555 5615; x_wconf 88' lang='lat' dir='ltr'>te,</span> <span class='ocrx_word' id='word_1_844' title='bbox 590 5545 732 5618; x_wconf 93' lang='lat' dir='ltr'>quid</span> <span class='ocrx_word' id='word_1_845' title='bbox 763 5546 952 5601; x_wconf 88' lang='lat' dir='ltr'>facere</span> <span class='ocrx_word' id='word_1_846' title='bbox 979 5543 1241 5611; x_wconf 88' lang='lat' dir='ltr'>deberes,</span> <span class='ocrx_word' id='word_1_847' title='bbox 1275 5558 1511 5599; x_wconf 90' lang='lat' dir='ltr'>monere</span> <span class='ocrx_word' id='word_1_848' title='bbox 1541 5540 1842 5611; x_wconf 89' lang='lat' dir='ltr'>voluisset,</span> <span class='ocrx_word' id='word_1_849' title='bbox 1873 5542 1963 5598; x_wconf 86' lang='lat' dir='ltr'>di-</span> 
     </span>
    </p>
   </div>
   <div class='ocr_carea' id='block_1_105' title="bbox 308 5631 1965 5708">
    <p class='ocr_par' dir='ltr' id='par_1_105' title="bbox 308 5631 1965 5708">
     <span class='ocr_line' id='line_1_105' title="bbox 308 5631 1965 5708; baseline -0.002 -12"><span class='ocrx_word' id='word_1_850' title='bbox 308 5648 500 5702; x_wconf 85' lang='lat' dir='ltr'>cens:</span> <span class='ocrx_word' id='word_1_851' title='bbox 561 5633 714 5694; x_wconf 83' lang='lat' dir='ltr'>Sicut</span> <span class='ocrx_word' id='word_1_852' title='bbox 763 5638 909 5695; x_wconf 84' lang='lat' dir='ltr'>Sara</span> <span class='ocrx_word' id='word_1_853' title='bbox 963 5632 1237 5695; x_wconf 82' lang='lat' dir='ltr'>obediebat</span> <span class='ocrx_word' id='word_1_854' title='bbox 1319 5632 1615 5708; x_wconf 79' lang='lat' dir='ltr'>Abraham,</span> <span class='ocrx_word' id='word_1_855' title='bbox 1681 5631 1965 5695; x_wconf 87' lang='lat' dir='ltr'>dominum</span> 
     </span>
    </p>
   </div>
   <div class='ocr_carea' id='block_1_106' title="bbox 2076 4649 3722 4725">
    <p class='ocr_par' dir='ltr' id='par_1_106' title="bbox 2076 4649 3722 4725">
     <span class='ocr_line' id='line_1_106' title="bbox 2076 4649 3722 4725; baseline 0.004 -22"><span class='ocrx_word' id='word_1_856' title='bbox 2076 4653 2209 4721; x_wconf 88' lang='lat' dir='ltr'>quta</span> <span class='ocrx_word' id='word_1_857' title='bbox 2236 4649 2480 4706; x_wconf 84' lang='lat' dir='ltr'>membra</span> <span class='ocrx_word' id='word_1_858' title='bbox 2508 4666 2696 4706; x_wconf 84' lang='lat' dir='ltr'>sumus</span> <span class='ocrx_word' id='word_1_859' title='bbox 2725 4651 2843 4721; x_wconf 88' lang='lat' dir='ltr'>ejus</span> <span class='ocrx_word' id='word_1_860' title='bbox 2888 4653 3129 4723; x_wconf 84' lang='lat' dir='ltr'>corporis</span> <span class='ocrx_word' id='word_1_861' title='bbox 3159 4650 3224 4708; x_wconf 89' lang='lat' dir='ltr'>de</span> <span class='ocrx_word' id='word_1_862' title='bbox 3276 4667 3445 4709; x_wconf 89' lang='lat' dir='ltr'>carne</span> <span class='ocrx_word' id='word_1_863' title='bbox 3498 4652 3637 4725; x_wconf 88' lang='lat' dir='ltr'>ejus,</span> <span class='ocrx_word' id='word_1_864' title='bbox 3667 4656 3722 4709; x_wconf 87' lang='lat' dir='ltr'>et</span> 
     </span>
    </p>
   </div>
   <div class='ocr_carea' id='block_1_107' title="bbox 2070 4737 3721 4814">
    <p class='ocr_par' dir='ltr' id='par_1_107' title="bbox 2070 4737 3721 4814">
     <span class='ocr_line' id='line_1_107' title="bbox 2070 4737 3721 4814; baseline 0.004 -21"><span class='ocrx_word' id='word_1_865' title='bbox 2070 4737 2136 4793; x_wconf 88' lang='lat' dir='ltr'>de</span> <span class='ocrx_word' id='word_1_866' title='bbox 2163 4738 2374 4793; x_wconf 77' lang='lat' dir='ltr'>ossibus</span> <span class='ocrx_word' id='word_1_867' title='bbox 2403 4738 2541 4810; x_wconf 87' lang='lat' dir='ltr'>ejus,</span> <span class='ocrx_word' id='word_1_868' title='bbox 2573 4740 2806 4810; x_wconf 83' lang='lat' dir='ltr'>Propter</span> <span class='ocrx_word' id='word_1_869' title='bbox 2833 4738 2951 4807; x_wconf 88' lang='lat' dir='ltr'>hoc,</span> <span class='ocrx_word' id='word_1_870' title='bbox 2983 4739 3198 4812; x_wconf 90' lang='lat' dir='ltr'>inquit,</span> <span class='ocrx_word' id='word_1_871' title='bbox 3245 4742 3517 4814; x_wconf 89' lang='lat' dir='ltr'>relinquet</span> <span class='ocrx_word' id='word_1_872' title='bbox 3562 4743 3721 4800; x_wconf 89' lang='lat' dir='ltr'>homo</span> 
     </span>
    </p>
   </div>
   <div class='ocr_carea' id='block_1_108' title="bbox 2066 4829 3723 4899">
    <p class='ocr_par' dir='ltr' id='par_1_108' title="bbox 2066 4829 3723 4899">
     <span class='ocr_line' id='line_1_108' title="bbox 2066 4829 3723 4899; baseline 0.004 -18"><span class='ocrx_word' id='word_1_873' title='bbox 2066 4831 2283 4898; x_wconf 83' lang='lat' dir='ltr'>patrem</span> <span class='ocrx_word' id='word_1_874' title='bbox 2310 4834 2361 4883; x_wconf 88' lang='lat' dir='ltr'>et</span> <span class='ocrx_word' id='word_1_875' title='bbox 2387 4836 2619 4884; x_wconf 87' lang='lat' dir='ltr'>matrem</span> <span class='ocrx_word' id='word_1_876' title='bbox 2645 4845 2825 4896; x_wconf 89' lang='lat' dir='ltr'>suam,</span> <span class='ocrx_word' id='word_1_877' title='bbox 2857 4833 2909 4885; x_wconf 88' lang='lat' dir='ltr'>et</span> <span class='ocrx_word' id='word_1_878' title='bbox 2959 4829 3259 4888; x_wconf 68' lang='lat' dir='ltr'>adhaerebit</span> <span class='ocrx_word' id='word_1_879' title='bbox 3306 4832 3472 4888; x_wconf 75' lang='lat' dir='ltr'>uxori</span> <span class='ocrx_word' id='word_1_880' title='bbox 3499 4847 3637 4899; x_wconf 58' lang='lat' dir='ltr'>sum,</span> <span class='ocrx_word' id='word_1_881' title='bbox 3668 4836 3723 4888; x_wconf 83' lang='lat' dir='ltr'>et</span> 
     </span>
    </p>
   </div>
   <div class='ocr_carea' id='block_1_109' title="bbox 2073 4916 3723 4991">
    <p class='ocr_par' dir='ltr' id='par_1_109' title="bbox 2073 4916 3723 4991">
     <span class='ocr_line' id='line_1_109' title="bbox 2073 4916 3723 4991; baseline 0.003 -19"><span class='ocrx_word' id='word_1_882' title='bbox 2073 4917 2235 4972; x_wconf 88' lang='lat' dir='ltr'>eruni</span> <span class='ocrx_word' id='word_1_883' title='bbox 2259 4916 2363 4972; x_wconf 90' lang='lat' dir='ltr'>duo</span> <span class='ocrx_word' id='word_1_884' title='bbox 2398 4919 2455 4972; x_wconf 89' lang='lat' dir='ltr'>in</span> <span class='ocrx_word' id='word_1_885' title='bbox 2485 4932 2649 4974; x_wconf 85' lang='lat' dir='ltr'>carne</span> <span class='ocrx_word' id='word_1_886' title='bbox 2675 4935 2807 4974; x_wconf 88' lang='lat' dir='ltr'>una.</span> <span class='ocrx_word' id='word_1_887' title='bbox 2860 4918 3278 4976; x_wconf 87' lang='lat' dir='ltr'>Sacramentum</span> <span class='ocrx_word' id='word_1_888' title='bbox 3306 4920 3405 4976; x_wconf 85' lang='lat' dir='ltr'>hoc</span> <span class='ocrx_word' id='word_1_889' title='bbox 3456 4938 3723 4991; x_wconf 87' lang='lat' dir='ltr'>magnum</span> 
     </span>
    </p>
   </div>
   <div class='ocr_carea' id='block_1_110' title="bbox 2073 5005 3718 5082">
    <p class='ocr_par' dir='ltr' id='par_1_110' title="bbox 2073 5005 3718 5082">
     <span class='ocr_line' id='line_1_110' title="bbox 2073 5005 3718 5082; baseline 0.004 -22"><span class='ocrx_word' id='word_1_890' title='bbox 2073 5013 2171 5075; x_wconf 89' lang='lat' dir='ltr'>est,</span> <span class='ocrx_word' id='word_1_891' title='bbox 2203 5021 2332 5075; x_wconf 86' lang='lat' dir='ltr'>ergo</span> <span class='ocrx_word' id='word_1_892' title='bbox 2368 5009 2548 5061; x_wconf 87' lang='lat' dir='ltr'>autem</span> <span class='ocrx_word' id='word_1_893' title='bbox 2578 5005 2698 5063; x_wconf 89' lang='lat' dir='ltr'>dico</span> <span class='ocrx_word' id='word_1_894' title='bbox 2729 5009 2789 5062; x_wconf 87' lang='lat' dir='ltr'>in</span> <span class='ocrx_word' id='word_1_895' title='bbox 2821 5006 3032 5064; x_wconf 87' lang='lat' dir='ltr'>Christo</span> <span class='ocrx_word' id='word_1_896' title='bbox 3060 5012 3113 5065; x_wconf 86' lang='lat' dir='ltr'>et</span> <span class='ocrx_word' id='word_1_897' title='bbox 3168 5010 3228 5063; x_wconf 92' lang='lat' dir='ltr'>in</span> <span class='ocrx_word' id='word_1_898' title='bbox 3270 5007 3507 5066; x_wconf 87' lang='lat' dir='ltr'>Ecclesia</span> <span class='ocrx_word' id='word_1_899' title='bbox 3538 5009 3718 5082; x_wconf 89' lang='lat' dir='ltr'>(Ibid.,</span> 
     </span>
    </p>
   </div>
   <div class='ocr_carea' id='block_1_111' title="bbox 2076 5093 3721 5170">
    <p class='ocr_par' dir='ltr' id='par_1_111' title="bbox 2076 5093 3721 5170">
     <span class='ocr_line' id='line_1_111' title="bbox 2076 5093 3721 5170; baseline 0.002 -19"><span class='ocrx_word' id='word_1_900' title='bbox 2076 5093 2198 5151; x_wconf 81' lang='lat'>25).</span> <span class='ocrx_word' id='word_1_901' title='bbox 2235 5094 2295 5149; x_wconf 94' lang='lat' dir='ltr'>Id</span> <span class='ocrx_word' id='word_1_902' title='bbox 2328 5098 2415 5151; x_wconf 90' lang='lat' dir='ltr'>est</span> <span class='ocrx_word' id='word_1_903' title='bbox 2442 5094 2580 5151; x_wconf 92' lang='lat' dir='ltr'>licet</span> <span class='ocrx_word' id='word_1_904' title='bbox 2607 5100 2666 5152; x_wconf 90' lang='lat' dir='ltr'>et</span> <span class='ocrx_word' id='word_1_905' title='bbox 2695 5096 2757 5152; x_wconf 92' lang='lat' dir='ltr'>in</span> <span class='ocrx_word' id='word_1_906' title='bbox 2789 5097 3051 5153; x_wconf 89' lang='lat' dir='ltr'>humana</span> <span class='ocrx_word' id='word_1_907' title='bbox 3079 5096 3415 5170; x_wconf 89' lang='lat' dir='ltr'>carnalique</span> <span class='ocrx_word' id='word_1_908' title='bbox 3442 5100 3721 5169; x_wconf 88' lang='lat' dir='ltr'>conjunc-</span> 
     </span>
    </p>
   </div>
   <div class='ocr_carea' id='block_1_112' title="bbox 2074 5181 3722 5258">
    <p class='ocr_par' dir='ltr' id='par_1_112' title="bbox 2074 5181 3722 5258">
     <span class='ocr_line' id='line_1_112' title="bbox 2074 5181 3722 5258; baseline 0.003 -20"><span class='ocrx_word' id='word_1_909' title='bbox 2074 5181 2230 5239; x_wconf 87' lang='lat' dir='ltr'>tione</span> <span class='ocrx_word' id='word_1_910' title='bbox 2262 5181 2407 5239; x_wconf 92' lang='lat' dir='ltr'>illud</span> <span class='ocrx_word' id='word_1_911' title='bbox 2434 5184 2753 5258; x_wconf 86' lang='lat' dir='ltr'>contingat,</span> <span class='ocrx_word' id='word_1_912' title='bbox 2785 5190 2850 5241; x_wconf 91' lang='lat' dir='ltr'>ut</span> <span class='ocrx_word' id='word_1_913' title='bbox 2878 5186 2992 5241; x_wconf 93' lang='lat' dir='ltr'>duo</span> <span class='ocrx_word' id='word_1_914' title='bbox 3022 5184 3287 5242; x_wconf 89' lang='lat' dir='ltr'>videlicet</span> <span class='ocrx_word' id='word_1_915' title='bbox 3315 5186 3426 5243; x_wconf 90' lang='lat' dir='ltr'>sibi</span> <span class='ocrx_word' id='word_1_916' title='bbox 3477 5187 3722 5244; x_wconf 89' lang='lat' dir='ltr'>invicem</span> 
     </span>
    </p>
   </div>
   <div class='ocr_carea' id='block_1_113' title="bbox 2075 5271 3723 5343">
    <p class='ocr_par' dir='ltr' id='par_1_113' title="bbox 2075 5271 3723 5343">
     <span class='ocr_line' id='line_1_113' title="bbox 2075 5271 3723 5343; baseline 0.005 -17"><span class='ocrx_word' id='word_1_917' title='bbox 2075 5271 2458 5341; x_wconf 80' lang='lat' dir='ltr'>adhaerentes,</span> <span class='ocrx_word' id='word_1_918' title='bbox 2483 5289 2602 5328; x_wconf 91' lang='lat' dir='ltr'>una</span> <span class='ocrx_word' id='word_1_919' title='bbox 2620 5273 2916 5330; x_wconf 84' lang='lat' dir='ltr'>ﬁant&#39;caro</span> <span class='ocrx_word' id='word_1_920' title='bbox 2941 5292 2954 5343; x_wconf 90' lang='lat'><strong>;</strong></span> <span class='ocrx_word' id='word_1_921' title='bbox 2980 5279 3408 5331; x_wconf 82' lang='lat' dir='ltr'>sacramentum</span> <span class='ocrx_word' id='word_1_922' title='bbox 3433 5279 3627 5334; x_wconf 90' lang='lat' dir='ltr'>tamen</span> <span class='ocrx_word' id='word_1_923' title='bbox 3649 5276 3723 5334; x_wconf 87' lang='lat' dir='ltr'>ad</span> 
     </span>
    </p>
   </div>
   <div class='ocr_carea' id='block_1_114' title="bbox 2074 5359 3721 5437">
    <p class='ocr_par' dir='ltr' id='par_1_114' title="bbox 2074 5359 3721 5437">
     <span class='ocr_line' id='line_1_114' title="bbox 2074 5359 3721 5437; baseline 0.004 -21"><span class='ocrx_word' id='word_1_924' title='bbox 2074 5359 2371 5416; x_wconf 90' lang='lat' dir='ltr'>Christum</span> <span class='ocrx_word' id='word_1_925' title='bbox 2405 5359 2655 5433; x_wconf 87' lang='lat' dir='ltr'>pertinet</span> <span class='ocrx_word' id='word_1_926' title='bbox 2683 5366 2857 5434; x_wconf 90' lang='lat' dir='ltr'>atque</span> <span class='ocrx_word' id='word_1_927' title='bbox 2889 5361 3208 5419; x_wconf 89' lang='lat' dir='ltr'>Ecclesiam</span> <span class='ocrx_word' id='word_1_928' title='bbox 3232 5384 3254 5433; x_wconf 80' lang='lat'>,-</span> <span class='ocrx_word' id='word_1_929' title='bbox 3282 5364 3421 5437; x_wconf 90' lang='lat' dir='ltr'>quia</span> <span class='ocrx_word' id='word_1_930' title='bbox 3452 5365 3606 5422; x_wconf 92' lang='lat' dir='ltr'>sicut</span> <span class='ocrx_word' id='word_1_931' title='bbox 3650 5365 3721 5421; x_wconf 86' lang='lat' dir='ltr'>de</span> 
     </span>
    </p>
   </div>
   <div class='ocr_carea' id='block_1_115' title="bbox 2074 5448 3724 5520">
    <p class='ocr_par' dir='ltr' id='par_1_115' title="bbox 2074 5448 3724 5520">
     <span class='ocr_line' id='line_1_115' title="bbox 2074 5448 3724 5520; baseline 0.001 -12"><span class='ocrx_word' id='word_1_932' title='bbox 2074 5455 2236 5508; x_wconf 87' lang='lat' dir='ltr'>costa</span> <span class='ocrx_word' id='word_1_933' title='bbox 2264 5448 2373 5503; x_wconf 90' lang='lat' dir='ltr'>viri</span> <span class='ocrx_word' id='word_1_934' title='bbox 2398 5449 2679 5505; x_wconf 86' lang='lat' dir='ltr'>fabricata</span> <span class='ocrx_word' id='word_1_935' title='bbox 2708 5456 2797 5507; x_wconf 92' lang='lat' dir='ltr'>est</span> <span class='ocrx_word' id='word_1_936' title='bbox 2827 5451 2961 5520; x_wconf 88' lang='lat' dir='ltr'>Eva,</span> <span class='ocrx_word' id='word_1_937' title='bbox 2997 5452 3076 5509; x_wconf 86' lang='lat' dir='ltr'>ita</span> <span class='ocrx_word' id='word_1_938' title='bbox 3102 5452 3173 5510; x_wconf 91' lang='lat' dir='ltr'>de</span> <span class='ocrx_word' id='word_1_939' title='bbox 3196 5452 3409 5510; x_wconf 89' lang='lat' dir='ltr'>Christi</span> <span class='ocrx_word' id='word_1_940' title='bbox 3428 5453 3608 5511; x_wconf 87' lang='lat' dir='ltr'>latere</span> <span class='ocrx_word' id='word_1_941' title='bbox 3639 5470 3724 5510; x_wconf 86' lang='lat' dir='ltr'>re-</span> 
     </span>
    </p>
   </div>
   <div class='ocr_carea' id='block_1_116' title="bbox 2075 5538 3718 5616">
    <p class='ocr_par' dir='ltr' id='par_1_116' title="bbox 2075 5538 3718 5616">
     <span class='ocr_line' id='line_1_116' title="bbox 2075 5538 3718 5616; baseline -0.001 -18"><span class='ocrx_word' id='word_1_942' title='bbox 2075 5541 2312 5612; x_wconf 88' lang='lat' dir='ltr'>dempta</span> <span class='ocrx_word' id='word_1_943' title='bbox 2341 5538 2520 5595; x_wconf 88' lang='lat' dir='ltr'>crevit</span> <span class='ocrx_word' id='word_1_944' title='bbox 2548 5539 2807 5597; x_wconf 86' lang='lat' dir='ltr'>Ecclesia</span> <span class='ocrx_word' id='word_1_945' title='bbox 2833 5558 2846 5611; x_wconf 89' lang='lat'><strong>;</strong></span> <span class='ocrx_word' id='word_1_946' title='bbox 2880 5544 2937 5597; x_wconf 90' lang='lat' dir='ltr'>et</span> <span class='ocrx_word' id='word_1_947' title='bbox 2964 5542 3118 5598; x_wconf 91' lang='lat' dir='ltr'>sicut</span> <span class='ocrx_word' id='word_1_948' title='bbox 3146 5547 3323 5616; x_wconf 89' lang='lat' dir='ltr'>caput</span> <span class='ocrx_word' id='word_1_949' title='bbox 3377 5543 3575 5600; x_wconf 83' lang='lat' dir='ltr'>uxoris</span> <span class='ocrx_word' id='word_1_950' title='bbox 3612 5542 3718 5612; x_wconf 91' lang='lat' dir='ltr'>vir,</span> 
     </span>
    </p>
   </div>
   <div class='ocr_carea' id='block_1_117' title="bbox 2072 5627 3721 5721">
    <p class='ocr_par' dir='ltr' id='par_1_117' title="bbox 2072 5627 3721 5721">
     <span class='ocr_line' id='line_1_117' title="bbox 2072 5627 3721 5721; baseline -0.001 -29"><span class='ocrx_word' id='word_1_951' title='bbox 2072 5630 2156 5694; x_wconf 79' lang='lat' dir='ltr'>ita</span> <span class='ocrx_word' id='word_1_952' title='bbox 2187 5634 2363 5707; x_wconf 87' lang='lat' dir='ltr'>caput</span> <span class='ocrx_word' id='word_1_953' title='bbox 2390 5627 2661 5689; x_wconf 79' lang='lat' dir='ltr'>Ecclesiae</span> <span class='ocrx_word' id='word_1_954' title='bbox 2677 5629 2968 5721; x_wconf 81' lang='lat' dir='ltr'>Christus;</span> <span class='ocrx_word' id='word_1_955' title='bbox 2988 5632 3141 5695; x_wconf 86' lang='lat' dir='ltr'>unde</span> <span class='ocrx_word' id='word_1_956' title='bbox 3162 5637 3218 5695; x_wconf 81' lang='lat' dir='ltr'>et</span> <span class='ocrx_word' id='word_1_957' title='bbox 3244 5631 3463 5720; x_wconf 62' lang='lat' dir='ltr'>subdit;</span> <span class='ocrx_word' id='word_1_958' title='bbox 3491 5636 3721 5719; x_wconf 46' lang='lat' dir='ltr'>Verum:</span> 
     </span>
    </p>
   </div>
  </div>
