3988 6180
307 355 423 423 199

1223 345 1601 414 RATHERII
1644 344 1895 413 EPISC.
1937 342 2226 412 VERON.
2273 346 2447 412 OPP.
2493 342 2696 412 PARS
2740 342 2790 410 Ι.

3598 333 3735 414 2‘00

305 496 486 549 tamen
509 484 561 544 et
588 490 680 544 vos
713 485 925 556 singuli
970 486 1348 559 unusquisque
1380 488 1608 540 uxorem
1634 498 1794 538 suam
1822 481 1956 538 diti-'-
1984 483 2040 551 Α
2070 499 2186 538 non
2218 498 2451 538 omnem
2505 478 2603 554 qui
2635 480 2778 547 vult,
2811 479 2909 537 sed
2941 478 3033 536 cui
3067 466 3220 537 Deus
3261 462 3719 553 possibilitatem

301 583 393 653 gat
417 580 559 635 sicut
611 578 850 651 seipsum
881 575 1094 649 (Ephes.
1154 591 1211 642 v,
1243 572 1374 645 33;)
1408 572 1549 644 quia
1604 569 1875 627 videlicet
1904 574 1961 627 et

301 668 570 725 Christus
597 665 869 723 similiter
900 664 1033 721 fecit
1072 680 1177 736 pro
1208 661 1471 718 Ecclesia
1528 660 1811 717 tradendo
1867 676 1956 715 se-

302 759 501 831 ipsum
539 775 552 814 :
585 756 1070 829 subjungensque
1106 768 1118 809 :
1159 752 1324 821 Uxor,
1360 750 1576 823 inquit,
1636 751 1824 806 timeat
1879 750 1957 805 vi-

298 864 427 903 rum
451 862 632 902 suum.

374 938 460 992 12.
495 934 639 991 Ecce
670 932 862 1006 qualis
911 948 1049 1006 erga
1096 930 1301 1003 virum
1320 944 1450 985 esse
1471 927 1705 996 debeas,
1740 943 1952 999 prince-

298 1024 415 1098 ptis
426 1023 675 1080 audistis
692 1019 1065 1094 apostolicis:
1097 1036 1253 1075 nunc
1271 1017 1508 1091 qualem
1535 1020 1737 1088 ergate
1759 1015 1950 1088 ipsam

297 1130 425 1171 esse
459 1112 783 1179 conveniat,
817 1127 886 1166 ex
916 1110 1089 1165 dictis
1122 1107 1328 1181 collige
1348 1106 1501 1162 beati
1534 1104 1802 1179 Cypriani
1830 1103 1950 1176 epi-

299 1201 459 1275 scopi
487 1205 544 1257 et
576 1200 850 1273 martyris
883 1215 895 1253 :
932 1195 1295 1265 «Pudicitia,
1327 1194 1537 1267 inquit,
1572 1192 1829 1266 corporis
1861 1197 1951 1249 est

298 1292 521 1349 alienas
541 1292 635 1345 res
667 1305 782 1345 non
815 1290 1106 1360 appetere,
1131 1299 1365 1341 omnem
1390 1282 1824 1338 immunditiam
1848 1282 1946 1337 de-

297 1380 503 1448 vitare,
539 1381 674 1436 ante
700 1376 904 1432 horam
953 1390 1272 1448 congruam
1321 1389 1438 1428 non
1486 1375 1723 1444 gustare
1778 1370 1943 1439 velle,

298 1454 486 1525 riSum
518 1483 635 1523 non
668 1465 938 1531 excitare,
969 1463 1144 1519 verba
1170 1478 1319 1518 vana
1345 1464 1402 1517 et
1433 1459 1584 1517 falsa
1612 1476 1727 1516 non
1758 1453 1942 1532 loqui,

298 1558 565 1615 habitum
598 1572 699 1629 per
727 1553 925 1611 omnia
945 1548 1719 1623 ordinatum,propositoque
1740 1564 1944 1604 conve-

295 1648 576 1714 nientem,
591 1650 713 1701 tam
733 1641 1076 1716 capillorum
1099 1657 1278 1712 quam
1297 1639 1729 1708 vestium,sicut
1756 1639 1942 1709 decet,

293 1736 530 1803 habere,
564 1733 696 1790 eum
729 1730 987 1806 indignis
1009 1728 1390 1787 contubernia
1413 1746 1526 1784 non
1553 1727 1939 1801 inire,super-

292 1825 492 1883 cilioso
514 1823 730 1880 intuitu
758 1821 1053 1878 neminem
1076 1820 1356 1892 aspicere,
1379 1816 1577 1891 vagari
1597 1816 1797 1873 oculos
1821 1832 1936 1872 non

292 1914 648 1987 permittere,
681 1908 1011 1983 pompatico
1059 1912 1115 1965 et
1171 1907 1512 1964 illecebroso
1561 1922 1765 1978 gressu
1822 1921 1939 1961 non

290 1997 991 2068 incedere,nulliinferior
1019 1997 1077 2052 in
1110 1996 1356 2069 incoepta
1387 1995 1539 2051 bono
1570 2011 1740 2067 opere
1761 2011 1942 2068 appa-

292 2106 437 2159 rere,
474 2086 623 2146 nulli
656 2084 1074 2144 contumeliam
1102 2089 1203 2141 aut
1231 2085 1504 2141 ruborem
1533 2083 1815 2150 incutere,
1839 2099 1938 2139 ne-

291 2179 513 2237 minem
542 2175 973 2251 blasphemare,
1005 2190 1174 2230 senes
1226 2191 1341 2230 non
1394 2173 1659 2242 irridere,
1711 2172 1939 2229 meliori

291 2286 409 2327 non
442 2265 893 2332 controversari,
912 2264 983 2320 de
1013 2262 1505 2336 hisquaeignoras
1534 2279 1650 2317 non
1672 2266 1936 2330 tractare,

287 2360 467 2417 etiam
502 2373 631 2430 qua:
662 2355 778 2411 scis
809 2371 925 2410 non
956 2353 1154 2409 omnia
1182 2354 1458 2425 proferre.
1492 2351 1621 2407 Hazc
1645 2367 1780 2407 cum
1812 2368 1939 2423 pro-

285 2447 463 2505 ximis
476 2440 787 2501 amabilem
802 2442 1100 2498 hominem
1117 2442 1452 2507 reddunt,et
1468 2441 1582 2497 Deo
1604 2440 1938 2513 acceptabi-

285 2538 400 2593 lem
418 2532 669 2591 iaciunt.
703 2552 731 2583 »
764 2532 989 2587 Bonum
1024 2530 1238 2604 itaque,
1274 2524 1337 2585 ut
1359 2530 1431 2585 ad
1457 2534 1655 2586 nostra
1678 2529 1932 2599 redeam,

2065 571 2292 638 tribuit,
2310 576 2430 627 tam
2444 571 2666 627 summi
2679 569 2893 643 fastigii
2926 567 3118 625 arcem
3137 568 3544 627 conscendere.
3569 568 3725 636 Quo-

2065 660 2220 717 circa
2268 659 2350 717 nil
2400 661 2471 715 de
2502 663 2576 725 te,
2626 659 2727 715 sed
2760 665 2831 715 de
2861 657 3012 731 ipso,
3044 658 3171 715 sine
3202 675 3317 733 quo
3347 658 3499 715 nihil
3522 666 3719 733 potes,

2065 766 2449 822 prazsumens,
2471 748 2795 805 secundum
2812 747 3188 820 Prophetam,
3205 758 3310 821 quo
3332 746 3731 821 pulchriOres,

2062 839 2341 908 descende,
2375 845 2427 894 et
2473 836 2664 893 habita
2708 854 2832 892 cum
2861 836 3495 910 incircumcisis(Ez3ech,
3528 853 3720 907 xxx",

2064 927 2175 1000 19),
2209 928 2266 983 id
2298 932 2388 983 est
2416 925 2719 982 humiliter
2759 926 3165 982 condescendc
3199 925 3564 998 quibuslibet
3595 944 3724 984 non

2062 1016 2253 1072 solum
2289 1014 2662 1071 matrimonio
2681 1012 2924 1087 junctis,
2956 1013 3067 1070 sed
3102 1017 3159 1070 et
3187 1014 3377 1071 carnis
3407 1031 3616 1072 curam
3654 1016 3719 1072 in

2061 1105 2535 1178 concupiscentia
2559 1102 2930 1173 facientibus,
2965 1103 3345 1160 aestimatione
3385 1105 3630 1177 propria
3659 1100 3723 1162 te

2060 1194 2280 1251 nemini
2314 1195 2647 1266 praeferens,
2681 1192 2849 1266 quasi
2898 1191 3091 1249 caeteri
3114 1190 3539 1265 peccatores,tu
3572 1210 3722 1266 pro-

2058 1288 2186 1356 pter
2201 1281 2489 1340 castitatis
2503 1282 2726 1339 donum
2740 1282 2823 1338 sis
2835 1278 3211 1354 singulariter
3225 1286 3464 1338 sanctus
3484 1300 3498 1339 :
3513 1283 3723 1341 sciens

2057 1373 2408 1445 quibusdam
2443 1369 2584 1428 vitia
2612 1372 2880 1445 quaedam
2912 1371 3277 1444 plerumque,
3302 1371 3419 1428 Deo
3460 1374 3721 1444 permit-

2054 1466 2231 1533 tente,
2251 1462 2323 1518 ad
2340 1466 2574 1536 tempus
2592 1460 2904 1529 dominari,
2925 1465 2989 1517 ut
3004 1459 3263 1517 conversi
3281 1464 3412 1535 post
3440 1459 3706 1530 dissent,

2053 1553 2224 1624 cujus
2258 1551 2470 1623 pietate
2496 1551 2567 1605 de
2597 1549 2928 1623 captivitate
2954 1549 3260 1622 redempti,
3293 1553 3346 1605 et
3384 1550 3556 1622 cujus
3586 1550 3718 1607 vir-

2049 1644 2175 1697 tute
2204 1641 2274 1696 de
2322 1643 2606 1711 potestate
2654 1640 2773 1694 sint
2819 1637 3073 1694 crudelis
3122 1636 3355 1711 tyranni
3382 1639 3608 1711 erepti;
3640 1643 3712 1696 et

2050 1730 2215 1784 tanto
2248 1728 2500 1799 mojores
2529 1726 2750 1800 gratias
2780 1726 3035 1782 referant
3062 1726 3611 1804 liberatori,quanto
3632 1729 3719 1784 de
3770 1746 3775 1749 ·

2052 1814 2257 1887 majori
2284 1814 2539 1888 periculo
2566 1814 2948 1872 suntliberati
2973 1832 2986 1872 :
3020 1818 3079 1870 at
3107 1819 3311 1871 contra
3340 1816 3717 1888 quibusdam
3770 1834 3777 1839 ’

2050 1905 2313 1977 reprobis
2329 1903 2595 1976 quaedam
2610 1904 2957 1960 sublimium
2971 1905 3254 1960 virtutum
3267 1905 3420 1960 dona
3433 1921 3723 1961 nonnun-

2052 2009 2231 2067 quam
2250 1993 2570 2066 provenire,
2597 1993 2812 2066 quibus
2830 1992 2963 2050 elati
2983 1994 3220 2067 gravius
3250 1997 3715 2067 corruant,qua-

2047 2088 2219 2140 tenus
2266 2100 2466 2139 eorum
2517 2099 2657 2139 casu
2691 2081 2876 2139 territi
2920 2082 3107 2150 electi,
3137 2083 3209 2138 de
3239 2099 3301 2139 se
3332 2100 3446 2140 non
3480 2098 3721 2157 praesu-

2048 2177 2232 2243 mant,
2286 2173 2389 2245 sed
2437 2173 2494 2227 in
2544 2172 2645 2228 Dei
2697 2168 3101 2228 misericordia
3144 2171 3375 2229 ﬁrmius
3419 2188 3713 2247 gressum

2048 2262 2263 2319 mentis
2311 2263 2515 2335 ﬁgant.
2553 2261 2716 2317 Unde
2745 2260 3060 2333 Apostolus
3110 2259 3391 2333 pulchre:
3422 2263 3534 2333 Qui
3558 2266 3709 2331 stat,

2046 2350 2258 2423 inquit,
2290 2350 2471 2407 videat
2497 2363 2567 2406 ne
2592 2349 2750 2407 cadat
2783 2350 2827 2423 (I
2856 2350 2975 2406 Cor.
3010 2369 3064 2419 x,
3101 2350 3208 2422 12).

2119 2441 2205 2495 14.
2236 2439 2398 2496 Unde
2428 2444 2624 2496 autem
2656 2456 2828 2496 casus
2858 2438 2967 2497 iste
3011 2438 3340 2512 specialiter
3369 2439 3705 2515 contingat,
3772 2462 3781 2465 '

2045 2528 2360 2585 Psalmista
2406 2529 2697 2601 precando
2746 2528 3147 2585 demonstrat:
3181 2530 3301 2585 Non
3341 2532 3525 2586 veniat
3551 2530 3713 2586 milii

284 2626 334 2681 si
364 2623 585 2681 habeas
613 2622 827 2687 virum,
877 2621 1107 2687 Suram,
1142 2618 1483 2688 Rebeccam,
1539 2618 1847 2676 Rachclem
1880 2622 1938 2675 et
2039 2635 2134 2689 pes
2162 2618 2455 2690 superbia),
2489 2625 2541 2674 et
2568 2632 2769 2674 manus
2794 2622 3093 2690 peccatoris
3121 2635 3230 2675 non
3254 2623 3464 2676 moveat
3482 2636 3587 2677 me.
3614 2620 3714 2676 lbi

284 2711 581 2770 Elisabeth
616 2710 849 2764 imitare
887 2726 899 2763 :
935 2709 1088 2779 quod
1124 2707 1173 2762 si
1205 2707 1475 2780 iniquum
1523 2713 1583 2763 et
1612 2706 1934 2775 crudelem,

284 2802 465 2858 habes
487 2815 721 2873 quoque
742 2814 889 2868 quas
912 2797 1244 2862 imiteris,in
1260 2798 1414 2851 Novo
1436 2796 1672 2869 quidem
1696 2799 1938 2851 Anasta-

284 2892 434 2949 siam
465 2892 522 2946 et
551 2886 913 2943 Theodoram
940 2904 954 2954 ;
988 2885 1046 2940 in
1076 2884 1269 2941 Veteri
1319 2889 1515 2940 autem
1562 2884 1934 2941 Testamento

281 2978 507 3053 Abigail
539 2992 779 3034 uxorem
809 2973 993 3030 Nabal
1025 2973 1295 3041 Carmeli,
1324 2978 1381 3030 et
1410 2973 1620 3030 Esther
1672 2973 1931 3029 Assueri.

282 3067 433 3124 Audi
464 3065 713 3138 denique
743 3061 1087 3136 Apostolum
1118 3062 1410 3118 dicentem
1445 3078 1459 3117 :
1494 3062 1810 3118 Saluabitur
1845 3063 1935 3119 vir

282 3155 526 3227 inﬁdelis
579 3172 682 3228 per
731 3154 1030 3208 mulierum
1096 3151 1317 3223 fidelem
1376 3151 1423 3223 (Ι
1471 3151 1592 3207 Cor.
1651 3166 1751 3218 vn,
1816 3151 1931 3223 14,)

283 3226 595 3317 itemque;
634 3243 950 3298 Saluabitur
996 3256 1095 3313 per
1139 3239 1393 3313 ﬁliorum
1449 3241 1857 3309 generationem
1888 3240 1935 3313 (I
1959 3226 2003 3293 C

289 3336 424 3390 Tim.
457 3350 522 3400 ιι,
554 3330 679 3403 15:)
713 3330 812 3386 ubi
845 3346 961 3385 non
993 3328 1144 3385 ﬁlios
1166 3328 1379 3397 carnis,
1406 3329 1509 3385 sed
1532 3327 1684 3385 ﬁlios
1715 3328 1933 3386 mentis

283 3421 482 3494 accipe
511 3436 836 3495 expressos,
896 3434 1045 3490 quos
1075 3416 1277 3490 utique
1328 3421 1523 3474 tenere
1581 3421 1638 3473 et
1693 3416 1932 3474 allidere

278 3509 507 3583 juberis
535 3509 612 3564 ad
642 3511 868 3581 petram
902 3507 1077 3577 (Psal.
1110 3522 1336 3574 cxxxvr,
1393 3510 1476 3577 9,)
1507 3504 1564 3561 id
1615 3510 1705 3562 est
1734 3506 1933 3562 omnia

284 3615 462 3671 opera
484 3601 539 3655 et
568 3597 951 3671 cogitationes
985 3596 1084 3653 59
1118 3595 1381 3651 attollere
1413 3596 1484 3651 ad
1516 3594 1838 3664 Christum,
1868 3600 1933 3650 ut

282 3687 569 3762 quidquid
601 3687 738 3744 boni
770 3686 917 3761 agis,
942 3703 1058 3742 non
1081 3685 1209 3753 tibi,
1242 3686 1342 3742 sed
1368 3684 1479 3757 ipsi
1503 3685 1793 3758 imputare
1814 3688 1932 3741 stu:

282 3779 447 3843 deas,
478 3777 617 3833 sine“
637 3792 752 3848 quo
785 3774 867 3830 nil
901 3775 1038 3831 boni
1073 3791 1242 3847 agere
1273 3775 1553 3846 pervales.

716 3864 837 3919 Trr.
868 3862 937 3917 V.
970 3894 1038 3903 —
1067 3865 1142 3918 De
1164 3863 1465 3918 cwlibibus.

358 3946 439 4008 13.
469 3938 685 4009 Ctelehs
714 3968 777 4007 es
800 3955 823 4007 ?
851 3950 1166 4007 Considera
1187 3967 1363 4024 quam
1395 3967 1695 4006 summum
1717 3951 1930 4007 sancti-

278 4041 417 4098 tatis
446 4039 854 4097 conscenderis
876 4037 1130 4107 culmen,
1163 4042 1219 4093 et
1241 4054 1306 4094 eo
1328 4037 1639 4094 sollicitius
1665 4039 1928 4111 ρι’ωοίρὶ-

277 4135 397 4187 tem
430 4144 571 4186 cave
607 4128 862 4195 ruinam,
913 4143 1030 4199 quo
1086 4126 1265 4183 altius
1317 4131 1459 4183 stas.
1521 4128 1928 4185 Animadverte

277 4220 493 4292 itaque,
519 4234 647 4291 quae
673 4233 850 4273 causa
878 4216 950 4272 de
980 4215 1186 4289 angelo
1210 4215 1344 4272 fecit
1373 4215 1671 4271 diabolum
1699 4235 1713 4285 ;
1746 4221 1804 4272 et
1833 4233 1927 4272 re-

278 4306 599 4365 miniscens
629 4305 919 4363 Dominici
952 4302 1111 4360 illius
1148 4323 1160 4360 :
1188 4302 1329 4373 Quia
1348 4305 1467 4360 sine
1485 4320 1573 4360 me
1588 4305 1733 4360 nihil
1746 4314 1925 4377 potes-

276 4400 348 4454 tis
373 4399 559 4469 facere
586 4397 765 4469 (Joan.
824 4412 918 4461 xv,
953 4392 1033 4464 5,)
1093 4392 1247 4449 scias
1303 4392 1361 4448 in
1419 4392 1529 4449 hoc
1579 4395 1811 4467 negotio
1870 4398 1926 4451 te

277 4485 679 4543 misericordia
710 4489 766 4541 et
795 4481 982 4557 gratia
1007 4481 1165 4540 illius
1191 4481 1440 4538 maxime
1472 4482 1922 4556 indigere,quia,

2042 2708 2371 2775 ceciderunt,
2403 2709 2499 2782 qui
2526 2716 2823 2779 operantur
2848 2708 3202 2779 iniquitatem
3222 2708 3708 2778 (Psal.xxxv,t2).

2044 2798 2158 2852 Nec
2204 2797 2457 2869 injuria;
2506 2797 2645 2869 quia
2691 2796 2848 2851 enim
2895 2796 3195 2870 Scriptura
3237 2802 3527 2854 testante:
3560 2802 3715 2855 Ante

2044 2887 2269 2941 ruinam
2298 2886 2580 2941 excitatur
2609 2901 2702 2940 cor
2732 2888 2917 2955 (Prov.
2949 2901 3064 2955 xvr,
3090 2886 3178 2956 18)
3205 2903 3218 2955 ;
3252 2888 3559 2943 sciendum
3593 2903 3711 2942 ne-

2044 2974 2264 3029 minem
2295 2974 2366 3029 de
2394 2974 2606 3029 virtute
2634 2974 2705 3029 ad
2736 2973 2944 3029 vitium
2977 2974 3277 3046 quodlibet
3302 2975 3551 3048 prolabi,
3579 2975 3715 3033 nisi

2041 3061 2206 3135 priUs
2250 3063 2322 3118 ab
2375 3060 2725 3117 humilitatis
2766 3065 2929 3134 petra
2960 3062 3019 3118 in
3053 3080 3289 3120 arenam
3320 3065 3609 3137 superbiae
3640 3067 3709 3122 ei

2043 3150 2347 3224 contingat
2381 3151 2536 3208 saltu
2565 3151 2844 3208 vanitatis
2862 3156 2915 3207 et
2939 3151 3341 3209 inconstantia
3365 3152 3664 3209 demutari
3692 3173 3713 3224 ;

2043 3256 2180 3295 nam
2201 3241 2311 3297 nisi
2331 3239 2925 3313 precessissetlatens
2950 3242 3245 3314 superbia,
3281 3259 3395 3299 non
3420 3259 3711 3315 sequere-

2040 3333 2138 3384 tur
2181 3328 2448 3385 libidinis
2496 3328 2810 3385 manifesta
2860 3329 3050 3386 ruina.
3100 3330 3262 3388 Unde
3310 3336 3368 3389 et
3394 3331 3652 3405 Prosper
3684 3350 3703 3389 :

2114 3440 2141 3468 ‹‹
2165 3417 2677 3490 Concupiscentiae,
2699 3417 2799 3484 ait,
2814 3416 3007 3475 carnis
3020 3418 3550 3489 addictus,videtur
3565 3421 3709 3493 qui-

2039 3507 2172 3563 dem
2192 3506 2273 3562 nil
2290 3507 2505 3563 habere
2522 3508 2829 3580 superbire,
2849 3523 2983 3562 cum
3004 3510 3325 3580 praesertim
3344 3509 3540 3582 passio
3558 3508 3706 3580 ipsa

2038 3611 2174 3652 eum
2195 3595 2459 3652 videatur
2474 3595 2788 3652 humiliare
2805 3595 3048 3651 luxuria“:
3073 3614 3086 3665 ;
3105 3601 3161 3653 et
3179 3601 3373 3654 tamen
3392 3597 3504 3653 nisi
3522 3599 3707 3670 prius

2039 3685 2272 3742 rebellis
2306 3686 2417 3741 Deo
2450 3686 2742 3753 existeret,
2774 3687 2945 3757 cujus
2975 3686 3209 3742 salubre
3231 3692 3584 3759 praaceptum
3618 3690 3703 3744 de

2039 3776 2436 3831 conservanda
2475 3774 2757 3847 pudicitia
2802 3775 3040 3847 superbi
3087 3776 3333 3846 spiritus
3364 3792 3701 3849 praesump-

2040 3864 2198 3920 tione
2215 3866 2633 3931 contemneret,
2655 3863 2817 3919 nulla
2832 3880 2965 3920 eum
2989 3864 3104 3934 (94)
3121 3864 3367 3921 lasciviae
3392 3865 3705 3938 cupiditas

2038 3953 2464 4025 provocaret.In
2484 3953 2679 4010 animo
2697 3953 2827 4025 ejus
2846 3953 2943 4009 diu
2964 3954 3294 4026 disceptant
3308 3954 3411 4009 Dei
3432 3958 3708 4011 contem-

2037 4044 2174 4114 ptus
2204 4045 2259 4096 et
2286 4045 2477 4097 metus
2502 4060 2517 4109 ;
2551 4042 2652 4097 sed
2683 4046 2786 4098 aut
2812 4048 3183 4115 contemptus
3214 4042 3315 4099 Dei
3347 4043 3700 4116 praeponde-
3758 4092 3763 4095 _

2037 4135 2150 4197 rat,
2182 4134 2239 4185 et
2270 4131 2561 4202 superbus
2594 4131 2829 4187 animus
2859 4136 3090 4206 recepta
3113 4132 3431 4204 cupiditate
3455 4131 3698 4205 pudici-

2037 4218 2179 4274 tiam
2214 4216 2315 4274 θα)
2345 4218 2571 4290 perdit;
2605 4223 2707 4275 aut
2739 4220 2963 4276 obtinet
2992 4224 3269 4290 metus,et
3300 4222 3533 4278 animus
3564 4223 3695 4281 Deo

2035 4308 2337 4380 subjectus
2352 4307 2659 4380 cupiditati
2679 4308 2856 4364 simul
2876 4314 2933 4365 et
2950 4310 3235 4383 superbiae
3259 4311 3627 4367 contradicit.
3658 4336 3693 4364 ι»

2034 4397 2163 4453 Haec
2194 4396 2431 4469 quidem
2455 4397 2524 4453 de
2542 4396 2779 4469 speciali
2807 4415 2987 4454 causa
3004 4399 3206 4455 ruinae.
3225 4400 3390 4456 Nunc
3413 4416 3529 4472 qua
3556 4412 3693 4457 ma-

2031 4484 2180 4542 teria
2209 4486 2412 4543 eadem
2433 4501 2689 4559 persaepe
2713 4487 3012 4560 contingat
3034 4488 3494 4561 ruina,ejusdem
3541 4489 3689 4547 au'di

276 4579 344 4632 ut
366 4575 615 4632 veridice
647 4573 728 4629 ait
757 4571 1166 4645 Hieronymus,
1203 4574 1261 4627 in
1291 4588 1455 4628 carne
1474 4577 1678 4644 praeter
1704 4590 1925 4631 carnem
1952 4595 2002 4662 Β
2032 4574 2373 4631 doctrimam
2401 4590 2414 4629 :
2453 4574 2939 4647 «Plerosque,ait,
2961 4575 3101 4649 gula
3120 4581 3177 4633 et
3210 4578 3697 4652 concupiscentia

272 4666 460 4722 vivere
488 4680 600 4720 non
628 4664 860 4718 humani
896 4662 1102 4733 meriti,
1133 4659 1229 4718 sed
1283 4663 1533 4717 muneris
1588 4670 1668 4717 est
1720 4663 1920 4719 divini.

276 4752 439 4809 Unde
467 4756 525 4809 et
552 4756 701 4807 teste
732 4748 1029 4823 Gregorio,
1054 4750 1177 4822 ipse
1208 4749 1506 4806 cmlibatus
1528 4767 1642 4805 non
1666 4751 1925 4823 praecipi-

274 4845 391 4913 tur,
426 4841 528 4897 sed
561 4839 835 4897 laudatur
858 4858 871 4906 ;
898 4839 1036 4911 quia
1056 4838 1322 4895 videlicet
1343 4837 1737 4907 stultum,imo
1759 4839 1924 4895 valde

277 4930 601 5004 superbum
632 4933 741 4997 est,
774 4934 838 4984 ut
869 4928 978 4984 hoc
1009 4927 1201 5001 pulvis
1233 4931 1290 4983 et
1311 4926 1457 4983 cinis
1490 4944 1552 4983 se
1610 4933 1927 5000 praesumat

273 5018 512 5092 exsequi
544 5034 716 5093 posse
744 5018 958 5074 virtute
987 5016 1242 5090 propria,
1275 5016 1429 5089 quod
1462 5033 1577 5072 non
1637 5017 1772 5089 sibi,
1823 5017 1925 5074 sed

274 5106 500 5183 angelis
530 5123 663 5165 cum
693 5106 795 5163 Dei
827 5122 1071 5162 munere
1113 5104 1358 5161 contulit
1383 5109 1614 5162 natura.
1650 5106 1745 5165 Sic
1768 5106 1925 5162 enim

272 5196 355 5253 ait
382 5195 613 5252 Veritas
644 5195 774 5268 ipsa
800 5213 813 5250 :
849 5197 1022 5268 Hujus
1049 5196 1245 5253 sacrati
1273 5194 1382 5265 ﬁlii
1440 5196 1679 5262 nubunt,
1711 5199 1762 5251 et
1806 5200 1924 5251 tra-

270 5284 481 5342 duntur
527 5285 598 5341 ad
644 5285 907 5356 nuptias,-
958 5287 1018 5340 in
1074 5286 1473 5340 resurrectione
1514 5292 1696 5341 autem
1750 5298 1927 5356 neque

269 5376 494 5443 nubent,
526 5390 698 5448 neque
727 5373 923 5430 ducent
942 5389 1157 5444 uxores,
1189 5373 1282 5430 sed
1300 5380 1460 5430 erunt
1488 5375 1630 5430 sicut
1655 5374 1843 5444 angeli
1862 5374 1923 5428 in

268 5465 402 5523 caelo
427 5468 581 5535 (Luc.
612 5480 707 5533 xx,
739 5461 875 5532 35;)
933 5467 991 5518 et
1024 5461 1163 5519 alibi
1194 5478 1371 5535 super
1427 5476 1489 5518 re
1519 5462 1724 5520 eadem
1759 5479 1777 5520 :
1817 5462 1925 5535 Qui

269 5562 438 5632 potest
491 5567 703 5628 capere,
736 5554 918 5627 capiat
951 5550 1172 5624 (Matth.
1221 5567 1360 5625 xvu,
1395 5551 1522 5630 12;)
1582 5551 1917 5621 ostendens,

341 5660 458 5745 (94)
492 5659 725 5741 Val-sati
751 5660 1028 5726 mendose
1056 5660 1224 5725 enim.

2031 4663 2150 4719 vini
2182 4663 2439 4737 turpiter
2468 4663 2527 4719 in
2558 4662 2850 4720 luxuriam
2883 4663 3093 4734 solvit;
3126 4665 3272 4723 alios
3309 4664 3370 4722 in
3401 4667 3693 4739 injuriam

2031 4751 2324 4826 pudicitia:
2342 4752 2590 4808 sordidae
2606 4752 2988 4826 cogitationes
3001 4752 3347 4825 incendunt;
3368 4756 3696 4815 nonnullos

2031 4842 2103 4896 de
2130 4841 2428 4913 proposito
2451 4841 2736 4897 castitatis
2767 4842 3103 4899 occasiones
3128 4842 3333 4900 oblatas
3363 4844 3649 4917 dejieiunt
3672 4865 3689 4915 ;

2034 4928 2326 5002 quosdam
2359 4930 2468 4985 sub
2500 4929 3038 5004 impudicitiiejugo
3056 4933 3323 5006 exempla
3338 4934 3561 5007 perdite
3591 4934 3690 4989 vi-

2032 5019 2294 5076 ventium
2344 5017 2606 5074 mittunt.
2654 5019 2804 5076 Sunt
2850 5018 2948 5076 alii
2979 5037 3231 5093 quorum
3261 5022 3441 5079 vitam
3472 5021 3691 5096 lingua

2036 5107 2226 5180 turpis
2258 5107 2603 5178 inﬂammat,
2636 5114 2689 5165 et
2715 5113 2945 5182 turpem
2979 5110 3397 5168 conscientiam
3432 5113 3687 5169 manife-

2034 5202 2185 5254 stat:
2230 5196 2329 5270 qui
2363 5196 2529 5269 prius
2561 5198 2979 5255 inverecundos
3011 5216 3314 5257 sermones
3344 5205 3446 5257 aut
3475 5202 3681 5272 profe-

2034 5290 2299 5352 runt,aut
2316 5285 2565 5342 libenter
2579 5286 2921 5355 audiunt,ac
2937 5287 3145 5345 deinde
3168 5288 3446 5362 paulatim
3465 5290 3677 5347 morbo

2032 5379 2325 5433 crescente
2357 5376 2429 5431 ab
2460 5375 2767 5432 honestate
2816 5374 3114 5433 deﬁciunt.
3156 5379 3438 5451 Cogitatio
3460 5378 3687 5453 quippe

2031 5469 2141 5532 est,
2175 5481 2302 5539 qua:
2321 5469 2579 5521 mentem
2598 5462 2748 5521 sicut
2765 5464 2954 5539 turpis
2983 5464 3273 5539 inquinat,
3308 5467 3389 5523 ita
3418 5467 3469 5525 si
3505 5468 3693 5524 fuerit

2029 5553 2299 5628 honesta,
2345 5552 2638 5630 purificat.
2710 5551 2854 5613 Hinc
2902 5557 2994 5614 est
3042 5555 3199 5633 quod
3249 5554 3347 5617 ille
3416 5555 3685 5636 corporis
