4090 6180
317 340 429 400 20,
492 362 497 371 .

1253 346 1897 423 PRELOQUIORUM
1946 347 2154 410 LIBRI
2200 352 2373 412 SEX.
2408 385 2485 395 —
2515 353 2664 413 LlB.
2708 342 2784 413 ll:

3588 351 3722 410 303

318 462 529 538 fluxus,
563 474 660 546 qui
690 474 756 530 ﬁt
782 475 844 531 in
868 475 1295 534 dormientibus
1316 479 1442 534 sine
1468 479 1961 551 culpa,interdum
1988 482 2048 549 Α
2082 483 2257 537 subdi
2286 500 2399 539 non
2432 485 2781 558 dedignatus
2796 486 3099 541 sitcuncta
3115 500 3341 549 creans,
3375 482 3722 538 etnutriens

310 561 690 635 vigilantibus
721 564 1007 638 contingit
1037 582 1104 620 ex
1133 565 1304 639 culpa
1329 585 1341 635 ;
1371 565 1471 622 sed
1495 566 1654 623 aliud
1686 572 1775 624 est
1803 569 1959 640 quod

308 650 367 706 in
390 651 718 708 dormiente
742 653 824 721 tit,
849 652 1007 709 aliud
1033 656 1183 727 quod
1210 656 1461 728 vigilans
1491 656 1627 712 facit
1651 675 1663 723 ;
1687 656 1766 712 ibi
1792 662 1963 713 uatu-

307 739 505 796 raliter
529 738 830 813 plenitudo
861 741 1125 800 humoris
1145 744 1472 816 expellitur,
1494 744 1589 800 hic
1618 746 1806 818 turpis
1827 763 1960 801 con-

302 829 669 902 cupiscentia
698 830 1043 901 publicatur.
1079 856 1107 882 »
1136 833 1216 889 Ne
1247 833 1427 905 igitur
1458 833 1661 890 caelebs
1690 835 1957 891 amittere

306 917 596 974 castitatis
625 918 945 991 vilipendas
974 922 1218 987 donum,
1254 922 1439 977 recole
1469 922 1613 978 illud
1662 923 1953 996 propheta:

304 1007 618 1080 imperium
645 1024 657 1063 :
691 1010 983 1078 Quomodo,
1016 1010 1227 1083 inquit,
1260 1012 1507 1067 cecidisti
1532 1011 1598 1067 de
1625 1012 1752 1068 cado
1789 1016 1951 1069 Luci-

303 1100 414 1169 fer,
448 1098 545 1169 qui
570 1113 731 1153 mane
757 1099 1065 1155 oricbaris?
1096 1101 1227 1171 (Isai
1254 1119 1369 1169 xxv,
1404 1101 1493 1167 l2)
1527 1101 1585 1157 id
1626 1107 1715 1157 est
1771 1102 1951 1174 virgi-

305 1186 506 1242 nitatis
537 1185 843 1258 splendore
872 1188 1098 1244 cunctis
1129 1190 1376 1260 parehas
1412 1191 1655 1245 decorus
1676 1196 1733 1244 et
1761 1190 1949 1245 admi-

304 1274 527 1331 rabilis.
556 1275 875 1329 Admiratio
904 1276 1059 1330 enim
1088 1276 1203 1332 ista
1232 1294 1348 1333 non
1382 1283 1664 1333 estcausa
1684 1278 1954 1350 ignoran-

305 1364 419 1433 tiae,
448 1365 549 1421 sed
583 1368 719 1420 nota
747 1363 1094 1419 calumniae:
1132 1383 1202 1420 ex
1250 1365 1425 1438 culpa
1478 1367 1655 1433 enim,
1715 1372 1782 1422 ut
1826 1368 1952 1437 jam

303 1453 580 1520 diximus,
614 1453 923 1524 superbiae,
978 1454 1217 1509 miseria
1268 1455 1613 1526 hujusmodi
1671 1456 1957 1527 contingit

298 1541 479 1596 ruinae
505 1558 518 1609 ;
542 1540 680 1612 quia
705 1540 974 1597 videlicet
994 1558 1127 1597 cum
1152 1542 1245 1597 his
1261 1544 1493 1598 duobus
1507 1543 1663 1597 vitiis
1685 1543 1955 1599 diabolus

297 1629 637 1685 universum
655 1645 843 1701 genus
866 1631 1664 1702 pereuntium,maxime,imo
1687 1632 1951 1687 omnimo

294 1718 384 1775 dis
416 1718 773 1791 supplantat,
808 1717 1069 1774 libidinis
1116 1718 1336 1774 scilicet
1389 1723 1563 1791 atque
1611 1720 1898 1792 superbiae
1932 1739 1945 1788 ;

292 1826 477 1864 unum
512 1813 706 1863 tamen
739 1809 950 1879 pendet
972 1825 1041 1862 ex
1071 1808 1273 1863 altero.
1318 1808 1485 1863 Sicut
1515 1809 1671 1864 enim
1718 1826 1820 1881 per
1840 1827 1943 1865 su-

284 1895 553 1973 perbiam
583 1895 703 1951 itur
730 1896 789 1950 in
820 1895 1291 1967 prostitutionem
1325 1892 1607 1961 libidinis,
1639 1897 1717 1952 ita
1738 1914 1772 1951 a
1811 1896 1940 1951 libi-

291 1987 429 2041 dine
461 1985 793 2058 pervenitur
822 1985 890 2040 ad
924 1985 1201 2039 duritiam
1228 1985 1462 2052 mentis,
1488 1991 1564 2053 et,
1598 1985 1709 2040 hcu
1743 1985 1936 2041 dolor!

289 2092 478 2148 usque
495 2075 563 2129 ad
584 2076 979 2145 contemptum
1000 2072 1506 2141 ruiturCreatoris;
1529 2079 1585 2129 et
1606 2076 1684 2130 ita
1701 2075 1940 2132 demum

287 2183 408 2233 cor,
427 2164 579 2237 quod
602 2163 699 2219 Dei
723 2162 1004 2218 debuerat
1030 2179 1131 2235 per
1152 2162 1547 2218 humilitatem
1572 2167 1746 2235 atque
1768 2181 1939 2219 mun-

287 2254 498 2309 ditiam
533 2269 661 2308 esse
689 2250 998 2323 templum,
1036 2252 1100 2306 fit
1128 2251 1551 2306 daemoniorum
1596 2269 1698 2324 per
1735 2269 1939 2324 super-

283 2343 447 2398 biam
478 2347 651 2412 atque
682 2339 1117 2395 immunditiam
1152 2339 1483 2403 delubrum,
1517 2344 1592 2406 et,
1628 2344 1692 2394 ut
1746 2341 1941 2412 aptius

283 2432 503 2494 dicam,
527 2429 739 2485 diaboli
765 2433 1235 2484 monumentum.
1252 2428 1346 2484 Sic
1367 2428 1705 2500 enim,quod
1733 2444 1943 2500 negare

284 2538 405 2576 non
439 2536 777 2592 possumus,
811 2518 936 2588 ipse
963 2519 1031 2572 ad
1062 2519 1297 2573 beatum
1325 2517 1433 2571 Job
1466 2517 1755 2573 Dominus
1813 2517 1895 2572 ait
1928 2535 1941 2573 :

280 2610 400 2665 Sub
428 2611 627 2664 umbra
656 2608 856 2662 dormit
886 2608 947 2659 in
970 2614 1166 2661 secreto
1194 2606 1398 2659 calami
1423 2613 1474 2659 et
1503 2606 1632 2660 locis
1672 2606 1944 2661 humenti-

282 2702 391 2754 bus
419 2699 551 2767 (Job
601 2714 692 2761 xc,
757 2696 864 2764 16).
918 2694 1064 2749 Cave
1124 2693 1306 2765 igitur
1361 2693 1696 2765 quicunque
1756 2695 1943 2749 adhuc

274 2792 456 2844 tanta
483 2784 769 2840 castitatis
800 2782 981 2837 fueris
1015 2782 1407 2855 prmrogativa,
1462 2800 1532 2837 ne
1580 2782 1696 2837 tuis
1720 2783 1941 2838 meritis

269 2893 419 2934 eam
452 2873 781 2940 tribuendo,
814 2873 953 2927 dum
987 2871 1246 2927 declinas
1268 2871 1592 2941 libidinem,
1617 2871 1841 2928 incidas
1879 2871 1937 2928 in

267 2963 594 3020 elationem
616 2980 641 3026 ;
668 2965 725 3015 et
752 2960 892 3014 dum
924 2975 1092 3015 eaves
1123 2959 1457 3024 elationem,
1484 2952 1658 3015 cadas
1682 2962 1939 3031 segniter

268 3055 333 3110 in
373 3050 678 3106 libidinem
712 3066 727 3105 :
761 3047 915 3120 quod
949 3052 1011 3102 ut
1042 3064 1212 3120 agere
1238 3047 1450 3117 valeas,
1504 3049 1775 3105 timorem
1835 3066 1932 3122 ge-

2075 571 2360 627 Dominus
2380 572 2407 628 ?
2437 574 2505 627 Et
2536 590 2686 645 saepe
2719 572 3021 647 contingit,
3054 578 3119 628 ut
3148 588 3401 645 paupere
3424 575 3589 642 patre
3613 569 3726 624 exi-

2070 664 2278 727 stente,
2311 661 2472 717 dives
2502 661 2580 717 sit
2612 661 2782 717 filius.
2819 662 2967 729 Quid
2999 678 3136 736 rogo
3169 662 3226 716 in
3262 676 3457 717 rerum
3509 662 3723 714 natura

2067 749 2327 805 fccdius?
2358 751 2426 805 Et
2455 768 2588 806 cum
2622 750 2720 806 alii
2753 752 2824 807 de
2877 752 3030 807 fastu
3087 755 3338 823 paterna:
3391 745 3721 806 nobilitatis

2064 837 2292 894 soleant
2320 839 2642 911 superbire,
2678 845 2743 895 tu
2775 841 2845 895 ad
2878 840 3259 914 ignominiam
3282 838 3365 895 tui
3395 836 3602 911 ipsius,
3621 853 3719 908 pa-

2064 932 2211 984 trem
2247 933 2384 983 nota
2413 929 2775 1001 paupertatis
2797 930 3098 994 adustum,
3116 945 3218 1001 per
3238 928 3457 1000 plateas
3469 924 3718 981 dimittis

2061 1016 2446 1072 mendicando
2462 1016 2898 1081 incedere.Quirl
2915 1018 3071 1074 enim
3088 1012 3715 1079 mendicansclamitat,

2061 1104 2260 1161 nisi-te
2292 1105 2597 1171 novitium,
2632 1111 2688 1162 te
2719 1110 3116 1178 assumptum,
3152 1110 3207 1161 te
3237 1103 3404 1172 illud,
3425 1102 3582 1175 quod
3615 1119 3718 1158 nu-

2060 1210 2162 1264 per
2189 1195 2262 1248 ab
2293 1194 2384 1250 his
2415 1194 2714 1250 inventum
2748 1200 2855 1250 est.
2891 1194 2993 1266 qui
3026 1211 3088 1249 se
3118 1193 3387 1249 homines
3418 1192 3604 1247 facere
3621 1192 3716 1261 ja-

2061 1286 2243 1348 ctant,
2276 1283 2333 1337 id
2365 1286 2452 1337 est
2481 1283 2769 1338 factitium
2802 1284 2937 1352 (95),
2970 1287 3026 1338 te
3057 1280 3458 1346 allevatitium,
3491 1284 3546 1335 te
3608 1296 3711 1334 no-

2062 1369 2251 1434 thum,
2275 1372 2659 1442 spuriumque
2688 1374 3051 1428 demonstrat
3070 1371 3211 1427 ?Cui
3241 1369 3289 1428 si
3320 1368 3604 1442 aliquisid
3620 1366 3708 1424 vel

2066 1456 2357 1513 mentiens
2388 1458 2824 1531 improperaret,
2854 1476 3049 1516 nonne
3074 1476 3254 1515 causa
3296 1456 3708 1515 commotionis

2064 1545 2185 1599 haec
2217 1561 2429 1616 magna
2457 1563 2584 1601 esse
2600 1547 2881 1617 potuisset
2899 1552 2920 1603 ἓ
2935 1548 3002 1602 Et
3027 1548 3146 1602 haec
3160 1547 3398 1619 quidem
3416 1551 3705 1618 quantum

2062 1633 2133 1687 ad
2168 1633 2469 1689 saeculum.
2503 1636 2839 1690 Secundum
2870 1652 3003 1691 vero
3066 1640 3265 1702 Deum,
3315 1651 3450 1689 cum
3498 1634 3709 1707 ipsein

2062 1720 2290 1777 Psalmo
2321 1722 2511 1778 dicat:
2546 1725 2744 1780 Beatus
2762 1725 2871 1796 qui
2901 1725 3164 1793 intelligi!
3191 1739 3355 1795 super
3379 1738 3607 1794 egenum
3661 1730 3712 1778 et

2053 1827 2349 1882 pauperem
2377 1813 2548 1883 (Psal.
2583 1830 2654 1867 xi.
2676 1816 2711 1866 2
2743 1830 2755 1879 ;
2791 1829 2968 1884 super
2987 1829 3163 1885 quem
3196 1817 3280 1878 tu,
3339 1827 3499 1883 rogo,
3542 1810 3710 1866 intel~

2052 1897 2220 1971 liges,
2253 1898 2353 1971 qui
2387 1917 2492 1955 nec
2526 1901 2720 1972 ipsum
2752 1901 3087 1956 mendicum
3119 1900 3452 1956 miserando
3482 1904 3706 1972 patrem

2050 1989 2419 2060 recognoscis
2442 1988 2470 2043 ?
2500 1989 2628 2054 Cui,
2664 2007 2822 2062 rogo,
2856 1990 3109 2061 porrigis
3138 1987 3701 2061 eleemosynam,qui

2050 2093 2157 2131 nec
2187 2077 2377 2149 ipsam
2409 2078 2466 2132 in
2500 2082 2661 2151 patre
2683 2079 2953 2150 agnoscis
2968 2076 3410 2133 naturam?Etsi
3424 2076 3703 2134 omnibus

2050 2166 2451 2222 misericordia
2481 2166 2851 2240 impedenda,
2894 2167 3070 2223 etiam
3126 2184 3161 2221 a
3220 2166 3331 2222 {ide
3387 2165 3699 2235 extraneis,

2050 2255 2302 2310 maxime
2331 2260 2549 2321 autem,
2579 2261 2646 2311 ut
2676 2256 2756 2310 ait
2785 2255 3120 2326 Apostolus,
3154 2255 3224 2310 ad
3256 2254 3612 2310 domesticos
3632 2254 3702 2309 ﬂ-

2051 2342 2144 2397 dei
2177 2342 2316 2411 (Gel.
2348 2361 2423 2409 v1,
2457 2346 2568 2411 10),
2602 2344 2739 2415 quid
2774 2343 2886 2409 his,
2921 2344 3021 2415 qui
3053 2359 3168 2397 non
3184 2342 3374 2397 solum
3397 2342 3702 2397 domestici

2052 2430 2210 2494 ﬁdei,
2243 2431 2341 2485 sed
2374 2432 2548 2485 etiam
2581 2431 2885 2485 domestici
2918 2426 3248 2501 sanguinis,
3270 2428 3359 2483 vel
3381 2428 3543 2500 origo
3563 2432 3705 2484 sunt

2054 2518 2307 2589 generis,
2339 2517 2448 2585 vel,
2484 2519 2635 2573 sicut
2665 2518 2902 2589 quidam
2934 2516 3177 2591 pulchre
3235 2516 3293 2571 in
3344 2515 3703 2572 decachordo

2054 2605 2171 2660 ait:
2205 2606 2311 2672 Qui
2342 2606 2467 2661 suis
2500 2606 2841 2678 parentibus
2872 2623 2985 2661 non
3017 2605 3202 2661 defert
3225 2603 3529 2670 honorem,
3570 2604 3703 2676 qui-

2052 2695 2163 2750 bus
2194 2712 2395 2767 parere
2423 2695 2677 2767 poterit?
2706 2692 3419 2768 O-rnibusigituraliquid
3439 2693 3701 2750 dandum

2050 2788 2157 2855 est,
2192 2783 2339 2856 patri
2355 2788 2538 2839 totum
2555 2783 3201 2854 comniittcndum,ejus
3221 2781 3481 2838 dominio
3512 2785 3701 2838 totum

2049 2873 2525 2944 mancipandam.
2558 2873 2727 2928 Pater
2759 2868 2951 2944 itaque
2985 2872 3090 2942 sis,
3119 2871 3277 2926 filius
3309 2870 3411 2939 sis,
3454 2870 3701 2944 quilibet

2048 2962 2520 3034 consanguineus
2552 2962 2655 3027 eis,
2688 2962 2822 3017 audi
2856 2960 3199 3033 Apostolum
3224 2976 3237 3015 :
3265 2960 3369 3028 Qui
3389 2968 3702 3028 suorum,et

2041 3054 2283 3107 maxime
2310 3051 2718 3106 domesticomm
2747 3066 2940 3105 curam
2966 3066 3079 3106 non
3106 3049 3285 3115 habet,
3319 3048 3481 3118 ﬁdem
3535 3065 3703 3119 nega-

270 3142 488 3198 hennze
518 3138 703 3195 oculis
733 3151 988 3210 propone
1021 3137 1254 3204 mentis,
1288 3142 1343 3192 et
1374 3142 1438 3192 ut
1481 3136 1678 3193 clavus
1702 3137 1930 3193 clavum
2038 3143 2138 3210 vit,
2172 3148 2224 3196 et
2258 3144 2337 3197 est
2368 3139 2583 3211 inﬁdeli
2611 3139 2850 3195 deterior
2877 3143 2931 3208 (Ι
2957 3140 3091 3194 Tim.
3124 3155 3176 3205 ν,
3208 3140 3286 3207 8).

272 3227 539 3302 expellit,
573 3228 654 3282 ita
683 3226 863 3297 hujus
911 3225 1089 3280 timor
1132 3224 1384 3280 incendii
1444 3226 1710 3282 ardorem
1774 3225 1935 3283 illius
1967 3213 2010 3281 C

274 3317 536 3390 expellat
561 3314 710 3371 vitii.
744 3314 1138 3371 Consideratio
1170 3330 1402 3386 quoque
1433 3320 1672 3370 terrenae
1717 3315 1934 3386 fragili-

278 3407 425 3462 tatis
450 3405 718 3460 timorem
744 3404 992 3458 refrenet
1021 3403 1311 3458 elationis.
1346 3403 1430 3458 Ita
1450 3404 1515 3457 ﬁt
1539 3408 1603 3457 ut
1623 3408 1678 3458 et
1704 3404 1776 3458 ab
1816 3403 1932 3458 ela-

279 3494 468 3552 tionis
495 3507 735 3558 vcneno,
769 3496 825 3547 et
853 3508 887 3546 a
914 3490 1175 3547 libidinis
1206 3490 1495 3559 incendio,
1520 3491 1749 3546 Christo
1767 3491 1933 3560 adju-

279 3588 482 3650 vante,
525 3582 821 3647 defensus,
880 3570 1111 3653 angelis,
1149 3579 1435 3651 perpetim
1486 3578 1937 3649 conjucunderis

281 3672 681 3737 consortibus,
713 3669 1036 3743 angelicam
1072 3669 1130 3722 in
1162 3668 1333 3723 terris
1364 3666 1839 3739 quandoquidem
1861 3666 1940 3721 vi-

277 3768 409 3818 tam
440 3777 503 3817 es
532 3760 817 3815 imitatus.

643 3847 893 3905 Tn..VI.
926 3877 995 3886 ——
1026 3847 1100 3899 De
1128 3848 1282 3915 patre
1308 3848 1359 3900 et
1390 3847 1580 3898 matre.

360 3941 448 3995 15.
482 3939 651 3994 Pater
678 3941 780 3992 aut
803 3940 988 3991 mater
1019 3951 1081 3990 es
1105 3934 1133 3989 ?
1155 3934 1444 3989 Memento
1466 3931 1837 4005 disciplinam
1882 3937 1937 3988 tc

280 4029 497 4084 debere
526 4025 749 4091 ﬁliis,et
779 4025 863 4080 sic
885 4023 1123 4079 monitis
1146 4024 1485 4094 obtempera
1508 4021 1938 4094 apostolicis,ut

282 4115 475 4173 simul
502 4119 558 4170 et
588 4113 886 4169 interitum
920 4129 1123 4167 caveas
1174 4111 1298 4167 Heli
1353 4111 1670 4167 sacerdotis
1702 4124 1715 4181 κ
1752 4113 1777 4166 I
1805 4112 1934 4179 Reg.

283 4223 350 4272 ιι,
383 4206 460 4277 4).
490 4205 704 4271 Patres,
733 4201 928 4273 inquit
958 4200 1462 4273 Apostolus,nolite
1491 4200 1559 4255 ad
1589 4200 1937 4255 iracundiam

278 4308 581 4368 provocare
607 4291 756 4361 ﬁlios
782 4295 1004 4357 vestros,
1056 4293 1253 4345 utnon
1305 4289 1511 4360 pusillo
1565 4290 1749 4344 animo
1801 4290 1940 4358 ﬁant

287 4384 506 4458 (Ephes.
531 4399 610 4450 vr,
642 4380 718 4451 4).

784 4470 906 4523 Trr.
940 4467 1058 4522 Vll.
1088 4497 1153 4506 —
1186 4467 1256 4521 De
1285 4467 1439 4535 ﬁliis.

2512 3228 2631 3283 Trr.
2666 3227 2814 3283 Vlll.
2848 3259 2913 3268 —
2946 3227 3019 3283 De
3037 3226 3241 3282 viduis.

2114 3320 2204 3374 17-
2231 3318 2422 3372 Vidua
2451 3317 2560 3373 es?
2590 3317 2785 3371 Habes
2810 3318 3061 3383 Annam,
3088 3320 3274 3381 tuam,
3306 3318 3371 3370 ut
3402 3314 3483 3370 ita
3535 3314 3696 3379 dixe-

2044 3408 2178 3473 rim,
2213 3406 2475 3478 regulam
2513 3406 2659 3475 (Luc.
2697 3421 2758 3470 ιι,
2792 3404 2903 3469 87).
2936 3403 3099 3466 Quod
3119 3403 3168 3456 si
3186 3401 3560 3457 alitervivere
3581 3403 3691 3468 vis,

2042 3495 2176 3550 audi
2209 3492 2553 3565 Apostolum
2579 3509 2592 3546 :
2632 3490 2822 3555 Vidua,
2852 3488 3071 3559 inquit,
3102 3502 3227 3559 quae
3258 3489 3318 3540 in
3346 3487 3552 3541 dilieiis
3588 3492 3690 3553 est,

2044 3584 2229 3637 vivens
2266 3583 2483 3635 mortua
2509 3586 2584 3632 est
2616 3581 2668 3648 (I
2700 3577 2834 3630 Tim.
2873 3592 2927 3643 ν,
2958 3574 3035 3643 6).

2462 3667 2578 3720 Trr.
2616 3663 2706 3720 IX.
2733 3696 2802 3703 —-
2831 3665 2905 3719 De
2930 3661 3260 3731 virginibus.

2119 3759 2205 3813 18.
2237 3754 2410 3826 Virgo
2441 3754 2547 3809 es?
2578 3753 2777 3810 Gaude
2807 3752 2864 3806 in
2881 3751 3127 3808 Domino
3160 3749 3543 3820 humiliter,et
3564 3768 3700 3808 cave

2048 3864 2120 3903 ne
2150 3846 2360 3920 perdas
2389 3860 2535 3910 esse,
2570 3843 2725 3915 quod
2755 3858 2836 3897 es.
2865 3842 3053 3897 Aahes
3085 3840 3354 3905 Mariam,
3402 3841 3699 3914 pudieitiaa

2046 3934 2370 4010 speculum,
2406 3931 2756 4006 virginitatis
2790 3931 3047 3994 titulum,
3071 3929 3422 3986 humilitatis
3442 3931 3697 4004 insigne,

2046 4027 2223 4081 decus
2252 4023 2617 4079 innocentiae.
2653 4022 2923 4077 Scrutare
2960 4021 3089 4090 ejus
3139 4019 3454 4088 canticum,
3506 4022 3702 4092 potest

2044 4115 2146 4169 tibi
2164 4116 2432 4170 sul'licere
2453 4112 2522 4167 ad
2547 4111 3030 4182 compositionem
3048 4127 3300 4165 morum.
3328 4114 3561 4163 Intuere
3583 4125 3702 4179 qua

2046 4202 2303 4258 maxima
2331 4201 2542 4254 virtute
2579 4199 2707 4253 nisa
2739 4203 2827 4253 est
2855 4197 2974 4262 illa,
3004 4202 3071 4250 ut
3111 4197 3291 4267 hujus
3331 4200 3451 4249 tam
3485 4193 3701 4249 excelsi

2048 4296 2104 4348 et
2133 4288 2426 4353 sublimis,
2464 4287 2608 4342 nulli
2643 4290 2794 4356 post,
2819 4302 2922 4340 nec
2946 4288 3116 4339 antea
3142 4281 3403 4337 concessi
3438 4280 3702 4335 muneris

2051 4377 2329 4434 meruerit
2350 4376 2728 4447 praerogativa
2747 4373 2940 4440 ditari,
2973 4376 3031 4426 et
3048 4371 3216 4425 stude
3229 4373 3517 4441 quantum
3541 4372 3704 4440 potes

2050 4472 2107 4522 et
2135 4472 2197 4519 tu
2230 4481 2356 4519 eam
2390 4463 2647 4516 imitari:
2684 4460 2837 4530 quod
2872 4464 2935 4513 ut
2964 4458 3245 4528 quarenti
3270 4455 3373 4510 tibi
3408 4454 3575 4510 facile
3605 4471 3703 4510 oo-

366 4562 453 4617 16.
490 4558 669 4616 Filius
698 4557 783 4613 vel
814 4556 932 4613 {ilia
963 4560 1074 4613 es?
1116 4556 1405 4610 Memento
1458 4556 1514 4607 te
1562 4552 1942 4606 reverentiam
1975 4573 2020 4637 D
2051 4556 2267 4618 currat,
2301 4551 2651 4619 interrogata
2680 4545 2983 4637 humiliter
3028 4544 3158 4637 ipsa
3205 4544 3553 4637 respondeat
3599 4559 3703 4637 sa-

286 4652 503 4708 debere
526 4648 863 4722 parentibus
892 4664 906 4714 ;
938 4647 1063 4717 ipse
1085 4643 1240 4698 enim
1274 4640 1623 4712 Unigenitus
1676 4640 1777 4711 qui
1827 4656 1942 4694 non

287 4758 361 4797 ex
391 4741 486 4795 6|
526 4742 757 4810 peccato
789 4740 854 4790 ut
884 4740 967 4803 tu,
993 4734 1093 4790 sed
1128 4750 1195 4787 ex
1216 4730 1432 4802 Spiritu
1482 4734 1683 4785 sancto
1740 4744 1942 4783 conce-

288 4835 452 4903 ptus,
485 4829 555 4884 de
584 4825 823 4897 Virgine
853 4831 1027 4880 natus
1045 4826 1167 4888 est;
1198 4825 1505 4892 postquam
1530 4819 1589 4872 in
1623 4817 1837 4889 templo
1862 4818 1945 4871 in-

284 4923 520 4985 ventus,
558 4918 848 4989 parentes,
882 4913 938 4967 id
969 4917 1058 4969 est
1086 4914 1330 4965 matrem
1382 4906 1703 4980 Virginem,
1753 4910 1809 4961 et
1836 4924 1942 4961 nu-

290 5007 525 5065 tritium
556 5003 980 5068 castissimum,
1001 5005 1058 5056 et
1079 5000 1207 5056 ideo
1233 5001 1455 5070 patrem
1478 4995 1947 5063 nominatum,de

293 5094 625 5152 divinitatis
657 5111 775 5148 suae
806 5090 1085 5164 potentia,
1110 5104 1226 5159 qua
1256 5103 1387 5140 cum
1414 5085 1579 5139 Patre
1600 5084 1798 5139 omnia
1820 5102 1948 5157 pos-

292 5185 501 5241 sidens
531 5180 839 5244 inhabitat,
874 5176 1230 5234 edocuisset:
1263 5178 1321 5229 et
1350 5173 1432 5227 illi
1462 5190 1577 5228 non
1626 5171 1948 5228 intellexis-

294 5277 452 5337 sent,
485 5269 786 5334 Descendit,
817 5266 1009 5339 inquit
1038 5262 1411 5336 evangelista,
1443 5278 1565 5316 cum
1595 5262 1691 5328 eis,
1723 5266 1775 5316 et
1801 5262 1953 5316 venit

292 5360 597 5430 Namreth,
627 5367 679 5416 et
708 5361 826 5413 erat
850 5355 1097 5412 subditus
1126 5353 1239 5409 illis
1261 5354 1412 5421 (Luc.
1446 5368 1505 5419 Il,
1534 5350 1648 5418 51).
1674 5352 1785 5404 Cur
1814 5366 1949 5422 ergo

296 5455 372 5508 tu
400 5445 736 5522 dedignaris
765 5444 938 5503 subdi
966 5442 1469 5516 parentibus,cum
1491 5443 1546 5495 et
1578 5437 1821 5493 nutritio
1843 5454 1949 5494 suo

374 5556 490 5633 (95)
524 5552 995 5633 Yulg._[atieium,
1027 5547 1210 5633 male...
1232 5547 1503 5633 Factifiu‘s
1528 5543 1948 5633 illeintelligi-

289 5617 422 5705 ἰαὶ.
453 5617 558 5711 (iui
587 5617 810 5688 uo'vi'ter
835 5624 1025 5680 tactus
1046 5623 1135 5676 est
1157 5619 1338 5675 dives.
1361 5617 1574 5677 Eodem
1598 5631 1772 5676 sensu
1797 5617 1949 5678 novi-

626 5752 889 5821 ΡΑτιιοι..
935 5744 1254 5817 CXXXVI.

2055 4641 2299 4714 pienter,
2332 4639 2473 4706 Quia
2493 4636 2748 4706 respexit,
2775 4632 3066 4705 inquiens,
3092 4633 3461 4689 humilitatem
3478 4632 3707 4691 ancilla

2050 4744 2169 4786 sua?
2196 4729 2343 4799 (Luc.
2378 4742 2416 4789 ι,
2453 4725 2519 4779 48
2543 4725 2581 4794 ),
2618 4724 2759 4778 Ecce
2790 4740 2985 4793 causa,
3018 4738 3155 4777 nam
3178 4726 3233 4779 et
3261 4721 3369 4778 hoc
3403 4717 3701 4794 idemjam

2054 4818 2193 4874 olim
2218 4814 2565 4888 promiserat
2589 4829 2689 4883 per
2710 4811 3048 4882 prophetam
3077 4829 3090 4866 :
3115 4811 3193 4866 Ad
3212 4828 3371 4883 quem
3390 4811 3705 4881 respiciam,

2055 4906 2348 4979 inquiens,
2380 4904 2491 4957 nisi
2519 4902 2587 4957 ad
2616 4900 2881 4955 humilem
2904 4903 2955 4954 et
2984 4902 3230 4972 quietum
3284 4903 3335 4955 et
3386 4903 3704 4955 trementem

2054 5010 2323 5055 sermones
2345 4991 2533 5048 meos?
2561 4991 2709 5062 (lsai.
2744 5006 2893 5053 LXVI,
2923 4992 2977 5043 2.
3010 4993 3029 5057 )
3068 4988 3211 5045 Tota
3267 4988 3465 5060 itaque
3527 5003 3705 5043 causa

2056 5081 2398 5158 perditionis
2430 5084 2639 5135 nostra:
2662 5078 2956 5149 superbia,
2981 5081 3101 5133 tota
3122 5076 3580 5150 rccuperationis
3601 5076 3702 5132 62

2058 5172 2382 5230 humilitas.
2414 5166 2727 5224 Humilitas
2758 5171 2947 5221 mater
2974 5166 3279 5229 virtutum,
3327 5182 3558 5221 morum
3618 5170 3708 5220 est

2059 5261 2323 5318 omnium
2358 5260 2766 5312 ornamentum
2794 5273 2806 5323 ;
2842 5255 2967 5309 sine
2998 5255 3105 5311 hac
3135 5255 3321 5310 virtus
3342 5253 3543 5322 nulla;
3569 5254 3704 5309 abs-

2059 5367 2169 5424 que
2199 5366 2266 5406 ea
2296 5363 2499 5403 omnes
2529 5344 2774 5399 virtutes
2798 5360 2912 5427 non
2943 5342 3186 5400 virtutes
3219 5348 3379 5410 sunt,
3418 5342 3519 5399 sed
3541 5340 3700 5396 vitia.

2058 5439 2316 5511 Denique
2346 5433 2573 5508 profero
2603 5431 2842 5487 tibitres
2876 5450 2991 5488 uno
3023 5433 3244 5502 ordine,
3269 5433 3339 5488 de
3359 5431 3575 5505 quibus
3591 5444 3704 5484 non

2058 5549 2168 5608 lius
2196 5543 2361 5602 valde
2391 5546 2957 5616 novus,_assumptus,
2990 5540 3349 5616 allevatitius,
3402 5537 3463 5597 id
3512 5535 3612 5591 est
3636 5532 3709 5588 de

2058 5616 2397 5698 paupertate
2422 5613 2700 5688 sumptus
2730 5613 2788 5668 et
2811 5613 3055 5671 levatus.

3354 5729 3391 5789 7
