4054 6190
388 372 506 435 203

1305 366 1680 433 RATHERII
1724 368 1972 432 EPISC.
2020 366 2310 433 VERON.
2358 368 2530 431 OPP.
2577 369 2778 433 PARS
2823 370 2871 433 Ι.

3679 370 3787 430 204

387 505 581 562 valeas
613 501 901 570 dubitare,
936 500 1169 573 utrique
1195 502 1457 559 doctores
1498 501 1749 570 miriﬁci,
1800 502 2034 575 utrique
2062 506 2118 572 Α
2147 520 2261 577 que
2290 507 2347 559 et
2374 508 2459 573 tu,
2492 504 2975 576 patremfamilias
3000 506 3226 571 adesse,
3260 509 3318 560 et
3371 508 3427 559 te
3487 502 3561 558 ad
3617 501 3786 557 vinea:

388 592 693 668 pontifices
723 589 964 659 summi,
989 590 1224 663 utrique
1243 591 1346 647 toti
1369 590 1666 647 mirabiles
1691 591 2037 655 orbi,Romae

392 699 571 754 unus,
604 678 915 737 Mediolani
964 679 1126 747 alter,
1185 680 1461 753 Hippone).
1516 680 1748 753 praefuit
1806 680 2036 736 tertius.

392 772 583 838 Nulla,
618 769 812 841 inquit
841 766 1002 840 prior
1033 767 1268 840 (Greg.),
1300 769 1591 839 virginitas
1620 769 1823 835 carnis,
1875 784 2041 840 quam

390 878 503 917 non
554 856 894 915 commendat
944 858 1185 912 suavitas
1233 860 1453 913 mentis.
1514 859 1687 913 Decet.
1755 857 1837 911 ait
1892 856 2041 913 alter

394 950 411 1022 (
444 948 642 1004 Ambr.
673 950 716 1015 ),
746 953 806 1000 ut
836 961 940 1016 quo
968 947 1166 1001 castior
1183 947 1356 1016 virgo,
1380 950 1531 1001 tanto
1554 946 1821 1001 humilior
1847 946 1938 1000 sit.
1963 945 2042 1001 Me

394 1040 521 1106 lius,
557 1035 747 1108 inquit
774 1033 982 1090 tertius
1015 1035 1180 1107 (Aug.
1218 1036 1259 1105 ),
1306 1044 1383 1090 est
1445 1035 1655 1089 humile
1698 1035 2036 1105 conjugium,

391 1144 554 1202 quam
581 1126 808 1197 superba
842 1124 1149 1193 virginitas.

865 1212 986 1266 Trr.
1017 1216 1083 1267 X.
1114 1242 1183 1251 —
1210 1212 1282 1266 De
1304 1213 1576 1282 parvulis.

463 1306 553 1361 l9.
580 1301 859 1359 Parvulas
888 1317 950 1355 es
969 1300 996 1353 ‘?
1027 1299 1260 1355 Nutriat
1290 1304 1348 1355 te
1377 1300 1471 1356 ille
1528 1300 1586 1355 in
1644 1300 1753 1356 hoc
1808 1300 2039 1369 saeculo,

379 1394 498 1467 qui
528 1389 857 1448 Samuelem
890 1387 950 1442 in
981 1387 1217 1460 templo.
1249 1389 1400 1444 Audi
1434 1389 1650 1461 itaque,
1674 1394 1739 1445 ut
1760 1394 1920 1461 potes
1945 1407 1959 1457 ;
1984 1394 2042 1445 et

394 1488 458 1539 tu
490 1485 709 1553 satage,
743 1480 808 1534 ut
836 1480 999 1549 potes
1024 1494 1037 1545 ;
1062 1481 1118 1532 et
1146 1481 1206 1532 tu
1239 1494 1468 1545 conare,
1499 1482 1562 1533 ut
1609 1483 1809 1550 potes;
1867 1483 1923 1533 et
1975 1482 2040 1534 tu

395 1571 596 1637 nitere,
628 1574 691 1623 ut
719 1571 920 1639 potes;
953 1570 1011 1620 et
1033 1570 1093 1620 tu
1126 1582 1387 1638 sequere,
1421 1574 1485 1622 ut
1516 1571 1698 1639 potes,
1732 1572 1816 1637 tu,
1851 1566 2044 1623 dicen-

394 1665 515 1718 tem
547 1655 945 1731 Sapientiam:
982 1657 1258 1727 Usquequo
1290 1657 1518 1727 parvuli
1559 1658 1799 1727 diligitis
1854 1658 2041 1726 infan-

392 1751 532 1806 tiam
553 1747 581 1803 ‘l
611 1748 794 1819 (Prov.
829 1761 868 1814 ι,
898 1746 987 1798 22.
1014 1748 1036 1813 )
1068 1744 1221 1800 Scito
1244 1744 1728 1816 patremfamilias
1756 1745 2045 1810 adesse,et

390 1838 646 1909 teipsum
677 1833 778 1890 aevi
810 1832 896 1888 tui
929 1849 1102 1888 mane
1132 1833 1392 1905 quotidie
1418 1850 1642 1890 vocare.
1685 1833 1836 1888 Dum
1884 1833 2040 1888 enim
2071 1874 2117 1940 Β

503 1926 526 1940 .-
652 1923 663 1935 -
767 1922 785 1940 γι
927 1920 1111 1940 ιωω-
1724 1923 1746 1940 ,

389 1923 724 1998 profeceris,
755 1922 895 1976 dum
927 1920 1137 1992 legere,
1172 1921 1310 1976 dum
1345 1920 1686 1994 intelligere,
1714 1923 1857 1976 dum
1888 1926 2040 1977 certe

390 2014 749 2084 interrogare
765 2007 1305 2076 volueris,invenies
1322 2010 1611 2081 quosdam
1632 2009 1688 2064 in
1716 2010 2041 2082 quinquen-

397 2101 514 2167 nio,
550 2105 626 2165 et,
662 2098 814 2171 quod
850 2096 1092 2167 majoris
1123 2096 1314 2152 adhuc
1346 2097 1609 2153 miraculi
1647 2104 1736 2153 est
1772 2099 1947 2154 etiam
1979 2098 2037 2154 in

398 2187 671 2256 triennio,
698 2187 769 2242 ad
802 2184 1144 2258 martyrium
1177 2188 1383 2258 sponte
1430 2186 1789 2260 prorupisse,
1810 2187 2041 2260 sapien-

396 2276 625 2334 tissime
655 2279 710 2331 et
738 2273 1144 2347 potentissime
1181 2273 1377 2329 sazculi
1429 2275 1816 2346 potestatibus
1872 2276 2039 2332 resti-

395 2365 558 2431 tisse,
592 2362 875 2420 miracula
905 2362 963 2416 in
999 2361 1232 2417 nomine
1264 2362 1498 2417 Domini
1527 2363 1873 2429 ostendisse,
1922 2369 2039 2419 tor-

395 2460 594 2512 menta
624 2453 848 2508 fortiter
908 2450 1209 2520 tolerasse,
1270 2455 1519 2508 tortores
1565 2453 2040 2509 constantissime

392 2542 688 2614 derisisse,
722 2545 968 2598 mortem
984 2557 1085 2612 pro
1103 2540 1348 2596 Domino
1367 2557 1479 2597 non
1504 2545 1621 2596 tam
1639 2542 2041 2609 immaturam,

393 2646 575 2704 quam
608 2630 919 2702 pretiosam
951 2627 1340 2683 libentissime
1372 2630 1720 2701 suscepisse,
1762 2636 1830 2687 et.
1878 2646 2039 2684 coro-

393 2737 531 2778 nam
562 2716 1021 2774 immortalitatis
1051 2732 1185 2771 cum
1217 2717 1413 2789 palma
1440 2717 1713 2786 victoriae,
1744 2718 1930 2790 signis
1983 2721 2041 2774 et

394 2805 695 2864 miraculis
707 2807 777 2862 ad
791 2804 1077 2861 exstincta
1088 2819 1290 2859 eorum
1305 2821 1545 2877 corpora
1560 2804 2036 2875 clarescentibus,

393 2913 457 2951 se
486 2894 799 2967 accepisse,
831 2890 1333 2965 perspicacissime
1391 2893 1825 2949 demonstrasse
1878 2894 1990 2967 (96)
2021 2911 2034 2962 ;

392 2990 449 3039 et
479 2984 631 3057 quod
664 2981 853 3038 adhuc
912 2979 1361 3037 incredibilioris
1414 2974 1543 3036 erit-
1575 2982 1847 3055 prodigii,
1911 2983 2038 3054 plu-

390 3089 483 3129 res
521 3071 877 3128 fortissimas
907 3066 1161 3142 virgines
1186 3069 1452 3140 ejusdem
1481 3069 1740 3126 invenies
1796 3070 1918 3140 aevi,
1977 3071 2037 3127 in

388 3161 661 3239 conﬂictu
691 3158 960 3215 victrices
991 3156 1228 3223 diaboli,
1261 3174 1364 3230 pro
1395 3174 1590 3214 amore
1613 3159 1926 3231 profecisse
1941 3177 2037 3215 no-

2148 592 2439 648 culturam
2473 596 2635 647 tanto
2667 592 2990 649 studiosius
3018 610 3243 661 vocare,
3296 597 3516 666 quanto
3558 591 3688 663 jam
3737 596 3789 646 et

2148 682 2413 736 membra
2441 681 2700 753 corporis
2731 682 2802 737 ad
2834 681 3220 738 laborandum
3251 686 3306 738 et
3354 697 3563 738 sensus
3603 679 3673 734 ad
3708 679 3788 734 in-

2147 769 2532 843 telligendum
2565 770 2840 827 videntur
2868 788 3126 828 crescere
3150 769 3384 827 mentis.
3408 769 3552 825 Cum
3574 767 3789 824 addita-

2148 863 2342 914 mento
2375 858 2527 914 enim
2560 859 3018 931 conjunctionis,
3046 865 3102 916 te
3133 864 3192 915 et
3230 864 3541 931 sequentes
3596 857 3792 912 invitat

2148 947 2383 1003 dicens:
2420 949 2491 1004 Ite
2515 957 2566 1004 et
2596 965 2683 1003 vos
2723 950 2783 1003 in
2815 951 3028 1005 vineam
3048 996 3061 999 -
3083 965 3264 1004 meam
3322 948 3527 1021 (Matth-
3569 963 3667 1009 xx,
3694 948 3749 1016 7)
3774 963 3788 1012 ;

2150 1037 2301 1107 quod
2339 1035 2474 1091 alibi
2509 1036 2750 1092 clarebit
2780 1054 2885 1093 cur
2913 1036 3108 1093 faciat.
3135 1039 3419 1093 Memento
3440 1036 3617 1091 etiam
3649 1051 3795 1089 mor-

2148 1129 2262 1179 tem
2298 1124 2639 1193 infantibus,
2676 1124 2872 1196 pueris
2906 1124 3321 1196 etjuvcnibus,
3355 1122 3487 1180 licet
3519 1124 3791 1178 immatu-

2150 1228 2297 1281 ram,
2331 1218 2527 1269 tamcn
2558 1214 2870 1286 improvise
2900 1215 3182 1280 accidere,
3202 1214 3287 1270 uti
3318 1218 3375 1269 et
3393 1213 3636 1269 senibus
3659 1210 3794 1267 acci-

2149 1290 2237 1357 dit
2265 1302 2475 1358 debite.

2487 1391 2609 1446 Trr.
2644 1390 2764 1456 XII,
2799 1422 2865 1432 —
2897 1393 2970 1446 De
3008 1390 3456 1447 adolescentibus.

2220 1479 2310 1534 5|.
2344 1478 2695 1535 Adolescens
2726 1496 2787 1535 es
2809 1479 2836 1534 ?
2858 1480 3006 1536 Audi
3042 1479 3356 1535 Dominum
3383 1497 3396 1535 :
3426 1478 3559 1547 Tibi,
3583 1477 3791 1550 inquit,

2150 1568 2250 1623 08
2281 1568 2419 1635 dico,
2453 1583 2612 1638 surge
2641 1569 2791 1636 (Luc.
2824 1586 2924 1637 vn,
2962 1571 3069 1638 14).
3103 1568 3255 1624 Audi
3292 1573 3351 1624 et
3403 1567 3745 1641 Apostolum
3775 1585 3790 1624 :

2151 1656 2322 1724 Surge
2351 1658 2450 1727 qui
2475 1656 2702 1722 dormis,
2732 1661 2784 1712 et
2813 1674 3045 1729 exsurge
3072 1675 3107 1713 a
3130 1658 3381 1720 mortuis,
3412 1660 3463 1711 et
3510 1657 3791 1711 illumina-

2151 1747 2230 1801 bit
2257 1749 2308 1801 te
2340 1745 2587 1802 Christus
2609 1747 2821 1816 (Ephes.
2853 1764 2908 1813 v,
2945 1748 3054 1814 14).
3086 1746 3201 1801 Nec
3232 1762 3599 1813 succenseas,
3642 1746 3791 1817 quod

2150 1838 2272 1889 tam
2304 1833 2642 1890 terribiliter
2671 1840 2727 1891 te
2758 1835 2817 1890 in
2848 1834 2995 1906 ipsis
3050 1834 3216 1891 video
3275 1834 3458 1889 initiis
3508 1833 3791 1901 excitare;

2147 1922 2301 1978 scias
2330 1938 2423 1978 me
2453 1922 2562 1978 hoc
2590 1924 2711 1978 tam
2728 1925 2964 1995 propter
2986 1920 3266 1978 declivem
3283 1922 3357 1977 ad
3375 1921 3577 1995 lapsus
3600 1921 3794 1977 multi-

2148 2027 2328 2084 genos
2359 2028 2527 2084 agere
2559 2012 2899 2082 hujusmodi
2943 2016 3191 2076 aetatem,
3232 2027 3409 2083 quam
3435 2015 3493 2066 et
3545 2010 3798 2081 [subaudi

2148 2100 2403 2171 propter]
2422 2099 2715 2171 bicipitem
2733 2099 2791 2154 in
2804 2098 3184 2172 ipsointroitu
3200 2098 3423 2155 vivendi
3442 2097 3650 2154 callem
3665 2099 3792 2168 (97):

2149 2188 2304 2260 quod
2362 2187 2552 2243 littera
2609 2187 2713 2242 tibi
2777 2187 3109 2261 Pythagoras
3176 2186 3358 2243 Samii
3407 2188 3559 2244 valet
3611 2205 3795 2244 recor-

2147 2277 2293 2344 dari,
2329 2277 2377 2332 si
2408 2277 2641 2349 quando
2668 2277 2805 2332 dare
2837 2277 2913 2349 [Ῑ.
2949 2276 3226 2344 nolueris]
3289 2275 3545 2333 volueris
3589 2276 3796 2332 oblitui

2149 2364 2259 2420 Sed
2293 2369 2350 2420 et
2384 2364 2498 2428 ille,
2532 2365 2634 2437 qui
2669 2371 2957 2431 nostrum,
2992 2366 3149 2437 quod
3180 2365 3539 2429 laboramus,
3580 2367 3704 2437 jam
3735 2365 3796 2421 in

2149 2452 2353 2509 multis
2376 2453 2529 2523 juvit
2575 2453 2705 2525 (98),
2739 2453 2918 2519 auxit,
2950 2454 3199 2519 ornavit,
3218 2458 3276 2509 et
3305 2454 3597 2509 roboravit
3627 2471 3794 2526 opus,

2149 2559 2221 2597 ne
2253 2541 2391 2614 quid
2427 2541 2620 2597 minus
2638 2546 2694 2598 et
2719 2542 2787 2597 ad
2812 2542 2867 2597 id
2887 2541 3298 2615 explicandum
3317 2559 3488 2614 posse
3509 2541 3792 2609 videatur,

2149 2629 2324 2697 adsit,
2356 2646 2514 2701 rogo,
2535 2630 2932 2702 quantocitius
2947 2630 3312 2702 Augustinus
3329 2629 3533 2702 utique
3552 2630 3791 2687 beatus:

2145 2720 2424 2787 Iuventus,
2458 2718 2669 2790 inquit,
2698 2719 2767 2773 ad
2796 2734 3035 2774 amorem
3066 2719 3313 2785 liberior,
3352 2719 3423 2774 ad
3444 2720 3657 2791 lapsum
3713 2722 3797 2775 in-

2147 2809 2379 2874 cautior,
2420 2807 2490 2862 ad
2543 2808 2925 2879 inﬁrmitatem
2980 2809 3254 2878 fragilior,
3289 2807 3359 2863 ad
3402 2810 3796 2880 correptionem

2148 2895 2356 2951 durior.
2391 2894 2768 2951 Ecclesiastes
2801 2896 3000 2967 etiam,
3062 2895 3528 2965 Proverbiorum,
3588 2901 3647 2953 et
3695 2903 3796 2953 Sa-

2148 2983 2377 3056 pientia:
2396 2983 2550 3051 libri,
2571 2990 2875 3040 auctorum
2894 2985 2958 3056 [Γ.
2980 2985 3267 3056 auctores]
3293 2985 3467 3041 etiam
3491 2991 3612 3041 tam
3654 2986 3797 3043 Novi

2148 3089 2325 3144 quam
2357 3072 2578 3128 Veteris
2606 3073 2986 3140 Testamenti,
3018 3078 3137 3128 tam
3174 3074 3392 3129 umbrae
3438 3075 3553 3129 veri
3615 3092 3797 3147 quam

2146 3160 2333 3232 ipsius
2363 3160 2621 3216 veritatis
2653 3161 2761 3216 acti
2796 3161 3094 3234 praesagiis
3126 3162 3223 3233 [al.
3258 3164 3602 3234 praesagus],
3651 3164 3793 3236 quid

386 3233 566 3307 minis
601 3248 836 3306 Christi.
872 3246 1137 3302 Invenies
1169 3263 1401 3319 quoque
1421 3247 1688 3319 ejusdem
1709 3249 1894 3305 astatis
1916 3249 2029 3304 mi-
2061 3233 2105 3300 C
2143 3249 2215 3304 de
2243 3253 2355 3302 tuae
2379 3248 2709 3320 exprimant
2738 3233 3093 3321 preprietate
3109 3233 3316 3316 aetatis,
3353 3233 3571 3321 quibus
3590 3233 3801 3306 tecon-

385 3356 568 3409 seros,
602 3343 734 3411 post
764 3336 1078 3394 remissum
1110 3335 1391 3409 originale
1422 3342 1747 3409 peccatum,
1781 3338 2033 3411 propriis

384 3427 608 3484 meritis
639 3431 926 3483 mercatos
958 3425 1270 3491 infernum,
1295 3425 1478 3480 ethoc
1498 3425 1849 3497 quibusdam
1872 3444 2033 3499 aper-

384 3517 462 3575 tis
490 3515 723 3575 indiciis
754 3516 825 3571 ad
859 3515 1127 3570 notitiam
1160 3518 1518 3570 monstrasse
1540 3514 1866 3583 hominum,
1902 3517 2031 3589 ipso

386 3604 843 3663 misericorditer
869 3603 1257 3676 permittente,
1287 3602 1385 3676 qui
1419 3602 1527 3659 hoc
1560 3603 1631 3659 ad
1679 3607 1792 3659 tuae
1842 3609 2034 3662 caute-

384 3693 453 3752 la
484 3694 661 3752 scribi
688 3692 875 3750 voluit
902 3691 1256 3764 exemplum.

878 3782 999 3836 Trr.
1026 3781 1119 3835 ΧΙ.
1146 3811 1214 3821 -
1248 3783 1316 3835 De
1343 3783 1549 3853 pueris.

454 3872 541 3928 20.
603 3872 750 3926 Puer
802 3869 912 3925 es?
968 3869 1118 3924 Audi
1174 3870 1554 3940 Apostolum:
1615 3872 1790 3926 Nolite
1865 3874 2031 3944 pueri

382 3959 530 4032 efﬁci
557 3959 825 4025 sensibus,
857 3957 949 4012 sed
989 3957 1208 4011 malitia
1262 3959 1486 4028 parvuli
1538 3963 1728 4028 estose,
1784 3962 2031 4017 sensibus

379 4057 566 4107 autem
589 4048 1041 4121 perfectisitisa
1069 4045 1188 4102 Cor.
1224 4063 1336 4113 xxv,
1396 4048 1509 4118 20).
1568 4048 1803 4104 Imitare
1862 4049 2029 4106 illum

378 4138 451 4194 de
484 4154 598 4210 quo
631 4135 863 4209 legitur,
897 4134 1036 4206 quia
1059 4135 1378 4206 proﬁciebat
1400 4139 1561 4192 (etate
1589 4139 1641 4191 et
1681 4137 1952 4207 sapientia
1980 4145 2033 4194 et

373 4228 557 4299 gratia
584 4241 768 4283 coram
798 4226 904 4280 Deo
934 4228 985 4278 et
1017 4223 1331 4279 hominibus
1363 4223 1514 4290 (Luc.
1549 4241 1611 4288 ιι,
1642 4224 1758 4296 52).
1811 4226 2028 4280 Secun-

376 4317 519 4373 dum
533 4315 687 4373 enim
702 4312 1066 4370 divinitatem
1082 4316 1239 4367 totus
1253 4326 1497 4368 manens
1512 4312 1821 4384 perfectus,
1843 4331 2030 4387 neque

374 4405 437 4463 in
468 4421 584 4479 quo
612 4403 918 4478 proliceret
949 4401 1193 4468 habens,
1222 4400 1320 4472 qui
1353 4398 1435 4455 sic
1466 4399 1593 4456 sine
1616 4400 1778 4458 initio
1811 4402 2026 4471 existit,

376 4499 445 4552 ut
474 4511 662 4566 neque
691 4490 1229 4561 deﬁciendoﬁnem
1262 4488 1519 4560 aliquem
1552 4489 1753 4545 haberi
1802 4490 2023 4562 possit;

2139 3342 2230 3393 tra
2251 3337 2547 3393 instruant
2575 3340 2632 3392 et
2662 3337 2931 3393 muniant
2959 3337 3350 3405 documentis,
3379 3337 3622 3411 longum
3670 3339 3794 3395 edi-

2141 3442 2267 3482 cere
2294 3424 2570 3492 uimis,ne
2597 3424 3082 3497 impedimentum
3112 3427 3188 3481 sit
3217 3426 3497 3499 propositi
3545 3428 3619 3483 ad
3678 3427 3798 3484 alia

2141 3514 2454 3570 tendentis.
2503 3514 2613 3569 Sed
2674 3531 2746 3569 ne
2777 3518 2851 3581 te,
2886 3514 3025 3569 dum
3062 3515 3263 3570 multis
3292 3515 3580 3588 indigeas,
3614 3517 3795 3573 etiam

2139 3603 2437 3676 aliquibus
2463 3603 2766 3657 videamur
2798 3603 3064 3657 fraudare
3087 3621 3101 3671 ;
3124 3602 3448 3673 hortamur,
3477 3604 3527 3659 si
3553 3604 3799 3673 velis,ut

2141 3709 2340 3749 aurem
2371 3691 2563 3748 cordis
2594 3690 2916 3747 Psalmistze
2947 3691 3230 3748 adhibeas
3261 3692 3454 3762 dictis,
3476 3692 3696 3765 quibus
3714 3694 3802 3749 in-

2139 3787 2442 3853 terrogans
2473 3780 2703 3836 tibimet
2732 3797 3059 3852 congruum
3091 3781 3291 3836 statim
3324 3781 3543 3853 accepit
3601 3781 3797 3839 consi-

2139 3869 2283 3924 lium
2311 3887 2323 3925 :
2359 3871 2422 3924 In
2448 3884 2571 3941 quo,
2604 3868 2899 3939 inquiens,
2929 3870 3159 3937 corrigit
3199 3868 3587 3925 adolescentior
3642 3872 3802 3926 viam

2138 3958 2346 4014 suam?
2379 3960 2438 4013 in
2465 3957 2809 4013 custodiendo
2857 3973 3134 4013 sermones
3191 3966 3308 4013 tuos
3362 3959 3533 4027 (Psal.
3596 3976 3800 4028 CXVIII,

2136 4048 2213 4115 9).
2247 4046 2393 4101 Nota
2420 4045 2602 4118 igitur
2635 4049 2695 4101 ut
2732 4045 2925 4101 verbis
2979 4045 3291 4118 Augustini
3352 4063 3510 4102 nunc
3558 4064 3800 4121 quoque

2140 4135 2558 4207 utamur,quod
2580 4152 2693 4190 non
2712 4133 3167 4206 praesumptione
3184 4133 3443 4190 humana
3466 4136 3799 4208 inventum,

2139 4225 2238 4280 sed
2267 4223 2646 4295 inspiratione
2678 4221 2875 4277 divina
2891 4226 3217 4293 acceptum,
3240 4221 3347 4277 tibi
3380 4223 3577 4278 subito
3602 4224 3797 4297 propi.

2138 4317 2235 4367 net
2266 4311 2505 4366 remedii
2532 4310 2829 4381 poculum.
2862 4311 3024 4366 Mens
3054 4310 3208 4367 enim
3232 4315 3352 4378 tua,
3378 4327 3509 4383 quae
3537 4312 3796 4384 degens-

2137 4406 2227 4457 rat
2254 4400 2313 4456 in
2346 4399 2648 4472 stirpibus,
2683 4399 2951 4455 meliores
2986 4400 3155 4456 edere
3203 4400 3427 4457 fructus
3476 4399 3709 4473 incipit,
3742 4402 3802 4458 si

2133 4490 2444 4547 verborum
2476 4486 2794 4543 caelestium
2839 4503 3157 4560 conspersa
3211 4488 3537 4545 seminibus
3594 4489 3797 4557 fuerit,

369 4583 542 4654 juxta
570 4582 1017 4647 humanitatem,
1054 4595 1230 4651 quam
1268 4577 1348 4633 tui
1382 4578 1570 4649 gratia
1600 4580 1838 4651 accepit,
1862 4582 2030 4653 profi-
2058 4603 2104 4668 Ι)
2135 4595 2262 4651 quae
2296 4583 2489 4633 tamen
2515 4576 2612 4631 ille
2641 4574 2889 4630 caelestis
2921 4575 3192 4647 agricola,
3235 4576 3351 4631 nisi
3410 4577 3469 4633 in
3528 4579 3798 4649 quodam

377 4686 507 4727 cere
532 4669 734 4736 voluit,
768 4675 834 4724 ut
862 4669 988 4736 tibi,
1024 4669 1176 4724 unde
1218 4667 1495 4738 proﬁcere
1542 4668 1804 4735 deberes,
1860 4686 2025 4725 mon-

377 4760 612 4826 straret,
640 4756 759 4812 imo
790 4762 855 4812 ut
885 4758 1196 4828 proﬁcercs
1224 4754 1349 4827 ipse
1380 4760 1704 4826 praestaret.
1731 4757 1883 4813 Scito
1914 4757 2023 4813 ita-

447 4861 561 4935 (96)
604 4862 923 4935 Construe:
982 4867 1034 4918 et
1089 4863 1560 4935 perspicacissime
1612 4860 2024 4935 demonstrasse,

376 4934 551 5003 signis
580 4938 633 4990 et
660 4934 947 4989 miraculis
977 4934 1393 4988 clarescentibus
1422 4934 1492 4986 ad
1517 4934 1791 4988 exslincsa
1836 4951 2025 4990 eorum

377 5022 622 5077 corpora,
654 5021 712 5077 se
735 5008 1001 5077 accepisse
1028 5021 1300 5059 coronam.

442 5074 533 5147 97)
567 5076 715 5132 Male
748 5076 803 5129 in
837 5074 991 5148 Vulg.
1026 5076 1267 5146 iniquus.
1317 5074 1448 5148 Mus
1501 5079 1813 5148 construe:
1874 5076 2024 5134 Scias

2134 4685 2305 4724 versu
2337 4667 2450 4737 (99)
2483 4681 2672 4720 serere
2703 4664 3020 4720 consuevit.
3054 4665 3202 4719 Audi
3234 4664 3485 4737 denique
3502 4664 3686 4738 hujus
3704 4684 3804 4722 so.-

2133 4756 2309 4813 tionis
2344 4752 2772 4811 t'ecundissimaa
2807 4750 3182 4808 ministrum:
3210 4753 3427 4821 Omnia,
3460 4754 3676 4826 inquit,
3701 4773 3798 4812 ve-

2320 4888 2513 4935 I.ittera
2542 4884 3188 4950 Pythagoraagdiscrimine
3220 4889 3363 4950 secta
3394 4886 3599 4936 bicorni

2292 4950 2547 4997 ltmnaum
2580 4948 2701 4997 vitae
2732 4948 2959 5010 Speciem
2981 4951 3234 5010 prieferre
3268 4949 3493 4998 videtur.
3525 4955 3625 4999 etc.

2201 5076 2309 5139 (98)
2342 5070 2489 5127 Male
2520 5069 2576 5124 in
2609 5069 2860 5143 vulgatis
2891 5073 3044 5127 vivit.
3094 5071 3377 5128 Construe
3407 5077 3601 5129 autem
3630 5091 3643 5129 :
3682 5074 3797 5130 Sed

370 5165 458 5203 me
481 5143 640 5220 agere
669 5149 767 5203 hoc
795 5156 906 5201 tam
935 5143 1152 5218 propter
1180 5154 1391 5201 aetatem
1411 5145 1726 5220 hujusmodi
1762 5148 2022 5220 declivem
2132 5155 2182 5220 et
2214 5146 2329 5211 ille,
2360 5144 2694 5220 Augustinus
2719 5143 2912 5220 utique
2931 5145 3148 5220 _beatns,
3178 5147 3274 5216 qui
3311 5148 3441 5216 jam
3476 5148 3537 5199 in
3591 5146 3796 5220 multis

370 5220 441 5275 ad
471 5216 651 5290 lapsus
677 5216 1220 5290 multigenos,’guam
1249 5227 1306 5290 et
1320 5216 1541 5290 proth
1566 5216 1761 5290 callem
1818 5217 2018 5288 becipi-

371 5299 479 5346 tem
511 5286 569 5345 in
602 5294 717 5362 ipso
750 5286 983 5362 introitu
996 5286 1228 5344 vivendi.
1253 5286 1465 5362 Littera
1488 5286 1822 5362 Pythagora}
1844 5286 2015 5358 estY,

370 5378 489 5417 non
521 5359 672 5433 quod
705 5359 1220 5433 eamPythagoras
1252 5359 1556 5433 invenerit,
1587 5359 1697 5414 sed
1713 5359 2016 5433 q_uia,cum

370 5432 500 5506 ipsa
532 5430 806 5506 truncum
841 5430 1071 5506 inﬁduos
1105 5430 1583 5506 ramosdivisum
1612 5430 1898 5502 praeferat,
1928 5448 2018 5506 _ea

368 5499 1052 5582 utgbaturli’ythagdras,
1085 5507 1173 5582 ut.
1204 5501 1511 5582 bicipitem
1562 5499 1832 5582 humanae
1887 5502 2016 5558 vitae

368 5572 574 5636 callem
604 5571 743 5635 hinc
774 5573 833 5632 in
862 5571 1127 5639 virtutes.
1160 5571 1295 5629 hinc
1326 5571 1384 5629 in
1412 5571 1554 5628 vitia
1581 5572 1920 5633 tendentem
1937 5590 2019 5635 re-

366 5650 746 5730 pmsantaret
770 5664 784 5722 ;
808 5646 963 5711 unde
992 5646 1053 5710 in
1084 5644 1314 5726 Virgilii
1344 5641 1754 5724 poematibus:

2118 5219 2288 5288 juvit,
2320 5217 2499 5281 ararit,
2532 5214 2753 5289 ornavit
2781 5223 2831 5289 et
2860 5214 3131 5289 roboravit
3159 5214 3291 5288 opus
3314 5214 3598 5289 nostrum,
3641 5217 3795 5289 quod

2131 5290 2464 5359 laboramus,
2497 5285 2864 5359 quantocitius
2888 5285 3061 5359 adsit,
3090 5285 3240 5355 rogo,
3262 5303 3337 5359 ne
3368 5287 3620 5343 videatur
3628 5285 3795 5359 posse

2127 5358 2354 5485 ηατζιιίιίι
2371 5354 2572 5419 minus,
2603 5360 2656 5411 et
2686 5354 2755 5409 ad
2780 5354 3169 5427 evplicandum
3215 5358 3305 5414 id:
3361 5354 3644 5415 Iuventus
3686 5362 3791 5415 in-

2127 5448 2222 5485 aui
2254 5474 2265 5485 .
2298 5446 2328 5485 e
2356 5446 2407 5483 c.

2127 5448 2275 5503 quit.
2298 5448 2407 5503 etc.

2197 5502 2310 5573 (99)
2348 5502 2534 5573 Versus
2565 5512 2669 5573 p_r_o_
2699 5495 2928 5573 sulcos
2974 5500 3166 5572 probae
3223 5505 3371 5573 notat
3432 5499 3791 5573 auctoribus

2126 5567 2428 5647 accipitur.
2460 5567 2945 5651 SiePlinjushlib.
2974 5567 3158 5642 _xvui,
3188 5588 3239 5631 ο.
3298 5571 3386 5643 49,
3445 5571 3507 5630 in
3561 5573 3789 5636 arando

2122 5644 2341 5708 vorsum
2367 5644 2586 5721 peragis
2611 5644 2866 5717 scripsit.
