4090 6180
293 262 413 330 Si?

1227 263 1876 343 PR/ELOOUIORUM
1918 265 2123 335 LIBBI
2166 266 2341 369 sex.
2372 302 2454 318 -
2482 268 2626 334 LIB.
2670 268 2779 335 ιιι.

3580 265 3701 335 218

297 414 399 456 rus
426 399 487 456 in
513 396 808 475 trigonum
842 398 1075 471 ductus,
1108 402 1306 459 decem
1339 409 1397 459 et
1425 408 1554 460 octo
1604 405 1759 461 facit.
1794 405 1939 470 Quia
1969 412 2018 477 Α
2052 406 2419 478 capessendae
2451 403 2656 461 salutis
2688 406 2976 479 acquiras;
3009 408 3065 461 et
3096 418 3168 462 ne
3196 401 3550 462 inveteratus
3581 406 3699 463 die-

292 506 430 565 ergo
459 491 655 558 homo,
688 492 792 564 qui
823 497 987 549 sexto
1015 492 1107 549 die
1139 491 1325 549 factus
1339 498 1446 562 est,
1481 494 1733 567 perfecta
1765 512 1943 567 opera

292 580 508 636 habere
533 581 742 648 noluit,
777 582 879 637 sed
907 587 1041 638 ante
1090 581 1297 654 legem,
1331 584 1439 639 sub
1471 582 1617 657 lege,
1676 591 1849 657 atque
1880 585 1940 641 in

292 668 463 724 initio
491 669 823 725 inchoantis
854 671 1051 743 gratiae
1080 671 1350 728 inﬁrmus
1378 673 1617 740 exstitit,
1651 673 1851 728 decem
1884 676 1942 730 et

291 761 420 814 octo
450 757 620 813 annis
653 757 866 814 mulier
893 776 1067 815 curva
1108 760 1237 815 fuit.
1270 784 1298 810 »
1329 764 1517 834 Atque
1573 767 1701 834 post
1754 780 1941 835 pauca

292 846 414 920 (ubi
439 863 560 918 sup.
582 864 641 902 η.
675 848 753 917 7):
787 868 817 898 ‹‹
847 847 1194 920 Plerumque
1225 849 1492 906 videmus
1542 867 1669 922 ques
1714 852 1940 923 agenda

290 939 453 1001 sunt,
487 935 589 991 sed
622 935 742 990 haec
774 953 940 1007 opere
966 954 1082 993 non
1112 939 1451 1011 implemus;
1480 939 1726 994 nitimur
1766 944 1822 995 et
1848 940 1936 993 in-

290 1025 619 1093 firmamur;
649 1026 1109 1097 meusjudicium
1123 1028 1330 1083 rectitu
1345 1028 1491 1083 'linis
1504 1028 1810 1101 conspicit,
1835 1029 1937 1085 scd

288 1113 362 1170 ad
391 1114 545 1169 hanc
574 1114 766 1185 operis
795 1114 1074 1170 fortitudo
1104 1116 1456 1186 succumbit;
1487 1117 1624 1189 quia
1655 1117 1936 1173 nimirum

283 1204 411 1273 jam
443 1203 516 1257 de
546 1219 716 1274 pmna
747 1203 964 1273 peccati
996 1209 1102 1269 est,
1123 1209 1187 1258 ut
1216 1206 1361 1260 bene
1379 1205 1615 1277 quidem
1631 1208 1780 1279 (121)
1812 1224 1940 1278 pos-

291 1292 373 1347 sit
400 1291 618 1347 bonum
634 1290 1030 1363 conspici,sed
1045 1293 1117 1348 ab
1146 1309 1213 1348 eo
1231 1295 1385 1364 quod
1418 1294 1791 1367 conspicitur,
1813 1313 1945 1350 con-

2052 511 2184 549 rum
2218 493 2506 550 malorum
2541 493 2649 549 rite
2676 494 2961 561 vociteris,
2995 494 3121 550 dies
3142 498 3298 562 tuos,
3312 496 3438 565 jam
3457 511 3615 566 rogo,
3637 498 3703 550 ut

2050 582 2379 650 dimidiare,
2414 582 2556 638 dum
2574 581 2751 651 vales,
2772 584 3031 649 studeas,
3056 588 3113 639 et
3143 582 3355 655 spiritu
3374 584 3589 639 mentis
3611 599 3701 639 re-

2049 671 2246 729 novari
2279 673 2618 728 contendas.
2650 673 2721 727 Et
2751 672 2889 744 quia
2919 672 3223 745 hucusque
3254 676 3309 727 te
3359 670 3495 744 plus
3533 673 3700 744 justo

2048 760 2380 817 carnalibus
2411 760 2678 817 refudisti
2711 760 2768 815 in
2788 760 3081 831 Sensibus,
3106 764 3162 815 te
3182 761 3253 816 ad
3284 764 3340 815 te
3370 759 3703 833 colligas,et

2048 866 2230 905 novus
2261 850 2434 906 homo
2458 851 2585 921 jam
2619 849 2826 905 saltem
2860 866 3034 915 nunc,
3067 853 3254 905 vetere
3277 854 3467 915 exuto,
3494 866 3701 923 repue-

2046 955 2244 994 rascas
2300 939 2435 1006 Deo;
2498 955 2684 993 annos
2742 937 3038 1009 octoginta
3091 943 3191 992 aut
3249 939 3544 1010 proximos
3594 944 3699 995 aut

2046 1031 2372 1083 transactus
2404 1032 2504 1081 aut
2527 1027 2866 1081 insistentes
2889 1022 3164 1098 aSpicias,
3191 1027 3699 1098 supervenientem

2046 1116 2556 1173 mansuetudinem
2581 1114 2680 1171 Dei
2712 1132 2782 1170 nc
2795 1118 3159 1181 contemnas,
3181 1131 3250 1169 ne
3282 1114 3697 1171 correctionem

2046 1206 2255 1260 durius
2300 1206 2619 1268 sustinens,
2674 1206 2875 1260 ﬂorem
2926 1202 3014 1258 tui
3064 1202 3276 1275 capitis
3318 1203 3700 1277 amygdalum

2050 1295 2201 1365 (122)
2231 1294 2517 1349 advertas.
2574 1294 2733 1357 Quod
2768 1292 2816 1347 si
2867 1298 2924 1348 et
2977 1292 3168 1347 adhuc
3221 1291 3469 1359 locusta,
3523 1292 3581 1347 id
3615 1297 3705 1349 est

294 1379 485 1452 tingat
516 1378 611 1435 75
646 1396 749 1451 per
781 1379 1053 1435 meritum
1079 1380 1303 1453 repelli.
1328 1382 1553 1437 Usitata
1582 1384 1738 1438 enim
1771 1383 1945 1455 culpa
2054 1381 2283 1454 agilitas
2324 1383 2619 1453 quondam
2669 1399 3001 1454 gressuum,
3052 1386 3283 1437 tumore
3331 1382 3547 1454 pedum
3598 1387 3703 1438 aut

294 1466 514 1538 obligat
547 1472 824 1533 mentem,
863 1472 927 1523 ut
970 1486 1342 1541 nequaquam
1375 1469 1560 1543 possit
1607 1487 1845 1543 surgere
1874 1470 1945 1526 ad
2054 1475 2206 1526 certe
2230 1469 2506 1525 tibiarum
2531 1471 2657 1541 jam
2686 1469 3167 1543 estimpinguata;
3196 1474 3461 1527 autcerte
3491 1487 3699 1528 secun-

289 1553 725 1610 rectitudinem.
758 1560 1013 1611 Conatur
1041 1561 1097 1611 et
1129 1557 1367 1625 labitur;
1417 1558 1555 1630 quia
1586 1559 1685 1614 ubi
1737 1564 1947 1632 sponte
2054 1559 2197 1614 dum
2229 1563 2484 1631 poetam.

287 1642 393 1697 diu
423 1642 700 1714 perstitit,
734 1643 813 1698 ibi
837 1648 912 1710 et,
955 1660 1090 1699 cum
1146 1644 1423 1712 noluerit,
1477 1652 1674 1703 coacta
1703 1648 1877 1702 cadit.
1914 1671 1942 1698 ››

2832 1663 3095 1726 Lapidosa
3123 1663 3366 1727 chiragra

286 1731 455 1787 Item:
490 1752 519 1781 ‹‹
553 1731 613 1787 Si
646 1732 776 1804 ipsa
804 1747 868 1788 se
890 1732 1087 1788 anima
1127 1733 1199 1789 ad
1233 1735 1351 1789 ima
1372 1736 1697 1807 appetenda
1718 1753 1831 1791 non
1848 1737 1941 1793 de-

2175 1726 2290 1775 Jam
2322 1726 2446 1775 facit
2475 1725 2724 1776 articulos
2753 1725 2949 1775 veteris
2978 1726 3201 1775 ramalia
3229 1725 3352 1790 fagi,

1974 1778 2021 1843 B

279 1818 432 1892 jicit,
466 1824 672 1875 contra
705 1819 857 1875 hanc
908 1821 1244 1877 daemonum
1293 1823 1639 1894 perversitas
1687 1822 1934 1879 nullate-

289 1924 403 1964 nus
433 1907 805 1975 convalescit,
839 1912 897 1964 et
928 1909 1180 1964 transire
1229 1926 1334 1981 per
1380 1926 1507 1966 eam
1559 1928 1674 1967 non
1723 1911 1935 1980 valent,

288 2012 473 2069 quam
500 2001 704 2052 contra
732 2013 794 2053 se
825 1996 1074 2069 rigidam
1121 1999 1561 2069 pertimescunt.
1615 2002 1732 2056 Nos
1779 2016 1937 2073 ergo,

291 2085 521 2154 fratres,
555 2102 664 2142 nos
695 2084 847 2140 viam
883 2085 1154 2159 malignis
1189 2087 1495 2158 spiritibus
1535 2089 1769 2157 damus,
1802 2105 1936 2145 cum

288 2178 525 2231 terrena
552 2174 1044 2247 concupiscimus,
1096 2192 1228 2231 cum
1260 2177 1332 2231 ad
1386 2177 1732 2250 temporalia
1762 2195 1939 2251 appe-

287 2264 471 2320 tend'a
499 2279 828 2320 curvamur.
864 2264 1232 2338 Pudeatergo
1255 2271 1484 2322 terrena
1507 2266 1938 2339 concupiscere,

290 2355 354 2408 et
380 2352 559 2407 dorsa
582 2351 869 2408 mentium
891 2353 1704 2410 adversariisascendentibus
1728 2357 1944 2428 praebe-

290 2441 623 2497 re.Terram
636 2442 1266 2515 semperintuetur,qui
1283 2448 1678 2511 curvusest;et
1690 2461 1804 2516 quo
1819 2461 1943 2516 pre-

289 2531 377 2586 tio
403 2530 740 2603 redemptus
768 2531 864 2595 sit,
898 2547 1012 2586 non
1047 2532 1319 2587 meminit
1351 2532 1449 2603 qui
1483 2532 1603 2587 ima
1649 2533 1878 2604 quaerit.
1916 2554 1944 2581 »

290 2624 464 2675 Item:
498 2641 528 2669 ς(
560 2617 667 2682 Qui
699 2619 943 2691 gibbum
974 2618 1202 2687 tolerat,
1234 2619 1355 2674 ima
1398 2636 1631 2692 semper
1660 2620 1942 2675 intuetur.

290 2710 338 2763 Α
371 2706 690 2763 sacerdotio
720 2723 858 2779 ergo
886 2707 1207 2779 repellitur,
1225 2708 1364 2779 quia
1377 2708 1648 2780 quisquis
1671 2708 1812 2764 solis
1836 2714 1946 2764 ter-

292 2795 455 2852 renis
482 2796 745 2851 intentus
775 2801 884 2862 est,
917 2796 1045 2869 ipse
1076 2796 1186 2851 sibi
1222 2796 1388 2853 testis
1417 2802 1525 2863 est,
1558 2798 1710 2868 quod
1758 2813 1942 2852 mem-

291 2884 470 2940 brum
502 2884 722 2940 summi
751 2884 1080 2941 Sacerdotis
1113 2902 1227 2940 non
1258 2889 1363 2941 est.
1403 2908 1428 2934 n
1454 2886 1617 2941 Item:
1639 2909 1667 2935 «
1691 2885 1750 2941 Si
1772 2886 1947 2942 virtu-

290 2977 425 3028 tum
437 2972 1039 3045 summaoperarinon
1060 2989 1399 3045 possumus,
1423 2974 1545 3046 ipse
1572 2974 1724 3030 Deus
1744 2978 1942 3030 nostro

291 3061 513 3135 gaudet
534 3060 897 3116 lamento.Ex
911 3061 1039 3132 ipsa
1053 3062 1102 3116 ei
1114 3063 1361 3132 justitim
1376 3062 1746 3117 inchoatione
1760 3063 1944 3134 place-

2053 1826 2363 1894 suspectus
2393 1823 2756 1894 pavidusque
2779 1822 2983 1878 horam
3005 1821 3164 1877 illam
3182 1826 3472 1895 exspecta,
3492 1838 3608 1895 qua
3623 1821 3706 1878 ire
3800 1868 3808 1879 .

2049 1913 2120 1965 ad
2153 1912 2393 1966 domum
2425 1911 2766 1966 mternitatis
2798 1912 2931 1966 boni
2968 1914 3069 1966 aut
3097 1910 3236 1966 mali
3267 1911 3480 1967 debeas
3504 1912 3703 1983 (Ec-ale.

2048 2017 2147 2064 xu,
2179 2001 2258 2069 5);
2293 2001 2426 2072 quia
2462 1998 3273 2072 postea,quidquid‘planctus
3304 1999 3387 2054 tui
3412 2016 3591 2056 causa
3611 2016 3705 2056 ac-

2050 2088 2253 2143 ciderit
2282 2089 2341 2143 in
2356 2087 2675 2161 plateis,nit
2706 2088 3003 2158 tejuvabit
3019 2088 3273 2161 positum
3290 2088 3350 2143 in
3367 2089 3699 2157 tormentis,

2050 2177 2151 2249 qui
2182 2178 2322 2233 dum
2355 2177 2449 2232 hic
2474 2182 2772 2249 superstes
2793 2193 2976 2243 esses,
3009 2177 3117 2233 tibi
3140 2176 3462 2245 consulere,
3497 2182 3555 2233 et
3574 2176 3704 2233 tibi-

2052 2271 2171 2322 met
2199 2270 2402 2321 coutra
2432 2270 2652 2321 tantam
2682 2269 3115 2337 superventurw
3147 2264 3501 2320 calamitatis
3523 2281 3708 2337 angu-

2053 2355 2225 2409 stiam
2260 2354 2573 2409 consilium
2605 2370 2833 2425 capere,
2876 2355 3017 2408 dum
3066 2351 3439 2409 immutabile
3470 2352 3526 2407 id
3577 2369 3707 2408 esse

2054 2442 2272 2514 optime
2302 2442 2503 2503 scires,
2536 2441 2890 2495 detrectasti.
2911 2440 3149 2494 Interim
3182 2456 3317 2512 ergo
3335 2440 3478 2494 dum
3502 2455 3710 2510 oppor-

2053 2531 2277 2586 tUn'itas
2308 2530 2482 2585 flendi
2514 2530 2830 2597 fructuosc,
2864 2529 3008 2583 dum
3038 2531 3273 2601 tempus
3322 2526 3701 2600 acceptabile,

2055 2619 2183 2674 dies
2213 2619 2404 2674 adhuc
2435 2618 2666 2684 salutis,
2705 2619 2800 2673 76
2816 2618 2956 2673 dum
2978 2617 3145 2683 vivis,
3173 2618 3314 2672 dum
3339 2616 3531 2672 adhuc
3554 2632 3587 2671 a
3612 2615 3712 2672 Ju-

2054 2708 2181 2762 dice
2214 2708 2360 2778 (123)
2389 2706 2719 2774 sustineris,
2738 2706 2939 2761 hortor
2959 2712 3023 2761 ut
3054 2706 3109 2760 in
3127 2705 3339 2762 melius
3362 2705 3704 2763 eonnitaris.

2052 2800 2202 2851 Dum
2232 2795 2328 2851 ille
2359 2796 2581 2851 securis
2613 2796 2804 2851 diti‘ert
2836 2796 3039 2861 ictum,
3072 2801 3135 2850 tu
3168 2796 3239 2851 de
3270 2800 3323 2851 te
3350 2811 3491 2868 cape
3512 2795 3701 2851 consi-

2052 2884 2219 2952 lium;
2253 2886 2393 2940 dum
2425 2883 2520 2939 ille
2549 2883 2856 2957 suspendit
2884 2884 3223 2952 vindictam,
3270 2887 3332 2940 tu
3363 2884 3589 2959 corrige
3615 2884 3699 2939 vi-

2051 2976 2194 3030 tam.
2226 2973 2351 3030 Non
2381 2978 2470 3031 est
2491 2975 2647 3046 apud
2677 2980 2857 3031 Deum
2876 2966 3133 3029 difficilis
3152 2978 3253 3029 aut
3269 2974 3435 3029 tarda
3460 2990 3707 3029 conver-

2053 3064 2162 3134 sio,
2194 3063 2288 3119 cui
2318 3063 2449 3135 ipsa
2469 3062 3354 3135 justitiaeplacetinchoatio.Vae
3387 3059 3704 3132 autemilli,

292 3149 517 3217 bimus,
550 3148 650 3221 qui
681 3149 923 3221 injuste,
957 3166 1083 3222 quae
1108 3151 1371 3219 fecimus,
1395 3151 1692 3222 punimus.
1730 3172 1757 3199 »
1783 3152 1945 3207 Istud
1978 3143 2021 3210 (Ξ
2055 3153 2145 3207 eui
2176 3169 2291 3207 non
2320 3152 2659 3207 conceditur
2688 3156 2823 3206 ante
2844 3151 3276 3225 corrigi,quam
3304 3149 3563 3223 deﬁxugi:
3585 3164 3709 3205 ma-

288 3242 530 3295 tantum
541 3239 858 3293 extraviam
873 3239 1149 3311 propositi
1160 3240 1392 3305 ,amceni
1403 3242 1515 3295 tate
1530 3244 1647 3294 tam
1665 3240 1944 3313 florigerze

288 3326 612 3383 viriditatis
642 3327 791 3399 prati
807 3327 1155 3383 delectatum
1165 3344 1278 3393 ,me
1290 3345 1358 3385 su
1369 3328 1553 3385 faeciet
1567 3330 1941 3401 processisse.

365 3417 458 3471 36.
490 3415 666 3471 Nune.
688 3416 869 3479 adte,
898 3432 971 3470 ne
1000 3431 1151 3487 opus
1180 3416 1237 3471 in
1270 3416 1466 3488 aliquo
1512 3418 1712 3472 videar
1765 3418 1945 3472 inter-

288 3505 547 3577 rupisse,
579 3520 864 3561 reversus.
901 3505 1265 3577 suggerendo
1297 3506 1603 3567 admoneo,
1650 3506 1942 3577 siquidem

288 3593 680 3651 reverentiam
714 3593 819 3649 tibi
849 3594 1059 3649 debere
1105 3610 1209 3666 pro
1259 3593 1469 3648 canitie
1519 3594 1660 3659 scio,
1714 3598 1779 3647 ut
1825 3594 1946 3648 hzec

289 3700 429 3740 cum
461 3682 866 3754 superioribus
895 3683 1181 3747 conferas,
1212 3686 1270 3737 et
1299 3680 1595 3754 negotium
1631 3680 1733 3737 tibi
1764 3699 1833 3737 ex
1853 3682 1946 3738 his

366 3799 515 3871 (121)
545 3799 710 3870 Apud
745 3796 1089 3871 Gregorium
1122 3801 1185 3852 ut
1213 3813 1284 3853 ea:
1328 3795 1468 3871 dono
1513 3797 1750 3871 quidem.
1803 3797 1944 3853 Dein

290 3868 513 3944 melius
542 3868 651 3944 quo
671 3871 850 3944 pretio
866 3868 1203 3944 redemptus,
1240 3885 1419 3941 quam
1452 3868 1779 3941 invulgatis
1810 3874 1943 3925 Gre-

290 3941 444 4017 gorii
474 3940 824 4017 queri-emis
838 3943 912 4017 sit
929 3940 1253 4017 redemptus.

367 3959 444 3997 ru
508 3959 581 3995 ue
641 3959 1253 4024 ramasureaemuus.
1562 4011 1572 4022 .
1609 4012 1620 4022 .
1825 4010 1881 4023 Η

367 3959 669 4091 (123)ng
698 4021 873 4085 caput
915 3959 1240 4084 amngalus
1290 4028 1395 4083 pro
1446 4016 1658 4067 canitie
1710 4016 1939 4085 capitis,

2053 3257 2229 3313 gnam
2260 3241 2520 3305 enim,ut
2535 3239 2787 3306 dieitqui
2809 3240 3102 3312 superius,
3119 3239 3547 3295 contumaciam
3567 3254 3705 3294 con-

2052 3334 2285 3401 temptae
2317 3328 2789 3384 mansuetudinis
2820 3333 2876 3383 et
2906 3328 3127 3401 gratias,
3152 3330 3342 3399 major
3361 3328 3528 3399 sequi
3555 3326 3705 3383 solet

2053 3419 2141 3473 ira
2171 3417 2523 3481 vindictze,et
2553 3417 2777 3471 diutius
2806 3419 3197 3487 exspectatus,
3251 3414 3459 3469 durius
3500 3413 3713 3469 feritur

2054 3520 2169 3560 non
2205 3521 2542 3570 conversus;
2568 3509 2625 3558 et
2646 3520 2823 3575 quam
2845 3502 3084 3572 largiter
3104 3505 3452 3573 prorogatur
3478 3500 3707 3554 miseri-

2055 3593 2254 3648 cordia
2282 3591 2340 3646 in
2373 3592 2666 3663 praesenti,
2698 3595 2816 3645 tam
2850 3606 3045 3645 severe
3088 3590 3335 3663 ingratis
3389 3588 3711 3642 intentatur

2048 3680 2343 3752 judicium
2377 3681 2436 3735 in
2470 3680 2685 3735 futuro.

2056 3795 2375 3880 senectutis
2406 3795 2622 3851 indicio
2654 3794 2959 3868 accipitur;
2993 3793 3162 3852 ﬂores
3191 3792 3348 3851 enim
3387 3791 3708 3867 amygdalae

2057 3868 2635 4011 8LIl()i2833‘inltegebatur
2664 3938 2721 3994 in
2751 3936 2923 4010 Vulg.
2960 3955 2994 3993 a
3031 3937 3225 4011 vidice,
3254 3936 3452 4011 Amale.
3506 3936 3709 4011 Levis-

2053 4009 2204 4067 slma
2235 4009 2562 4067 litterarum
2598 4009 2923 4066 mutatione
2964 4009 3407 4067 emendavimus
3446 4026 3482 4064 a
3506 4009 3704 4076 iudice.

1310 4200 1718 4288 INCIPIT
1776 4198 2122 4287 LIBER
2182 4198 2741 4288 TERTIUS.

300 4321 598 4405 Continet
635 4322 794 4383 istud
842 4321 967 4383 hac
1018 4320 1418 4405 praloquium
1444 4344 1496 4405 λέ
1550 4321 1791 4405 I._Rex
1837 4340 1900 4405 es
1948 4322 1997 4405 ?_
2034 4320 2340 4381 delectatio
2416 4322 2586 4405 regia
2642 4331 2697 4381 te
2752 4322 3032 4381 instruat.
3093 4320 3170 4380 II.
3230 4316 3516 4405 Dis-cerae
3589 4333 3709 4394 qua

378 4392 1088 4494 intentionenq'msmqu'id
1113 4392 1353 4494 faciat.
1419 4404 1519 4462 lII.
1593 4401 1731 4494 Νοζξ
1758 4401 2034 4493 putatis.
2074 4410 2390 4494 praetexui
2422 4392 2686 4494 atia'rum
2744 4419 2979 4494 rerum,
3028 4417 3179 4494 quae.
3214 4403 3348 4454 sunt
3385 4480 3404 4494 Δ
3432 4392 3701 4494 dissphfe,

369 4481 653 4564 palliare.
713 4471 814 4544 IV.
887 4471 1162 4564 Tiinendo
1218 4483 1407 4564 Deum
1429 4499 1599 4564 rege
1654 4481 1769 4541 tibi
1820 4471 2142 4564 commissa.
2204 4482 2274 4540 V.
2339 4477 2711 4564 Catholicam
2768 4497 2899 4564 esse
2941 4471 3300 4564 Ecclesium,
3347 4480 3423 4564 et.
3449 4471 3707 4532 catholi-

375 4551 506 4625 cam
559 4565 691 4642 eius
738 4574 852 4642 exse
904 4563 1190 4641 gratiam.
1231 4563 1353 4642 AVI.
1419 4560 1497 4623 Ut
1528 4551 1660 4619 ἢθη
1689 4578 1825 4642 rem
1879 4558 2235 4642 dedignatur
2283 4557 2461 4619 subdi
2514 4558 2629 4642 Dei
2665 4555 2997 4642 judicibus.
3062 4555 3192 4615 VII.
3253 4551 3423 4629 Quod
3478 4571 3705 4642 appro-

379 4634 599 4703 brium'
648 4651 708 4721 et
748 4634 1130 4702 subsdnnatio
1202 4640 1358 4721 facti
1405 4660 1627 4701 sumus.
1686 4640 1844 4721 Ylll.
1892 4634 2081 4721 Quod
2125 4638 2280 4721 sicut
2324 4646 2471 4721 sunt
2523 4634 2784 4717 episcb/Ii
2832 4645 3016 4721 sortes
3063 4643 3406 4721 sanctorum
3488 4634 3699 4721 minis-

380 4721 523 4784 terio
576 4720 828 4801 ordinis,
887 4723 970 4783 ita
1022 4723 1143 4782 sint
1202 4714 1266 4781 et
1288 4800 1291 4801 ν
1313 4721 1629 4801 privilegio
1685 4717 1943 4801 honoris.
2157 4716 2455 4801 Spiritum
2512 4714 2777 4801 sanctum
2824 4714 3156 4801 negligenti
3233 4715 3410 4801 θιὼ-γη
3479 4715 3707 4801 ϐρέτεο-

375 4821 482 4883 po_
509 4799 708 4883 adesse
760 4793 930 4883 saepe.
991 4801 1062 4861 X.
1128 4800 1299 4876 Quod
1313 4793 1379 4861 ἀ
1416 4793 1661 4883 laetitiae
1730 4799 1849 4883 nisi
1879 4817 1940 4883 Διῑ
1972 4796 2116 4883 Δ,εοιιδ
2171 4793 2309 4883 Deo
2351 4798 2547 4883 ualeat
2603 4793 3256 4878 judicarieliiscopus.
3328 4796 3430 4855 Xl.
3496 4793 3707 4856 Oratto

383 4876 491 4942 sub
518 4880 707 4944 altari
728 4876 1199 4943 constitutorum.
1235 4883 1367 4943 Xll.
1406 4880 1683 4960 Trifaria
1712 4878 1918 4940 divisio
1946 4876 2216 4956 ﬁliorum
2247 4876 2542 4938 Fcclesiw.

1791 4980 2218 4996 -———-‘-—-

372 5033 425 5087 1.
456 5024 868 5105 Superioribus
899 5032 1129 5089 duobus
1150 5029 1364 5088 libellis
1392 5035 1942 5104 temporum,perso-

288 5135 532 5189 narum,
556 5121 906 5190 ofﬁciorum,
932 5136 1198 5189 sexuum,
1222 5119 1308 5176 vel
1330 5123 1566 5176 aetatum
1586 5119 1944 5193 prmloquiis,

288 5213 526 5283 quanta
550 5209 845 5267 valuimus
876 5210 1177 5276 brevitate,
1211 5209 1320 5264 etsi
1354 5225 1467 5265 non
1500 5213 1719 5281 quanto
1750 5210 1947 5266 decuit

282 5299 516 5372 lepore,
550 5296 668 5354 Deo
698 5299 970 5365 donante,
995 5295 1369 5363 transcursis,
1388 5313 1545 5352 nunc
1571 5297 1943 5369 dignitatum,

281 5385 577 5445 ordinum
602 5386 693 5443 vel
750 5387 1063 5443 affectuum
1116 5388 1329 5453 vastos,
1365 5390 1423 5441 et
1453 5401 1604 5458 saepe
1662 5386 1791 5442 ideo
1847 5402 1949 5458 per

372 5491 526 5563 (124)
555 5496 859 5548 Construe:
888 5508 1037 5547 nunc
1068 5495 1334 5547 tentantes
1383 5493 1824 5556 (transcurrere)
1852 5509 1951 5564 per

284 5566 466 5620 castus
496 5568 690 5633 vastos,
722 5571 774 5620 et
802 5564 921 5620 ideo
947 5579 1083 5635 saepe
1110 5564 1433 5633 naufragos,
1479 5565 1610 5634 quia
1658 5566 1948 5635 refertissi-

2051 5028 2387 5099 naui‘ragos,
2421 5025 2560 5099 quia
2603 5024 3131 5083 abundantissimis
3163 5024 3700 5097 promontoriorum

2055 5115 2323 5173 cautibus
2350 5113 2766 5170 rcfertissimos
2795 5119 2973 5171 aestus
3001 5116 3313 5176 tentantes,
3341 5111 3577 5167 ﬂatibus
3600 5128 3708 5168 nos

2055 5204 2487 5261 committentes
2518 5203 2798 5269 adversis,
2834 5202 3029 5274 ipsum
3072 5200 3297 5256 obicem
3351 5198 3704 5272 opponimus

2054 5290 2621 5362 Cbristum,tricipiti
2632 5291 2999 5346 voluminum
3017 5290 3187 5345 lintre
3204 5288 3437 5345 eosdem
3462 5288 3710 5362 gestien-

2056 5387 2143 5438 tes
2170 5380 2418 5445 sulcare,
2453 5379 2499 5434 si
2528 5377 3023 5435 tamenillius’non
3040 5378 3190 5434 desit
3205 5375 3705 5451 remigium(124),

2056 5506 2172 5545 mos
2202 5485 2456 5543 cautibus
2510 5485 3002 5541 abundantissimis
3046 5484 3569 5556 promontoriorym;
3608 5497 3712 5552 per

2060 5569 2242 5627 wstus,
2278 5560 2526 5629 inquam,
2549 5557 2901 5628 dignitatum,
2943 5550 3221 5627 ordinum,
3251 5555 3338 5611 vel
3384 5550 3704 5625 afecturim,
