3968 6180
439 304 558 375 219

1357 298 1734 368 RATHERII
1775 296 2022 364 EPISC.
2068 294 2356 364 VERON.
2404 300 2575 368 OPP.
2622 303 2826 368 PARS
2868 299 2919 367 Ῑ.

3691 304 3804 375 220.

440 440 609 512 cujus
640 437 699 497 in
730 438 842 497 isto
864 435 1480 515 eomagisilagitamus
1497 435 1666 496 nobis
1688 436 2082 496 necessarium
2110 432 2165 501 Α
2196 452 2406 512 gamus
2432 438 2736 515 dignitatis
2752 436 3054 508 chordam,
3088 440 3154 495 ut
3166 433 3458 496 citharcedi
3484 437 3622 514 (128)
3635 442 3794 499 tacea-

438 531 635 587 adfore
664 529 971 598 auxilium,
1024 547 1139 604 quo
1171 530 1282 587 scit
1333 547 1440 587 nos
1489 528 1546 585 id
1578 543 1726 603 opus
1782 545 2083 585 assumere

436 624 597 681 tanto
623 619 1015 689 dubitantius,
1046 624 1262 693 quanto
1293 617 1697 692 periculosius.
1721 619 1865 673 Nam
1884 635 1951 673 ex
1967 635 2083 674 uno

434 708 613 766 latere
643 709 877 782 superni
912 709 1274 781 spectatoris,
1309 725 1375 763 ex
1406 708 1518 763 alio
1551 706 1853 778 salibujus
1879 708 2086 762 immo-

435 799 563 855 dice
595 800 867 855 ferventis
896 814 1165 853 vcremur
1192 796 1527 871 procellam;
1549 796 1828 867 navisque
1851 803 2079 863 nostrae,

436 890 607 961 cujus
630 889 757 960 jam
788 888 966 943 fracto
1017 902 1195 952 remo,
1248 887 1468 942 amisso
1504 888 1594 942 77
1652 885 1837 951 clavo,
1892 887 2082 941 fessus

435 977 776 1048 multigenis
797 975 1151 1046 collisusque
1169 975 1448 1047 scopulis,
1470 975 1679 1047 sopitis
1701 974 1943 1040 viribus,
1966 992 2079 1029 non

434 1066 673 1137 quidem
704 1065 922 1136 scapha
942 1065 1332 1135 portatus,sed
1353 1064 1795 1133 undajactatus,
1814 1064 2083 1119 tremulis

433 1153 696 1227 linguam
727 1154 916 1227 ipsam
949 1154 1224 1208 mordens
1242 1154 1534 1220 dentibus,
1554 1154 1613 1208 in
1642 1171 1757 1210 uno
1781 1154 1928 1225 (125)
1958 1154 2082 1209 bre-

431 1244 593 1299 vium
613 1241 1118 1314 jacetnauclerus,
1135 1242 1797 1313 omnimodisjacturam
1812 1247 2081 1298 tenemus

435 1334 497 1405 [l.
526 1332 851 1401 timemus],
880 1347 1013 1386 cum
1048 1330 1203 1385 hunc
1235 1330 1285 1385 ei
1313 1330 1704 1386 miserabilem
1753 1329 2079 1395 incursum,

434 1425 670 1495 propter
699 1419 1049 1492 praecipitem
1080 1436 1342 1488 cursum,
1377 1420 1514 1474 dum
1534 1436 1735 1475 cavere
1764 1419 2077 1490 ancipitem

433 1508 677 1567 nescivit
692 1525 1027 1576 excursum,
1045 1506 1365 1580 contigisse
1380 1508 1735 1580 noverimus(
1746 1508 2082 1580 i26).Quan-

435 1615 611 1671 quam
625 1596 780 1654 enim
792 1597 910 1652 Scri
920 1596 1567 1668 pturadicentezLingna
1590 1599 1925 1669 sapientium
1939 1599 2081 1653 sicut

430 1687 873 1755 stimuli,etsicut
884 1686 1028 1741 clavi
1047 1688 1104 1740 in
1125 1684 1480 1756 altumde/ixi
1495 1687 1712 1756 (Eccles.
1737 1703 1834 1753 xu,
1864 1687 2080 1753 li);no-

2199 546 2332 585 mus
2362 546 2694 600 personam;
2720 529 2803 585 sic
2819 527 3477 601 alloquamurordinem,
3496 533 3558 585 ut
3575 530 3795 588 ordinati

2195 619 2539 675 omittamus
2570 634 2806 684 nomen,
2841 617 2925 673 sic
2956 617 3246 684 affectum,
3278 621 3343 672 ut
3369 617 3655 674 charitatis
3698 637 3796 677 non

2196 709 2494 780 patiamur
2523 707 2835 774 defectum,
2871 708 3041 779 cujus
3072 706 3166 762 hic
3198 723 3536 780 magnopere
3571 725 3797 780 querere

2195 798 2479 852 debemus
2510 796 2853 868 profectum;
2884 795 3204 867 prasertim
3221 811 3353 852 cum
3371 812 3472 852 nec
3498 796 3798 853 defuturam

2196 903 2433 942 osorum
2470 885 2779 939 credamus
2798 884 3100 952 invidiam,
3133 882 3231 956 qui
3251 888 3505 939 nostram
3526 884 3627 940 hac
3645 885 3799 941 etiam

2195 974 2253 1029 in
2286 978 2448 1046 parte
2478 973 2897 1045 reprehendere
2929 991 3043 1029 non
3074 973 3341 1028 dubitent
3356 973 3799 1040 audaciam,cum

2193 1068 2401 1136 praeter
2430 1063 2857 1131 auctoritatem,
2892 1063 3052 1118 salva
3082 1062 3259 1118 ofﬁcii
3301 1061 3625 1129 reverentia,
3662 1062 3798 1118 haud

2192 1153 2474 1225 aliquam,
2507 1151 2729 1207 nullam
2748 1169 2979 1224 quoque
2998 1151 3165 1207 nobis
3184 1151 3447 1207 noverint
3462 1151 3798 1224 suppeditare

2192 1241 2518 1306 scientiam,
2552 1242 2724 1312 cujus
2757 1240 2850 1297 hic
2884 1256 3117 1313 quoque
3144 1239 3225 1296 rei
3256 1255 3547 1296 enormem
3568 1239 3699 1295 satis
3719 1256 3799 1296 ca—

2192 1347 2326 1404 pere
2356 1329 2586 1384 valeant
2616 1330 3038 1400 conjecturam.

2667 1420 2789 1474 Trr.
2824 1420 2866 1485 Ι,
2902 1449 2969 1459 -
2998 1422 3083 1474 De
3110 1420 3363 1489 regibusr

2259 1512 2313 1564 2.
2350 1510 2468 1563 Rex
2497 1507 2589 1563 es?
2615 1508 2899 1580 Dignilas,
2936 1524 3093 1581 rogo,
3123 1507 3254 1580 ipsa
3282 1512 3338 1563 te
3384 1507 3522 1562 dum
3563 1504 3799 1573 delectat,

2189 1597 2459 1653 instruat.
2509 1598 2660 1653 Sunt
2706 1597 2975 1669 quedam
3025 1596 3239 1670 regalis
3288 1595 3508 1652 ordinis
3552 1594 3799 1668 insignia,

2191 1686 2407 1758 quibus
2437 1685 2581 1749 sine,
2612 1685 2721 1741 etsi
2754 1702 2967 1741 nomen
3021 1690 3342 1757 utcunque,
3375 1701 3435 1741 re
3461 1687 3648 1741 tamen
3690 1698 3804 1739 vera

430 1774 908 1832 verimusdivina:
922 1775 1932 1830 auctoritatisitaconstantissimam
1946 1791 2079 1830 con-
2113 1804 2160 1869 Β
2189 1780 2341 1831 certe
2369 1791 2485 1830 non
2517 1778 2707 1847 potest
2734 1774 3054 1830 consistere
3084 1773 3344 1847 dignitas
3359 1776 3536 1828 tanta.
3567 1771 3662 1827 His
3688 1787 3802 1845 ergo

431 1865 734 1933 stantiam,
766 1867 833 1919 ut
862 1862 1007 1918 nulli
1024 1880 1277 1935 parcere,
1294 1864 1568 1919 neininen
1586 1863 1807 1918 noverit
1823 1862 2079 1935 palpare;

2191 1868 2372 1931 utere,
2407 1863 2500 1919 his
2540 1879 2823 1930 exercere,
2877 1862 2969 1917 bis
3028 1879 3327 1919 exornare.
3376 1862 3511 1917 Esto
3558 1860 3804 1934 prudens,

432 1950 1653 2024 tamennovimusabipsisquoqueurbanze
1678 1951 2082 2008 scientiazviris
2183 1954 2406 2023 jnstus,
2438 1952 2604 2007 fortis
2636 1955 2694 2007 et
2741 1953 3123 2022 temperatus.
3176 1951 3297 2007 Hac
3340 1949 3507 2023 quasi
3553 1949 3807 2023 quadriga

434 2042 610 2100 hodie
639 2057 874 2096 summa
918 2039 1220 2112 diligentia
1264 2040 1580 2107 observari,
1633 2042 1773 2113 quid
1831 2041 2079 2107 cautius,

437 2146 613 2204 quam
647 2130 787 2202 quid
821 2127 1118 2201 proferant
1145 2128 1357 2197 verius;
1394 2128 1598 2184 utilius
1628 2129 1900 2185 aestimari
1927 2129 2081 2201 quod

437 2210 606 2266 docet
631 2209 910 2273 comicus,
943 2224 1122 2279 quam
1154 2207 1293 2281 quid
1323 2208 1738 2265 interminatur
1780 2210 2079 2274 Dominus;

437 2298 625 2372 pluris
652 2297 828 2371 pendi
860 2297 1102 2353 dictum:

663 2386 986 2450 Obsequium
1014 2386 1231 2447 amicos,
1263 2385 1461 2436 veritas
1490 2386 1671 2437 odium
1701 2386 1855 2449 parit.

509 2476 784 2548 (TERENT.
844 2474 1014 2530 Andr.
1073 2474 1117 2541 Ι,
1172 2474 1234 2545 ι),
1315 2491 1493 2546 quam
1550 2478 1647 2547 qui
1721 2492 1807 2530 me
1852 2475 2082 2531 erubue-

436 2566 590 2621 ritet
632 2580 778 2621 meos
833 2580 1124 2630 sermones,
1183 2568 1235 2619 et
1266 2563 1410 2619 hunc
1449 2565 1603 2635 ﬁlius
1660 2564 1902 2620 hominis
1956 2581 2081 2620 eru-

439 2655 628 2721 bescet,
659 2669 785 2708 cum
810 2653 1018 2709 venerit
1049 2652 1197 2724 (Luc.
1224 2670 1300 2719 1x,
1331 2653 1445 2724 26);
1476 2657 1532 2707 et
1564 2654 1705 2709 forte
1734 2652 1901 2721 illud,
1947 2653 2086 2725 quia

439 2742 610 2813 quasi
639 2739 935 2807 disertius,
968 2740 1095 2796 ideo
1124 2744 1364 2813 putatur
1389 2741 1612 2811 utilius;
1642 2742 1782 2814 quia
1800 2742 2085 2814 pompati-

441 2846 597 2898 cum,
629 2828 1071 2897 ideojudicatur
1086 2827 1563 2897 saluberrimum;
1580 2830 1757 2897 istud,
1772 2829 1911 2902 quia
1928 2829 2085 2885 folio-

441 2934 573 2974 rum
594 2916 1067 2989 venustate,quin
1083 2917 1277 2989 potius
1288 2918 1561 2974 vanitatis
1581 2918 1935 2990 opacissima
1950 2919 2086 2974 den-

442 3006 613 3063 sitate
642 3004 951 3077 nudatum,
983 3005 1111 3061 ideo
1140 3004 1333 3062 seaculi
1363 3006 1750 3079 prudentibus
1796 3022 1899 3062 seu
1935 3006 2083 3063 sim-

2191 2045 2423 2098 evectus
2449 2040 2612 2113 regni
2631 2041 2798 2103 ﬁnes,
2826 2038 3136 2111 perlustra;
3153 2039 3264 2095 hoc
3281 2043 3317 2096 1
3330 2040 3377 2096 8
3393 2038 3636 2112 denique
3654 2054 3803 2093 curru

2192 2131 2306 2186 ista
2336 2134 2495 2185 utere
2550 2129 2609 2184 in
2663 2128 2777 2195 via,
2831 2132 2898 2184 ut
2947 2145 3082 2184 cum
3142 2128 3518 2185 sanctissimo
3572 2126 3689 2182 Elia
3731 2124 3804 2181 vel

2189 2217 2382 2273 vocari
2417 2217 2699 2273 merearis
2729 2216 2933 2290 auriga
2981 2218 3070 2289 (IV
3108 2218 3235 2287 Reg.
3292 2234 3355 2285 ιι,
3388 2216 3498 2288 12.)
3528 2215 3639 2272 Hoc
3686 2230 3804 2287 qua-

2192 2306 2442 2379 druplici
2486 2307 2753 2362 munitus
2802 2306 3060 2373 thorace,
3109 2306 3384 2364 hostibus
3440 2322 3513 2363 ne
3551 2301 3807 2361 cunctaris

2193 2395 2625 2468 imperterritus
2656 2412 2976 2464 occurrere;
2996 2412 3102 2452 nec
3133 2396 3294 2451 enim
3311 2394 3527 2468 poteris
3545 2392 3808 2467 aliquibus

2194 2484 2453 2541 adversis
2481 2484 2729 2551 devinci,
2761 2485 2807 2539 si
2841 2489 3006 2540 tanta
3029 2484 3282 2540 tuitione
3311 2483 3514 2541 vallari
3535 2479 3805 2539 merueris.

2193 2575 2314 2629 Tl'l‘.
2324 2578 2342 2628 1
2352 2574 2391 2629 Ι.
2401 2605 2465 2614 --
2486 2573 2917 2630 Discernendum
2929 2591 3037 2646 qua
3051 2576 3365 2630 intentione
3375 2574 3497 2646 quis
3513 2570 3636 2646 quid
3646 2570 3805 2643 faciat.

2260 2664 2314 2718 3.
2350 2664 2409 2717 In
2442 2662 2649 2733 primis
2680 2662 2897 2733 itaque,
2931 2666 3246 2734 antequam
3283 2662 3508 2719 scilicet
3540 2665 3800 2717 tentemus

2193 2751 2307 2807 alia
2335 2755 2447 2806 tua:
2478 2750 2772 2806 serenitati
2805 2750 3208 2823 congruentia,
3232 2751 3310 2808 de
3340 2751 3434 2807 his
3455 2747 3684 2823 singalis
3703 2750 3802 2801 tam

2191 2844 2268 2903 te,
2303 2857 2480 2913 quam
2507 2855 2731 2905 omnes,
2765 2839 2864 2911 qui
2886 2844 3027 2895 sunt
3050 2839 3110 2895 in
3134 2839 3504 2896 sublimitate
3519 2833 3801 2899 constituti,

2190 2927 2320 2984 volo
2353 2929 2661 2984 instruere:
2698 2928 2808 2983 hoc
2838 2927 3142 2998 adjiciens.
3194 2931 3258 2983 ut
3316 2927 3560 2985 sollicite
3605 2924 3806 2983 studeat

2192 3016 2326 3089 quis
2356 3015 2704 3082 discernere,
2725 3013 2865 3088 quld
2897 3016 3357 3088 quaintentione
3389 3016 3577 3073 faciat.
3595 3011 3806 3071 Utenim

443 3093 596 3169 ΡῙΘΧ,
629 3098 824 3168 atque.
856 3096 922 3150 Ut
968 3093 1051 3150 ita
1098 3093 1346 3162 dicatur,
1390 3095 1698 3162 rusticum.
1751 3094 1853 3151 Vili
1901 3112 2081 3169 penso
2115 3158 2155 3178 η
2192 3110 2250 3163 et
2277 3103 2673 3178 experimento
2704 3122 2772 3161 ex
2803 3105 2973 3161 nobis
3003 3104 3171 3177 ipsis,
3204 3109 3261 3160 et
3314 3104 3558 3163 lectione
3597 3120 3662 3159 ex
3682 3099 3809 3158 anti-

440 3184 675 3240 ducitur
702 3182 968 3257 dignum,
988 3200 1121 3238 cum
1136 3200 1241 3240 nec
1254 3181 1451 3240 minus
1464 3183 1701 3241 cautela:
1713 3185 1798 3241 eis
1817 3185 2083 3241 videatur
2112 3158 2156 3226 ί)
2195 3158 2444 3266 quor-dm
2470 3194 2850 3267 cognovimus
2865 3158 3058 3261 dictis:
3072 3158 3425 3268 ple'mmque
3440 3194 3580 3250 vitia
3595 3192 3809 3247 virtutes

443 3274 646 3329 atl‘errc
673 3271 974 3344 negotium
1006 3273 1339 3345 suspectius
1364 3273 1511 3345 (127)
1530 3273 1867 3330 dicentium:
1892 3276 2082 3331 Viden-

442 3361 606 3428 tibus,
636 3361 807 3417 nolite
834 3360 1035 3428 videre,-
1072 3368 1125 3417 et
1180 3363 1585 3434 aspicientibus,
1631 3363 1803 3419 nolite
1848 3365 2087 3435 aspicere

440 3450 597 3507 nobis
622 3465 707 3512 ea,
734 3464 856 3523 qua:
883 3457 1029 3505 recta
1058 3450 1335 3515 videntur;
1364 3452 1660 3523 loquimini
1686 3454 1842 3508 nobis
1864 3454 2085 3524 placen-

442 3538 539 3605 tia,
571 3537 743 3595 videte
768 3538 925 3595 nobis
950 3554 1162 3596 errores
1192 3540 1345 3608 (Isai.
1378 3557 1513 3609 xxx,
1548 3541 1656 3609 10).
1700 3540 1916 3597 Verum
1962 3557 2085 3596 ma-

441 3627 623 3701 gistra
647 3627 872 3694 eadem,
906 3644 1032 3700 quae
1064 3633 1121 3683 et
1147 3629 1240 3684 via
1269 3633 1375 3697 est,
1423 3628 1696 3697 Veritate,
1752 3634 1927 3702 atque
1985 3646 2089 3703 per

442 3715 757 3789 quemdam
790 3715 861 3770 de
892 3731 954 3771 se
985 3715 1112 3788 ipsa
1141 3717 1387 3774 dicente:
1408 3720 1532 3774 Haec
1552 3720 1661 3788 via,
1695 3720 1974 3776 ambulate
1988 3736 2089 3792 per

443 3822 561 3862 eam
593 3805 804 3877 [supple
833 3809 890 3860 et
918 3821 1032 3860 non
1064 3805 1412 3881 declinetis],
1452 3824 1624 3881 neque
1669 3808 1739 3864 ad
1785 3808 2085 3877 dexteram,

442 3910 615 3966 neque
641 3892 711 3949 ad
757 3894 1045 3949 sinistram
1097 3894 1248 3966 (Isai.
1281 3912 1412 3963 xxx,
1443 3897 1556 3967 21),
1607 3900 1947 3967 satagamus
1977 3896 2089 3953 hac

444 3987 566 4038 arte
594 3997 927 4038 sermonem
958 3982 1245 4038 moderari
1264 3988 1555 4049 nostrum,
1587 3989 1652 4040 ut
1682 4002 1786 4041 nec
1799 3986 1868 4041 ad
1900 3986 2090 4041 dexte-

443 4087 570 4127 rum
597 4069 805 4126 altiora
838 4070 1007 4126 nobis
1038 4072 1450 4143 prmsumptive
1480 4076 1773 4129 tentantes
1799 4090 1984 4145 usque
2016 4073 2089 4129 ad

444 4158 745 4215 sinistram
773 4156 1154 4227 declinemus,
1180 4157 1419 4214 falsitati
1438 4158 1640 4215 timide
1662 4161 1952 4217 cedentes:
1974 4178 2089 4234 quo

446 4246 531 4315 ﬁt,
565 4250 629 4303 ut
654 4246 739 4303 ita
764 4245 1272 4319 loquiquanquam
1291 4246 1744 4316 absurdeliceat,
1768 4252 1834 4304 ut
1852 4266 1958 4305 nec
1981 4251 2090 4305 Te-

2194 3298 2257 3340 se
2286 3298 2415 3338 esse
2445 3281 2828 3337 mentiuntur.
2862 3280 3024 3338 Unde
3055 3282 3200 3337 satis
3243 3282 3493 3355 pulchre
3540 3282 3739 3339 Seneca
3762 3276 3810 3331 in

2196 3370 2537 3445 proverbiis,
2572 3370 2827 3436 Timidus,
2871 3370 2975 3438 ait,
3021 3386 3077 3427 se
3103 3378 3333 3427 cautum
3376 3379 3547 3439 vocat,
3593 3366 3811 3426 sordidus

2190 3477 2440 3534 parcum.
2476 3459 2762 3516 Calliditas
2781 3457 2959 3524 enim,
2974 3463 3041 3514 ut
3059 3459 3376 3531 etquidem
3395 3460 3475 3516 ait
3487 3462 3811 3521 nostrorum,

2189 3548 2485 3622 prudentia
2517 3549 2633 3603 vult
2660 3563 2804 3619 saepe
2818 3547 3012 3617 videri,
3025 3546 3299 3604 videlicet
3319 3553 3404 3618 ut,
3423 3549 3564 3605 dum
3586 3546 3811 3617 aliquem

2196 3637 2329 3693 dolo
2360 3636 2650 3710 capimus,
2685 3637 3004 3710 prudenter
3046 3653 3154 3693 nos
3198 3637 3414 3695 fecisse
3461 3634 3810 3712 gratulemur;

2196 3727 2349 3799 quod
2385 3728 2587 3781 contra
2606 3723 3010 3797 Psalmista(id
3029 3726 3185 3797 quod
3208 3736 3266 3782 et
3285 3726 3495 3783 Petrus
3521 3726 3591 3782 de
3616 3720 3813 3780 Christo

2196 3817 2245 3888 [1
2269 3818 2413 3880 Petr,
2466 3832 2528 3881 ιι,
2584 3814 2724 3883 22]):
2777 3816 2889 3884 Qui
2941 3815 3187 3887 loquitur
3240 3818 3532 3872 veritatem
3578 3816 3638 3869 in
3684 3806 3815 3867 corde

2194 3920 2311 3970 suo,
2343 3905 2441 3976 qui
2467 3920 2579 3959 non
2608 3904 2719 3972 egit
2745 3903 2936 3958 dolum
2966 3905 3026 3958 in
3050 3903 3245 3975 lingua
3275 3921 3381 3960 sua
3430 3903 3601 3974 (Psal.
3643 3914 3745 3965 xxv,
3770 3897 3814 3960 3)

2197 3996 2654 4063 nostrorumque
2678 3990 2943 4063 quidam,
2977 3991 3179 4060 Dolus,
3214 3992 3320 4062 ait,
3351 3995 3412 4049 in
3444 3992 3616 4062 corde,
3646 3992 3816 4064 quanto

2198 4082 2347 4152 apud
2379 4081 2625 4136 homines
2665 4080 2990 4152 prudentius
3035 4082 3218 4148 callet,
3278 4090 3431 4139 tanto
3485 4080 3627 4154 apud
3676 4079 3819 4134 Deum

2195 4171 2416 4226 stultius
2467 4168 2691 4240 decipit.
2742 4169 3004 4240 Itemque
3062 4169 3398 4227 Psalmista:
3457 4169 3672 4227 Inimici
3718 4165 3819 4237 ejus

2199 4262 2405 4314 terram
2429 4259 2642 4327 lingent
2662 4258 2835 4330 (Psal.
2870 4275 2993 4321 Lxx,
3025 4258 3104 4329 9).
3156 4259 3404 4317 Terram
3466 4259 3676 4332 quippe
3724 4251 3817 4307 lin-

443 4336 667 4393 rentius
698 4333 950 4408 alicujus
988 4335 1185 4392 minus
1234 4336 1471 4409 provide
1523 4335 1721 4391 odium
1755 4337 1815 4392 in
1861 4342 2092 4394 nosmet
2197 4362 2351 4420 gere,
2380 4350 2467 4403 est
2511 4345 2799 4402 sermonis
2849 4347 3134 4403 suavitate
3180 4347 3253 4402 ab
3298 4347 3499 4422 aliquo
3549 4352 3819 4403 terrenum

443 4423 764 4491 execuisse,
793 4440 898 4479 nec
928 4423 1197 4479 Christus
1227 4422 1478 4496 alicujus
1530 4424 1850 4481 amicitiam
1892 4425 2089 4482 minus
2199 4434 2421 4508 aliquid
2453 4435 2700 4491 auferre,
2735 4434 2896 4499 Quod
2927 4434 3135 4491 vitium
3166 4452 3301 4492 cum
3334 4435 3637 4494 urbanitas
3662 4449 3695 4489 ε
3719 4427 3823 4502 qui-

444 4513 623 4571 libere
654 4517 813 4571 notet
839 4512 1070 4569 veritati
1100 4511 1445 4586 praetulisse.
1478 4513 1640 4578 Quod
1667 4531 1741 4569 ne
1770 4514 2090 4587 contingat,
2122 4522 2171 4589 1)
2201 4524 2451 4580 busdam
2481 4524 2794 4595 deputetur
2818 4522 3214 4593 saecularium,
3240 4529 3406 4582 tanto
3438 4542 3473 4582 a
3499 4524 3615 4598 piis
3639 4514 3820 4576 menti-

452 4602 606 4659 inter
635 4605 884 4674 utraque
900 4601 1023 4657 haec
1038 4606 1207 4658 cauto
1218 4602 1561 4675 gaudientes
1577 4602 1841 4676 vestigio,
1870 4602 1955 4660 sic
1968 4608 2096 4660 tan-

445 4710 841 4783 committenles
866 4724 965 4764 nos
990 4710 1215 4783 ﬂatibus
1241 4708 1501 4783 adversis,
1552 4712 1872 4783 opponimus
1915 4711 2099 4783 ipsum

686 4779 1000 4861 (Ihristum,
1016 4781 1298 4861 gestientes
1323 4780 1552 4861 sulcare
1561 4779 1774 4861 eosdem
1788 4779 1973 4861 lintre
1992 4788 2094 4861 trt-

447 4850 608 4935 cipiti
618 4849 1503 4935 poluminumﬁdest,tribus.aliis
1516 4850 2096 4935 libristertio,quarto

449 4920 513 4978 et
532 4920 782 5048 quinto),
813 4922 865 4976 si
894 4920 1069 4977 tamen
1103 4938 1215 4977 non
1243 4923 1389 4978 desit
1415 4923 1697 4978 auxilium
1721 4920 2039 4992 illiusfctc.

520 4996 540 5061 (
578 4992 672 5064 25)
704 4994 902 5064 Brevia
932 4992 1209 5064 dicuntur
1239 4993 1363 5048 loca
1392 4994 1573 5049 maris
1602 4995 1821 5050 vadosa
1850 5000 1907 5051 et
1936 4994 2094 5052 navi-

448 5062 727 5138 gantibus
753 5062 1099 5137 periculosa;
1134 5064 1288 5121 unde
1315 5063 1596 5138 Virgilius
1623 5065 1844 5123 Eneid.
1878 5084 1918 5122 ι.

703 5180 1724 5232 ............Eurusabalto

668 5243 727 5292 In
757 5242 943 5293 brevia
970 5247 1024 5293 et
1053 5246 1223 5308 syrtes
1252 5247 1423 5307 urget.

2204 4613 2318 4667 bus
2342 4616 2432 4668 est
2461 4610 2768 4668 sollicitius
2785 4612 3130 4679 cavendum,
3146 4619 3370 4685 quanto
3385 4614 3499 4670 hoc
3519 4604 3823 4669 testimonio

2204 4733 2314 4773 uno
2347 4716 2614 4792 brevium;
2642 4719 2920 4792 timemus,
2942 4719 3193 4792 inquam,
3222 4720 3381 4775 navis
3402 4721 3696 4792 jacturam,
3717 4725 3822 4792 cum

2203 4790 2517 4846 noverimus
2544 4789 2689 4843 hunc
2731 4782 3101 4846 miserabilem
3152 4782 3440 4845 incursum
3487 4787 3759 4857 contigisse
3781 4782 3824 4835 el

2201 4864 2423 4933 propter
2449 4876 2672 4915 cursum
2710 4861 3070 4933 praecipitem,
3117 4860 3250 4915 dum
3295 4863 3528 4918 nescivit
3570 4871 3743 4916 cavere
3766 4866 3823 4908 ex

2204 4948 2427 4987 cursum
2455 4933 2774 5003 ancipitem.

2276 5002 2426 5075 (127)
2457 4999 2767 5075 Negotium
2796 5003 3119 5074 suspectius,
3140 5004 3293 5074 quod
3319 5002 3544 5061 scilicet
3570 4999 3824 5071 majorem

2207 5073 2603 5143 suspicionem
2631 5074 2815 5144 affert.
2887 5073 2896 5074 ί
3158 5073 3175 5074 ί
3334 5143 3342 5144 ί
3776 5133 3785 5144 .

2278 5144 2423 5216 (128)
2455 5143 2753 5219 Qitharazdi
2799 5160 2935 5199 voce
2979 5159 3173 5219 regem
3225 5143 3541 5219 designat,
3572 5154 3741 5215 quem
3773 5149 3822 5219 tu

2206 5208 2587 5287 sequentibus
2641 5231 2956 5297 suppresso
3014 5208 3250 5291 nomine
3280 5208 3691 5298 perstrictu'rus
3730 5208 3822 5263 est.

2206 5286 2373 5342 Hunc
2406 5286 2813 5360 autem_fuisse
2844 5285 3147 5360 Hugonem
3180 5286 3358 5343 Italiae
3399 5287 3633 5360 Regem,
3666 5291 3823 5360 aquo

451 5348 599 5431 (126)
657 5348 983 5431 ϐορεινυθτ,
1019 5358 1069 5406 ει
1125 5351 1401 5431 timemus.
1435 5350 1760 5431 ompimpdis
1819 5352 2099 5431 jactuer
2206 5363 2414 5430 captus
2445 5359 2577 5431 etin
2603 5348 3179 5431 Papiensemvturrim
3210 5348 3519 5431 coniectus
3532 5348 3660 5431 fuit,
3681 5348 3825 5431 dein-

448 5421 607 5511 npvis
634 5429 860 5511 nostrae.
890 5421 1493 5511 ‘cujusnauclerus'jam
1506 5423 1683 5511 functo
1702 5420 1867 5505 remo,
1895 5426 2097 5511 amisso
2207 5420 2343 5511 cepa
2373 5429 2612 5511 patebit.
2646 5420 2821 5511 Ιξὶριιιοο
3088 5420 3336 5511 nomine?
3339 5428 3731 5511 episcopatum
3748 5420 3828 5511 in:

450 5446 606 5474 uuvw
634 5446 860 5477 nusu'w.
893 5446 1351 5506 cujusnaucwrus
1371 5446 1683 5505 ⁸ζιυηιυιιριυ
1702 5446 1867 5505 nemo,
1895 5446 2097 5481 amisso
2207 5446 2270 5484 ce
2316 5446 2343 5485 S
2373 5446 2612 5511 pateDlt.
2646 5446 2821 5485 rorro
2850 5446 3059 5484 ordinis
3088 5446 3324 5487 nomine
3339 5446 3827 5503 episcopatum“;-

450 5492 623 5585 Eﬁtf’ﬂ»
652 5493 1991 5585 (affuiestut-fet.fidelia-:"_“’£'£cﬁtfz_€<’eiti8
2016 5497 2096 5585 ’ξί-
2207 5446 2436 5585 milies
2473 5498 3567 5585 mansuesesimspiscaposejesdem:
3599 5502 3827 5585 99939.?

451 5563 627 5648 ribus,
658 5579 769 5647 non
800 5565 1020 5648 quidem
1048 5563 1296 5648 portatus
1314 5564 1546 5648 scapha,
1559 5563 1650 5619 sed
1652 5563 1899 5648 jactatiis
1925 5568 2094 5648 unda,
2205 5563 2517 5648 emidebat,
2550 5563 3218 5648 ordinis_,_dissimulatis
3248 5563 3467 5648 pdriter
3513 5563 3827 5631 nominibus

450 5633 703 5691 mordens
732 5633 909 5709 ipsam
940 5633 1190 5710 linguam
1233 5633 1479 5693 dentibus
1527 5633 1802 5705 tremulis,
1843 5640 1989 5715 jacet
2038 5633 2095 5695 in
2207 5633 2529 5703 identidem
2560 5633 2872 5703 vellicabit.
