4054 6190
246 345 361 414 921

1174 349 1824 431 PMLOQUIORUM
1867 349 2078 417 LIBRI
2122 351 2291 417 SEX.
2323 387 2404 404 -
2441 354 2585 419 LIB.
2631 354 2739 423 ΙΙΙ.

252 483 541 545 discimus
570 485 673 547 Dei
695 487 1028 565 specialiter
1052 490 1244 549 vocari
1282 488 1611 559 inimicum,
1636 486 1737 564 qui
1759 505 1898 547 sua-
1925 488 1983 558 Α
2012 490 2237 547 nescire
2257 487 2501 549 virtutes
2519 489 2548 548 ‘l
2576 489 2937 550 Definiamus
2968 489 3149 567 igitur
3179 508 3306 566 quis
3336 490 3454 550 sint
3493 493 3655 567 ipsae,

255 575 430 633 dente
473 576 842 653 suaviloquio
873 598 978 655 per
1008 578 1408 654 falsiloquium
1461 577 1678 652 decipit
1709 579 1903 653 proxi-

253 681 442 736 mum,
474 670 577 723 aut
606 670 897 741 possessis
922 670 1029 726 hac
1061 687 1195 726 eum
1221 669 1596 727 simulatione
1616 668 1900 741 spolians,

254 759 375 822 aut,
404 755 560 828 quod
586 759 757 830 pejus
788 763 895 825 est,
928 760 1202 814 eumdem
1234 756 1665 831 ipsumrperfidi
1708 758 1902 830 prodi-

254 844 401 900 toris
445 846 713 919 exemplo
763 844 1070 920 sugillans,
1113 848 1286 919 juxta
1328 846 1512 901 illud:
1560 848 1621 902 In
1667 862 1759 902 ore
1806 863 1904 903 suo

248 948 445 1005 pacem
470 949 596 990 cum
642 937 818 992 amico
849 936 1110 1008 loquitur,
1142 944 1195 992 et
1237 938 1296 991 in
1329 936 1537 992 occulto
1558 937 1717 1007 ponit
1746 937 1800 991 ei
1822 937 1905 991 in-

252 1021 426 1077 sidias
451 1021 667 1094 (Jerem.
700 1041 777 1089 1x,
804 1025 880 1095 8).
914 1025 984 1079 Et
1002 1024 1286 1093 dicentes,
1310 1030 1454 1091 Pam,
1474 1041 1607 1096 pax,
1639 1041 1763 1081 cum
1792 1041 1903 1080 non

253 1115 388 1167 esset
409 1127 529 1181 pax
576 1113 793 1181 (Jerem.
820 1129 898 1180 v1,
950 1114 1040 1181 14)
1066 1130 1079 1181 ;
1113 1116 1206 1169 et:
1241 1113 1352 1169 Sub
1384 1115 1576 1185 lingua
1605 1115 1722 1185 ejus
1751 1113 1906 1170 labor

252 1207 306 1255 et
348 1198 522 1266 dolor,
575 1200 720 1257 sedet
768 1204 828 1256 in
857 1201 1077 1257 insidiis
1102 1218 1230 1257 cum
1256 1201 1521 1257 divitibus
1568 1204 1630 1257 in
1657 1203 1901 1269 occultis,

250 1295 315 1343 ut
344 1289 644 1359 interﬁciat
672 1291 1012 1346 innocentem
1040 1290 1211 1362 (Psal.
1244 1308 1299 1358 x,
1345 1293 1380 1344 7
1388 1276 1405 1358 ,
1439 1292 1516 1362 8).
1563 1295 1630 1345 Et
1658 1289 1906 1363 quibus-

251 1375 398 1431 dam
443 1376 794 1434 intermistis
841 1377 1141 1449 aliquanto
1190 1382 1323 1451 post
1366 1395 1379 1433 :
1427 1378 1757 1445 lnsidiatur,
1804 1378 1906 1447 ait,

249 1468 313 1521 ut
346 1468 533 1537 rapiat
556 1456 878 1539 pauperem,
922 1484 1116 1538 rapere
1159 1483 1484 1538 pauperum,
1514 1467 1649 1523 dum
1684 1467 1914 1523 attrahit

253 1568 383 1609 eum
412 1546 597 1622 (Ibid.,
629 1553 684 1625 9)
710 1571 723 1621 ;
757 1554 897 1609 item
929 1554 1083 1609 alio:
1112 1555 1310 1611 Molliti
1339 1559 1470 1610 sunt
1497 1571 1771 1611 sermonos
1800 1556 1913 1627 ejus

256 1657 425 1713 super
450 1640 652 1708 oleum,
683 1650 737 1698 et
767 1644 875 1714 ipsi
900 1651 1029 1698 sunt
1049 1644 1245 1714 jacula
1276 1645 1448 1711 (Psat.
1482 1660 1591 1711 LIV,
1625 1644 1716 1712 22.)
1745 1661 1758 1711 ;
1787 1660 1914 1715 spe-

260 1730 526 1804 ciemque
557 1731 631 1786 ad
682 1746 870 1804 genus
898 1748 1058 1787 more
1100 1732 1316 1787 usitato
1347 1732 1734 1798 transferens,
1768 1749 1911 1804 prae-

260 1817 569 1891 miumque
586 1818 864 1889 debitum
898 1836 1175 1892 promens
1204 1836 1217 1874 :
1248 1820 1321 1875 Tu
1348 1836 1479 1875 vero
1510 1820 1720 1892 inquit,
1751 1821 1909 1888 Deus,
1942 1851 1992 1919 Β

259 1906 488 1964 deduces
515 1923 604 1964 eos
633 1910 693 1963 in
719 1917 947 1981 puteum
976 1910 1265 1965 interritus
1298 1908 1484 1982 (Ibid.,
1513 1910 1627 1980 24).
1658 1910 1769 1965 Job
1801 1926 1910 1963 au-

259 1999 383 2052 tem
414 2000 576 2052 tanto
624 1996 964 2063 terribilius,
996 2001 1216 2069 quanto
1250 1997 1623 2070 expressius:
1675 1997 1911 2053 Simule-

259 2089 404 2142 tores
435 2092 485 2140 et
509 2085 720 2153 callidi,
746 2085 957 2159 inquit,
984 2090 1278 2158 provocant
1297 2086 1443 2141 iram
1460 2088 1562 2142 Dei
1582 2087 1700 2158 (Job
1717 2103 1909 2155 xxxvx,

264 2174 377 2243 13).
413 2174 522 2231 Ubi
552 2174 875 2230 notandum
907 2176 1060 2248 quod
1095 2191 1208 2231 non
1242 2183 1543 2243 merentur,
1578 2175 1676 2230 sed
1718 2191 1913 2246 provo-

260 2267 414 2331 cant,
448 2267 514 2318 ut
542 2262 937 2336 aliquid(l29)
965 2262 1345 2320 formidosius
1375 2263 1570 2319 inesse
1597 2263 1912 2336 intelligas,

261 2350 429 2408 dixit.
475 2350 809 2409 Verendum
853 2356 1073 2421 autem,
1125 2368 1200 2409 ne
1250 2355 1594 2424 provocetur
1640 2352 1807 2419 adeo,
1850 2357 1916 2408 ut

265 2441 545 2498 resistere
573 2441 625 2497 ei
652 2440 842 2498 valeat
866 2457 1058 2509 nemo,
1093 2459 1165 2498 ne
1194 2442 1445 2508 dicatur,
1477 2442 1602 2498 Vivo
1631 2441 1916 2512 ergo,dicit

261 2531 547 2598 Dominus,
580 2532 715 2602 quia
742 2545 853 2586 non
880 2530 1201 2601 expiabitur
1231 2530 1498 2601 iniquitas
1529 2529 1648 2586 hac
1677 2530 1917 2585 victimis

255 2627 312 2675 et
340 2620 662 2675 muneribus
708 2634 876 2690 usque
906 2620 969 2674 in
1005 2620 1398 2690 sempiternum
1428 2618 1478 2689 (l
1504 2619 1630 2688 Reg.
1667 2635 1750 2683 nr,
1804 2618 1913 2684 14).

335 2709 388 2763 4.
422 2708 607 2773 Qnam
653 2707 871 2763 fmdum
925 2711 1122 2762 autem
1174 2705 1415 2762 cuilibet
1444 2706 1554 2762 hoc
1602 2706 1680 2761 sit
1707 2705 1916 2761 vitium

262 2797 479 2853 sectari
509 2795 861 2864 Christiano,
895 2795 1074 2852 etiam
1126 2795 1503 2866 antiquorum
1553 2797 1919 2852 monstratur

261 2884 551 2957 exemplo,
585 2885 687 2956 qui
718 2901 834 2939 non
864 2883 1059 2939 divino
1110 2883 1337 2951 timore,
1392 2883 1494 2939 sed
1528 2882 1783 2939 naturali
1816 2884 1916 2938 ho-

262 2973 513 3030 nestatis
525 2988 743 3038 amore,
757 2972 1110 3028 deﬁnierunt
1122 2976 1352 3044 turpem
1369 2987 1602 3027 omnem
1622 2970 1754 3027 dolo
1767 2989 1918 3044 qum-

256 3061 440 3119 sitam
460 3061 762 3117 victoriam
794 3061 937 3117 fore.
973 3060 1209 3116 Insania
1241 3061 1584 3132 79quoque
1608 3059 1916 3132 impatien-

257 3151 358 3207 tia
390 3149 669 3207 foriitudo
696 3149 823 3205 vult
849 3164 1002 3221 sape
1032 3164 1235 3221 parere
1265 3147 1347 3220 [id
1370 3156 1449 3203 est
1460 3149 1758 3220 apparere]
1777 3167 1790 3216 ;
1809 3149 1917 3205 for-

256 3245 384 3297 tem
435 3239 593 3295 enim
632 3255 695 3295 se
742 3219 990 3310 quisque
1034 3219 1224 3292 ambit
1250 3219 1456 3305 videri,
1490 3219 1626 3293 eum
1659 3219 1910 3310 percutit
1945 3219 1988 3288 C

260 3344 489 3403 pugno,
521 3328 711 3384 victus
739 3326 1019 3382 convicio.
1053 3326 1165 3382 Sed
1195 3324 1445 3382 stultum
1478 3330 1586 3393 est,
1618 3331 1683 3381 ut
1710 3326 1791 3382 ait
1815 3345 1913 3400 pe-

261 3417 689 3474 ritissimorum
722 3414 985 3488 quidam,
1020 3414 1320 3471 hominem
1352 3414 1571 3470 victum
1603 3415 1811 3471 fortem
1828 3416 1914 3471 di-

259 3523 414 3563 cere.
449 3504 764 3563 Sciendum
797 3504 974 3560 etiam
1005 3502 1375 3576 pbreneticos
1407 3502 1539 3575 plus
1590 3503 1752 3559 sanis
1784 3521 1915 3577 per-

261 3611 423 3667 saepe
468 3593 692 3650 viribus
720 3609 913 3664 posse.
945 3591 1169 3658 Virtus,
1193 3592 1367 3662 juxta
1394 3591 1812 3663 Augustinum,
1848 3609 1914 3648 eo

261 3682 457 3757 pluris
485 3682 849 3746 aestimanda,
883 3697 1000 3752 quo
1032 3678 1917 3757 plura‘eontemnit.Crudelitas

262 3752 504 3844 quoque
528 3769 866 3842 impietatis,
882 3752 1081 3842 etipSa
1100 3752 1341 3824 ambitio
1374 3767 1800 3827 ardentissimae
1823 3786 1917 3824 cu-

261 3858 505 3934 pidatis,
553 3858 881 3931 tropbaaum
930 3858 1204 3914 invadere
1270 3855 1579 3928 aliquoties
1647 3856 1918 3913 nituntur

262 3948 600 4020 aequitatis;
630 3945 897 4003 videlicet
917 3963 1053 4002 cum
1077 3944 1210 4017 quis
1241 3944 1527 4001 satisfacit
1555 3945 1738 4014 iraa,et
1749 3950 1917 4019 putat

259 4054 327 4095 se
374 4036 588 4094 servire
629 4035 894 4107 justitiae,
945 4039 1048 4091 aut
1094 4034 1325 4091 etiamsi
1366 4035 1599 4105 justum
1632 4034 1706 4090 sit
1751 4037 1908 4107 quod

270 4125 420 4199 agit,
453 4128 716 4197 quaestus
745 4123 894 4179 illud
924 4122 1116 4196 gratia
1145 4121 1300 4190 facit,
1325 4121 1913 4180 ccntrainterdiotum

264 4213 455 4278 illius,
501 4211 608 4285 qui
650 4211 914 4286 praecipit
959 4211 1197 4268 dicens:
1239 4213 1389 4269 Iuste
1419 4211 1559 4284 quod
1579 4213 1793 4285 justum
1836 4219 1916 4270 est

266 4303 586 4373 exsequeris
615 4301 793 4368 (Deut.
828 4316 944 4370 xv1,
974 4300 1084 4367 20).
1120 4299 1359 4356 Desidia
1386 4299 1562 4356 etiam
1591 4304 1917 4373 temperan-

260 4390 349 4445 tia
376 4388 509 4445 vult
554 4404 1003 4460 nonnumquam
1049 4386 1270 4454 videri;
1306 4386 1574 4443 videlicet
1601 4404 1737 4445 cum
1767 4390 1910 4461 quid

262 4476 698 4553 praecipitanter
728 4492 901 4550 agere
934 4477 1210 4544 vitamus,
1257 4475 1358 4532 sed
1388 4475 1448 4530 id
1489 4477 1778 4532 moderari
1812 4494 1916 4550 per

2010 583 2069 636 et
2099 578 2226 638 luce
2275 578 2674 656 fulgurautius
2723 581 2973 657 parebit,
3006 580 3147 655 quid
3200 600 3315 638 non
3349 583 3469 639 sint
3497 582 3656 656 ipsae.

2011 669 2253 727 Jnstitia
2284 673 2391 739 est,
2425 674 2488 727 ut
2509 674 2636 743 jam
2668 689 2702 728 a
2731 672 3057 742 majoribus
3086 674 3175 729 est
3204 672 3665 741 difﬁnitum,ha-

2011 758 2172 814 bitus
2203 758 2385 814 animi
2418 777 2522 831 pro
2554 761 2855 815 communi
2886 760 3137 816 utilitate
3170 764 3456 828 servatus,
3490 777 3661 817 suam

2013 847 2227 919 cuique
2259 848 2522 905 tribuens
2552 848 2895 923 dignitatem
2925 868 2939 917 ;
2984 850 3140 904 unde
3172 848 3404 922 proprie
3427 850 3665 921 justitia

2014 934 2248 1002 dicitur,
2272 937 2440 1009 quasi
2454 938 2607 1009 juris
2626 946 2790 993 satus.
2817 938 2925 994 Jus
2947 942 3143 993 autem
3166 941 3255 993 est
3276 938 3509 1011 propria
3530 938 3621 994 lex
3649 958 3662 1009 ;

2013 1029 2071 1080 et
2091 1025 2295 1096 justus
2325 1025 2425 1097 qui
2449 1026 2571 1096 jus,
2606 1026 2663 1081 id
2697 1031 2805 1092 est,
2839 1026 3134 1099 propriam
3166 1025 3661 1099 legem,custodit,

2010 1112 2100 1168 vel
2133 1113 2232 1186 qui
2263 1114 2419 1185 quod
2452 1114 2753 1186 proprium
2785 1120 2875 1170 est
2904 1113 3572 1188 unicuique-impendit,
3600 1120 3667 1172 ut

2013 1200 2159 1257 illud
2191 1200 2419 1257 Domini
2445 1218 2458 1257 :
2491 1202 2715 1259 Reddite
2743 1218 2871 1274 quae
2896 1210 3027 1257 sunt
3056 1202 3283 1259 Cesaris
3324 1205 3557 1273 Caesari,
3616 1210 3667 1262 et

2016 1307 2133 1364 quae
2179 1294 2307 1345 sunt
2354 1292 2454 1346 Dei
2500 1292 2603 1345 Deo
2647 1289 2855 1362 (Matth.
2890 1308 3029 1358 xxn,
3060 1291 3175 1362 21).
3230 1291 3550 1349 Prudentia
3578 1299 3667 1349 est

2015 1394 2214 1433 rerum
2246 1378 2532 1434 bonarum
2582 1377 2942 1434 malarumve
2986 1394 3160 1433 verax
3189 1378 3455 1435 scientia.
3486 1381 3659 1436 Tem-

2019 1466 2285 1538 perantia
2308 1471 2398 1521 est
2419 1467 2727 1522 adversum
2749 1465 3044 1534 libidines,
3068 1466 3330 1539 aliosque
3345 1485 3459 1524 non
3476 1474 3664 1528 rectos

2020 1554 2276 1625 impetus
2306 1554 2508 1622 animi,
2542 1554 2714 1610 ﬁrma
2741 1559 2798 1610 et
2828 1556 3129 1611 moderata
3156 1556 3501 1614 dominatio.
3536 1559 3665 1615 Haec

2020 1646 2078 1698 et
2108 1643 2397 1698 modestia
2424 1648 2678 1709 vocatur,
2728 1643 2866 1715 quia
2896 1660 3029 1699 eum
3065 1645 3238 1699 modo
3268 1644 3357 1700 vel
3388 1663 3667 1704 mensura

2021 1730 2221 1786 omnia
2249 1731 2388 1803 agit,
2426 1730 2726 1787 Fortitudo
2755 1736 2845 1787 est
2876 1732 3243 1788 censiderata
3272 1732 3666 1805 periculorum

2022 1819 2339 1891 susceptio,
2372 1825 2430 1874 et
2461 1818 2729 1875 laborum
2762 1820 2933 1875 ﬁrma
2954 1820 3272 1892 perpessio.
3298 1821 3393 1877 Ηίθ
3416 1828 3670 1895 quatuor

2020 1907 2104 1962 ita
2133 1906 2357 1979 regales
2390 1906 2621 1979 proprie
2650 1914 2975 1963 noscuntur
2995 1924 3125 1964 esse
3150 1908 3417 1980 virtutes,
3442 1916 3505 1966 ut
3533 1928 3667 1968 cum

2020 1996 2115 2052 bis
2172 1995 2419 2067 quilibet
2469 1995 2646 2052 etiam
2706 1996 2982 2065 rusticus,
3041 2015 3140 2054 rex
3188 2015 3302 2053 non
3348 1999 3668 2074 incongrue

2020 2084 2133 2141 dici
2159 2103 2172 2153 ;
2197 2084 2324 2141 sine
2343 2084 2454 2157 gis,
2479 2102 2583 2141 nec
2605 2084 2730 2158 ipse
2752 2085 3083 2141 universam
3100 2103 3246 2159 pene
3263 2090 3666 2147 monarchiam

2021 2174 2293 2230 obtinens
2325 2174 2902 2247 mundi,quanquam
2934 2176 3194 2242 abusive,
3220 2193 3319 2233 rex
3338 2177 3493 2236 valet
3503 2181 3668 2253 juste

2020 2263 2250 2319 vocari:
2301 2262 2449 2319 male
2498 2262 2655 2318 enim
2705 2264 3069 2336 imperando,
3104 2269 3170 2320 ut
3216 2265 3298 2321 ait
3328 2267 3429 2338 qui
3458 2285 3658 2341 supra,

2024 2368 2325 2408 summum
2352 2351 2668 2424 imperium
2699 2352 3311 2416 amittitur.Quantum
3344 2359 3540 2411 autem
3572 2357 3665 2413 his

2024 2440 2271 2507 amiciri,
2322 2457 2437 2495 non
2488 2439 2681 2495 solum
2712 2440 2972 2513 regibus,
3025 2441 3123 2495 sed
3166 2441 3342 2497 etiam
3373 2443 3668 2500 ommibus

2024 2529 2209 2602 prosit
2236 2528 2596 2595 hominibus,
2630 2532 2879 2584 testatur
2905 2527 3107 2583 dicens
3139 2528 3197 2582 in
3230 2529 3527 2600 sapientiae
3550 2529 3681 2586 laus

2024 2618 2238 2673 dibus:
2288 2617 2649 2672 Sobrietatem
2695 2617 2867 2680 enim,
2916 2618 2967 2670 et
3015 2615 3344 2686 sapientiam
3389 2615 3553 2683 docet,
3620 2622 3671 2673 et

2015 2708 2313 2779 justitiam,
2365 2712 2417 2760 et
2456 2705 2715 2759 virtutem
2744 2704 2941 2776 quibus
2969 2704 3055 2759 nil
3085 2702 3283 2761 utilius
3314 2705 3373 2759 in
3399 2712 3547 2761 terra
3592 2715 3673 2763 est

2025 2794 2337 2852 hominibus
2368 2792 2518 2865 (Sap.
2550 2810 2671 2857 vnn,
2702 2794 2797 2864 7):
2847 2791 2948 2848 ubi
2994 2792 3339 2849 sobrietatem
3381 2797 3668 2868 tempera-

2024 2884 2192 2949 tiam,
2222 2882 2552 2956 sapientiam
2581 2898 2709 2937 esse
2742 2898 2919 2953 quam
2950 2885 3007 2937 et
3033 2898 3141 2938 nos
3188 2882 3496 2955 posuimus
3525 2901 3671 2956 pru-

2025 2971 2307 3040 dentiam,
2334 2972 2593 3025 virtutem
2619 2968 3044 3036 fortitudinem,
3078 2968 3333 3042 diligens
3364 2968 3544 3027 lector
3582 2975 3670 3028 at-

2023 3062 2245 3118 tendat.
2270 3060 2480 3115 Beatus
2500 3063 2696 3115 autem
2720 3059 2811 3114 cui
2835 3057 3087 3114 dicitur:
3119 3060 3383 3115 Omnibus
3402 3060 3493 3116 his
3523 3062 3671 3118 velut

2024 3150 2355 3218 vestimentis
2368 3148 2635 3204 indueris.

2338 3238 2461 3294 Trr.
2493 3236 2589 3292 III.
2623 3268 2691 3276 —
2726 3236 2869 3292 Vitia
2896 3252 3007 3293 non
3040 3234 3355 3309 pallianda.

2093 3330 2148 3384 6.
2178 3328 2277 3383 His
2324 3327 2407 3383 ita
2454 3342 2571 3381 non
2618 3324 3138 3393 inconsideranter,
3189 3329 3255 3389 ut
3300 3327 3490 3395 credo,
3525 3345 3668 3401 prae-

2016 3416 2212 3490 jactis,
2266 3432 2423 3471 nunc
2472 3414 2520 3471 si
2572 3430 2689 3486 qua
2734 3419 2877 3469 sunt
2907 3414 3174 3481 dicenda,
3207 3414 3288 3471 ita
3315 3416 3568 3488 recipere
3598 3435 3671 3473 ne

2025 3508 2371 3578 aspernetur
2411 3502 2738 3574 amplitudo
2787 3506 2908 3568 tua,
2942 3505 3008 3556 ut
3054 3502 3194 3557 dum
3227 3509 3429 3575 aperta
3456 3505 3673 3560 fuerint

2025 3594 2126 3648 diu
2176 3592 2420 3648 forsitan
2470 3590 2755 3662 ignorata,
2799 3588 3166 3662 corrigantur
3213 3590 3493 3663 neglecta.
3548 3592 3669 3647 Pri-

2025 3698 2191 3737 mum
2238 3682 2435 3751 itaque
2496 3694 2633 3750 rogo
2682 3682 2758 3743 te,
2811 3694 2883 3733 ne
2944 3677 3105 3749 ipsas
3171 3679 3462 3749 quomodo
3528 3678 3670 3735 velis

2026 3771 2376 3843 degenerare
2399 3765 2662 3832 virtutes,
2699 3770 3094 3839 praetextuque
3125 3765 3374 3823 aliarum
3397 3783 3674 3840 quarum-

2024 3857 2166 3914 libet
2196 3858 2298 3914 80
2328 3872 2544 3922 rerum,
2598 3871 2724 3927 qua:
2754 3855 2899 3911 forte
2931 3860 3065 3911 sunt
3099 3856 3370 3921 dissonas,
3405 3855 3668 3930 palliare.

2024 3948 2158 4003 Esto
2190 3945 2319 4002 dico
2350 3945 2628 4018 prudens,
2661 3961 2777 4000 non
2800 3943 3087 4013 callidus;
3120 3945 3388 4017 quamvis
3418 3951 3476 4003 et
3506 3945 3671 4003 calli-

2022 4036 2224 4093 ditatis
2254 4035 2489 4091 nomine
2519 4033 2834 4106 prudentia
2848 4051 3001 4107 saepe
3016 4033 3201 4091 soleat
3227 4033 3474 4109 intelligi
3495 4041 3558 4093 ut
3578 4040 3669 4094 est

2023 4125 2166 4182 illud
2192 4142 2205 4181 :
2233 4124 2434 4181 Callidi
2461 4127 2537 4179 est
2563 4123 2873 4193 intelligere
2890 4126 3039 4179 viam
3056 4141 3215 4179 suam
3239 4125 3420 4197 (Prov.
3445 4127 3666 4197 x1v,.8),

2024 4214 2333 4281 fortis,non
2356 4212 2648 4283 superbus
2673 4230 2687 4281 ;
2711 4217 3094 4284 temperatus,
3122 4229 3236 4269 non
3260 4213 3429 4269 deses
3450 4218 3550 4270 aut
3579 4231 3668 4271 re-

2024 4303 2243 4359 missus
2268 4303 2524 4373 ;justus,
2548 4317 2662 4356 non
2686 4300 2964 4369 crudelis,
2986 4300 3218 4356 Honora
3238 4301 3437 4372 itaque
3459 4302 3666 4370 Deum,

2024 4406 2157 4465 rege
2187 4390 2444 4463 primum
2475 4389 2753 4461 teipsum,
2786 4390 2904 4444 imo
2934 4389 3045 4460 ipsi
3080 4388 3289 4444 rectori
3320 4390 3670 4445 commenda

2022 4480 2300 4551 teipsum.
2334 4477 2479 4533 Vide
2508 4494 2636 4549 quae
2668 4476 3134 4547 arbores‘majori
3165 4475 3428 4547 impulsu
3450 4477 3671 4550 agitan-

260 4566 677 4623 discretionem
698 4564 1028 4634 nescimus;
1051 4581 1119 4621 ea
1138 4564 1315 4639 etiam
1336 4580 1462 4636 quae
1485 4564 1908 4637 agendaerant,
1942 4577 1987 4642 ι)
2017 4570 2115 4622 tur
2140 4570 2444 4622 ventorum
2471 4582 2484 4630 ;
2517 4564 2845 4631 considera,
2876 4581 3005 4636 quae
3033 4563 3269 4636 gravius
3290 4569 3471 4619 ruunt
3484 4564 3664 4621 aedifi-

259 4655 464 4712 minus
512 4653 757 4726 providi,
792 4653 1084 4710 desidiose
1114 4653 1309 4709 inacta
1333 4650 1415 4725 [id
1443 4656 1524 4709 est
1553 4651 1789 4725 Infecta]
1819 4654 1910 4709 di-

258 4742 594 4808 mittimus,
610 4741 872 4813 dumque
888 4741 1099 4798 vitium
1130 4739 1694 4808 metuimus,vitium
1721 4740 1912 4798 incur-

258 4831 471 4888 rimus.
505 4831 667 4903 Szepe
696 4830 876 4898 enim,
893 4846 1026 4886 cum
1040 4829 1175 4902 quis
1194 4828 1484 4886 moderari
1503 4829 1710 4885 nititur
1736 4830 1907 4897 iram,

261 4918 513 4976 incurrit
542 4917 997 4992 negligentiam;
1032 4933 1181 4974 cum~
1220 4916 1566 4990 plerumque
1611 4917 1754 4974 vitia
1793 4936 1908 4976 non

262 5022 550 5073 coercere,
578 5007 826 5079 majoris
850 5008 936 5064 sit
962 5004 1227 5062 criminis
1257 5023 1435 5079 quam
1462 5004 1685 5076 ulcisci,
1729 5011 1786 5064 et
1809 5008 1910 5065 de-

261 5094 631 5168 linquentem
662 5095 951 5168 negligere
978 5112 1095 5152 non
1127 5094 1326 5150 minus
1357 5094 1452 5163 sit,
1482 5111 1659 5166 quam
1691 5096 1905 5154 odisse.

263 5183 590 5257 Aliquoties
642 5183 759 5240 doli
790 5182 1040 5258 Scyllam
1087 5181 1618 5250 caventes,stulitia2
1658 5184 1907 5241 incurri-

265 5288 401 5330 mus
422 5272 624 5345 Syrtes
647 5290 661 5342 ;
685 5271 910 5329 fortiter
939 5288 1193 5345 persaepe
1223 5271 1592 5344 exsequenda
1630 5272 1906 5342 vitantes,

261 5361 529 5435 segnitiae
555 5361 697 5417 vitio
727 5362 1016 5418 servimus
1049 5364 1363 5432 torpentes.

325 5451 381 5506 5.
415 5449 636 5506 Verum
668 5450 810 5523 quid
830 5450 1010 5506 affert
1029 5465 1230 5505 earum
1262 5465 1613 5521 cognoscere
1643 5451 1905 5522 aemulas,

261 5538 311 5594 si
342 5539 668 5611 contingat,
700 5541 759 5594 et
787 5539 929 5611 ipsae
960 5554 1087 5610 quae
1132 5536 1271 5605 sint,
1312 5537 1487 5592 certis
1519 5537 1751 5595 indiciis
1778 5557 1907 5612 per-

2019 4654 2127 4723 cia,
2156 4658 2213 4709 et
2241 4670 2314 4709 ne
2342 4651 2487 4707 illud
2518 4653 2806 4720 incurras,
2841 4651 2980 4724 quia
2997 4652 3279 4724 judicium
3305 4652 3663 4711 durissimum

2018 4743 2079 4798 in
2108 4743 2193 4798 his
2223 4743 2320 4815 qui
2342 4744 2586 4813 prmsunt
2616 4740 2764 4813 (Sap.
2797 4757 2872 4807 νι,
2904 4739 2998 4811 6);
3031 4745 3107 4809 et,
3138 4749 3379 4813 potentes
3415 4748 3668 4815 potenter

2018 4836 2293 4887 tormenta
2334 4831 2619 4901 patientur
2647 4828 2829 4897 (Ibid.,
2862 4829 2958 4901 7);
3005 4834 3083 4901 et,
3131 4832 3453 4901 fortioribus
3482 4834 3662 4905 major

2020 4922 2187 4977 instat
2214 4920 2495 4975 cruciatus
2523 4918 2706 4987 (Ibid.,
2724 4917 2802 4988 9).
2827 4918 3188 4991 Amplectere
3209 4919 3666 4994 sollieitus,quia

2021 5009 2165 5066 beati
2203 5006 2598 5075 misericordes,
2644 5008 2908 5079 quoniam
2937 5009 3047 5079 ipsi
3074 5009 3504 5065 misericordiam
3529 5026 3662 5066 con-

2016 5102 2312 5171 sequentur
2340 5096 2547 5169 (Matth.
2581 5112 2633 5165 v,
2662 5098 2716 5165 7)
2742 5114 2756 5165 ;
2789 5100 2855 5151 ut
2891 5096 3070 5152 simul
3099 5098 3293 5169 possis
3323 5097 3563 5155 evadere
3594 5098 3664 5154 il-

2016 5187 2118 5243 lud
2149 5186 2290 5259 quia
2300 5185 2577 5258 judicium
2599 5185 2721 5240 sine
2748 5184 3138 5242 misericordia
3165 5187 3250 5241 his
3279 5188 3378 5258 qui
3406 5203 3517 5243 non
3563 5188 3665 5244 ha-

2019 5276 2143 5333 bent
2173 5273 2608 5330 misericordiam
2638 5275 2774 5342 (Jac.
2806 5289 2866 5339 Il,
2898 5274 2986 5343 13)
3012 5292 3025 5342 ;
3059 5279 3117 5330 et
3147 5273 3491 5348 intelligere,
3525 5276 3666 5348 quia

2018 5364 2217 5421 nullus
2248 5363 2447 5429 miser,
2492 5360 2605 5418 nisi
2638 5361 2738 5434 qui
2781 5361 3040 5419 misereri
3074 5362 3346 5420 noluerit.
3380 5364 3452 5419 Et
3479 5380 3550 5419 ne
3575 5363 3665 5420 for

2016 5458 2134 5510 tem
2166 5459 2223 5510 te
2253 5458 2442 5527 putes,
2476 5468 2610 5507 cum
2643 5450 2898 5523 percutis
2930 5450 3142 5524 glsdio,
3163 5453 3354 5508 victus
3373 5451 3533 5519 vitio,
3558 5468 3664 5509 nec

2016 5542 2271 5600 multum
2304 5539 2534 5607 laeteris,
2587 5555 2718 5595 cum
2752 5539 3008 5612 plurima
3048 5541 3155 5597 tibi
3187 5539 3470 5613 subjicis;
3522 5540 3661 5595 audi

326 5644 478 5717 (129)
502 5644 839 5718 Legendum
870 5643 1114 5702 forsitan
1145 5648 1201 5701 et
1224 5644 1629 5715 formidolosius
1659 5663 1691 5703 a
1709 5647 2110 5719 formidolosus.
