4054 6190
216 318 439 407 'm

1236 342 1615 413 RATHERII
1656 342 1900 412 EPISC.
1946 340 2233 412 VERON.
2281 344 2467 413 OPP.
2503 346 2707 413 PARS
2746 342 2797 413 Ῑ.

3603 349 3737 417 ρει

324 482 575 540 multum
615 482 750 540 ante
780 496 887 541 nos
918 478 1178 541 dictum:
1211 485 1348 543 Ante
1375 487 1486 558 ipse
1514 485 1829 558 subjicitur,
1869 485 1965 557 qui
1992 487 2044 551 Α
2077 486 2363 540 dicaturos
2395 502 2534 542 suos
2564 489 2620 541 et
2653 480 3012 559 spirituales,
3047 486 3105 543 et
3135 480 3420 545 charitatc
3443 483 3579 546 facit
3610 490 3723 547 fcr-

318 578 434 633 vult
456 577 596 633 alios
615 575 812 632 habere
836 575 1118 647 subjectos.
1153 573 1252 631 Cui
1284 592 1418 631 vero
1458 574 1824 648 subjiciatur,
1853 575 1958 631 tibi

319 667 585 740 relinquo
634 664 979 738 disquirere,
1031 681 1165 720 cum
1197 664 1479 722 Dominus
1511 670 1567 722 te
1597 664 1783 738 possit
1815 666 1958 721 satis

317 758 455 813 hinc
502 773 757 829 congrue
804 755 1047 811 dicendo
1096 755 1336 810 docere:
1382 756 1570 821 Nemo,
1609 755 1821 828 inquit,
1850 772 1958 827 po-

316 852 416 903 test
441 846 649 903 duobus
677 846 913 900 dominis
938 845 1142 900 servire
1172 843 1381 915 (Matth.
1416 859 1495 908 v1,
1535 844 1624 911 24)
1652 863 1664 911 ;
1717 848 1808 899 et:
1841 846 1957 899 Non

314 938 531 1009 potestis
564 937 663 991 Deo
690 936 892 991 servire
922 942 970 988 et
1014 948 1340 988 mammona:
1373 932 1579 1004 (Ibid).
1616 933 1681 987 Et
1711 934 1954 1003 Aposto-

314 1027 406 1082 lus
433 1044 445 1081 :
470 1028 582 1082 Non
605 1032 807 1095 regnet,
829 1022 1122 1093 inquiens,
1145 1026 1423 1092 peccatum
1437 1023 1496 1076 in
1520 1028 1687 1075 vestro
1707 1022 1952 1086 mortali,

311 1133 531 1188 corpore
561 1117 733 1187 (Rom.
761 1131 836 1178 v1,
872 1113 959 1183 12)
987 1131 999 1178 ;
1025 1118 1082 1167 et
1106 1130 1117 1166 ε
1152 1114 1262 1180 Qui
1284 1114 1419 1181 facit
1447 1115 1745 1182 peccatum,
1771 1126 1956 1164 servus

311 1211 389 1263 est
430 1206 640 1278 peccati
688 1204 865 1274 (Joan.
906 1218 1026 1266 vm,
1059 1200 1187 1269 311);
1219 1203 1312 1254 et:
1350 1200 1386 1252 A
1418 1215 1524 1272 quo
1569 1201 1690 1271 quis
1719 1216 1953 1269 supera-

312 1303 422 1359 tur,
471 1294 588 1364 ejus
636 1299 713 1345 est
757 1293 807 1344 et
852 1304 1035 1342 servus
1078 1289 1159 1354 (ll
1202 1288 1350 1342 Pelr.
1402 1304 1461 1353 II,
1513 1286 1623 1356 19).
1658 1287 1725 1341 Et
1753 1287 1813 1341 in
1848 1292 1953 1342 Da-

311 1383 498 1439 niele:
530 1381 789 1448 Princeps
822 1376 1031 1447 inquit,
1065 1378 1226 1443 regni
1253 1377 1544 1430 Persarum
1576 1378 1777 1431 restitit
1813 1377 1956 1430 mihi

310 1475 473 1541 (Dan.
505 1486 562 1538 x,
594 1468 704 1533 13).
737 1466 861 1520 Non
893 1464 1047 1519 enim
1081 1464 1207 1519 sine
1227 1480 1406 1518 causa
1436 1463 1712 1518 dicuntur
1733 1464 1948 1517 daemo-

310 1578 413 1616 nes
443 1553 841 1614 fornicationis
875 1556 932 1608 ct
960 1551 1265 1625 superbiai,
1290 1551 1379 1607 vel
1410 1555 1746 1608 czeterorum
1778 1551 1951 1607 vitio~

309 1666 439 1707 rum
465 1646 727 1721 spiritus,
758 1641 871 1698 nisi
904 1642 1041 1713 quia
1056 1641 1277 1696 habent
1294 1641 1590 1711 subjectos
1608 1641 1825 1713 quibus
1847 1642 1948 1697 do-

306 1739 626 1803 minantur,
658 1733 878 1790 eisdem
910 1730 1134 1786 scilicet
1153 1728 1310 1785 vitiis
1342 1730 1677 1785 servientes.
1728 1733 1733 1739 ’

2070 583 2290 633 ventes.
2342 577 2411 632 Et
2458 592 2560 648 per
2589 574 3170 648 prophetamzLabia
3197 577 3493 635 sacerdotis
3542 583 3721 637 citato-

2066 668 2216 722 dient
2251 667 2550 737 justitiam,
2601 675 2652 721 et
2682 666 3163 739 legem-requirent
3189 683 3260 723 ea:
3287 685 3380 725 ore
3410 671 3548 742 ejus,
3580 673 3720 742 quia

2067 758 2294 826 angelus
2346 757 2563 810 Domini
2614 757 2954 810 exercituum
2997 763 3077 811 est
3125 756 3377 825 (Malach.
3433 775 3491 827 ιι,
3542 760 3619 828 7).
3654 759 3718 815 In

2066 842 2406 917 Apocalypsi
2432 843 2674 898 Joannis
2693 854 2826 899 cum
2846 844 3017 900 audis
3037 844 3277 917 angelos
3296 852 3519 919 septem
3542 846 3721 903 eccle-

2066 933 2310 998 siarum,
2343 932 2537 987 nullos
2566 931 2712 988 alios
2742 931 3037 1002 intelligas
3086 951 3260 1005 quam
3293 935 3596 1008 episcopos
3618 953 3714 991 ea-

2066 1023 2285 1076 rum.ln
2306 1020 2862 1092 Evangelioqunque
2884 1021 3025 1090 quid
3051 1020 3226 1085 dicat,
3253 1039 3426 1094 quam
3456 1029 3714 1095 potesta-

2063 1116 2178 1165 tem
2196 1110 2278 1163 eis
2294 1109 2539 1175 tribuat,
2552 1110 2810 1163 adverte:
2834 1110 3199 1183 Qzu'ecunquc,
3215 1109 3715 1184 inquiensJigave

2063 1201 2186 1255 ritis
2202 1215 2365 1270 super
2378 1207 2596 1265 terram,
2618 1198 2789 1266 ligata
2804 1206 2965 1253 erant
2993 1206 3044 1253 et
3073 1200 3135 1252 in
3162 1200 3336 1267 caelo;
3366 1204 3417 1256 et
3449 1218 3711 1273 quaecun-

2061 1305 2163 1360 que
2202 1288 2472 1343 solveritis
2517 1304 2680 1358 super
2710 1291 2935 1354 terram,
2981 1288 3161 1343 soluta
3207 1294 3370 1345 erunt
3400 1299 3452 1346 et
3483 1292 3539 1345 in
3571 1292 3704 1346 caelo

2062 1377 2267 1444 (Matth.
2320 1394 2434 1443 XVI,
2485 1376 2591 1444 19).
2646 1375 2761 1430 Hoc
2811 1376 2987 1438 idem,
3042 1377 3174 1433 licet
3220 1378 3495 1450 sparsim,
3546 1384 3603 1434 et
3643 1380 3703 1434 in

2060 1465 2286 1538 psalmo
2321 1466 2444 1535 jam
2494 1470 2549 1519 et
2597 1463 2884 1535 Propheta
2914 1471 3318 1536 peroraverat:
3349 1468 3527 1523 Nimis
3544 1469 3712 1524 hono-

2058 1557 2170 1610 rati
2197 1562 2323 1609 sunt
2352 1555 2517 1608 amici
2547 1555 2632 1608 tui
2662 1555 2820 1619 Deus,
2851 1554 3022 1609 nimis
3050 1555 3383 1625 confortatus
3404 1564 3482 1612 est
3496 1559 3707 1628 princi-

2053 1654 2212 1716 patus
2242 1659 2429 1698 eorum
2443 1642 2614 1709 (Psal.
2633 1658 2904 1709 cxxxvxu,
2929 1644 3037 1711 17).
3072 1643 3331 1707 Quorum
3352 1645 3699 1717 PApostolo-

2057 1750 2207 1795 rum,
2223 1722 2732 1803 evangelistarum,
2749 1729 3179 1802 episcoporum,
3201 1731 3543 1787 clericorum
3556 1775 3570 1799 ,
3590 1749 3711 1788 mo-

375 1829 429 1882 7.
463 1824 625 1892 Quod
658 1838 791 1878 cum
845 1819 1282 1875 evidentissima
1320 1818 1610 1883 didiceris,
1645 1818 1950 1873 considera
1978 1853 2026 1919 B
2058 1820 2379 1875 nachorum
2402 1818 2612 1873 saeculo
2648 1818 3135 1884 renuntiantinm,
3161 1821 3284 1891 qui,
3320 1820 3460 1893 quia
3498 1821 3709 1878 nolunt

307 1916 445 1990 quid
479 1930 581 1987 per
608 1910 951 1984 prophetam
1000 1907 1288 1963 Dominus
1337 1906 1528 1961 dicat:
1568 1908 1656 1962 Vae
1701 1908 1796 1979 qui
1818 1922 1949 1960 con-

295 2005 534 2079 jungitis
562 2001 785 2057 acinum
833 1997 903 2052 ad
932 1996 1170 2061 domum,
1204 1999 1255 2050 et
1295 2011 1488 2066 agrum
1518 2010 1652 2060 agro
1680 1996 1950 2066 copulatis

305 2109 475 2165 usque
503 2089 573 2146 ad
604 2088 900 2144 terminum
924 2086 1046 2140 loci.
1070 2084 1326 2155 Nunquid
1360 2099 1450 2138 vos
1479 2084 1585 2139 soli
1605 2084 1866 2139 habitatis
1890 2086 1949 2138 in

303 2188 450 2240 terra
472 2184 499 2234 .9
542 2180 607 2234 In
638 2176 866 2230 auribus
896 2176 1033 2228 meis
1061 2176 1189 2227 sunt
1214 2173 1400 2226 omnia
1430 2172 1566 2235 haec,
1599 2173 1733 2227 dicit
1762 2174 1946 2227 Domi-

305 2288 412 2327 nus
439 2268 777 2325 exercituum
808 2262 1077 2333 (lsai.v,8,
1101 2261 1179 2332 9).
1202 2263 1389 2332 Atque
1410 2265 1541 2332 post
1564 2278 1746 2333 pauca
1782 2280 1795 2317 :
1820 2264 1947 2316 Pro-

303 2370 494 2433 pterea
521 2354 797 2420 dilatavit,
828 2350 1039 2424 inquit,
1069 2352 1320 2422 infernus
1348 2366 1404 2405 os
1431 2367 1613 2416 suum,
1652 2358 1702 2406 et
1732 2352 1948 2421 aperuit

301 2450 500 2520 absque
530 2445 644 2500 ullo
669 2442 926 2510 termino,
958 2448 1008 2495 et
1037 2438 1354 2495 descendent
1394 2442 1559 2510 fortes
1590 2442 1724 2510 ejus,
1757 2449 1807 2495 et
1851 2457 1945 2510 po-

294 2539 463 2611 pulus
525 2535 662 2605 ejus,
729 2535 783 2587 et
846 2529 1107 2585 sublimes
1165 2529 1496 2599 gloriosique
1541 2530 1657 2599 ejus
1707 2529 1775 2583 ad
1823 2546 1946 2584 eum

301 2624 482 2700 (lbid.,
510 2622 618 2693 44).
648 2621 909 2691 Itemque
934 2634 947 2672 :
982 2619 1080 2673 Nec
1123 2617 1219 2689 qui
1237 2617 1555 2688 justiﬁcatis
1584 2618 1819 2689 impium
1845 2635 1945 2689 pro

299 2714 642 2776 muneribus,
668 2717 719 2763 et
754 2709 1033 2781 justitiam
1051 2707 1196 2777 justi
1223 2708 1453 2777 aufertis
1483 2706 1551 2761 ab
1581 2721 1660 2771 eo,
1717 2708 1946 2778 Pr0pter

299 2821 365 2861 ea
409 2803 551 2857 sicut
596 2798 815 2853 devorat
859 2795 1122 2865 stipulam
1167 2802 1217 2849 et
1263 2795 1417 2863 ligna
1466 2796 1628 2862 ignis,
1679 2799 1731 2849 et
1795 2796 1945 2850 calor

299 2896 536 2964 ﬂammae
563 2887 769 2949 exurit,
792 2884 872 2938 sic
903 2883 1068 2938 rudia:
1095 2884 1472 2955 eorumquasi
1488 2884 1710 2954 favilla,
1744 2892 1795 2938 et
1820 2900 1941 2951 ger-

297 2995 442 3036 mem
468 2991 655 3032 eorum
684 2978 747 3027 ut
773 2972 956 3043 pulvis
985 2970 1233 3026 ascendet
1262 2970 1447 3038 (lbid.,
1481 2971 1592 3042 23).
1627 2970 1944 3027 Considera

298 3069 865 3139 itaque,rogo,quam
888 3075 1059 3133 grave
1081 3059 1157 3115 sit
1177 3057 1513 3131 cupiditatis
1535 3059 1940 3132 crimen,quod

300 3162 359 3215 et
389 3161 443 3212 te
472 3158 530 3210 et
552 3149 837 3226 pepulum
854 3153 1044 3217 tuum,
1064 3152 1371 3220 totumque
1390 3152 1579 3219 potest
1594 3165 1939 3206 consumere

2061 1908 2283 1981 aliquid
2303 1907 2516 1962 habere
2535 1906 2593 1961 in
2613 1907 2999 1977 mundo,jure
3015 1924 3146 1962 cum
3165 1908 3280 1964 Deo
3300 1909 3710 1982 principantur

2060 2002 2116 2053 et
2139 1997 2412 2067 judicent
2442 1996 2511 2050 de
2542 1994 3074 2061 mundo,malentes
3106 2013 3318 2052 aurum
3352 1997 3709 2055 habentibus

2058 2087 2347 2157 imperare
2394 2100 2570 2156 quam
2622 2100 2834 2138 aurum
2886 2084 3118 2139 habere.
3153 2087 3457 2157 Principes,
3490 2086 3702 2159 inquit,

2053 2176 2380 2248 populorum
2407 2173 2721 2243 congregati
2738 2181 3006 2227 suntcum
3025 2175 3129 2229 Deo
3143 2174 3706 2247 Abraham,quoniam

2054 2268 2222 2337 fortes
2252 2269 2413 2319 terra:
2442 2260 2784 2317 vehementer
2811 2262 3011 2318 elevati
3038 2270 3168 2319 su‘nt
3216 2264 3389 2335 (Psal.
3424 2278 3572 2334 XLVI,
3609 2262 3699 2337 6).

2058 2355 2197 2409 Ecce
2227 2352 2405 2408 habes
2436 2349 2916 2407 manifestissime
2962 2351 3098 2423 quia
3128 2351 3425 2425 principes
3457 2353 3704 2426 populo-

2055 2440 2310 2514 rumipsi
2327 2438 2560 2496 suntdii
2575 2439 2875 2494 ιρι-νωθεςὸ
2895 2439 3027 2510 quis
3056 2444 3146 2494 est
3166 2440 3276 2496 iste
3295 2440 3704 2514 principatus?

2053 2532 2138 2587 Ad
2171 2530 2312 2602 quid
2341 2527 2553 2585 estiste
2585 2527 2997 2600 principatus?
3026 2528 3105 2583 Ad
3132 2529 3464 2600 alligandos,
3482 2530 3698 2602 inquit,

2053 2637 2205 2689 reges
2233 2635 2421 2675 eorum
2446 2619 2502 2672 in
2535 2617 2954 2688 compedibus,et
2976 2617 3183 2672 nobiles
3206 2634 3397 2673 eorum
3425 2626 3487 2674 tn
3515 2622 3697 2675 mani-

2052 2712 2129 2766 cis
2139 2710 2420 2780 ferreis,ut
2429 2709 2644 2778 faciant
2656 2707 2713 2760 in
2729 2708 2807 2761 eis
2818 2705 3101 2778 judicium
3129 2709 3500 2779 conscriptum
3521 2709 3691 2780 (Psal.

2054 2814 2236 2865 CXLI),
2278 2797 2354 2864 8).
2403 2796 2543 2850 Ecce
2588 2809 2763 2865 quem
2809 2794 3137 2865 acceperint
3178 2794 3596 2866 principatum,
3622 2797 3698 2852 ad

2054 2887 2194 2958 quid
2243 2886 2586 2954 acceperint,
2633 2882 2926 2953 quomodo
2996 2882 3359 2939 confortatus
3414 2889 3506 2940 est
3572 2886 3699 2958 ipse

2053 2973 2436 3047 principatus.
2489 2970 2653 3034 Quo?
2681 2970 2777 3026 hic
2806 2971 2940 3025 etin
2979 2971 3213 3040 futuro;
3250 2973 3412 3045 qua?
3432 2990 3537 3046 per
3565 2990 3700 3030 om-

2053 3078 2184 3119 nem
2218 3059 2877 3131 mundum.Ubicunque
2908 3059 3174 3116 Christus
3195 3062 3700 3130 adoratur,sacer.

2053 3153 2159 3208 dos
2192 3155 2325 3222 post
2370 3149 2563 3220 ipsum
2609 3147 2907 3216 excolitur,
2961 3148 3078 3205 imo
3110 3150 3167 3203 in
3201 3151 3502 3207 sacerdote
3529 3150 3698 3207 Chri-

299 3210 573 3321 germen.‘
592 3240 753 3308 Quod
778 3239 823 3293 si
853 3251 1066 3294 cuncta
1086 3238 1299 3294 cedunt
1323 3252 1394 3293 ex
1422 3238 1729 3303 sententia,
1750 3239 1798 3294 si
1823 3256 1943 3295 om-
1973 3210 2015 3278 δ
2054 3245 2182 3298 stus
2214 3240 2551 3295 honoratur.

300 3335 467 3392 nium
516 3327 953 3386 adversantium
1000 3326 1105 3381 tibi
1155 3326 1349 3381 subito
1387 3325 1721 3398 supplicant
1751 3326 1937 3395 colla;

301 3421 464 3480 nulla
493 3416 718 3476 inutilis
748 3415 947 3490 gaudii
976 3418 1032 3470 te
1049 3415 1254 3470 exinde
1283 3413 1477 3487 pulset
1492 3415 1798 3487 jactantia.
1824 3417 1942 3473 Me-

298 3516 496 3569 mento
521 3505 863 3579 bujusmodi
895 3522 929 3560 a
961 3503 1271 3560 Psalmista
1300 3503 1385 3558 illi
1417 3504 1730 3576 promissa,
1764 3521 1939 3576 quem

298 3595 745 3669 divinajustitia
774 3592 1037 3667 despexit
1065 3610 1078 3648 :
1104 3594 1462 3665 Auferuntur,
1498 3592 1706 3665 inquit,
1726 3594 1942 3666 judicia

297 3700 393 3748 tua
415 3707 449 3745 a
476 3689 620 3761 facie
644 3687 780 3758 ejus,
799 3686 1047 3740 omnium
1062 3684 1417 3739 inimicorum
1430 3698 1657 3738 suorum
1686 3682 1938 3738 domina-

298 3779 564 3848 bitur(Ps.
597 3792 654 3843 Χ,
686 3775 761 3841 5).
795 3772 950 3828 Scito
982 3771 1156 3826 etiam
1189 3770 1939 3843 amedicis,desperatisuil

296 3864 613 3940 prohiberi,
645 3862 802 3932 quod
832 3860 1169 3915 desiderant
1197 3860 1343 3914 esui.

510 3951 634 4005 Trr.
667 3948 758 4002 IV.
791 3976 860 3987 ——
906 3949 1154 4018 Episcopi
1198 3957 1361 4018 quam
1396 3947 1724 4001 honorandi.

368 4042 421 4095 8.
455 4039 540 4095 Tu
571 4036 765 4110 potius
816 4034 957 4090 time
988 4035 1193 4102 Deum,
1228 4051 1380 4107 rege,
1416 4034 1536 4089 imo
1569 4036 1723 4089 nutri
1755 4053 1942 4108 popu-

296 4130 421 4185 lum
456 4125 563 4182 tibi
592 4121 997 4188 commissum,
1031 4123 1341 4194 deprecare
1372 4127 1629 4189 sanctos,
1663 4140 1942 4180 venerare

298 4218 602 4291 episcopos
627 4232 639 4281 ;
673 4210 899 4268 noveris
929 4211 1058 4268 illos
1079 4211 1204 4279 tibi,
1223 4229 1338 4267 non
1360 4215 1413 4267 te
1428 4210 1555 4267 illis
1577 4228 1705 4267 esse
1736 4211 1939 4284 praela-

295 4312 388 4364 tos
418 4324 432 4375 ;
465 4308 543 4371 et,
565 4307 631 4359 ut
659 4300 1285 4373 ampliusdicam.deos
1303 4299 1409 4355 tibi
1432 4317 1466 4354 a
1487 4317 1720 4356 summo
1745 4305 1802 4356 et
1824 4318 1941 4357 uno

296 4401 354 4454 et
382 4391 663 4467 singulari
698 4391 835 4457 Deo,
866 4393 922 4444 et
952 4387 1191 4462 angelos
1222 4389 1293 4444 ab
1323 4388 1451 4461 ipso
1482 4389 1679 4461 magni
1711 4388 1942 4445 consilii

295 4482 512 4558 Angelo
528 4496 658 4538 esse
680 4480 867 4535 datos.
891 4478 1052 4544 Quod
1081 4477 1128 4533 si
1162 4494 1253 4533 me
1283 4480 1457 4549 putas
1489 4476 1746 4543 mentiri,
1771 4480 1939 4533 ante-

2298 3329 2420 3382 Trr.
2452 3325 2518 3380 V.
2551 3356 2620 3365 ——
2653 3327 2770 3382 Una
2798 3330 2876 3380 est
2901 3327 3167 3382 catholica
3196 3328 3440 3384 ecclesia.

2119 3418 2173 3473 9.
2206 3418 2286 3473 Ne
2303 3415 2436 3488 quis
2448 3431 2582 3488 ergo
2607 3413 2952 3481 Jerusalem,
2969 3416 3235 3488 Romam,
3260 3416 3690 3487 Alexandriam,

2047 3507 2135 3563 vel
2167 3506 2343 3562 aliam
2395 3503 2718 3576 quamlibet
2768 3504 2827 3558 in
2870 3503 2979 3560 hac
3010 3505 3389 3577 prwrogativa
3418 3507 3689 3579 accipiat,

2050 3602 2286 3652 caeteras
2315 3593 2598 3665 excipiat:
2650 3592 2946 3648 Catholica
2977 3597 3066 3649 est
3095 3593 3368 3663 Ecclesia,
3398 3595 3688 3650 catholica

2050 3690 2106 3741 et
2134 3685 2263 3755 ejus
2306 3687 2396 3738 est
2436 3680 2641 3755 gratia.
2687 3681 2825 3751 Non,
2844 3685 2984 3737 sunt
3013 3681 3231 3754 plures,
3273 3699 3391 3739 una
3419 3687 3526 3752 est,
3561 3698 3691 3757 quae

2050 3790 2178 3830 eam
2210 3771 2485 3835 continet,
2506 3773 2690 3843 petra,
2710 3769 2884 3825 unica
2901 3775 2991 3826 est
3019 3770 3292 3827 Ecclesia.
3319 3772 3416 3828 Sic
3443 3772 3600 3830 enim
3623 3773 3699 3828 de

2048 3879 2117 3918 ea
2143 3862 2378 3925 dicitur,
2432 3862 2547 3917 Una
2572 3863 2649 3914 est
2691 3860 2863 3914 matri
2906 3876 3018 3914 suae
3066 3860 3246 3928 (Cant.
3272 3876 3348 3926 v1,
3379 3861 3459 3932 8),
3490 3861 3548 3915 id
3581 3866 3692 3930 est,

2049 3949 2456 4023 regeneratrici
2506 3947 2703 4020 gratiae
2750 3946 2927 4002 unica
2955 3952 3045 4003 est
3075 3947 3165 4003 lex
3198 3948 3500 4004 universae.
3534 3948 3697 4005 Licet

2049 4036 2502 4094 consuetudines
2534 4052 2635 4107 pro
2668 4035 2781 4089 ritu
2811 4039 2868 4090 et
2890 4036 3244 4109 proprietate
3267 4036 3529 4110 gentium
3546 4044 3697 4094 sunt

2051 4127 2333 4192 discretis,
2366 4140 2484 4179 uno
2514 4123 2724 4196 spiritu
2757 4139 2960 4180 omnes
2992 4129 3426 4193 consecrantur,
3460 4125 3697 4183 sicutet

2051 4231 2167 4271 uno
2197 4212 2546 4284 baptismate
2576 4228 2781 4267 omnes
2811 4211 3097 4268 lavantur.
3116 4212 3182 4268 Et
3212 4204 3697 4271 lice'tdiivisionos

2050 4305 2172 4363 sint
2200 4300 2839 4374 gratiarum,siquidem
2871 4300 3161 4357 excellunt
3188 4300 3285 4358 alii
3316 4300 3464 4359 alios
3509 4303 3568 4357 in
3592 4304 3696 4359 Ec-

2051 4391 2250 4458 clesia,
2301 4389 2453 4445 sicut
2493 4392 2549 4444 et
2600 4389 2659 4443 in
2692 4388 2834 4444 coelo
2866 4389 3119 4455 ordines,
3153 4404 3268 4445 non
3297 4393 3491 4446 tamen
3524 4383 3701 4447 divisi

2051 4483 2310 4547 datores;
2330 4495 2481 4535 unus
2498 4480 2587 4534 est
2598 4478 2754 4534 enim
2768 4479 3228 4550 dator,operator
3241 4477 3697 4553 unus,idemque

295 4588 588 4630 cessarem
635 4572 805 4624 tuum
854 4568 1149 4639 interroga
1179 4565 1608 4633 Constantium,
1642 4565 1941 4638 interroga
1976 4577 2018 4641 D
2051 4572 2151 4644 qui
2184 4570 2345 4627 solus
2376 4568 2531 4624 Deus
2561 4566 2968 4625 essentialiter.
2990 4567 3112 4623 Imo
3131 4568 3210 4633 id,
3244 4569 3399 4640 quod
3430 4582 3695 4640 compse-

296 4661 591 4735 psalmum
624 4658 841 4729 ipsum,
889 4657 1184 4728 interroga
1215 4654 1551 4710 Dominum.
1591 4656 1700 4721 Vos,
1735 4655 1818 4709 ait
1844 4654 1943 4711 ille

295 4746 760 4824 (Constantinus)
785 4746 908 4816 jam
942 4745 1151 4809 factus,
1181 4744 1338 4799 nobis
1355 4760 1389 4798 a
1412 4745 1515 4799 Deo
1544 4744 1662 4798 dati
1684 4746 1816 4799 estis
1836 4744 1937 4810 dii,

292 4842 344 4896 et
391 4836 714 4893 conveniens
741 4849 853 4887 non
882 4833 973 4887 81
1011 4837 1107 4900 est,
1161 4840 1221 4887 ut
1241 4833 1397 4888 homo
1415 4831 1626 4903 judicet
1647 4832 1771 4888 deos
1796 4834 1937 4901 (Ru-

295 4943 410 4992 PIN,
445 4925 485 4980 ι.
519 4942 560 4991 1,
590 4940 637 4979 c.
661 4922 740 4994 2).
770 4920 1085 4977 Psalmista
1113 4937 1246 4976 vero
1268 4922 1429 4988 Deus,
1464 4919 1674 4992 inquit,
1707 4923 1856 4977 stetit
1880 4924 1941 4977 in

293 5015 472 5071 medio
501 5013 727 5068 deorum
748 5009 918 5077 (Psal.
959 5026 1147 5074 LXXXI,
1170 5010 1241 5075 1),
1261 5018 1422 5081 atque
1437 5008 1735 5080 aliquanto
1759 5014 1892 5081 post
1923 5028 1934 5066 :

296 5109 406 5176 Ego
451 5103 593 5169 dixi,
643 5100 729 5156 dii
771 5100 899 5154 estis
954 5098 1137 5164 (Ibid,
1185 5100 1243 5165 6)
1285 5116 1297 5162 ;
1349 5103 1407 5153 et
1448 5115 1461 5153 :
1516 5099 1653 5152 Deus
1716 5098 1941 5155 deorum

293 5190 556 5248 Dominus
588 5190 795 5245 locutus
844 5194 921 5244 est
947 5187 1117 5258 (Psat.
1152 5203 1300 5253 xmx,
1329 5187 1417 5254 1);
1471 5185 1708 5258 ipseque
1739 5186 1938 5242 Domi-

293 5296 407 5337 nus
437 5279 509 5335 ad
542 5279 777 5350 Moysen
810 5276 927 5332 ait:
962 5278 1092 5331 Ecce
1135 5275 1400 5331 constitui
1422 5283 1471 5330 te
1501 5274 1663 5330 deum
1692 5275 1937 5332 Pharao-

292 5371 382 5426 nis
412 5367 607 5441 (Exod.
638 5383 739 5429 vn,
774 5366 826 5431 1)
854 5383 866 5433 ;
919 5370 976 5421 et
1010 5382 1023 5420 :
1053 5365 1168 5419 Diis
1198 5380 1263 5419 ne
1291 5363 1547 5418 detrahas
1596 5364 1768 5426 (Exod
1798 5380 1934 5428 xxu,

292 5458 423 5527 28);
454 5458 751 5527 itemque:
787 5454 1065 5526 Applicate
1111 5453 1273 5508 illum
1300 5452 1370 5507 ad
1397 5452 1518 5507 deos
1548 5451 1729 5523 (lbid.,
1762 5454 1837 5518 8).
1873 5454 1941 5507 Et

297 5562 505 5602 rursus
536 5544 597 5599 in
632 5542 882 5599 Psalmo:
911 5544 1022 5614 Qui
1045 5543 1185 5614 facit
1205 5544 1425 5613 angelos
1455 5555 1576 5595 suos
1604 5541 1856 5610 spiritus,
1889 5549 1940 5596 et

295 5635 575 5692 ministros
588 5650 712 5691 suos
722 5635 1005 5705 flammam
1018 5632 1161 5705 ignis
1177 5630 1348 5703 (Psol.
1371 5646 1490 5696 ClIl,
1525 5628 1663 5698 1i),id
1678 5632 1786 5697 est,
1802 5646 1939 5702 prae-

2052 4658 2226 4715 hcndi
2258 4674 2371 4712 non
2406 4660 2614 4728 potest,
2647 4656 2922 4727 quodque
2952 4656 3164 4711 melius
3195 4656 3536 4712 mirandae!
3565 4671 3694 4712 cre—

2049 4748 2257 4814 dendo,
2292 4761 2470 4818 quam
2504 4744 2830 4816 cogitando,
2852 4744 3273 4813 ratiocinando,
3289 4743 3379 4800 vel
3402 4743 3696 4816 loquendo

2049 4832 2484 4910 proferimus,id
2501 4831 3067 4899 est,substautialem
3094 4846 3242 4899 esse,
3266 4831 3474 4899 vivere,
3499 4844 3694 4905 posse,

2048 4942 2251 4996 sapere
2276 4928 2335 4978 et
2364 4919 2707 4992 intelligere,
2757 4937 2991 4993 semper
3022 4922 3178 4977 idem
3212 4932 3467 4977 manens
3488 4918 3700 4976 dividit

2048 5012 2298 5085 singulis
2333 5014 2501 5082 prout
2528 5008 2670 5075 vult,
2706 5010 3001 5081 quomodo
3027 5009 3285 5082 vult,per
3311 5024 3459 5083 quos
3488 5009 3696 5076 νυιιβι

2046 5102 2175 5157 ideo
2225 5099 2476 5155 dicitur:
2525 5099 2643 5153 Non
2700 5102 2779 5152 est
2823 5102 3078 5169 potestas,
3126 5101 3243 5154 nisi
3287 5115 3323 5155 a
3367 5100 3475 5154 Deo
3509 5115 3531 5160 ,ο
3575 5110 3699 5170 qua

2046 5195 2231 5247 autem
2258 5191 2403 5257 sunt,
2437 5205 2471 5243 a
2516 5188 2620 5242 Deo
2650 5186 2923 5243 ordinata
2950 5191 3096 5242 sunt.
3134 5188 3265 5243 Ideo
3296 5188 3425 5260 ejus
3455 5186 3694 5243 ordina-

2046 5279 2203 5335 tione
2246 5282 2335 5334 est
2373 5276 2733 5341 institutum,
2780 5291 2907 5347 quas
2940 5275 3031 5331 cui
3064 5275 3335 5347 potestati
3367 5286 3694 5349 corng‘ruum

2048 5368 2300 5439 praebeat
2347 5364 2742 5438 privilegium,
2793 5380 2921 5435 qua:
2970 5363 3063 5420 cui
3096 5365 3435 5435 praeferatur
3472 5362 3695 5421 “diei

2048 5458 2432 5528 supponatur,
2452 5457 2518 5509 ut
2533 5452 2802 5508 videlicet
2817 5466 2885 5507 ea
2900 5467 3136 5507 summa
3166 5452 3242 5508 sit
3270 5456 3547 5524 potestas,
3566 5466 3703 5524 quas

2052 5548 2281 5609 cuncta,
2311 5545 2510 5615 utpote
2543 5539 2681 5613 quia
2712 5557 2746 5594 a
2776 5556 2838 5596 se
2869 5543 3083 5609 creata,
3116 5540 3408 5609 ditribuit,
3439 5539 3695 5605 ordinat,

2048 5634 2334 5706 gubernat
2364 5635 2421 5688 et
2459 5628 2720 5688 continet
2767 5629 3075 5698 universa;
3110 5645 3238 5687 eam
3268 5628 3699 5704 illasequatnr,
