4054 6190
313 364 450 433 $25

1261 372 1909 450 PRIEIJOQUIURUM
1956 375 2163 441 LIBRI
2210 378 2378 442 SEX.
2411 414 2489 426 -—
2517 379 2661 444 LIB.
2709 379 2815 444 ΙΙΙ.

3614 385 3732 447 226

331 518 461 575 quae
494 505 567 559 ab
598 507 726 578 ipso
757 494 978 564 cmteris
1009 511 1242 583 praelata
1264 511 1530 583 dicendo,
1552 518 1836 584 quantum
1867 512 1978 568 sci-
2007 510 2066 581 Α
2094 513 2267 568 sitam
2300 514 2348 586 (I
2368 515 2493 584 Reg.
2514 532 2567 583 ν,
2594 516 2670 586 2).
2696 514 2921 588 Aspice,
2945 519 3002 571 et
3030 516 3132 575 tibi
3170 518 3424 588 provide,
3447 518 3731 591 prospice,

329 591 469 649 licet
514 595 708 652 tacitis
756 599 1286 670 superccelestibus,
1320 601 1549 656 venitur
1591 602 1661 656 ad
1703 602 1979 669 cwlcstia,

334 699 463 754 quae
494 700 529 739 a
560 685 729 741 nobis
759 693 1041 743 vocantur
1068 688 1459 745 ecclesiastica
1486 708 1498 745 :
1530 694 1883 762 Quwcunque
1910 693 1982 746 li-

331 776 593 842 gaveritis
620 791 784 845 super
805 785 1027 844 imam,
1052 786 1222 852 erunt
1240 779 1408 849 ligata
1437 788 1490 834 et
1520 776 1574 834 in
1602 781 1752 835 caelis
1775 781 1979 852 (Matth.

331 876 448 928 xvi,
482 861 594 932 19).
624 863 747 918 Non
800 865 954 920 enim
1009 866 1175 936 dixit,
1206 848 1613 939 illicitammque
1664 848 1982 941 ligantibus

332 950 499 1005 vobis
529 956 699 1007 erunt
738 953 936 1025 ligata,
971 959 1035 1009 ut
1083 956 1521 1029 subintelligere
1551 957 1653 1014 tibi
1687 959 1844 1030 optio
1880 959 1981 1014 da-

334 1044 513 1105 retur,
538 1039 966 1113 aliquacunque
987 1044 1061 1098 ab
1086 1044 1195 1099 hac
1213 1044 1340 1118 lege
1362 1063 1597 1102 manere
1620 1048 1980 1115 inconcessa;

333 1128 435 1182 sed
467 1145 817 1201 quaecunqtm
847 1131 903 1187 id
954 1139 1062 1199 est,
1094 1137 1283 1188 omnia
1312 1150 1439 1205 quae
1475 1136 1776 1202 ligaverilis
1822 1153 1985 1208 super

333 1225 559 1283 terram,
582 1227 743 1274 erum
774 1220 947 1289 ligata
978 1229 1027 1276 et
1052 1223 1111 1275 in.
1131 1223 1282 1277 m’lo.
1309 1225 1454 1291 (130)
1476 1224 1618 1279 Huic
1642 1230 1832 1281 autem
1857 1243 1983 1298 qua;

332 1307 672 1379 superferri,
705 1324 839 1363 cum
873 1308 951 1362 nil
994 1308 1363 1365 videatur'in
1408 1313 1536 1382 ejus
1582 1314 1987 1385 suppositione

331 1396 578 1463 residui,
604 1413 708 1452 nec
737 1397 960 1469 aliquid
994 1398 1105 1453 nisi
1140 1417 1239 1469 per
1263 1417 1392 1454 eam
1426 1402 1533 1455 rite
1553 1400 1640 1455 vel
1662 1402 1987 1457 Christiane

327 1484 605 1540 videatur
643 1486 795 1557 quod
849 1491 1053 1542 caetera
1105 1487 1410 1560 supposita
1457 1490 1703 1555 ordinet,
1736 1491 1986 1557 institui,

332 1573 595 1629 invenire
618 1574 809 1629 adhuc
831 1592 937 1630 nec
960 1576 1286 1648 cogitando,
1314 1593 1419 1632 nec
1440 1579 1863 1647 ratiocinando,
1886 1597 1989 1637 nec

335 1662 581 1735 legendo
612 1662 924 1720 valuimus.

410 1754 495 1806 10.
525 1752 671 1807 Huic
704 1756 897 1807 tamen
933 1753 981 1807 si
1021 1755 1506 1810 contradictorem
1547 1757 1692 1812 forte
1731 1757 1988 1829 aliquem

335 1842 688 1907 invenimus,
730 1841 985 1912 proferat
1015 1842 1086 1897 de
1117 1843 1330 1898 divinis
1358 1845 1694 1916 Scripturis,
1719 1853 1775 1901 et
1802 1847 1987 1901 credi-
2018 1878 2064 1943 Β

337 1946 499 1995 mus;
528 1933 762 1984 tantum
795 1946 869 1984 ne
901 1929 1182 2001 Spiritum
1217 1936 1487 1987 sanctum
1520 1950 1554 1987 a
1585 1933 1749 1990 Patre
1771 1940 1826 1989 et
1844 1935 1987 1990 Filio

334 2019 766 2092 procedentem,
794 2022 969 2091 atque
1000 2019 1096 2073 ubi
1129 2019 1253 2075 vult
1283 2020 1624 2092 spirantem,
1650 2023 1721 2077 ab
1752 2022 1987 2080 homine

336 2107 463 2163 dari
489 2123 661 2180 posse
693 2107 1033 2176 audiamus;
1066 2109 1221 2179 quod
1262 2126 1366 2164 nec
1408 2110 1611 2182 angelo
1650 2112 1861 2167 dicenti
1894 2130 1986 2169 as-

334 2196 805 2268 sentimur,quin
841 2197 1032 2267 potius
1071 2198 1357 2253 dicentem
1390 2215 1523 2253 cum
1566 2200 1826 2272 apostolo
1850 2219 1988 2257 ana-

334 2285 788 2341 thematizamus
822 2284 1029 2356 (6111.1,
1055 2288 1130 2354 8).
1155 2286 1298 2342 Nam
1333 2291 1389 2342 et
1414 2288 1569 2360 quod
1601 2290 1769 2361 quasi
1811 2292 1990 2347 robur

338 2373 675 2430 invincibile
704 2374 763 2429 in
798 2373 905 2428 hoc
937 2374 1270 2447 opponitur,
1297 2376 1354 2431 id
1387 2390 1476 2432 est
1506 2376 1651 2433 illud
1683 2380 1985 2449 ejusdem:

339 2465 687 2529 Charissimi,
717 2463 923 2518 subditi
976 2472 1136 2519 estote
1191 2468 1343 2519 omni
1394 2467 1655 2524 humanae
1705 2478 1986 2536 creatura},

335 2556 455 2609 sive
511 2555 631 2622 regi
681 2554 843 2623 quasi
893 2553 1230 2624 praarellenti
1261 2555 1309 2623 (I
1335 2556 1573 2620 Petr.1i,
1610 2556 1717 2625 l3),
1770 2558 1990 2629 aliquid

335 2642 555 2697 valeret
592 2640 674 2696 ad
707 2642 761 2695 id
786 2640 1228 2707 instruendum,
1263 2643 1309 2695 si
1345 2643 1636 2699 diceretur
1684 2646 1800 2701 Deo
1848 2664 1989 2718 prte-

338 2731 591 2797 cellenti,
626 2733 728 2786 aut
756 2728 1044 2801 episcopis
1084 2730 1461 2801 prmcelleuti;
1513 2751 1667 2788 nunc
1716 2752 1849 2791 vero
1882 2735 1992 2791 hoc

333 2820 515 2876 tacito
532 2818 978 2890 intelligendum
1003 2818 1371 2874 solummodo
1395 2822 1641 2876 terrenis
1664 2822 1825 2878 illum
1852 2841 1993 2895 prae-

338 2909 573 2976 cellere;
610 2914 666 2964 et
695 2908 823 2962 ideo
866 2912 930 2961 ut
960 2908 1199 2975 justitia
1225 2912 1508 2973 teneatur,
1533 2910 1795 2966 debitum
1817 2912 1897 2983 ei,
1930 2913 1987 2968 id

336 3004 450 3067 est,
478 2998 764 3069 majorem
797 2997 1021 3051 caeteris
1052 2996 1337 3052 creaturis
1367 3000 1633 3065 terrenis,
1660 3017 1764 3055 nec
1794 3006 1989 3058 tamen

334 3088 674 3146 cmlestibus
723 3085 1001 3141 honorem
1050 3086 1455 3156 deferendum;
1489 3089 1586 3143 sed
1635 3094 1691 3145 et
1738 3091 1845 3146 hoc
1874 3110 1989 3147 non

338 3182 579 3253 propter
625 3193 708 3241 se,
737 3175 836 3230 sed
888 3180 1125 3246 propter
1156 3179 1334 3243 Deum
1392 3182 1620 3233 servata
1670 3180 1992 3236 reverentia

336 3242 686 3324 sublimium
720 3242 1097 3335 potestatum.
1127 3242 1341 3334 quibus
1367 3270 1422 3319 et
1454 3266 1581 3337 ipsa
1610 3267 1869 3323 humana
1897 3286 1992 3341 po-
2021 3242 2063 3309 Ο

338 3360 546 3422 testas,
580 3357 636 3408 et
681 3351 874 3407 omnis
924 3351 1256 3423 praecipitur
1303 3353 1501 3408 anima
1550 3355 1671 3409 ﬁeri
1721 3357 1991 3427 subdita;

339 3461 470 3517 quae
501 3459 615 3497 non
649 3444 788 3497 sunt
819 3438 966 3504 alia},
991 3438 1103 3495 nisi
1130 3457 1252 3511 quae
1285 3458 1385 3512 per
1408 3443 1689 3514 Spiritum
1723 3451 1989 3500 sanctum

340 3533 403 3587 in
449 3528 729 3603 apostolis
776 3543 1098 3599 eorumque
1154 3530 1592 3586 successoribus
1646 3537 1991 3602 potestatem

332 3618 665 3693 judicandi,
699 3617 914 3689 ligandi
951 3633 1017 3670 ac
1062 3616 1396 3671 absolvendi
1445 3620 1517 3672 ab
1575 3619 1702 3691 ipsa
1760 3638 1996 3678 summa

339 3711 630 3781 potestate
659 3708 1005 3776 acceperunt
1029 3704 1099 3758 de
1131 3704 1425 3761 omnibus.

1040 3793 1163 3847 TIT.
1204 3796 1300 3846 VI.

416 3889 504 3943 11.
537 3884 777 3941 Talibus
824 3882 1022 3955 igitur,
1057 3898 1089 3936 o
1131 3900 1248 3948 rex,
1298 3883 1470 3937 subdi
1518 3900 1589 3939 ne
1638 3886 1991 3958 dedigneris,

344 3978 487 4051 quia
522 3975 665 4029 velis
713 3971 883 4037 nolis,
934 3972 1094 4042 ipsos
1143 3971 1300 4036 deos,
1337 3971 1496 4042 ipsos
1545 3974 1803 4045 angelos,
1835 3976 1995 4047 ipsos

341 4064 662 4139 principes,
684 4060 1088 4134 ipsosjudices
1109 4059 1373 4114 habebis.
1401 4061 1510 4131 Ipsi
1542 4066 1595 4116 te
1620 4062 1857 4131 solvere,
1883 4065 1996 4137 ipsi

340 4155 541 4211 valent
568 4151 777 4223 ligare;
810 4166 947 4204 nam
969 4152 1030 4202 tu
1065 4165 1241 4220 super
1263 4147 1511 4221 aliquos,
1540 4150 1622 4205 illi
1653 4169 1830 4223 super
1859 4159 1913 4208 te
1943 4158 2000 4209 et

344 4259 527 4317 super
544 4256 766 4295 omnes.
783 4237 989 4293 Excole
1012 4237 1208 4307 itaque
1230 4253 1327 4291 eos
1350 4244 1568 4309 quanta
1588 4245 1753 4310 potes
1770 4258 2000 4298 venera-

340 4326 607 4397 tione,ut
626 4333 683 4384 et
714 4327 794 4382 illi
828 4333 883 4382 te
914 4325 1177 4380 excolant
1197 4325 1485 4398 condigna
1512 4329 1996 4386 remuneratione.

340 4421 494 4476 Vide
515 4435 585 4474 ne
602 4417 860 4489 aliquam
889 4413 995 4470 tibi
1026 4414 1110 4469 eis
1140 4415 1437 4487 contingat
1465 4414 1741 4486 injuniam
1766 4417 1997 4487 inferre,

345 4510 489 4585 quin
523 4507 715 4581 potius
746 4505 817 4560 ab
850 4489 1029 4559 alter‘o
1060 4503 1612 4575 illatam,quantum
1647 4505 2003 4576 pervales,et

2091 619 2205 657 non
2223 602 2606 659 dissimulans
2623 605 2763 676 quid
2785 603 2904 660 illis
2920 605 3227 676 contigerit
3247 607 3517 678 cogitare.
3540 609 3735 679 Ipsam

2090 708 2321 763 quoque
2340 693 2701 764 arcam,quia
2716 694 2901 748 bobus
2914 693 3074 748 calci!
3088 696 3350 751 rentibus
3369 696 3708 751 inclinatam
3721 738 3734 759 ,

2092 780 2223 845 02a,
2244 779 2345 851 qui
2393 781 2814 853 interpretatur
2842 783 3086 837 robus-(us
3118 784 3353 847 Domini,
3394 784 3613 857 erigere
3644 802 3738 841 vo-

2090 868 2218 933 luit,
2244 869 2385 941 quid
2428 869 2706 926 meruerit
2750 872 3040 942 perpende
3073 874 3143 942 (II
3172 874 3295 941 Reg.
3328 876 3436 941 v1);
3469 874 3569 930 88
3601 878 3656 929 et
3687 873 3737 929 si

2092 958 2246 1028 quod
2280 957 2422 1012 forte
2456 958 2802 1029 negligentis
2833 960 3147 1014 decliuium
3182 963 3258 1031 (id
3287 970 3364 1016 est
3395 962 3736 1017 declinatio-

2092 1046 2247 1115 nem]
2278 1047 2405 1099 vitze
2456 1046 2541 1101 eis
2587 1047 2801 1101 videris
2849 1047 3060 1111 inesse,
3083 1049 3231 1111 vide,
3269 1066 3338 1103 ne
3372 1066 3474 1121 per
3525 1054 3583 1105 te
3639 1067 3738 1106 eos

2088 1134 2454 1189 emendando
2484 1134 2626 1189 velis
2657 1134 2935 1203 relevare;
2971 1152 3059 1201 ne,
3085 1138 3223 1191 dum
3254 1139 3529 1194 robustus
3558 1139 3739 1195 videri

2091 1222 2280 1278 ambis
2303 1222 2553 1291 Domini,
2573 1223 2677 1279 fias
2695 1223 2975 1297 jugulum
2999 1225 3258 1281 ferientis
3279 1226 3469 1298 angeli
3484 1229 3736 1299 χΙΡανιιι.

2089 1312 2228 1381 xxi).
2252 1312 2600 1383 Prophetam
2659 1314 2832 1368 etiam
2868 1314 2923 1367 in
2959 1314 3155 1367 Bethel
3212 1316 3652 1383 transmissum,
3685 1324 3742 1373 et

2094 1405 2326 1471 propter
2356 1401 2806 1455 inobedientiam
2841 1419 2873 1455 a
2907 1410 3067 1456 leone
3101 1405 3439 1458 devoratum
3471 1404 3742 1477 conspice

2096 1489 2192 1559 (Ill
2222 1491 2344 1556 Reg.
2376 1506 2499 1551 xui,
2528 1490 2653 1557 24);
2695 1494 2751 1543 et
2781 1495 2989 1560 printer
3039 1506 3277 1545 manum
3328 1492 3479 1564 regis
3514 1492 3739 1548 aridam

2098 1577 2376 1648 (Ibid.,li),
2411 1577 2713 1632 considera
2742 1577 2916 1631 etiam
2960 1578 3018 1632 in
3065 1580 3186 1632 fera
3230 1578 3332 1636 illa
3358 1579 3743 1637 irrationabili

2097 1669 2319 1735 quanta
2336 1665 2706 1719 veneratione
2731 1665 2943 1719 debeas
2977 1670 3035 1719 tu
3071 1666 3371 1723 rationalis
3399 1669 3556 1723 vivos
3584 1684 3745 1724 exco-

2097 1751 2233 1818 lere,
2266 1752 2741 1825 quandoquidem
2776 1751 2875 1807 illa
2905 1769 3007 1806 nec
3040 1754 3271 1809 asinum
3305 1772 3408 1826 pro
3439 1773 3547 1812 sua
3575 1757 3747 1829 culpa

2095 1841 2309 1919 mortui
2342 1859 2484 1897 ausa
2514 1847 2603 1896 est
2637 1858 2919 1914 usurpare
2947 1843 3127 1913 (lbid.,
3150 1845 3263 1915 24).
3298 1845 3744 1918 Quinquagena-

2098 1931 2216 1986 rios
2238 1930 2414 1985 etiam
2438 1931 2586 1985 duos
2604 1930 2787 1985 Eliam
2811 1930 3223 1987 maledicentes
3244 1933 3459 2005 aspice,
3474 1938 3531 1989 et
3549 1935 3745 2007 ignem

2093 2019 2191 2074 iraa
2223 2019 2476 2075 caelestis
2525 2035 2717 2073 verere
2755 2020 2843 2086 (IV
2868 2020 2990 2089 Reg.
3017 2037 3053 2077 ι.
3094 2021 3176 2088 10,
3213 2025 3320 2089 12).
3354 2023 3748 2096 Quadraginta

2096 2126 2327 2181 quoque
2386 2125 2597 2179 pueros
2645 2107 2703 2162 in
2755 2107 2952 2162 Bethel
3014 2108 3198 2165 Eliseo
3246 2110 3557 2167 illudentes
3614 2124 3745 2183 per-

2098 2198 2283 2271 pende
2314 2198 2403 2268 (ιν
2426 2200 2549 2267 Reg.
2584 2214 2645 2263 ιι,
2679 2198 2792 2267 24),
2814 2201 2870 2251 et
2917 2214 2950 2253 a
2996 2198 3349 2255 detractione
3404 2204 3462 2256 et
3511 2199 3745 2257 laesione

2097 2287 2534 2359 prophetarum,
2566 2286 2719 2358 quod
2755 2286 2956 2357 utique
2986 2285 3098 2358 ipsi
3132 2293 3288 2356 sunt,
3318 2288 3603 2362 linguam,
3626 2290 3743 2346 vim

2098 2380 2155 2431 et
2183 2392 2395 2430 manus
2428 2373 2680 2429 contine.
2702 2373 2862 2436 Quod
2887 2374 2934 2428 si
2973 2376 3212 2429 forsitan
3254 2377 3511 2444 ambisti,
3535 2377 3584 2432 si
3606 2396 3746 2449 prm-

2099 2464 2426 2535 sumpsisti,
2459 2462 2507 2518 si
2541 2462 2859 2533 usurpasti,
2894 2467 2958 2515 ut
2988 2464 3112 2531 jam
3153 2464 3417 2534 exempla
3446 2465 3748 2535 proposita

2099 2551 2417 2615 sul'liciant,
2442 2555 2543 2605 aut
2573 2552 2717 2604 forte
2747 2550 2820 2603 ab
2859 2548 2951 2608 his
2982 2550 3200 2604 ascitus
3223 2550 3302 2620 [id
3346 2558 3425 2605 est
3471 2568 3743 2623 provoca-

2098 2641 2238 2711 tus],
2265 2643 2365 2693 aut
2393 2644 2495 2693 tua
2524 2637 2576 2691 vi
2604 2636 2812 2704 elatus,
2839 2640 2900 2691 ut
2922 2637 3007 2692 eis
3038 2642 3093 2693 te
3124 2638 3447 2710 praelatum,
3472 2656 3606 2695 cum
3630 2658 3743 2696 non

2099 2748 2279 2797 esses,
2313 2730 2608 2795 crederes;
2635 2727 2928 2799 siquidem
2961 2744 3065 2783 nec
3104 2728 3278 2784 homo
3325 2735 3436 2786 Deo
3466 2733 3742 2803 praeferri,

2100 2839 2206 2877 nec
2235 2818 2525 2875 terrestris
2569 2816 2784 2872 caalesti
2826 2818 3105 2889 praeponi,
3137 2835 3243 2874 nec
3280 2820 3493 2875 vermis
3541 2821 3745 2894 angelo

2098 2908 2432 2984 principari,
2459 2923 2563 2963 nec
2591 2924 2688 2962 rex
2719 2906 2859 2979 regi,
2886 2907 2983 2962 sed
3017 2909 3617 2980 prmstantiori,debet
3646 2915 3748 2966 aut

2096 3000 2251 3056 valet
2271 2997 2508 3055 omnino
2529 2996 2848 3063 dominari;
2872 2996 3128 3052 sufﬁciat
3156 2998 3257 3054 tibi
3282 2999 3351 3053 ad
3376 2998 3484 3054 hoc
3510 2998 3744 3056 illorum

2099 3095 2334 3164 peccato
2363 3092 2464 3143 tuo
2496 3085 2649 3142 malo
2679 3089 2734 3140 te
2764 3101 2893 3140 esse
2923 3085 3290 3157 perductum.
3314 3088 3583 3160 Attende,
3615 3107 3687 3146 ne
3717 3107 3752 3147 a

2100 3179 2356 3253 pessimo
2387 3176 2591 3246 auriga
2622 3174 2680 3229 in
2711 3175 2878 3246 pejus
2908 3178 3075 3229 actus
3108 3180 3293 3230 tentes
3341 3176 3570 3248 aliquos
3619 3178 3748 3235 illo-
3848 3180 3851 3189 '

2102 3285 2255 3335 rum,
2279 3265 2510 3321 etiamsi
2543 3264 2662 3318 sint
2689 3268 2809 3318 toto
2841 3263 2966 3318 orbi
2999 3262 3272 3331 infantes,
3298 3269 3527 3321 tantum
3550 3265 3748 3323 sintin

2104 3357 2215 3411 ﬁde
2247 3353 2532 3411 catholica
2562 3351 2824 3418 stabiles,
2859 3350 3156 3423 aliquibus
3186 3354 3413 3409 tradere
3443 3353 3751 3426 suppliciis

2104 3461 2263 3499 more
2293 3457 2765 3506 servorum,cum
2788 3439 2980 3511 potius
3009 3439 3119 3511 ipsi
3143 3441 3278 3511 jure
3306 3442 3557 3497 debeant
3585 3443 3750 3515 t’ungi

2104 3534 2497 3588 dominorum.
2530 3529 2691 3583 Scias
2728 3544 2903 3582 usum
2944 3527 3099 3581 hunc
3129 3528 3332 3594 fuisse,
3362 3546 3480 3583 non
3513 3530 3750 3601 quidem

2103 3618 2670 3681 Catholicorum,sed
2707 3616 2941 3670 illorum
2964 3631 3214 3685 quorum
3248 3632 3383 3686 pars
3412 3616 3582 3687 longe
3613 3615 3689 3672 sit
3717 3635 3753 3673 a

2102 3713 2226 3775 tua,
2245 3713 2648 3779 tyrannorum.
2665 3704 2826 3769 Quod
2850 3702 2900 3757 si
2922 3702 3272 3775 negligentia
3290 3720 3475 3775 pravae
3499 3703 3751 3775 alicujus

2104 3812 2305 3853 eorum
2336 3791 2780 3850 consuetudinis
2808 3792 3069 3863 exposcit
3096 3797 3161 3847 ut
3184 3792 3431 3848 debeant
3451 3793 3750 3850 tundendo

2106 3885 2371 3960 produci.
2403 3888 2468 3937 ut
2497 3882 2638 3935 tuba
2681 3880 2917 3935 ductilis
2948 3880 3006 3934 in
3048 3880 3304 3936 Ecclesia
3348 3883 3468 3937 sint
3495 3881 3749 3952 Domini,

2106 3992 2239 4031 cave
2267 3980 2329 4029 tu
2363 3972 2608 4027 malleus
2652 3969 2797 4033 ﬁeri,
2832 3969 2969 4040 quia
3016 3970 3154 4024 dum
3185 3970 3329 4025 tuba
3383 3971 3749 4042 producitur,

2106 4063 2353 4121 malleus
2375 4061 2700 4116 hebetatur.
2723 4058 2867 4114 Nam
2890 4059 2999 4115 etsi
3024 4059 3304 4115 Dominus
3328 4059 3612 4133 propitius
3632 4060 3753 4115 vin-

2107 4156 2262 4211 dicat
2290 4153 2349 4206 in
2371 4166 2573 4206 omnes
2595 4148 2925 4205 affectiones
2955 4165 3178 4216 eorum,
3202 4154 3258 4204 et
3286 4150 3483 4204 visitet
3512 4149 3572 4203 in
3593 4149 3754 4222 virga

2107 4241 2447 4313 iniquitates
2478 4255 2702 4304 eorum,
2727 4240 2783 4292 et
2819 4236 2878 4290 in
2907 4238 3246 4292 verberibus
3284 4241 3520 4308 peccata
3548 4253 3752 4292 eorum

2109 4333 2219 4405 (Ps.
2265 4343 2529 4394 LXXXVIII,
2569 4326 2659 4392 33)
2692 4324 2809 4379 noli
2854 4328 2915 4380 tu
2965 4325 3128 4397 virga
3155 4324 3300 4379 ﬁeri.
3334 4323 3483 4378 Audi
3530 4324 3753 4377 dictum
3802 4388 3813 4399 δ

2109 4436 2272 4476 esse:
2303 4419 2410 4486 Qui
2433 4416 2613 4487 parcit
2660 4416 2851 4484 virgae,
2892 4413 3008 4469 odit
3048 4414 3232 4484 filium
3270 4412 3452 4484 (Prov.
3482 4428 3605 4477 xm,
3637 4412 3751 4483 24).

2109 4509 2276 4564 Time
2306 4505 2504 4578 igitur,
2530 4519 2604 4558 ne
2635 4504 2777 4557 dum
2825 4501 3064 4556 cuilibet
3092 4515 3293 4555 eorum
3342 4498 3603 4570 parcitur
3652 4515 3757 4571 per

344 4600 496 4655 ratio
528 4597 726 4661 dictat,
759 4593 1053 4649 vindicare
1083 4592 1271 4646 stude.
1294 4591 1423 4645 Noli
1469 4592 1731 4663 quolibet
1770 4595 1999 4664 negotio
2029 4606 2075 4669 Ῐ)
2104 4601 2160 4651 te
2192 4591 2651 4664 castigato,quia
2678 4588 2907 4655 dilecto,
2933 4588 3037 4642 tibi
3061 4604 3175 4642 non
3200 4592 3471 4658 parcatur
3488 4587 3756 4659 disrupta

345 4687 633 4761 Spiritum
654 4682 1059 4752 sanctum,qui
1092 4681 1151 4734 in
1178 4680 1263 4734 eis
1289 4683 1397 4737 est.
1422 4681 1765 4736 contristare
1786 4684 1999 4752 (Ep/tes.

344 4794 426 4840 ινιτ,
447 4776 564 4843 30),
586 4789 659 4828 ne
688 4789 803 4828 non
839 4770 939 4825 tibi
972 4768 1259 4841 expediat.
1279 4767 1440 4835 Vide,
1466 4767 1673 4834 recole,
1698 4769 1746 4823 si
1778 4769 2000 4843 legisti;

346 4862 438 4920 vel
467 4864 514 4919 si
548 4877 687 4928 non,
714 4860 838 4932 lege
870 4858 930 4912 in
961 4858 1108 4912 libro
1132 4856 1548 4928 Genesis,quid
1582 4856 1868 4914 Dominus
1900 4876 2003 4931 pro

348 4953 437 5009 eis
485 4952 595 5006 sub
647 4964 895 5021 persona
937 4946 1180 5001 Abrahae
1230 4948 1288 5001 et
1335 4945 1489 5000 Sarae
1520 4945 1671 5014 (Gen.
1706 4964 1797 5013 xx,
1846 4949 1924 5019 3),
1949 4952 2006 5003 et

350 5056 561 5097 rursus
590 5039 751 5094 Isaac
807 5041 867 5091 et
923 5036 1190 5090 Rebeccae
1221 5035 1380 5101 (Gen.
1403 5051 1553 5100 xxv1,
1589 5036 1697 5103 11),
1750 5035 2007 5108 itemque

350 5130 532 5185 Jacob
562 5127 761 5183 Laban
793 5124 1073 5198 fugientis
1106 5124 1256 5192 (Gen.
1280 5140 1432 5188 xxx1,
1460 5124 1571 5191 29),
1596 5123 1819 5181 dederit
1844 5142 2005 5181 com-

356 5216 733 5282 minationis;
784 5219 842 5271 et
890 5228 1125 5270 assume
1152 5211 1211 5266 in
1244 5210 1531 5267 cautelam
1586 5216 1698 5267 tuae
1758 5212 2004 5269 actionis

354 5323 553 5363 arcam
585 5305 761 5361 etiam
796 5304 1176 5368 Testamenti,
1209 5317 1337 5373 qua
1381 5299 1511 5356 illos
1551 5300 1840 5372 signiﬁcat
1879 5319 2002 5375 my-

353 5396 610 5464 stice,ab
632 5392 954 5466 All0phylis
975 5396 1227 5463 captam,
1253 5394 1309 5444 et
1336 5388 1395 5442 in
1428 5388 1646 5461 templo
1671 5390 1867 5462 Dagon
1902 5408 2002 5463 po-

425 5519 573 5591 (130)
606 5517 919 5591 Hicglocus
967 5515 1049 5591 sic
1101 5513 1775 5591 construenduszAdjmc
1806 5524 2002 5591 autem

348 5585 453 5650 nec
476 5585 786 5661 cogitando,
811 5605 911 5645 nec
939 5585 1333 5661 ratiocinando,
1364 5601 1462 5661 nec
1483 5585 1707 5661 legendo
1726 5587 2002 5661 valuimus

345 5656 600 5729 invoniie
628 5661 767 5733 ulla,
817 5674 942 5736 quae
990 5659 1202 5734 possint
1250 5659 1551 5734 superferri
1597 5656 1727 5722 huic
1756 5659 2003 5732 (scilicet

2114 4682 2252 4754 quia
2277 4681 2580 4751 despecto;
2603 4682 2659 4732 et
2687 4678 2827 4731 dum
2860 4676 2954 4731 ille
2988 4692 3090 4747 per
3117 4675 3758 4748 emendationem,quia

2112 4771 2380 4834 dilectus,
2415 4766 2640 4839 proiicit
2677 4765 2749 4821 ad
2800 4764 3215 4831 hazreditatem,
3239 4764 3380 4836 quia
3426 4763 3755 4837 despectus,

2111 4866 2175 4916 tu
2203 4857 2440 4913 delicias
2488 4872 2589 4928 per
2625 4854 2984 4926 impietatem
3016 4855 3085 4909 ad
3119 4853 3525 4925 perditionem.
3559 4853 3758 4926 Scopis

2113 4949 2270 5005 enim
2301 4949 2612 5001 verruntur
2640 4943 2873 5016 palatia,
2900 4944 3000 4999 sed
3032 4944 3169 5015 ipsa:
3193 4941 3334 4999 focis
3366 4943 3575 4998 attritis
3598 4942 3760 4998 adhi-

2115 5039 2254 5094 bent
2298 5036 2575 5091 fomenta.
2602 5036 2825 5088 Aurum
2883 5033 3055 5087 etiam
3115 5033 3249 5106 igne
3306 5036 3608 5104 purgatur,
3640 5048 3757 5087 non

2115 5124 2511 5190 consumitur;
2547 5122 2706 5195 ligna
2733 5137 2889 5189 vero,
2925 5122 3139 5194 quibus
3188 5121 3342 5194 ignis
3388 5122 3665 5187 nutritur,
3696 5121 3757 5177 in

2114 5213 2341 5271 favillas
2372 5211 2734 5284 rediguntur.

2183 5304 2271 5359 l2.
2305 5303 2416 5359 Sed
2467 5300 2856 5372 ﬂagellantur,
2888 5299 2993 5365 ais,
3027 5298 3151 5355 ﬁilii
3200 5299 3418 5373 optime
3464 5298 3759 5373 placentes

2114 5391 2292 5463 (Hebr.
2325 5407 2424 5458 xu,
2455 5390 2541 5458 6);
2575 5388 2714 5460 quid
2748 5388 2961 5443 mirum
2997 5388 3047 5443 si
3082 5387 3455 5462 ﬂagellantur
3483 5389 3632 5445 servi
3662 5405 3759 5445 ne-

2108 5518 2417 5601 potestati);
2444 5531 2567 5601 eum
2613 5515 2697 5568 nil
2718 5512 3220 5601 .residai‘yidegtur
3265 5515 3759 5601 iri-suppositione

2112 5586 2247 5663 eius,
2275 5603 2374 5663 nec
2396 5586 2796 5663 videaturrite,
2820 5587 2903 5663 vel
2921 5586 3230 5663 Christiane
3252 5586 3490 5645 instituti
3513 5601 3616 5663 per
3633 5600 3756 5648 eam
3862 5603 3869 5606 '

2109 5657 2340 5741 aliquid,
2374 5657 2515 5736 quod
2538 5657 2750 5720 ordinet
2775 5661 2975 5717 cetera
3000 5658 3300 5737 supposita.
