3988 6180
414 347 529 410 227

1334 396 1349 405 .
1384 344 1759 410 BATHERII
1803 344 2047 407 EPISC.
2094 338 2385 407 VERON.
2433 339 2606 405 OPP.
2649 340 2851 404 PARS
2897 341 2944 403 Ι.

3705 337 3820 403 228

409 479 733 555 gligentes?
761 481 853 547 At,
906 479 1175 552 inquam,
1220 478 1354 534 licet
1385 452 1504 535 sint
1533 478 1915 552 negligentes,
1949 492 2063 532 non
2096 476 2152 543 Α
2185 475 2377 547 (Exod.
2421 490 2559 543 χχιι,
2607 475 2720 546 28).
2745 476 2825 530 Ne
2854 490 2990 547 ergo
3038 489 3278 530 excuses
3308 477 3364 530 te
3410 473 3689 531 nescisse.
3720 473 3828 533 Eos

408 574 546 626 sunt
576 572 776 625 tamen
808 568 879 624 de
910 568 1247 624 conditione
1294 567 1394 624 illa
1443 567 1657 637 servili,
1692 567 1793 640 qui
1841 564 2063 640 passim

405 659 652 714 debeant
683 675 719 713 a
759 657 964 730 quovis
1009 656 1310 730 ﬂagellari.
1344 657 1640 717 Audenter
1670 657 1909 729 quidem
1955 654 2062 709 tibi

406 747 509 803 84
537 746 680 819 quid
712 746 831 802 sint
877 750 934 801 et
976 744 1146 817 quasi
1194 745 1512 801 insolenter
1540 744 1956 808 enumerando,
1989 758 2061 798 ne

403 852 522 892 non
562 834 715 891 scias
763 839 821 891 et
851 834 997 907 (131)
1029 834 1312 900 offendas,
1344 835 1678 907 pronuntio,
1713 834 1811 889 sed
1862 836 2060 888 tamen

402 928 566 981 tanto
614 923 877 989 liberius,
910 926 1130 994 quanto
1180 940 1293 978 non
1327 940 1394 978 ex
1437 939 1551 989 me,
1586 923 1687 979 sed
1736 939 1804 978 ex
1845 919 2062 975 divinis

404 1013 703 1085 proferens
725 1012 1191 1068 auctoritatibus.
1212 1010 1559 1067 Miraculnm
1584 1016 1801 1075 autem,
1828 1010 1877 1065 si
1899 1012 2062 1064 tanta

404 1106 461 1157 et
490 1106 610 1157 tam
659 1100 1001 1167 ineffabilia,
1032 1105 1089 1155 et
1118 1100 1295 1156 etiam
1353 1100 1488 1171 ipsi,
1523 1099 1623 1171 qui
1684 1097 1776 1153 his
1822 1097 2055 1164 fruitur,

403 1189 1037 1262 incomprehensibilia,
1069 1189 1141 1244 ab
1190 1187 1428 1244 homine
1478 1190 1726 1260 possunt
1773 1185 2055 1242 conferri!

402 1279 551 1344 Quid
583 1284 736 1335 Deus
782 1279 980 1348 distat,
995 1277 1083 1334 vel
1115 1277 1256 1348 quid
1307 1294 1457 1349 opus
1491 1279 1549 1347 [/2
1585 1275 1801 1348 ipsum]
1830 1275 1953 1347 ipse
1984 1274 2063 1331 sit

380 1367 614 1439 'rogari,
640 1367 689 1422 si
724 1370 887 1421 tanta
920 1365 1110 1438 pulvis
1139 1364 1293 1421 valet
1320 1364 1567 1438 largiri?
1587 1364 1749 1430 Quod
1785 1362 2057 1436 cogitare,

406 1454 547 1526 quid
579 1458 668 1511 est
696 1454 855 1510 aliud
890 1471 1066 1526 quam
1113 1455 1172 1509 in
1210 1452 1424 1509 coelum
1454 1452 1599 1509 velle
1630 1450 2062 1508 conscendere?

404 1544 557 1615 (Isai.
590 1561 703 1610 xxv,
731 1543 842 1612 13).
867 1543 1027 1607 Quod
1072 1543 1284 1609 dicere,
1325 1542 1465 1614 quid
1514 1540 1629 1598 nisi
1678 1557 1855 1614 super
1901 1545 2062 1596 astra

405 1632 531 1687 σα)Ιί
558 1632 764 1703 (Ibid.),
800 1631 956 1703 quod
1013 1630 1217 1703 utique
1272 1630 1552 1703 episcopi,
1587 1630 1637 1685 si
1668 1634 1861 1686 tamen
1921 1632 2063 1685 sunt

402 1721 557 1793 quod
588 1720 888 1788 dicuntur,
929 1719 1181 1776 exaltare
1223 1728 1310 1776 est
1360 1718 1613 1774 solium?
1643 1717 1788 1782 Quid
1836 1716 2054 1783 conari,

399 1809 514 1864 nisi
535 1809 850 1903 ascendere
873 1825 1050 1903 super
1068 1808 1440 1903 altitudinem
1464 1807 1710 1903 nubium
1735 1806 1917 1876 (Ibid,
1944 1807 2054 1878 14),
2086 1837 2135 1903 Β

399 1898 555 1968 quod
596 1896 881 1969 propheta
928 1898 1212 1952 referente
1259 1896 1426 1952 testis
1475 1900 1564 1951 est
1592 1895 1746 1951 Deus
1775 1912 1875 1952 eos
1903 1911 2052 1963 esse,

401 1985 603 2042 dicens
629 2003 642 2041 :
665 1986 930 2042 Mandabo
971 1985 1209 2041 nubibus
1253 1987 1406 2051 meis,
1440 2001 1509 2040 ne
1551 1988 1749 2056 ptuant
1776 2001 1939 2056 super
1966 2000 2054 2041 eos

400 2075 630 2131 imbrem
662 2076 812 2144 (Isai.
836 2092 888 2141 v,
913 2074 989 2142 6),
1024 2078 1081 2128 et
1130 2073 1257 2128 ideo
1305 2089 1367 2129 se
1416 2073 1671 2128 similem
1717 2073 2005 2129 aestimare
2026 2073 2054 2128 ‘I

399 2162 487 2218 Dii
514 2167 671 2230 sunt,
697 2163 921 2219 Domini
946 2167 1102 2229 sunt,
1118 2161 1330 2217 Christi
1356 2166 1516 2227 sunt,
1532 2159 1659 2218 coeli
1679 2164 1838 2227 sunt,
1862 2161 2053 2234 angeli

399 2257 559 2315 sunt,
581 2251 924 2324 patriarcha:
948 2255 1106 2317 sunt,
1128 2251 1423 2323 prephetae
1445 2256 1602 2322 sunt,
1623 2250 1866 2323 apostoli
1893 2255 2051 2317 sunt,

401 2338 769 2412 evangelista
801 2343 959 2407 sunt,
981 2342 1265 2411 martyres
1311 2344 1451 2395 sunt
1496 2340 1667 2411 (132),
1699 2339 1860 2395 uncti
1891 2344 2051 2407 sunt,

398 2445 563 2501 reges
602 2431 762 2495 sunt,
798 2428 1092 2500 principes
1133 2426 1292 2496 sunt,
1319 2428 1552 2499 judices
1583 2433 1742 2494 sunt,
1775 2444 1890 2483 non
1924 2431 2052 2484 tan-

394 2521 522 2572 tum
548 2517 880 2583 hominum,
906 2518 1006 2573 sed
1030 2522 1086 2572 et
1105 2515 1480 2589 angelorum;
1505 2518 1714 2573 arietes
1735 2518 1926 2591 gregis
1947 2517 2055 2575 Do.

395 2605 542 2661 mini
572 2610 729 2673 sunt,
755 2609 1019 2679 pastores
1045 2606 1262 2665 ovium.
1286 2623 1398 2662 non
1422 2623 1932 2678 quarumcunque,
1949 2608 2051 2663 sed

396 2694 612 2750 Christi
638 2695 921 2767 sanguine
945 2694 1218 2760 letarum,
1246 2699 1417 2764 sunt;
1443 2695 1713 2751 doctores
1733 2700 1889 2761 sunt,
1915 2712 2055 2767 prie-

394 2799 573 2840 cenes
602 2782 830 2838 venturi
866 2782 1087 2852 judicis
1136 2787 1293 2849 sunt,
1327 2782 1721 2855 speculatores
1752 2788 1909 2850 sunt,
1942 2801 2048 2855 pu-

396 2871 538 2944 pilla
568 2870 721 2926 oculi
769 2871 998 2926 Domini
1052 2875 1209 2938 sunt,
1246 2871 1419 2927 amici
1454 2871 1554 2926 Dei
1584 2871 1830 2927 viventis
1890 2876 2049 2944 sunt,

397 2960 502 3016 lilii
536 2959 636 3014 Dei
688 2963 846 3027 sunt,
882 2964 1075 3031 patres
1120 2963 1278 3031 sunt,
1307 2958 1622 3016 luminaria
1652 2960 1855 3015 mundi
1888 2964 2047 3030 sunt,

395 3047 575 3104 stellae
618 3046 744 3103 cceli
793 3052 954 3114 sunt,
987 3047 1269 3104 columnae
1317 3047 1585 3104 Ecclesiae
1629 3053 1787 3116 sunt,
1837 3049 2049 3106 medici

395 3137 726 3194 animarum
758 3141 916 3204 sunt,
941 3136 1223 3209 janitores
1252 3137 1509 3210 paradisi
1530 3143 1689 3204 sunt,
1709 3138 1899 3194 claves
1920 3137 2044 3195 coeli

2176 568 2372 620 autem
2403 563 2567 636 ipsos
2595 564 2933 620 confortans
2973 566 3033 618 et
3068 562 3359 630 animans,
3394 567 3454 619 et
3480 579 3556 618 ne
3583 563 3831 621 timeant

2173 653 2478 720 roborans,
2502 654 2704 721 Nolite,
2734 653 2946 726 inquit,
2994 654 3205 718 timere,
3235 652 3329 707 sed
3381 652 3656 722 conﬁdite,
3700 655 3831 726 quia

2173 757 2267 811 ego
2311 744 2421 797 vici
2468 740 2736 797 mundum
2765 742 2942 814 (Joan.
2974 758 3091 803 xw.
3119 741 3232 811 33).
3265 740 3403 813 Ego,
3436 740 3656 813 inquit,
3699 757 3827 814 ego.

2174 828 2289 903 Ego
2320 831 2474 887 Deus
2503 834 2711 898 vester,
2728 847 2833 903 ego
2863 835 3029 902 pater
3053 834 3262 896 vester,
3285 845 3391 902 ego
3420 830 3598 886 frater
3618 835 3829 899 vester,

2171 936 2276 993 ego
2306 924 2482 992 caput
2510 923 2788 988 vestrum,
2813 934 2919 993 ego
2950 914 3076 991 ipse
3106 935 3209 990 per
3237 918 3707 991 naturam,quod
3730 935 3832 974 vos

2172 1024 2275 1081 per
2305 1008 2705 1081 ofﬁcium,ego
2738 1009 3029 1081 particeps
3058 1006 3259 1077 vestri,
3278 1024 3385 1080 ego
3410 1006 3702 1076 Christus,
3727 1021 3834 1080 ego

2173 1102 2406 1165 unctus,
2430 1114 2536 1170 ego
2558 1101 2776 1169 pastor,
2795 1112 2900 1169 ego
2924 1096 3216 1161 sacerdos,
3239 1112 3344 1169 ego
3366 1096 3699 1169 episcopus,
3728 1112 3834 1169 ego

2170 1185 2427 1258 pontifex
2457 1202 2751 1252 summus,
2776 1202 2880 1258 ego
2929 1186 3046 1241 Rex
3088 1200 3445 1258 regum,ego
3492 1184 3601 1239 vici
3653 1201 3833 1241 mun-
3924 1223 3936 1244 .

2170 1276 2333 1330 dum.
2357 1276 2538 1340 Quem
2571 1274 2669 1332 85
2698 1275 2940 1342 timetis,
2974 1274 3164 1329 victus
3190 1279 3305 1342 est;
3340 1289 3513 1346 quem
3544 1274 3831 1331 formida-

2168 1364 2266 1430 tis,
2297 1366 2405 1419 sub
2437 1364 2686 1436 pedibus
2718 1363 2925 1419 vestris
2959 1363 3137 1434 jacet.
3170 1363 3241 1417 Et
3270 1366 3333 1417 ut
3363 1362 3674 1435 approbes,
3696 1361 3832 1421 leva

2169 1451 2415 1524 quilibet
2446 1457 2716 1509 metuens
2769 1452 2844 1519 [id
2891 1460 2972 1508 est
3012 1451 3349 1523 quicunque
3394 1466 3457 1508 es
3505 1451 3830 1523 metuens),

2168 1544 2224 1595 et
2257 1540 2400 1597 forte
2429 1540 2490 1596 in
2537 1558 2764 1597 carcere
2795 1541 2942 1613 (183)
2974 1540 3083 1595 sub
3114 1538 3363 1595 vinculis
3411 1555 3675 1615 gemens,
3705 1539 3840 1596 leva

2169 1645 2433 1694 manum,
2480 1630 2636 1702 erige
2685 1630 2942 1703 signum,
2988 1633 3271 1701 tropaeum
3322 1644 3509 1697 exere,
3548 1627 3835 1685 vexillum

2166 1717 2527 1789 demonstra,
2572 1717 2841 1774 labarum
2890 1718 3142 1791 porrige.
3175 1717 3436 1785 Videbis,
3469 1717 3568 1775 ille
3616 1718 3832 1785 fastus,

2168 1804 2268 1861 illa
2299 1804 2568 1872 altitudo,
2602 1805 2704 1862 illa
2744 1806 3038 1879 superbia,
3072 1805 3174 1861 illa
3212 1810 3405 1863 torosa
3433 1806 3645 1876 cervix,
3677 1806 3834 1863 illud

2165 1893 2420 1949 filiarum
2450 1894 2764 1968 Babylonis
2789 1894 3005 1951 collum
3034 1899 3316 1963 erectum,
3349 1894 3449 1951 illa
3474 1896 3657 1953 turris
3677 1896 3837 1952 Sen-

2164 2000 2327 2051 naar,
2359 1984 2575 2040 moenia
2603 1984 2858 2053 Jericho,
2895 1984 3047 2040 muri
3078 1983 3523 2058 Cariathsepher
3552 1984 3836 2042 firmissi-

2165 2072 2245 2126 mi
2276 2072 2419 2144 quid
2450 2077 2642 2145 agent,
2679 2073 2821 2145 quid
2846 2074 3238 2145 conabuntur,
3263 2075 3556 2146 quomodo
3586 2074 3828 2143 cedent,

2163 2159 2600 2232 supplicabunt,
2653 2163 2966 2231 nutabant,
3021 2168 3313 2230 corruent,
3364 2162 3832 2231 confundentur,

2164 2249 2487 2321 acclinique
2508 2255 2565 2304 et
2583 2250 2835 2306 humiles
2853 2254 3049 2306 mente
3066 2251 3429 2323 despectum,
3445 2250 3829 2321 injuriatum,

2161 2336 2537 2409 vilipensum,
2570 2344 2954 2411 carceratum,
3002 2338 3273 2412 ligatum,
3305 2340 3555 2407 nudum,
3588 2339 3830 2396 fameli-

2164 2441 2319 2493 cum,
2359 2426 2751 2498 sitibundum,
2801 2427 3290 2501 miseriarumque
3336 2427 3602 2484 omnium
3650 2430 3830 2502 cepia

2163 2514 2609 2571 refertissimum
2641 2516 2987 2572 adorabunt.
3012 2516 3128 2572 Vos
3153 2516 3309 2572 enim
3331 2512 3508 2573 testes
3538 2515 3650 2572 mei
3676 2517 3829 2574 estis

2162 2602 2313 2674 (Luc.
2345 2621 2496 2671 xxiv,
2522 2605 2633 2673 48),
2656 2608 2713 2659 et
2740 2605 2838 2676 qui
2897 2622 2999 2660 vos
3057 2604 3299 2676 spernit,
3331 2620 3424 2661 me
3480 2605 3737 2678 spernit,
3768 2609 3831 2663 et

2163 2693 2261 2764 qui
2296 2710 2396 2748 vos
2427 2693 2808 2761 constritavit,
2842 2709 2936 2749 me
2967 2693 3331 2750 contristavit
3357 2696 3510 2764 (Luc.
3537 2712 3597 2762 x,
3629 2697 3743 2764 t6),
3767 2701 3829 2752 et

2161 2781 2260 2853 qui
2294 2781 2431 2838 facit
2461 2782 2759 2853 injuriam,
2792 2783 2999 2855 recipit
3030 2784 3183 2856 quod
3214 2783 3415 2855 inique
3444 2784 3563 2856 egit
3587 2783 3826 2853 (Coloss.

2158 2886 2243 2936 ιιι,
2266 2871 2380 2941 25),
2402 2875 2459 2925 et
2488 2870 2587 2943 qui
2619 2871 2807 2944 tangit
2836 2888 2959 2941 vos,
2983 2871 3153 2945 quasi
3175 2872 3274 2944 qui
3306 2871 3495 2946 tangit
3526 2872 3825 2945 pupillam

2158 2958 2309 3014 oculi
2342 2961 2454 3015 mei
2487 2960 2669 3031 (Zach.
2694 2976 2755 3028 II,
2789 2959 2867 3031 8.)

2845 3049 2969 3104 Trr.
3001 3049 3123 3105 VII.

2226 3137 2314 3193 Μ.
2345 3137 2453 3193 Sed
2487 3137 2624 3193 tacti
2664 3154 2893 3205 sumus,
2928 3136 3055 3194 elisi
3100 3155 3331 3207 sumus,
3366 3138 3546 3211 spreti
3577 3156 3821 3210 sumus,

272 3229 281 3232 ’
388 3230 648 3298 portant,
672 3242 930 3282 reserare
968 3231 1024 3282 et
1053 3227 1324 3282 claudere
1354 3225 1562 3282 coelum
1606 3226 1822 3294 valent,
1856 3228 2044 3285 nubes
2074 3199 2118 3269 α
2154 3224 2395 3298 ἱωμιὶεὶ
2443 3243 2670 3293 sumus,
2704 3227 2916 3283 versati
2948 3244 3176 3295 sumus,
3211 3227 3437 3295 cecidit,
3471 3243 3600 3300 qua;
3632 3245 3826 3302 super

389 3314 601 3389 [supple
637 3320 791 3383 sunt]
845 3331 993 3387 quas
1022 3315 1309 3370 Dominus
1358 3331 1667 3372 ascensum
1717 3332 1891 3371 suum
1941 3333 2041 3388 po-

388 3404 530 3474 suit,
564 3403 755 3471 bases,
778 3421 955 3476 super
991 3420 1138 3476 quas
1168 3407 1289 3459 tota
1337 3404 1486 3476 iacet
1514 3408 1812 3460 structura
1838 3405 2043 3479 templi

388 3493 512 3558 Dei,
538 3492 645 3559 Qui
675 3509 811 3566 ergo
843 3491 1100 3565 aliquem
1131 3492 1363 3559 horum,
1392 3497 1453 3548 ut
1476 3491 1714 3549 omissis
1746 3494 2043 3551 brevitatis

388 3582 585 3639 studio
634 3582 878 3650 caeteris,
921 3581 1129 3637 saltem
1178 3582 1249 3637 de
1298 3582 1411 3637 isto
1458 3582 1891 3653 ratiocinemur,
1925 3601 2042 3641 uno

382 3670 643 3744 impulsu
675 3675 871 3728 movet
898 3670 1119 3743 aliquo,
1144 3671 1307 3743 quid,
1350 3688 1514 3743 rogo,
1555 3672 1627 3727 de
1672 3673 2041 3745 superposito

392 3761 512 3832 agit
541 3759 827 3815 aedificio?
849 3760 1017 3831 (Psal.
1051 3777 1169 3827 cur,
1202 3760 1279 3832 3.)

454 3850 541 3904 13.
578 3849 802 3905 Clamat
858 3865 962 3919 pro
1005 3848 1091 3904 eis
1137 3849 1443 3920 Dominus,
1477 3849 1737 3905 minatur
1793 3868 1895 3923 pro
1954 3852 2038 3909 eis

381 3936 931 4008 Dominus,pugnat
957 3952 1060 4008 pro
1081 3936 1434 3997 eis.etiamsi
1459 3938 1706 4005 nescias,
1732 3938 2035 3997 Dominus.

381 4024 629 4090 Clamat,
655 4024 919 4096 inquam,
944 4024 1180 4089 clamat,
1204 4041 1320 4079 non
1344 4025 1701 4092 dissimulat,
1724 4043 1840 4082 non
1862 4031 2036 4095 tacet,

383 4129 457 4168 ne
486 4117 550 4167 tu
584 4112 847 4168 fersitam
884 4113 1075 4168 dicere
1108 4112 1298 4185 possis
1332 4131 1344 4168 :
1384 4113 1511 4169 Non
1541 4115 1705 4182 novi;
1737 4114 1951 4172 clamat
1979 4122 2038 4175 ct

385 4201 530 4257 dicit
562 4219 574 4257 :
606 4202 785 4258 Nolite
830 4209 1053 4271 tangere
1097 4204 1330 4258 christos
1376 4219 1519 4259 meos
1565 4205 1735 4274 (Psal.
1777 4222 1887 4265 CIV.
1922 4208 2031 4280 15).

378 4291 449 4346 Et
479 4290 588 4345 hoc
620 4290 747 4357 tibi,
780 4295 847 4346 ut
878 4290 1051 4353 scias,
1088 4294 1151 4347 ut
1199 4307 1423 4355 caveas,
1457 4297 1523 4347 ut
1551 4291 1880 4365 resipisces,
1916 4296 2033 4353 imo

380 4396 451 4435 ne
473 4396 647 4453 agere
670 4383 875 4449 tentes,
896 4396 967 4435 ne
989 4396 1333 4452 praesumus,
1357 4396 1430 4435 ne
1453 4380 1689 4450 audeas,
1711 4399 1783 4439 ne
1803 4387 2030 4457 tangas,

379 4484 584 4523 verum
617 4484 722 4524 nec
753 4467 1427 4525 detrahas.Vociferatur
1444 4468 1621 4538 enim,
1646 4475 1702 4527 et
1731 4471 1839 4528 hoc
1872 4472 2033 4529 into-

2153 3330 2260 3369 nos
2315 3314 2619 3370 videbatur
2668 3319 2844 3383 stare,
2904 3320 3228 3385 structura;
3275 3315 3633 3388 possederunt
3685 3334 3816 3389 nos,

2151 3403 2396 3471 Domine,
2429 3403 2628 3475 absque
2657 3412 2707 3460 te
2736 3405 2870 3474 (Isai
2898 3421 3048 3471 xxv1,
3085 3405 3193 3471 13).
3226 3406 3363 3476 facti
3386 3392 3576 3461 sumus
3605 3422 3823 3477 oppro-

2154 3492 2338 3547 brium
2366 3493 2561 3548 vicinis
2603 3495 2828 3561 nostris,
2859 3494 3217 3549 subsannatio
3243 3501 3294 3550 et
3323 3494 3514 3550 illusio
3565 3493 3651 3549 his
3709 3498 3823 3567 qui

2150 3590 2281 3636 sunt
2309 3583 2369 3637 in
2396 3583 2632 3638 circuitu
2658 3590 2842 3639 nostro
2872 3583 3043 3654 (Psal.
3079 3599 3308 3651 LXXVIII,
3341 3584 3418 3653 4),
3443 3581 3818 3655 exemplum,

2151 3669 2573 3741 spectaculum,
2608 3671 2824 3740 fabula,
2858 3676 2916 3727 et
2952 3672 3246 3728 canticum
3290 3688 3492 3727 eorum
3539 3676 3663 3728 tota
3710 3674 3817 3731 die

2151 3758 2366 3830 (Thren.
2402 3760 2941 3832 III,14).Intelligite,
2985 3759 3196 3832 inquit,
3229 3761 3547 3833 insipientes
3593 3762 3657 3817 in
3700 3778 3816 3834 po-

2144 3849 2296 3919 pulo,
2328 3853 2381 3904 et
2409 3849 2568 3904 stulti
2596 3849 2892 3921 aliquando
2917 3851 3121 3920 sapite,-
3151 3852 3249 3922 qui
3289 3850 3566 3921 plantavit
3610 3867 3814 3908 aurem

2146 3954 2259 3992 non
2303 3937 2505 4006 audiet,
2556 3946 2607 3993 et
2657 3940 2756 4009 qui
2807 3938 2973 4009 ﬁnxit
3023 3940 3243 3995 oculum
3296 3956 3403 3995 non
3452 3940 3761 3997 considerat
3783 3946 3813 3996 Ρ

2147 4026 2316 4097 (Psal.
2349 4043 2506 4091 xcm,
2538 4028 2614 4093 8.)
2638 4025 2786 4090 Quid
2824 4034 3009 4082 autem
3053 4029 3344 4083 miramini
3368 4029 3419 4082 si
3443 4027 3683 4083 mundus
3711 4045 3812 4086 vos

2145 4113 2379 4186 odit,qui
2396 4119 2448 4170 et
2466 4132 2553 4170 me
2568 4116 2807 4187 priorem
2828 4117 2976 4172 vobis
2996 4116 3122 4172 odio
3139 4116 3668 4185 habuit?(Joan.xv,
3686 4118 3810 4190 18.)

2145 4202 2288 4257 Nam
2314 4203 2496 4275 (Ibid,
2523 4204 2634 4275 19))
2656 4203 2722 4260 de
2742 4205 2945 4260 mundo
2968 4205 3236 4275 fuissetis,
3256 4206 3443 4276 utique
3463 4206 3606 4278 quod
3632 4223 3808 4263 suum

2142 4300 2261 4348 erat
2277 4292 2597 4363 diligerelis.
2613 4292 2761 4357 Quid
2786 4292 3106 4349 amicitiam
3131 4292 3353 4349 inimici
3375 4292 3644 4366 captatis,
3660 4311 3806 4352 cum

2143 4380 2385 4437 avellere
2414 4399 2516 4437 vos
2547 4398 2651 4437 nec
2696 4399 2801 4455 ego
2829 4372 3003 4438 velim
3035 4400 3069 4438 a
3098 4382 3389 4439 consortio
3427 4383 3655 4455 capitis,
3694 4401 3808 4442 nec

2141 4472 2265 4544 ipse
2285 4472 2466 4527 mund
2478 4488 2544 4527 us
2563 4472 2769 4544 dignes
2786 4469 2872 4526 vel
2890 4470 3015 4526 suis
3024 4471 3251 4542 judicet
3267 4471 3545 4527 amicitiis
3559 4471 3807 4531 PVidete

376 4560 564 4623 tonat,
605 4559 662 4612 et
688 4556 797 4613 hoc
827 4555 1079 4614 clamat:
1110 4559 1243 4626 Diis,
1289 4558 1587 4632 inquiens,
1612 4576 1680 4615 ne
1726 4560 2032 4619 detraxeris
2062 4566 2110 4631 D
2142 4578 2214 4618 ne
2245 4576 2513 4618 recusare
2543 4558 2856 4617 videamini
2878 4575 3005 4616 esse
3038 4559 3097 4614 in
3124 4575 3384 4633 corpore,
3408 4560 3457 4617 si
3480 4577 3595 4618 non
3615 4560 3807 4618 vultis

447 4751 685 4827 (131)__In
708 4752 977 4827 Vulgatis
1005 4754 1564 4827 corruptegostendas.
1589 4755 1871 4814 Construe
1902 4774 2033 4816 vero

374 4827 431 4878 et
487 4823 710 4897 explica
771 4843 785 4880 :
828 4823 1115 4881 'Audenter
1159 4823 1397 4896 quidem,
1437 4835 1491 4881 et
1533 4830 1691 4897 quasi
1737 4830 2036 4887 insolenter

371 4896 742 4952 enumerando
769 4900 1067 4970 pronuntio
1115 4897 1236 4960 tibi,
1279 4897 1411 4970 quid
1443 4896 1553 4967 (illi
1589 4898 1867 4970 episcopi)
1897 4902 2030 4970 sint,

370 4984 442 5039 ne
468 4984 579 5023 non
606 4968 781 5036 scias,
802 4973 855 5023 et
884 4968 1158 5039 offendas;
1204 4968 1296 5021 sed
1327 4975 1507 5021 tamen
1549 4968 1845 5038 pronuntio
1883 4968 2033 5029 tanto

374 5038 655 5111 libentius,
673 5048 874 5111 quanto
903 5038 1184 5111 proferens
1213 5054 1323 5092 non
1348 5053 1419 5092 ex
1448 5054 1551 5102 me,
1582 5040 1673 5093 sed
1703 5057 1772 5095 ea:
1800 5046 2035 5100 auctori-

372 5113 575 5183 tatibus
618 5109 843 5183 divinis.
871 5109 1194 5163 Miraculum
1234 5116 1438 5183 autem,
1470 5111 1521 5163 si
1554 5117 1706 5165 tanta
1734 5116 1887 5183 (quae
1919 5116 2031 5170 sci-

372 5180 505 5238 licet
546 5180 950 5255 deepiscopis
981 5195 1116 5255 mox
1144 5178 1652 5255 proferet)_et‘tam
1678 5178 2031 5255 ineffabilia,

372 5257 425 5308 et
457 5249 761 5324 ineffabilia
815 5249 981 5324 etiam
1011 5249 1103 5304 illi
1132 5250 1239 5321 ipsi
1266 5251 1363 5321 qui
1404 5251 1616 5322 fruitur
1669 5249 2033 5320 hisfpossunt

368 5321 574 5405 referri
594 5323 662 5377 ab
694 5321 931 5405 nomine,
966 5336 1193 5405 ἐκεῖ)
1228 5338 1260 5375 a
1293 5321 1446 5405 rege,
1474 5338 1515 5405 ‘a
1544 5339 1669 5405 quo
1713 5325 1835 5405 fieri
1868 5327 2029 5405 dice-_

370 5336 567 5395 referri
594 5336 662 5377 ao
694 5336 931 5403 nomine,
966 5336 1034 5376 ex
1055 5336 1193 5446 Rga,
1228 5338 1260 5375 a
1293 5337 1446 5405 rege,
1481 5338 1515 5376 a
1544 5339 1661 5449 Ἕω
1713 5336 1835 5380 ﬁeri
1868 5336 2029 5382 dlce-

370 5394 587 5450 bantur
625 5392 928 5464 episcopi).
959 5390 1059 5459 Qui
1145 5394 1280 5448 Deus
1317 5392 1486 5449 distat
1532 5410 1566 5448 a
1654 5393 1916 5463 homine,
1950 5399 2033 5454 vel

371 5464 502 5537 quid
530 5479 663 5535 opus
680 5464 766 5537 sit
796 5465 977 5537 ipsum
1004 5464 1174 5537 Deum
1205 5466 1391 5535 rogari
1419 5468 1482 5537 ut
1512 5464 1569 5519 in
1604 5464 1905 5535 electione,
1940 5468 2029 5525 vel

371 5534 807 5609 enumeratione
835 5534 1092 5609 episcopi
1134 5534 1390 5609 rogatur,
1421 5536 1472 5593 si
1511 5537 1698 5609 pulvis
1735 5538 1882 5595 valet
1912 5540 2029 5597 lar-

368 5606 484 5696 giri
511 5605 703 5671 tanta?
723 5605 1138 5689 Quod'eogit‘are
1153 5605 1328 5682 (ciale
1358 5607 1418 5669 in
1438 5605 1595 5691 vulg.
1619 5608 1752 5691 quid
1770 5612 2029 5691 cogitare,

2146 4761 2202 4815 et
2229 4776 2362 4815 mox
2385 4758 2516 4831 quid
2538 4758 2757 4831 dicere),
2774 4759 2904 4831 quid
2929 4766 3006 4815 est
3026 4758 3182 4814 aliud
3208 4774 3374 4831 quam
3395 4759 3530 4815 velle
3546 4774 3808 4816 conscen-

2142 4831 2270 4887 dere
2298 4833 2357 4886 in
2387 4830 2629 4885 emtum?
2658 4830 2810 4898 Quod
2850 4830 3031 4887 dicere
3076 4830 3229 4902 quid
3261 4833 3358 4897 est,
3388 4832 3506 4886 nisi
3549 4832 3811 4889 exaltare

2142 4905 2343 4957 solium
2369 4918 2534 4973 super
2561 4911 2710 4974 astra
2725 4902 2862 4974 ,ειειὶ
2875 4918 2895 4965 ,'
2921 4902 3059 4974 quod
3089 4904 3277 4974 utique
3305 4909 3433 4957 sunt
3458 4903 3720 4974 episcopi,
3752 4905 3810 4959 si

2143 4982 2324 5028 tamen
2361 4976 2489 5027 sunt
2517 4972 2656 5043 quod
2702 4972 2995 5027 dicuntur?
3024 4973 3156 5044 quid
3182 4972 3281 5037 est,
3314 4974 3429 5029 nisi
3470 4972 3664 5030 sanari
3711 4990 3809 5030 as-

2142 5044 2369 5098 cendere
2390 5059 2555 5117 super
2584 5043 2933 5117 altitudinem
2961 5043 3228 5117 nubium;
3256 5045 3397 5117 quod
3427 5061 3521 5117 eos
3543 5061 3676 5111 esse,
3714 5061 3811 5103 re-

2139 5118 2348 5187 ferente
2373 5114 2655 5185 propheta,
2680 5116 2831 5169 testis
2854 5122 2935 5187 est
2949 5115 3089 5170 Deus
3109 5114 3292 5171 dicens
3314 5133 3333 5171 :
3363 5116 3633 5183 Mandavi,
3658 5120 3806 5186 etc.,

2140 5186 2192 5241 et.
2222 5186 2339 5241 ideo
2367 5187 2646 5242 .z'stimare
2688 5201 2744 5240 se
2789 5186 3067 5241 similem?
3094 5188 3188 5242 Dii
3214 5195 3363 5252 sunt,
3394 5188 3615 5243 Domini
3639 5197 3805 5257 sunt,

2140 5263 2272 5322 etc.,
2301 5257 2430 5312 Haec
2462 5262 2657 5312 autem
2691 5256 2888 5331 omnia
2916 5262 3059 5331 sunt
3085 5257 3185 5331 illa
3211 5266 3382 5323 tanta,
3408 5275 3533 5331 quae
3566 5259 3636 5331 de
3664 5256 3809 5331 epié

2140 5344 2451 5452 scoporum
2484 5326 2877 5400 praerogativis
2910 5344 2977 5382 ex
3006 5328 3219 5384 divinis
3252 5326 3811 5388 auctoritatibus—se

2140 5416 2243 5452 ure
2270 5403 2502 5452 aturum
2537 5398 2868 5452 afﬁrmavit.

2138 5398 2503 5472 prolaturum
2537 5398 2868 5472 affirmavit.

2210 5470 2359 5596 (132)
2391 5470 2662 5525 Mendose
2690 5470 2755 5554 in.
2779 5469 2950 5525 editis
2978 5471 3168 5526 vincti.

2243 5542 2334 5596 33)
2362 5541 2490 5596 Haec
2524 5540 2865 5596 Ratherium
2910 5541 2981 5596 ab
3027 5541 3168 5596 Hum

2243 5542 2334 5620 33)
2362 5541 2490 5620 Haec
2517 5540 2865 5620 ARatherium
2908 5541 2981 5620 ab
3027 5541 3265 5620 Hugone
3304 5558 3437 5618 rege
3468 5542 3528 5601 in
3558 5558 3811 5607 carcere

2136 5611 2407 5692 Papiensi
2437 5613 2738 5679 detentum
2769 5611 3109 5691 respiciunt.
