4054 6190
270 358 392 422 229
480 352 491 365 Χ

1202 360 1846 436 PBJELOQUIORUM
1891 362 2097 426 LIBRI
2145 361 2319 426 SEX.
2352 399 2429 410 --
2458 364 2608 428 LIB.
2654 364 2758 429 Ill.

3558 372 3677 434 230

272 493 474 550 odium
497 496 701 552 mundi
725 496 1019 554 sustinere
1044 513 1179 553 cum
1199 495 1560 569 capite.Quid
1581 496 1737 551 enim
1760 495 1922 552 vobis
1950 499 2006 563 Α
2030 497 2262 567 papulas
2294 496 2473 568 (Prov.
2513 516 2666 565 xxux,
2691 501 2779 568 18)
2803 518 2815 567 ;
2849 503 2938 555 etc
2966 517 2978 555 :
3009 501 3116 569 Qui
3144 503 3333 573 recipit
3358 502 3677 574 prophetam

270 582 514 651 faciunt,
547 585 703 657 quod
755 603 870 641 non
904 585 1047 641 mihi
1096 585 1417 656 majoribus
1449 584 1596 640 meis
1637 584 1764 655 jam
1805 600 1921 640 non

270 671 532 728 fecerunt
562 674 844 730 membris
865 675 893 730 ?
921 675 986 730 Si
1013 690 1097 730 me
1121 675 1392 746 persecuti
1426 681 1572 739 sunt,
1605 681 1657 729 et
1688 689 1779 729 vos
1806 689 1925 746 per-

264 769 561 833 sequentur
607 762 793 834 (Joan.
826 780 918 818 xv.
951 763 1064 831 20).
1099 761 1261 817 Sicut
1291 763 1436 832 (134)
1484 778 1589 835 ego
1619 762 1922 818 vobiscum

268 866 459 921 usque
519 852 590 907 ad
652 852 1221 908 consummationem
1278 851 1475 907 saeculi
1535 868 1668 908 sum
1709 851 1920 924 (Matth.

266 954 465 1006 xxvm,
498 940 611 1010 20),
646 940 728 995 ita
758 957 861 996 nec
891 940 1157 1007 deerunt,
1192 940 1292 1012 qui
1338 956 1431 995 me
1478 939 1537 995 in
1585 939 1749 996 vobis
1793 939 1923 994 odio

268 1025 545 1094 habeant,
578 1032 1024 1100 persequantur,
1054 1045 1501 1101 sermonemque
1519 1032 1922 1097 vestrum,non

270 1115 411 1188 qnia
442 1120 647 1184 vester,
681 1118 780 1173 sed
818 1117 958 1189 quia
988 1134 1157 1173 meus
1187 1121 1297 1186 est,
1330 1122 1708 1175 contemnant
1739 1134 1752 1172 :
1786 1135 1923 1173 nam

267 1205 321 1261 si
354 1210 562 1273 vester,
608 1207 667 1261 id
714 1211 822 1272 est,
856 1205 1172 1273 saecularis,
1220 1206 1492 1275 carnalis,
1535 1206 1805 1279 vitiisque
1835 1206 1922 1262 fa-

265 1310 415 1349 vens
446 1298 619 1362 esset,
653 1295 857 1367 utique
907 1300 1223 1351 amaretur.
1272 1294 1418 1361 Quid
1479 1300 1613 1351 ante
1671 1311 1924 1351 messem

265 1381 547 1455 colligere
568 1382 789 1439 zizania
815 1383 993 1439 vultis
1028 1384 1231 1456 (Matth.
1264 1401 1387 1451 xm,
1423 1385 1537 1455 20),
1569 1400 1685 1438 non
1716 1401 1924 1439 caven-

265 1474 360 1526 tes
381 1487 455 1527 ne
478 1470 654 1527 simul
685 1477 739 1528 et
770 1472 1026 1528 triticum
1052 1489 1187 1529 cum
1237 1473 1382 1545 ipsis
1432 1472 1757 1541 eradicetis,
1790 1489 1924 1529 cum

265 1559 448 1616 etiam
471 1559 531 1615 in
554 1560 654 1615 tali
679 1561 829 1616 facto
844 1562 1088 1633 periisse
1105 1578 1257 1633 saepe
1275 1563 1438 1634 pium
1459 1579 1560 1633 pro
1577 1562 1756 1633 impio
1770 1563 1928 1617 vide-

268 1646 401 1703 ritis
420 1648 448 1702 ‘t
472 1648 605 1702 Mihi
630 1648 843 1720 potius,
881 1651 1027 1704 mihi
1069 1650 1329 1717 vindicta,
1360 1667 1455 1722 ego
1484 1651 1803 1715 retribuam,
1841 1650 1926 1704 di-

269 1736 353 1793 cit
378 1737 661 1793 Dominus
695 1739 877 1807 (Hebr.
909 1756 963 1805 x,
992 1738 1105 1811 30).

948 1828 1070 1883 Τιτ.
1110 1827 1255 1883 VIII.

350 1916 437 1970 15.
472 1914 687 1971 Verum
738 1915 786 1970 si
846 1914 1227 1972 calumniaris
1283 1933 1370 1983 ea,
1407 1933 1534 1989 quae
1588 1917 1657 1972 de
1711 1916 1929 1974 sanctis

273 2003 499 2075 scripta
530 2008 689 2070 sunt,
726 2005 797 2059 ad
833 2021 958 2068 nos,
992 2004 1090 2076 qui
1124 2003 1294 2077 longe
1326 2005 1478 2060 intra
1509 2022 1677 2077 peces
1724 2023 1926 2061 eorum

266 2093 561 2163 jacemus,
579 2108 672 2148 me
702 2109 816 2147 non
843 2093 1052 2148 debere
1077 2097 1438 2160 convertere;
1463 2095 1532 2149 ad
1558 2094 1665 2149 hoc
1687 2111 1927 2166 respon-

274 2179 408 2248 deo,
442 2179 719 2252 quoniam
753 2179 810 2236 in
844 2180 951 2236 hoc
980 2180 1192 2237 saeculo
1224 2182 1374 2237 sicut
1404 2198 1612 2238 sumus
1656 2183 1740 2238 eis
1792 2199 1927 2238 con-

271 2273 465 2325 sortes
489 2269 813 2324 ministerio
835 2270 1236 2338 ordinis,itaet
1247 2275 1547 2327 consortes
1569 2275 1625 2326 et
1644 2271 1931 2344 dignitate

272 2357 535 2413 nominis
579 2363 636 2412 et
666 2357 968 2431 privilegio
999 2358 1254 2414 honoris.
1288 2360 1447 2424 Quod
1481 2359 1530 2415 si
1562 2366 1823 2415 nostram
1857 2361 1928 2415 ad

271 2445 513 2501 illorum
546 2446 951 2502 studuerimus
968 2447 1147 2502 vitam
1169 2464 1535 2521 componere,
1563 2450 1785 2504 erimus
1806 2465 1933 2521 par-

269 2534 483 2607 ticipes
513 2538 571 2589 et
593 2533 788 2607 gloriae
822 2536 1208 2608 sempiternae.
1243 2538 1405 2602 Quod
1447 2537 1495 2593 si
1554 2538 1740 2604 aliter,
1776 2538 1932 2610 quod

272 2622 464 2691 absit;
499 2621 619 2679 illic
651 2624 1186 2698 separabimur,qui
1216 2624 1309 2680 hic
1336 2624 1667 2681 communis
1692 2625 1933 2681 honoris

274 2716 334 2769 et
365 2711 677 2767 ministerii
708 2713 899 2768 officio
930 2713 1094 2786 fungi
1134 2714 1420 2769 videmur.
1472 2714 1618 2769 Nam
1668 2713 1717 2770 si
1767 2714 1935 2769 aliter

270 2800 638 2872 esset;quid
662 2800 969 2873 illa,quam
1001 2802 1314 2874 regendam
1347 2801 1734 2874 suscepimus,
1769 2803 1932 2858 Chri-

277 2888 556 2945 stianitas
583 2888 800 2945 valeret
829 2892 853 2945 P
878 2891 947 2945 Et
976 2890 1023 2945 si
1056 2891 1278 2958 eodem,
1305 2907 1419 2962 quo
1450 2890 1704 2958 illorum,
1738 2895 1936 2947 noster

282 2995 400 3033 non
434 2978 897 3034 sanctiﬁcaretur
926 2977 1135 3050 spiritu
1169 2979 1541 3050 pontiﬁcatus
1570 2980 1716 3050 (l35)
1744 2998 1757 3047 ;
1790 2981 1931 3052 quid

277 3065 769 3138 pnodesset,quod
794 3073 993 3122 nostro
1018 3066 1341 3122 ministerio
1371 3073 1597 3124 sacrato
1618 3068 1933 3125 chrismate

277 3154 384 3211 86
416 3153 749 3226 baptizatur
778 3154 1075 3227 populus?
1105 3155 1251 3219 Quid
1285 3156 1535 3229 denique
1561 3158 1752 3215 missae
1783 3157 1932 3214 cele-

2031 585 2095 638 in
2147 587 2371 641 nomine
2419 587 2713 658 prophetae,
2772 588 3072 644 mercedem
3118 591 3393 660 propheta
3448 592 3680 663 accipiet

2032 673 2243 739 (Matth.
2278 691 2333 738 x,
2364 676 2451 744 41,
2486 675 2556 731 de
2588 677 2896 748 praterito,
2931 695 3043 732 non
3078 678 3147 733 de
3179 678 3373 734 futuro
3402 678 3491 735 vel
3533 698 3677 754 prae-

2033 761 2182 816 senti
2212 761 2356 817 velis
2386 764 2945 835 accipere.Qnandiu
2976 784 3207 839 quoque
3240 767 3353 823 ista
3381 769 3681 825 durabunt

2033 848 2309 922 insignia,
2342 853 2545 907 tandiu
2578 857 3098 927 contemptoribus.
3131 855 3592 925 injuriatoribus,
3624 863 3680 913 et

2033 940 2505 1010 persecutoribus
2535 958 2735 998 eorum
2769 944 2992 1008 eadem,
3026 961 3150 1017 quae
3183 945 3463 1017 antiquis,
3509 950 3682 1002 erunt

2033 1026 2301 1095 crimina,
2323 1045 2428 1084 nec
2450 1030 2507 1084 in
2542 1029 2659 1086 ullo
2694 1031 2999 1087 dissimilis
3030 1050 3225 1105 pmna;
3252 1032 3364 1090 nisi
3396 1036 3679 1107 quod‘du-

2034 1115 2155 1171 rius
2186 1116 2393 1172 feritur
2420 1118 2708 1191 protervia
2738 1137 2915 1192 quam
2947 1120 3680 1196 iguorautia,contemptus

2032 1220 2211 1276 quam
2241 1222 2534 1274 excessus,
2567 1207 2795 1263 dicente
2842 1209 3088 1263 Domino
3124 1227 3136 1264 :
3165 1211 3230 1264 Si
3256 1228 3366 1266 non
3395 1214 3679 1281 venissem,

2031 1298 2081 1349 et
2113 1294 2320 1350 locutus
2347 1296 2575 1367 fuissem
2605 1298 2701 1363 eis,
2735 1301 3017 1368 peccatum
3058 1314 3163 1352 non
3213 1300 3473 1355 haberent
3502 1303 3679 1372 (Joan.

2033 1400 2125 1447 xv,
2157 1384 2250 1453 22)
2277 1401 2291 1452 ;
2324 1389 2378 1439 et
2410 1400 2422 1437 ε
2456 1386 2620 1440 Fiunt
2650 1387 2947 1441 novissima
2991 1386 3229 1442 hominis
3286 1388 3442 1443 illius
3493 1389 3683 1461 pejora

2028 1471 2308 1542 prioribus
2366 1472 2572 1544 (Matth.
2630 1492 2728 1542 xu,
2782 1475 2889 1542 45).
2956 1474 3264 1547 Itemque:
3323 1479 3467 1531 Ecce
3515 1494 3682 1533 sanus

2033 1562 2212 1630 factus
2241 1576 2296 1615 es
2316 1578 2339 1624 ,ο
2369 1562 2500 1616 vade
2530 1569 2580 1617 et
2607 1562 2843 1632 amplius
2870 1563 2988 1617 noli
3027 1580 3270 1634 peccare,
3325 1581 3395 1619 ne
3449 1565 3684 1622 deterius

2034 1648 2138 1701 tibi
2179 1649 2392 1719 aliquid
2438 1653 2713 1722 contingat
2760 1653 2938 1721 (Joan.
2973 1668 3025 1715 ν,
3060 1653 3186 1722 14);
3228 1657 3284 1707 et
3332 1654 3687 1711 Tolerabilius

2033 1737 2141 1790 erit
2169 1743 2329 1791 terra:
2366 1736 2724 1793 Sodomorum
2754 1748 2803 1793 et
2832 1740 3301 1797 Gomorrheeorum
3330 1743 3391 1797 in
3418 1742 3506 1799 die
3523 1742 3685 1814 judi-

1957 1868 2007 1933 B
2034 1826 2135 1923 cii,
2191 1841 2359 1896 quam
2417 1826 2511 1881 illi
2563 1828 3021 1895 civitati'(Matth.
3059 1846 3111 1895 x,
3148 1830 3274 1901 i5);
3308 1847 3434 1903 qua:
3465 1831 3689 1887 audivit

2037 1911 2276 1984 quidem
2306 1914 2548 1969 verbum
2580 1916 2704 1984 Dei,
2724 1916 2823 1972 sed
2847 1918 3082 1972 credere
3112 1919 3481 1991 contempsit;
3508 1921 3687 1975 etsz

2035 2003 2137 2055 tibi
2168 2000 2453 2069 Coronam,
2479 2018 2564 2060 νινε
2585 2006 2688 2059 tibi
2717 2004 3023 2068 Bethsoida,
3050 2004 3687 2080 concludensque,Tyro

2037 2095 2088 2146 et
2120 2090 2311 2147 Sidoni
2337 2094 2623 2148 remissius
2636 2095 2747 2148 crit
2778 2096 2837 2148 in
2856 2094 2943 2149 die
2961 2095 3167 2167 judicii
3186 2112 3350 2168 quam
3372 2097 3682 2166 tibi(Matth.

2035 2197 2113 2247 x1,
2145 2180 2259 2252 21),
2294 2186 2350 2236 et
2379 2181 2693 2253 Apostolus
2728 2200 2740 2238 :
2773 2184 2978 2247 Melius,
3010 2182 3223 2256 inquit,
3271 2193 3389 2241 erat
3440 2187 3521 2241 eis
3573 2204 3686 2243 non

2035 2284 2352 2339 cognoscere
2382 2272 2526 2325 viam
2554 2272 2822 2338 veritatis,
2849 2288 3013 2342 quam
3040 2281 3162 2342 post
3207 2276 3571 2342 cognitionem
3597 2291 3684 2330 re-

2037 2364 2272 2413 trorsum
2300 2359 2541 2413 converti
2574 2360 2641 2431 (Il
2669 2361 2814 2414 Petr.
2836 2376 2897 2425 ιι,
2915 2358 3029 2429 21).
3053 2359 3158 2413 Per
3180 2360 3433 2433 Moysem
3452 2379 3687 2434 quoque

2038 2444 2165 2516 ipse
2203 2446 2527 2503 Dominus:
2588 2448 2805 2521 Anima.
2850 2447 2949 2515 ait,
2981 2461 3107 2517 quae
3156 2464 3256 2517 per
3313 2450 3688 2517 ignorantiam

2035 2535 2339 2603 peccaverit
2364 2550 2547 2589 coram
2575 2535 2824 2600 Domino,
2853 2533 3233 2605 deprecabitur
3255 2551 3356 2607 pro
3407 2552 3470 2591 ea
3507 2553 3688 2593 sacer-

2038 2620 2154 2685 des,
2183 2620 2324 2692 quod
2376 2623 2550 2676 inscia
2576 2625 2899 2694 peccaverit,
2933 2623 3346 2696 impetrabitque
3371 2626 3425 2680 ei
3446 2625 3685 2693 veniam,

2040 2718 2090 2764 et
2147 2709 2458 2765 dimittetur
2512 2712 2582 2765 ei.
2626 2711 2826 2766 Anima
2877 2726 3019 2776 vero,
3073 2726 3199 2782 quae
3248 2728 3350 2784 per
3374 2713 3689 2785 superbiam

2040 2798 2252 2870 aliquid
2308 2801 2654 2868 commiserit,
2708 2801 2910 2871 peribit
2963 2800 3029 2856 de
3058 2803 3262 2873 populo
3288 2818 3406 2871 suo,
3439 2805 3569 2876 quia
3599 2818 3687 2859 re-

2043 2888 2201 2942 bellis
2229 2889 2339 2958 fuit
2368 2886 2625 2944 adversus
2675 2889 2998 2957 Dominum;
3060 2889 3260 2945 idcirco
3316 2891 3585 2948 delebitur
3636 2898 3689 2948 et

2036 2976 2280 3046 portabit
2328 2978 2682 3050 iniquitatem
2725 2993 2883 3033 suam
2931 2980 3116 3046 (Num.
3175 2996 3266 3045 xv,
3311 2983 3425 3051 28).
3455 2980 3690 3037 Inﬁnita

2043 3081 2275 3137 quoque
2286 3069 2444 3121 astru
2456 3071 2559 3121 unt
2578 3066 2916 3122 testimonia
2936 3068 3192 3123 severius
3207 3069 3461 3137 judicari
3483 3070 3543 3125 in
3564 3087 3686 3141 eos,

2042 3153 2142 3225 qui
2176 3152 2446 3220 scienter,
2467 3170 2644 3226 quam
2672 3154 2772 3226 qui
2804 3154 3131 3211 nescienter
3159 3155 3689 3229 delinquunt;unde

274 3241 845 3310 bratio,benedictio,
866 3248 923 3298 et
945 3244 1307 3299 diversarum
1331 3261 1525 3300 rerum
1550 3247 1928 3314 consecratio,
1961 3233 2004 3300 C
2041 3245 2101 3297 et
2128 3240 2271 3297 illud
2304 3242 2364 3297 in
2396 3242 2622 3315 psalmo
2649 3243 3109 3321 :Descendautin
3141 3246 3424 3315 infernum
3450 3248 3689 3304 viventes

272 3329 366 3389 vel
394 3329 576 3386 ullius
606 3332 789 3387 divini
825 3330 1020 3388 cultus
1052 3332 1329 3388 exbibitio
1349 3333 1377 3388 ?
1404 3336 1519 3389 Aut
1547 3335 1744 3408 itaque
1774 3335 1934 3391 Chri-

271 3418 638 3475 stianitatem
664 3419 948 3476 defecisse
979 3421 1379 3492 pronuntia,et
1410 3421 1553 3477 illud
1580 3440 1782 3478 verum
1804 3439 1932 3480 esse

272 3508 523 3580 denega,
554 3508 708 3580 quod
740 3508 822 3563 ait
853 3508 984 3563 falsi
1018 3509 1214 3565 nescia
1242 3510 1472 3566 Veritas
1499 3511 1629 3582 ipsa
1655 3529 1668 3568 :
1693 3517 1933 3583 Ecceego

272 3597 557 3652 vobiscum
594 3613 719 3652 sum
756 3599 1009 3652 omnibus
1054 3598 1244 3653 diebus
1296 3615 1463 3670 usque
1491 3600 1560 3654 ad
1588 3616 1933 3656 consumma-

275 3687 485 3742 tionem
512 3687 707 3743 saewti
735 3686 935 3744 (Matth.
973 3703 1167 3752 xxvm,
1197 3687 1324 3758 20);
1358 3691 1414 3742 et
1444 3687 1608 3753 illud,
1637 3690 1791 3759 quod
1823 3689 1933 3746 Pa-

274 3778 432 3830 trem
470 3791 666 3843 orans,
708 3774 790 3830 ait
848 3792 861 3830 :
902 3777 1019 3831 Non
1053 3791 1156 3846 pro
1193 3777 1280 3830 his
1317 3792 1445 3846 rogo
1483 3781 1714 3843 tantum,
1755 3778 1847 3834 sed
1883 3786 1936 3835 et

270 3878 382 3935 pro
430 3866 530 3931 eis,
570 3866 667 3937 qui
720 3864 987 3920 credituri
1013 3871 1143 3920 sunt
1164 3881 1266 3936 per
1295 3866 1515 3920 verbum
1544 3881 1731 3922 eorum
1760 3868 1819 3921 in
1849 3884 1935 3924 me

280 3951 428 4024 (Job.
462 3969 541 4018 x1,
575 3953 685 4024 45),
720 3971 834 4008 non
870 3952 1215 4025 impetrasse
1246 3954 1546 4009 confirma.
1586 3953 1727 4011 Illus
1756 3955 1933 4012 etiam

279 4045 710 4113 consequenter
739 4042 849 4098 erit
877 4042 1386 4114 absurdum,quod
1412 4043 1773 4099 nasciturum
1797 4061 1932 4101 eum

278 4130 635 4201 pronutians
664 4129 929 4203 angelus,
964 4130 1045 4186 ait
1078 4148 1091 4186 :
1124 4134 1273 4201 Quia
1298 4132 1547 4203 regnabit
1576 4134 1638 4187 in
1666 4131 1822 4189 domo
1840 4135 1933 4190 Ja-

276 4218 377 4274 cob
410 4220 470 4273 in
500 4223 773 4276 aeternum
804 4220 954 4286 (Luc.
989 4236 1029 4288 ι,
1062 4220 1174 4288 33).
1208 4220 1369 4283 Quod
1418 4220 1467 4276 si
1514 4220 1622 4277 hoc
1671 4227 1933 4279 astruere

277 4307 523 4379 nequis;
542 4306 685 4362 velis
717 4306 1169 4380 nolis,ejusdem
1191 4308 1721 4381 bonoris,ejusdem
1749 4310 1936 4383 digni-

276 4394 418 4451 tatis
436 4399 704 4451 nostrum
729 4396 1119 4451 sacerdotium
1135 4413 1262 4454 esse
1286 4398 1585 4470 sines,quo
1600 4398 1931 4469 etillorum;

278 4481 425 4555 quia
450 4500 567 4539 non
599 4489 689 4540 est
718 4484 876 4540 aliud
908 4486 1029 4541 sive
1059 4490 1193 4541 ante
1225 4485 1433 4559 legem,
1467 4487 1586 4542 sive
1630 4488 1741 4543 sub
1786 4487 1932 4560 lege,

275 4571 399 4627 sive
458 4573 570 4628 sub
624 4574 832 4646 gratia,
895 4574 995 4629 sed
1035 4572 1189 4629 idem
1232 4574 1450 4646 ipsum,
1490 4574 1656 4648 prius
1695 4575 1931 4646 quidem
1964 4599 2010 4663 Ι)

274 4660 487 4734 ﬁguris
527 4665 585 4716 et
622 4663 1032 4735 aenigmatibus
1060 4668 1468 4735 praesagatum
1500 4663 1577 4730 [id
1606 4671 1684 4719 est
1714 4681 1930 4736 praesa-

276 4750 518 4823 gitum],
547 4754 679 4821 post
707 4749 838 4822 ipsa
865 4750 1105 4807 veritate
1128 4750 1680 4812 exbibitum.eadem
1701 4769 1933 4824 quoque

271 4838 698 4896 vocabulorum
757 4855 990 4912 genera,
1050 4843 1106 4895 et
1136 4840 1289 4895 idem
1347 4839 1759 4912 significantia.
1786 4840 1931 4896 Nam

274 4927 541 4997 quandiu
596 4926 851 5000 populus
902 4943 1061 5000 grex,
1122 4927 1328 4982 tandiu
1382 4928 1659 5000 epicopus
1692 4934 1929 5000 pastor;

277 5016 544 5088 quandiu
574 5016 817 5071 verbum
839 5016 937 5071 Dei
970 5014 1436 5083 annuntiabitur,
1469 5018 1670 5073 tandiu
1704 5034 1931 5073 annun-

275 5104 457 5161 tiator
508 5102 754 5178 angelus
807 5103 1034 5160 dicetur
1088 5107 1145 5159 et
1204 5104 1351 5171 erit;
1386 5105 1645 5176 quandiu
1676 5105 1935 5162 chrisma

278 5193 643 5261 conficiatur,
688 5193 893 5248 tandiu
946 5193 1240 5249 confector
1286 5192 1553 5248 Christus
1596 5194 1931 5263 vocabitur;

278 5282 543 5353 quandiu
579 5282 886 5355 prophetia
916 5281 1276 5348 recitabitur,
1293 5283 1493 5337 tandiu
1517 5282 1791 5338 recitator
1811 5299 1938 5354 pro-

277 5370 459 5444 pheta
486 5371 734 5441 dicetur,
765 5371 878 5427 nisi
914 5371 1059 5427 forte
1091 5369 1302 5426 falsum
1345 5370 1489 5426 velis
1538 5375 1741 5444 putare
1791 5370 1933 5427 illud

279 5459 578 5518 Proverbii
606 5478 618 5516 :
653 5461 793 5529 Quia
821 5476 945 5516 cum
969 5460 1253 5532 prophetia
1280 5459 1552 5532 defecerit,
1575 5460 1965 5533 dissipabitur

260 5586 263 5589 ‘
350 5565 844 5642 (1%)Eerperam
900 5565 1215 5642 invulgatis
1236 5569 1292 5642 si
1318 5583 1461 5624 cum.

375 5568 503 5639 134)
536 5568 844 5640 Perperam
900 5568 1213 5642 invulgatis
1241 5569 1292 5623 si
1318 5583 1461 5624 cum.

348 5568 503 5728 ξι35)
533 5637 820 5701 Construe
848 5655 861 5698 :
894 5642 964 5700 Et
987 5640 1043 5699 si
1057 5636 1414 5717 pontiﬁcatus
1440 5646 1623 5703 noster
1648 5653 1762 5702 non
1803 5654 1933 5703 sane

2040 3330 2215 3399 (Psal.
2250 3348 2359 3398 LIV,
2390 3331 2446 3402 6)
2480 3348 2494 3387 :
2525 3332 2784 3388 viventes
2814 3332 2969 3388 enim
3000 3334 3252 3389 scientes
3290 3350 3417 3406 qua:
3464 3337 3691 3409 agenda

2043 3426 2181 3473 sunt
2219 3419 2596 3490 deputantur,
2647 3420 2861 3475 mortui
2912 3420 3012 3491 qui
3062 3420 3224 3476 nullo
3272 3422 3526 3478 scientiae
3575 3441 3688 3481 usu

2042 3508 2337 3562 fruuntur.

2116 3596 2200 3649 16.
2235 3596 2462 3659 Quanta
2492 3600 2686 3650 autem
2718 3594 3037 3651 reverentia
3060 3594 3235 3651 etiam
3257 3595 3689 3668 negligentibus

2044 3684 2325 3739 debeatur
2381 3683 2808 3752 sacerdotibus,
2850 3682 3026 3738 etiam
3067 3684 3293 3756 Moyses
3338 3685 3688 3757 demontrat,

2044 3771 2142 3844 qui
2160 3772 2301 3828 dum
2326 3773 2515 3827 Aaron
2532 3771 2776 3827 vitulum
2801 3771 2939 3826 ﬁliis
2964 3772 3339 3844 lsrael,quem
3359 3774 3688 3845 adorarent,

2044 3861 2407 3923 fabricasset,
2438 3860 2645 3933 viginti
2696 3861 2884 3917 tribus
2941 3862 3181 3917 milibus
3236 3862 3558 3921 interfectis
3588 3864 3683 3923 81

2043 3949 2263 4023 populi,
2293 3950 2624 4023 ipsum,qui
2656 3954 2861 4007 auctor
2891 3951 3079 4007 fuerat
3105 3950 3362 4020 sceleris,
3394 3951 3693 4011 levissima

2042 4039 2410 4096 solummodo
2440 4039 2830 4111 increpatione
2853 4040 3152 4113 redarguit
3178 4041 3379 4098 dicens
3395 4060 3407 4098 :
3423 4042 3566 4111 Quid
3585 4046 3692 4100 tibi

2039 4129 2169 4199 fecit
2197 4128 2287 4183 hic
2311 4128 2564 4199 populus,
2595 4137 2657 4183 ut
2688 4129 2970 4185 induceres
3013 4147 3180 4202 super
3233 4147 3360 4186 eum
3410 4137 3692 4203 peccatum

2040 4219 2348 4272 maximum
2369 4217 2397 4270 ‘?
2426 4216 2619 4289 (Exod.
2652 4234 2828 4287 xxxii,
2859 4220 2971 4291 21).
3004 4216 3249 4275 Adverte
3289 4219 3472 4293 igitur
3501 4238 3690 4293 quan-

2043 4309 2112 4360 taa
2168 4305 2515 4361 temeritatis
2572 4305 2668 4372 sit,
2728 4323 2832 4379 pro
2886 4306 3089 4378 quavis
3143 4307 3316 4379 culpa
3370 4308 3693 4377 quemlibet

2042 4393 2258 4449 laicum
2273 4393 2479 4450 saltem
2495 4393 2917 4464 reprehendere
2945 4394 3280 4466 quempiam
3302 4396 3686 4464 sacerdotem,

2043 4481 2093 4537 si
2144 4481 2425 4552 propheta
2472 4480 2609 4535 talis
2655 4497 2721 4536 ac
2769 4484 2971 4536 tantus
3017 4482 3075 4535 in
3106 4481 3209 4536 tali
3242 4480 3419 4536 etiam
3451 4482 3689 4538 infando

2043 4569 2317 4633 facinore,
2351 4567 2573 4623 caeteris
2607 4568 2929 4635 trucidatis,
2962 4568 3286 4639 principem
3333 4568 3536 4625 scieris
3583 4586 3690 4625 ne-

2042 4672 2338 4728 quaquam
2372 4655 2749 4729 praasumpsit
2778 4655 2986 4712 saltem
3015 4656 3102 4713 vel
3132 4655 3337 4714 durius
3368 4658 3688 4732 increpare,

2042 4745 2158 4801 Deo
2190 4743 2298 4799 soli
2331 4744 2387 4799 id
2419 4742 2682 4816 cogitans
2713 4761 3032 4817 congruere
3046 4762 3150 4819 pro
3172 4746 3347 4802 ofﬁcii
3374 4747 3688 4820 dignitate;

2042 4850 2148 4889 nec
2177 4833 2333 4888 enim
2367 4831 2611 4903 quilibet
2631 4833 2691 4888 in
2712 4835 2983 4906 episcopo
3003 4834 3473 4908 episcopum,sed
3495 4836 3691 4910 ipsum

2044 4939 2343 4977 summum
2379 4928 2436 4977 et
2459 4922 2585 4977 sine
2608 4923 2841 4978 macula
2864 4925 3197 4995 pontiﬁcem
3228 4925 3286 4980 in
3309 4942 3374 4982 eo
3398 4926 3695 4999 persequi-

2041 5014 2137 5066 tur
2166 5010 2461 5066 Christum
2488 5028 2502 5080 ;
2538 5027 2641 5067 nec
2673 5012 2987 5083 injuriatur
3016 5013 3327 5086 culpabilis
3358 5015 3688 5089 episcopus,

2042 5101 2143 5156 sed
2174 5101 2299 5172 ipse
2331 5100 2389 5154 in
2420 5117 2485 5157 eo
2520 5116 2620 5172 per
2641 5100 3059 5158 benedictionis
3081 5104 3329 5175 gratiam
3352 5103 3692 5161 inhabitans

2047 5190 2301 5260 Spiritus
2333 5193 2592 5245 sanctus.
2626 5189 2772 5244 Cum
2801 5190 3064 5263 tangitur
3092 5192 3411 5248 sacerdotis
3441 5209 3693 5264 persona

2044 5278 2307 5350 tangitur
2333 5278 2463 5349 ipsa
2491 5277 2722 5333 Domini
2754 5278 3013 5349 pupilla;
3037 5278 3179 5351 quia
3207 5297 3311 5352 per
3339 5298 3474 5337 eum
3507 5280 3691 5353 provi-

2046 5367 2216 5422 detur
2245 5365 2438 5421 divino
2471 5370 2782 5437 prospectu
2813 5366 3088 5423 Ecclesia.
3120 5368 3328 5424 Verere
3370 5386 3505 5442 ergo
3553 5370 3687 5442 qui-

2046 5471 2278 5528 cunque
2309 5470 2510 5510 eorum
2541 5453 2873 5521 insectator,
2908 5457 3383 5529 quandoquidem
3414 5463 3471 5514 et
3497 5458 3605 5515 hoc
3626 5459 3688 5517 in

2044 5558 2585 5647 ctiﬁcaretur'eodem
2615 5561 3378 5647 spiritu,quo(sancti_ﬁcatus
3410 5564 3521 5623 fuit
3541 5580 3688 5647 pon-

2041 5631 2321 5709 tificatus)
2351 5632 2574 5697 illorum
2597 5648 2611 5709 ς
2638 5631 2777 5714 quid
2799 5631 3093 5715 prodesset,
3124 5640 3233 5703 etc.
