3968 6180
408 357 527 416 «231

1336 346 1707 409 syrenen
1750 344 1995 408 EPISC.
2040 341 2331 406 vanos.
2379 343 2552 431 ore.
2588 341 2796 402 mas
2839 340 2888 402 1.

3664 316 3859 398 ω’

414 487 697 559 Spiritum
757 487 1025 540 sanctum
1059 487 1148 539 est
1178 496 1434 554 peccare,
1468 495 1539 533 ne
1572 477 1718 533 forte
1742 493 1857 532 non
1898 476 2056 531 inve-
2086 474 2141 542 Α
2169 476 2417 546 demque
2448 473 2685 529 homine
2715 476 2773 529 et
2802 473 2993 528 bonus
3024 471 3284 544 sanguis,
3309 474 3364 524 et
3388 467 3537 524 mala
3562 470 3645 524 est
3672 484 3779 541 per-

412 575 610 631 niatur
640 573 739 646 qui
769 572 874 628 tibi
902 571 1044 626 illud
1071 570 1259 625 valeat
1288 567 1580 623 dimittere
1605 584 1618 635 ;
1654 568 1859 637 praeter
1903 564 2061 621 enim

412 661 819 736 principalem,
852 660 911 715 in
944 676 1060 732 qua
1106 659 1215 714 hoc
1272 656 1624 721 continetur,
1684 652 2058 719 sententiam,

412 755 627 811 dicitur
655 751 791 807 alibi
829 767 842 804 :
874 751 939 805 Si
963 748 1204 820 peccavit
1230 748 1317 801 vir
1366 747 1427 800 in
1481 746 1681 809 virum,
1735 743 1953 815 placari
2009 743 2063 797 ei

406 848 583 918 potest
611 844 791 906 Deus;
814 841 866 894 si
903 846 1086 893 autem
1118 838 1176 891 in
1207 836 1377 890 Deum
1404 832 1854 906 peccaverit,quis
1883 831 2062 887 orabit

406 951 507 1006 pro
530 949 591 989 eo
614 932 642 986 ‘?
669 932 715 1000 (Ι
744 932 869 997 Reg.
905 944 962 994 ιι,
994 925 1106 997 25.)
1138 923 1197 978 in
1239 939 1353 996 quo
1387 939 1499 977 non
1529 937 1701 977 omne
1732 925 2055 993 peccatum,

410 1024 511 1080 sed
541 1018 790 1094 speciale
819 1016 1113 1089 quoddam
1146 1012 1405 1068 moneris
1450 1009 1798 1081 intelligere,
1831 1014 1886 1064 et
1915 1025 2058 1063 con-

408 1129 572 1186 grue.
605 1111 751 1166 Nam
777 1113 834 1162 et
859 1104 1035 1160 David
1068 1104 1125 1158 in
1158 1103 1360 1157 eadem
1384 1098 1627 1155 historia
1648 1097 1856 1170 legitur
1877 1096 2062 1169 gravi-

409 1184 499 1256 ter
528 1199 586 1253 in
610 1196 720 1253 sibi
745 1193 1101 1249 ﬁdissimum
1125 1189 1373 1244 militem
1394 1187 1736 1250 excessisse,
1755 1189 1811 1239 et
1829 1184 2058 1240 veniam

408 1287 696 1344 meruisse
727 1284 773 1357 (1
801 1284 925 1349 Reg.
958 1297 1037 1345 x1,
1068 1280 1154 1345 12)
1176 1296 1189 1344 ;
1214 1276 1316 1331 ﬁlii
1341 1291 1470 1330 vero
1513 1274 1635 1329 Heli
1689 1272 2059 1329 detrahentes

412 1373 767 1432 sacriﬁcium
797 1368 1050 1433 Domini,
1087 1365 1279 1439 gladio
1311 1364 1536 1418 vindice
1582 1363 1916 1417 referuntur
1961 1378 2056 1416 ex-

411 1463 608 1522 stincti
642 1464 688 1534 (l
718 1462 844 1530 Reg.
880 1476 936 1524 ιι,
969 1458 1043 1523 4).
1077 1453 1393 1511 Considera
1422 1450 1508 1507 vel
1541 1450 1655 1518 hic,
1692 1467 1851 1522 rogo,
1879 1466 2057 1522 quam

410 1571 583 1628 grave
615 1551 712 1606 Dei
744 1551 891 1604 ferat
914 1543 1166 1618 justitia,
1200 1542 1246 1597 si
1284 1542 1431 1612 (136)
1467 1540 1739 1612 pontiﬁce
1770 1543 2058 1595 sustracto

409 1626 472 1719 ['f.
523 1638 866 1707 subtracto],
910 1634 1075 1689 istud
1127 1647 1327 1687 verum
1376 1629 1426 1685 ei
1468 1627 1807 1684 detrahatur
1837 1626 2058 1682 sacrifi-

409 1715 587 1801 cium,
621 1732 678 1786 et
708 1728 817 1783 hoc
848 1740 950 1798 per
980 1728 1212 1794 tempus
1244 1718 1566 1785 diutinum;
1591 1716 1639 1772 si
1662 1722 1781 1771 tam
1810 1715 2060 1788 graviter

2173 580 2324 636 szepe
2385 562 2690 629 valetudo;
2745 564 2802 616 et
2858 561 2999 616 dum
3031 559 3268 632 ignarus
3299 556 3559 614 medendi
3586 556 3775 612 bonam

2171 656 2416 709 conatur
2466 651 2859 708 valetudinem
2916 649 3178 715 reddere,
3208 645 3547 720 sanguinem
3584 646 3779 701 bonum

2171 741 2318 796 solet
2348 738 2820 811 turbare.Aceipe
2838 737 3005 810 quasi
3031 737 3375 809 sanguinem
3399 738 3608 790 bonum
3629 734 3781 788 bene-

2166 829 2443 884 dictionis
2457 829 2727 902 spiritum
2739 828 2975 895 ,malam
2989 824 3378 881 valetudinem
3404 822 3780 896 negligentem,

2170 924 2272 973 aut
2303 918 2470 983 forte,
2501 922 2565 972 ut
2595 922 2658 971 tu
2691 917 2882 972 dicere
2934 931 3120 982 amas,
3153 913 3525 969 criminosam
3554 909 3783 983 episcopi

2168 1007 2728 1072 actionem.Vide,ne
2761 1006 2900 1060 dum
2932 1004 3037 1060 tibi
3069 1020 3186 1059 non
3207 999 3500 1073 competit,
3521 998 3781 1075 siquidem

2170 1112 2284 1150 non
2319 1096 2579 1165 i'ungeris
2610 1093 2816 1151 medici
2843 1091 3337 1160 ministerio,dum
3362 1086 3782 1159 insequiniteris

2168 1184 2573 1256 aegritudinem
2606 1182 2891 1250 criminis,
2914 1180 3176 1254 Spritum
3206 1182 3473 1234 sanctum
3498 1176 3680 1249 potius
3698 1174 3783 1230 lie-

2168 1274 2303 1329 dere
2317 1273 2808 1329 videaris.Puteus
2822 1271 2995 1327 etiam
3012 1256 3492 1341 limpidissimam
3509 1270 3621 1320 tam
3642 1264 3782 1336 potui

2167 1378 2343 1433 quam
2377 1361 2606 1419 lavacro
2637 1361 2869 1417 exhibet
2893 1362 3191 1431 aquam,et
3220 1355 3561 1428 plerumque
3587 1351 3782 1426 aliquid

2168 1450 2347 1523 inepti
2383 1468 2558 1523 prope
2580 1454 2739 1521 jacet
2771 1450 2967 1522 ipsum
2998 1451 3280 1512 meatum,
3306 1444 3463 1516 quod
3496 1448 3675 1498 tamen
3695 1458 3784 1497 nec

2167 1541 2479 1596 interdicat
2498 1544 2720 1612 potum,
2744 1555 2850 1593 nec
2884 1536 3147 1608 inquinet
3178 1534 3512 1599 lavacrum;
3546 1530 3784 1585 immisso

2169 1633 2365 1684 autem
2380 1628 2763 1693 uncino,dum
2779 1626 2918 1681 illud
2935 1621 3783 1685 conamurabstrahere,statum

2168 1734 2333 1789 aqua:
2366 1718 2592 1789 cogitur
2621 1717 2876 1771 turbare.
2912 1715 3026 1770 Nec
3057 1712 3257 1768 minus
3289 1714 3483 1765 autem
3506 1707 3621 1762 haac
3641 1706 3785 1762 tertia

410 1797 669 1878 feriendo
683 1797 1046 1881 monstravit,
1076 1810 1213 1882 quid
1233 1807 1502 1904 sibiillud
1517 1804 2061 1904 videbatur-umbra
2090 1839 2136 1904 Β
2168 1805 2493 1862 similitudo
2524 1810 2580 1860 te
2608 1804 2760 1860 valet
2789 1802 3306 1866 commonefacere,
3326 1797 3608 1870 siquidem
3630 1800 3681 1855 et
3699 1812 3785 1867 per

406 1914 590 1969 ticum
613 1908 762 1978 (137)
782 1903 893 1960 nisi
924 1902 1068 1957 forte
1098 1897 1417 1954 tumultum
1449 1895 1678 1950 differre
1722 1893 1910 1947 adhuc
1934 1907 2059 1947 nes-

408 2002 492 2057 cis
523 2001 674 2055 inter
699 1996 969 2050 umbram
998 1994 1054 2045 et
1081 1987 1405 2051 veritatem,
1440 1999 1675 2038 carnem
1728 1980 1954 2053 pecoris
2004 1982 2060 2035 et

410 2104 643 2147 carnem
675 2078 1102 2151 Redemptoris,
1136 2076 1390 2131 cinerem
1420 2070 1610 2129 vitula
1658 2075 1714 2127 et
1761 2086 2059 2126 consecra-

407 2180 625 2254 tionem
657 2167 1021 2230 eucharistim
1042 2165 1071 2221 ‘?
1104 2156 1110 2161 ’

1110 2254 1232 2309 Trr.
1273 2251 1363 2307 IX.

483 2358 569 2411 17.
586 2351 868 2425 Spiritum
893 2350 1084 2402 autem
1110 2348 1377 2397 sanctum
1403 2339 1577 2395 etiam
1600 2335 1885 2410 peccatori
1908 2350 2058 2407 saepe

409 2446 615 2503 adesse
630 2422 1123 2512 —episcopo,etiam
1144 2429 1373 2502 Caiphae
1404 2430 1766 2491 monstratur
1795 2422 2058 2497 exemplo

407 2536 583 2607 (Imm.
617 2547 694 2596 x1,
727 2523 943 2598 49),qui
971 2527 1116 2578 teste
1140 2517 1442 2590 Evangelio
1474 2516 1601 2571 ideo
1630 2520 1751 2570 tam
1782 2514 2061 2569 veraciter

408 2601 601 2696 potuit
630 2620 701 2674 de
731 2614 980 2673 Domino
1012 2608 1376 2683 prophetare,
1410 2605 1549 2677 quia
1597 2603 1851 2676 pontifex
1900 2601 2057 2656 vide-

407 2690 583 2767 batur
609 2706 745 2764 anni
769 2704 928 2760 illius
958 2716 1113 2765 esse;
1139 2697 1291 2769 quod
1311 2700 1367 2751 et
1389 2693 1741 2767 quibusdam
1766 2690 2058 2746 similibus

409 2801 584 2857 rebus
612 2797 783 2867 longe
814 2792 947 2847 licet
974 2785 1301 2859 imparibus
1319 2801 1433 2839 non
1464 2799 1591 2838 esse
1612 2778 1950 2835 incredibile
1969 2796 2063 2833 va-

407 2889 598 2946 lemus
627 2872 893 2958 probare.
922 2875 1099 2932 Verbi
1130 2872 1319 2946 gratia
1357 2870 1443 2926 sol
1497 2887 1628 2924 cum
1686 2868 1745 2922 in
1803 2867 2053 2923 cloacam

407 2980 610 3043 intrat,
628 2955 755 3045 ipse
784 2968 1023 3042 quidem
1050 2964 1305 3020 cloacam
1337 2976 1497 3031 aeque
1517 2955 2057 3030 utpulcherrimum

407 3043 729 3123 triclinium
762 3055 1098 3119 illuminat;
1127 3066 1357 3106 caenum
1392 3052 1584 3103 autem
1638 3044 1937 3118 quodlibet
1983 3043 2061 3100 sit

408 3157 564 3212 intra
614 3150 894 3213 cloacam,
961 3141 1043 3197 nil
1109 3136 1470 3205 obcuritatis,
1512 3134 1594 3190 nil
1635 3138 1910 3206 presteres
1967 3133 2056 3187 in-

410 3205 769 3315 qui-nationis
808 3205 970 3289 radio
1010 3229 1177 3284 ail'ert
1215 3225 1377 3290 solis,
1419 3225 1518 3280 sed
1559 3205 1929 3278 tantumdem
1967 3219 2057 3277 vel
2086 3205 2129 3272 C

410 3310 818 3387 diminutionis
846 3320 934 3376 vel
967 3316 1265 3390 augmenti
1297 3316 1465 3370 afl‘ert
1494 3310 2057 3383 luminis,quantum

410 3421 663 3483 afferret,
697 3415 745 3471 si
772 3411 889 3468 illic
919 3408 1113 3481 paries
1140 3407 1362 3478 jaceret
1390 3401 1514 3457 auri
1548 3399 1872 3474 purissimi.
1906 3400 2056 3454 Tum

384 3526 541 3581 \vcro
574 3506 623 3563 si
651 3502 789 3577 quid
814 3498 1027 3573 jaceris
1046 3495 1201 3551 intra
1222 3492 1879 3562 cloacam,nequaquam
1903 3487 2059 3543 vales

410 3597 746 3668 contingere
775 3605 1028 3653 omnum,
1060 3590 1377 3656 antequam
1423 3581 1605 3636 sofem
1638 3579 1811 3634 ferias
1840 3577 2057 3650 ipsum.

411 3689 506 3745 Sic
537 3665 814 3742 nimirum
852 3680 908 3734 in
938 3677 1178 3740 honore,
1212 3671 1296 3728 sic
1326 3671 1385 3726 in
1417 3669 1633 3740 injuria
1663 3665 2063 3740 quorumlibet

413 3776 605 3850 agitur
618 3763 1228 3844 episcoporum,etiam
1248 3761 1306 3815 in
1333 3758 1628 3830 aliquibus
1654 3755 2058 3823 obnoxiorum;

413 3844 546 3937 ipsa
575 3862 733 3917 enim
765 3854 961 3931 gratiae
994 3853 1112 3917 lux,
1148 3851 1275 3922 ipsa
1296 3844 1641 3911 benedictio,
1670 3845 1792 3915 ipse
1810 3844 2062 3914 Spiritus

414 3932 676 4017 s—anctus,
709 3948 834 4018 ipse
866 3942 953 3999 sol
985 3942 1044 3996 in
1089 3940 1173 3995 eis
1225 3936 1500 3992 habitans
1522 3933 1764 4006 justitiaa
1795 3932 2064 3987 Christus

416 4045 519 4099 aut
546 4039 869 4094 honoratur
897 4034 999 4086 aut
1023 4025 1374 4099 injuriatur;
1406 4028 1462 4079 et
1501 4028 1814 4093 antequam
1869 4036 2063 4091 perve-

417 4131 618 4188 niatur
673 4125 744 4180 ad
803 4120 1021 4177 crimen
1055 4116 1155 4174 88
1186 4114 1339 4187 quod
1401 4111 1570 4167 ferire
1616 4109 1805 4181 quivis
1838 4108 2062 4176 nititur,

416 4219 543 4291 ipse
573 4214 671 4288 qui
703 4212 875 4269 etiam
910 4193 1291 4263 criminosum
1325 4199 1579 4256 illustrat
1612 4198 1836 4253 feritur.
1871 4198 2067 4269 Neque

418 4283 824 4368 ἑοῖσι-1116,ουὶ
855 4295 1001 4354 nihil
1028 4300 1115 4351 est
1146 4287 1527 4363 impossibile,
1565 4287 1784 4341 frustra
1811 4285 1955 4340 dixit
1980 4283 2066 4340 sal

417 4398 771 4459 infatuatum
817 4404 924 4444 nec
974 4386 1033 4440 in
1094 4377 1461 4452 sterquilinio
1518 4375 1853 4448 ponendum
1915 4374 2064 4445 (Luc.

416 4504 529 4555 XIV,
560 4484 674 4555 35);
707 4479 809 4536 sed
842 4481 908 4533 ut
932 4477 1140 4548 printer
1170 4469 1329 4527 aliud
1377 4466 1555 4522 etiam
1605 4463 1714 4519 hoc
1761 4479 2065 4536 agnoscas,

418 4550 888 4649 episcopum,qui
922 4562 1063 4621 salis
1090 4561 1218 4617 ideo
1249 4555 1533 4628 accipitur
1551 4556 1790 4649 vocatus
1812 4550 2065 4618 nomine,
2100 4573 2147 4637 Ι)

2168 1899 2407 1966 puteum
2441 1895 2798 1950 sacerdotem
2832 1894 2891 1947 in
2922 1890 3230 1962 cujusdam
3256 1890 3599 1951 sermone,et
3626 1882 3785 1956 Spiri-

2164 1988 2291 2038 tum
2327 1987 2595 2038 sanctum
2630 1999 2792 2054 aqua:
2823 1980 3060 2036 nomine
3089 1977 3149 2033 in
3169 1974 3482 2049 Evangelio
3502 1974 3672 2030 habes
3698 1989 3783 2045 ap-

2166 2071 2394 2127 tissime
2414 2067 2598 2141 ’(Ιοιιη.
2628 2087 2724 2139 vn,
2758 2069 2871 2140 38).

2875 2159 2996 2213 TIT.
3037 2157 3103 2212 X.

2238 2251 2325 2305 18.
2362 2248 2522 2314 Quod
2572 2263 2703 2303 vero
2735 2263 2768 2301 a
2800 2247 3031 2302 nemine
3061 2243 3174 2299 nisi
3209 2244 3284 2298 ab
3305 2242 3433 2315 ipso
3454 2241 3567 2297 Deo
3589 2238 3787 2312 possint

2159 2337 2413 2408 judicari
2446 2342 2542 2393 aut
2570 2335 2938 2409 reprehendi,
2970 2337 3220 2389 testatur
3240 2328 3551 2405 Apostolus
3573 2328 3784 2401 quibus-

2169 2427 2301 2483 dam
2351 2425 2776 2482 detractoribus
2809 2424 3047 2480 obvians
3081 2439 3093 2477 :
3128 2423 3227 2476 Hie
3243 2422 3389 2492 jam,
3424 2417 3627 2491 inquit,
3656 2430 3785 2489 quae-

2167 2518 2314 2572 ritur
2343 2518 2486 2571 inter
2513 2516 2923 2585 dispensatores,
2973 2519 3033 2567 ut
3089 2506 3266 2582 ﬁdelis
3328 2511 3450 2581 quis
3504 2509 3788 2564 invmiutur

2169 2608 2214 2675 (I
2245 2606 2363 2660 Cor.
2396 2622 2472 2672 vr,
2504 2607 2558 2667 2)
2586 2622 2598 2671 ;
2635 2602 2933 2673 nostrique
2966 2616 3276 2655 assumens
3313 2614 3635 2670 personam,
3665 2596 3783 2650 dum

2167 2693 2427 2751 defendit
2456 2710 2623 2747 suam
2659 2709 2671 2747 :
2707 2692 2814 2759 Qui
2842 2694 3043 2755 autem,
3073 2688 3175 2753 ait,
3213 2687 3434 2759 judico!
3477 2702 3581 2754 me,
3628 2683 3784 2739 Domi-

2166 2801 2269 2838 nus
2300 2782 2482 2856 (Ibid..
2516 2782 2592 2853 4.)
2626 2781 2754 2852 Ipse
2785 2796 3017 2852 quoque
3048 2776 3338 2833 Dominus
3368 2777 3438 2831 de
3470 2772 3782 2831 Pharisais:

2170 2875 2304 2941 Qua:
2332 2872 2541 2935 dicunt,
2574 2868 2785 2941 inquit,
2816 2870 3002 2940 facile,
3031 2881 3155 2939 qua:
3181 2874 3371 2921 autem
3398 2864 3787 2936 faciunt/acere

2166 2962 2334 3016 nolite
2364 2958 2570 3032 (Matth.
2604 2974 2762 3024 xxm,
2794 2957 2870 3025 3).
2903 2957 3028 3011 Non
3059 2954 3224 3022 dixit,
3254 2970 3364 3009 vos
3393 2970 3491 3008 eos
3519 2950 3785 3024 castigate,

2168 3053 2234 3105 ut
2256 3046 2630 3120 nuper(138)a
2651 3046 2907 3118 quodam
2927 3049 3120 3099 actum
3153 3043 3345 3098 scitur
3375 3041 3517 3098 satis
3544 3039 3787 3102 absurde,

2169 3145 2225 3196 et
2254 3139 2383 3193 ideo
2412 3136 2761 3209 indignnum
2792 3133 3100 3190 referre.Ut
3122 3134 3324 3187 autem
3355 3130 3556 3187 exinde
3584 3141 3787 3205 quoque

2168 3226 2412 3299 aliquid,
2445 3223 2581 3279 licet
2603 3240 2706 3295 per
2737 3220 3056 3284 modicum,
3088 3219 3315 3284 dicens,
3350 3236 3443 3274 me
3492 3232 3592 3273 nec
3636 3212 3784 3269 dissi-

2167 3315 2389 3371 mulare
2418 3329 2653 3386 pavore,
2684 3327 2791 3366 nec
2821 3308 3091 3365 assentiri
3127 3309 3342 3376 favore,
3377 3322 3639 3364 excusem
3661 3301 3786 3360 τιυῐί-

2167 3421 2304 3460 nam
2337 3401 2422 3457 illi
2455 3402 2538 3473 [id
2567 3408 2647 3457 est
2672 3398 2814 3472 Regi
2845 3398 2999 3454 Deus
3034 3397 3100 3452 de
3129 3413 3231 3469 quo
3262 3396 3527 3470 loquitur]
3575 3412 3605 3450 e
3648 3389 3785 3447 cmlis

2168 3498 2231 3549 ut
2262 3491 2436 3548 Saulo
2469 3489 2799 3556 clamasset,
2834 3490 2936 3543 aut
2966 3489 3117 3542 certe
3146 3486 3272 3558 ipse
3305 3486 3511 3551 Deum,
3546 3487 3605 3538 ut
3632 3481 3686 3537 in
3711 3494 3787 3534 ve-

2168 3582 2350 3637 ridica
2380 3580 2629 3635 habetur
2656 3576 2975 3648 Scriptura,
3003 3576 3127 3646 jam
3159 3572 3453 3630 clamasse
3479 3570 3784 3628 didicisset:

2171 3672 2429 3727 Tulemnt
2473 3668 2583 3724 sibi
2627 3666 2871 3721 homines
2908 3664 3186 3736 judicium
3229 3679 3417 3719 meum
3446 3662 3576 3735 (Act.
3610 3676 3679 3727 ix,
3706 3655 3788 3727 4);

2172 3759 2373 3831 utique
2421 3762 2543 3812 tam
2592 3753 2896 3810 temerarie
2943 3768 3117 3808 suum
3147 3756 3355 3807 contra
3383 3768 3512 3807 eum
3547 3765 3652 3804 non
3680 3761 3790 3802 erc—

2170 3847 2352 3903 xisset
2381 3842 2641 3901 tribunal
2670 3841 2757 3898 vel
2788 3840 3023 3896 solium.
3057 3840 3169 3896 Sed
3214 3843 3280 3894 ut
3330 3840 3619 3895 modicum
3666 3831 3793 3891 allu-

2173 3939 2307 3992 dam
2342 3935 2413 3989 ad
2442 3935 2682 3999 factum,
2714 3931 2806 3986 cui
2836 3930 3032 4001 potius
3062 3928 3334 4000 generale
3360 3927 3613 3985 omnium
3655 3937 3792 3979 com-

2174 4024 2319 4096 petit
2346 4023 2691 4086 lamentum,
2726 4020 2854 4074 dico
2885 4017 3051 4072 illum
3080 4017 3403 4073 maximum
3426 4011 3794 4073 sacerdotibus

2172 4113 2262 4169 vel
2292 4110 2537 4167 medicis
2566 4110 2896 4164 animarum
2928 4106 2989 4162 in
3029 4106 3139 4161 hoc
3191 4105 3530 4173 contulisse,
3562 4102 3608 4159 si
3649 4096 3793 4170 sequi

2173 4201 2374 4268 velint,
2397 4196 2753 4270 exemplum,
2777 4201 2843 4251 ut
2863 4194 3129 4250 videlicet
3146 4194 3653 4265 noverint,quanta
3681 4202 3794 4242 cen-

2176 4308 2315 4347 sura
2325 4289 2574 4345 debeant
2593 4285 2705 4359 ipsi
2723 4285 2758 4339 li
2767 4285 2988 4358 gandos
3007 4278 3624 4356 ligandorelrenare,si
3639 4277 3796 4348 ligan-

2176 4379 2234 4436 di
2260 4379 2505 4452 ligentes
2521 4380 2686 4432 tanta
2701 4391 2839 4429 cura
2856 4373 3094 4428 student
3122 4371 3359 4443 ligando
3390 4384 3661 4427 coercere.
3691 4364 3798 4452 Qua

2177 4450 2481 4539 diligentia
2511 4468 2773 4534 pastores
2803 4475 3074 4515 erroneos
3104 4459 3176 4513 ab
3205 4459 3505 4514 erroribus
3550 4470 3675 4512 oves
3712 4450 3795 4504 der

2176 4556 2353 4611 beant
2385 4568 2671 4619 revocare,
2705 4550 2754 4605 si
2786 4552 2947 4604 tanta
2971 4546 3271 4621 vigilantia
3300 4547 3442 4619 ipsae
3490 4560 3620 4602 oves
3663 4554 3796 4596 erra-

421 4626 835 4737 ﬁgebant};
866 4652 1127 4709 fidelium
1160 4645 1316 4703 verbi
1348 4626 1555 4714 sapore
1601 4639 1854 4737 cmlestis
1901 4640 2072 4696 debet
2100 4626 2142 4637 ”
2178 4644 2302 4700 tice)
2337 4648 2596 4715 pastores
2627 4639 2866 4695 student
2897 4637 2969 4693 ab
2999 4635 3334 4693 excessibus
3355 4637 3535 4692 etiam
3559 4626 3796 4705 ﬂagellis,

421 4723 678 4814 condire,
710 4749 775 4801 ut
801 4744 969 4800 cibus
1002 4738 1094 4794 Dei
1131 4736 1360 4791 valeant
1399 4747 1546 4795 esse,
1583 4747 1615 4784 a
1645 4727 1807 4783 nullo
1839 4729 2073 4799 penitus
2182 4735 2281 4790 89
2309 4732 2416 4797 vel,
2453 4736 2515 4785 ut
2545 4728 2816 4802 proprius
2846 4726 3055 4791 dicam,
3090 4725 3408 4791 morsibus,
3460 4723 3656 4779 ordine
3699 4729 3798 4772 non

422 4839 537 4896 nisi
569 4837 640 4893 ab
663 4813 798 4907 ipso
824 4829 1251 4901 Omnipotente,
1275 4824 1320 4878 si
1347 4816 1935 4907 deliquerint,aliqua
1958 4835 2072 4889 pae-
2180 4827 2410 4878 tantum
2443 4834 2609 4883 saevo,
2645 4822 2931 4889 quantum
2962 4817 3311 4886 praepostero
3346 4813 3644 4869 deducere,

422 4924 672 4984 nitentia
697 4890 909 4991 eorrigi
940 4931 1110 4988 posse
1131 4911 1217 4967 vel
1241 4906 1617 4972 debere.Quis
1640 4906 1794 4960 enim
1812 4905 2071 4975 judieem
2255 4910 2339 4963 19.
2372 4911 2444 4962 At
2471 4912 2533 4960 tu
2568 4906 2711 4960 forte
2741 4903 3054 4959 contra.Ab
3087 4901 3572 4970 antecessoribus,
3603 4890 3803 4967 inquis,-

415 5016 704 5090 judicare,
734 5005 1009 5080 angelum
1040 5000 1347 5074 corrigere,
1381 4996 1492 5051 nisi
1523 4993 1621 5049 ille
1652 4992 1752 5064 qui
1772 5010 1949 5065 super
1978 5008 2076 5048 an-
2181 4996 2327 5053 meis
2357 4993 2573 5059 audivi,
2605 4992 2825 5048 multos
2856 5008 3058 5047 eorum
3091 4990 3312 5046 exsiliis
3343 4989 3676 5046 destinatos.
3697 4980 3799 5051 Ego

424 5072 587 5179 gelos
619 5072 973 5167 est,audeat,
1009 5072 1235 5147 nedum.
1257 5085 1474 5159 ligare?
1494 5085 1555 5139 In
1587 5099 1702 5137 uno
1733 5098 1965 5154 quoque
1984 5098 2075 5137 eo-
2181 5087 2337 5142 illico
2363 5103 2377 5152 ;
2411 5082 2676 5155 nunquid
2708 5097 2823 5136 non
2855 5084 2911 5135 et
2938 5079 3154 5135 carceri
3185 5076 3588 5150 mancipatos‘?
3607 5072 3800 5137 Nempe

497 5206 646 5280 (136)
676 5210 745 5280 Se
776 5221 809 5259 a
840 5218 948 5280 sua
973 5194 1289 5280 Ve‘ronensi
1322 5192 1709 5280 subtractum,
1743 5192 1799 5243 et
1842 5187 1901 5280 in
1945 5203 2074 5242 car-

426 5264 554 5339 cere
585 5264 880 5334 inclusum
913 5273 1021 5327 hoc
1050 5270 1173 5345 loco
1214 5265 1525 5345 signiﬁcat,
1584 5265 1669 5345 et,
1692 5276 1793 5345 per
1842 5264 2075 5345 tempus

426 5330 725 5410 diutinum
750 5330 795 5404 ὁ.
819 5347 1021 5403 sancto
1050 5341 1243 5397 missze
1268 5330 1560 5393 sacriﬁcio
1591 5330 1933 5388 celebrando
1966 5330 2075 5386 im-

470 5424 714 5482 editum.

428 5444 1060 5564 pealglntimbratimm
1103 5479 1457 5564 sacrificium
1473 5476 1661 5564 ‘vocat
1860 5474 2077 5564 veteris

426 5547 807 5632 Testame'nti,
841 5579 876 5619 a
905 5575 1021 5634 quo
1051 5573 1185 5615 cum
1234 5552 1359 5634 filii“
1386 5547 1511 5606 Heli
1544 5547 1955 5634 retaraxissgent
1977 5561 2077 5619 p0-

424 5613 807 5743 gaia'éjiéﬁi
832 5613 1084 5715 graviter
1112 5622 1302 5711 puniti
1331 5622 1587 5685 fuerunt.
1611 5613 2077 5685 Eucharisticum

2183 5197 2379 5249 autem
2412 5188 2763 5244 sacrificmm
2795 5184 3118 5257 umbratica
3150 5184 3230 5238 illi
3264 5183 3530 5257 opponit,
3552 5184 3607 5236 et
3632 5186 3801 5257 verum

2184 5261 2467 5337 appellat,
2490 5260 2548 5337 in
2580 5276 2695 5337 quo
2727 5256 3065 5337 immolatur
3096 5257 3223 5327 ipsa
3256 5252 3382 5337 εᾲνξο
3436 5252 3799 5337 redempti?)

2185 5320 2733 5418 atquo-celebrando
2756 5326 3073 5384 .Ratherius
3103 5320 3317 5382 carceri
3347 5326 3606 5381 inclusus
3636 5320 3799 5387 impe-

2185 5406 2612 5552 ὼῖῖξὲἳῖθαρεν
2631 5470 2851 5528 scilicet
2871 5469 3045 5552 jussu
3060 5454 3802 5552 .Hugonisre‘gisRat‘belliﬁs

2188 5528 2595 5628 cap—tus'pst'in
2626 5528 2913 5603 carcerem
2935 5528 3277 5619 Papiené'em
3308 5528 3587 5603 deductus
3614 5528 3801 5607 fuerat.
