4054 6190
261 321 398 402 βίω
1180 323 1822 405 ΡιιΑῑιιυοωοιηῑΜ
1867 324 1904 384 I.

2016 320 2074 380 il
2119 319 2292 380 SEX.
2327 353 2402 362 —-
2435 317 2638 380 LlBliI
2681 319 2784 380 ΙΙΙ.
3563 320 3681 379 234

277 451 329 508 si
361 450 492 508 illos
521 451 668 511 velis
685 453 899 512 habere
929 459 1345 522 antecessores,
1378 455 1478 528 qui
1514 455 1621 511 hoc
1653 455 1920 512 autrefe-
1949 456 2007 522 Α
2033 451 2281 508 vindicas
2325 454 2655 522 sanguinem
2698 455 2948 508 nostrum
2973 451 3040 508 de
3067 452 3154 508 his
3200 454 3296 524 qui
3341 451 3592 510 habitant
3620 455 3681 507 in

275 543 488 596 runtur
515 545 620 598 aut
661 540 940 618 leguntur
981 543 1206 610 fecisse,
1239 543 1504 600 invenies
1533 543 1710 600 etiam
1737 545 1808 600 ab
1836 544 1922 599 cis
2032 545 2225 596 terra?
2252 543 2430 613 (Apoc.
2459 559 2537 610 v1,
2593 542 2700 611 10.)
2731 542 2774 597 Ο
2825 557 3002 613 quam
3043 539 3301 596 terribile
3332 540 3678 607 tonitruum,

273 629 491 686 multos
515 621 964 700 exmembratos,
999 632 1350 701 exoculatos,
1377 633 1718 700 excoriatos,
1748 634 1920 688 ﬂam-
2031 637 2372 704 monstrans
2416 647 2550 686 eum
2591 631 2690 704 qui
2713 631 2782 685 ad
2816 629 2924 686 hoc
2955 647 3066 685 non
3101 628 3538 702 expergiscitur,
3561 647 3677 684 non

269 717 385 774 mis
415 719 682 788 traditos,
702 721 861 776 cruci
881 738 1190 796 appensos,
1225 719 1560 777 decollatos.
1593 721 1704 776 Sed
1736 720 1918 777 iuter-
2029 718 2416 774 dormientem
2438 719 2577 786 fore,
2602 719 2703 774 sed
2731 719 2964 790 penitus
2982 723 3301 774 mortuum.
3324 716 3448 772 Non
3472 717 3679 772 dicunt

267 824 411 880 roga
436 807 539 880 qui
570 808 789 866 fuerint
807 807 892 864 illi
916 815 1334 876 antecessores,
1359 817 1418 866 et
1435 809 1564 865 vide
1585 810 1636 865 si
1662 809 1764 865 tibi
1785 827 1917 882 pro-
2029 806 2099 862 de
2121 805 2214 862 his
2229 808 2456 879 quinos
2477 808 2835 874 occiderunt;
2842 809 2967 878 jam
2989 807 3143 862 enim
3162 806 3570 862 eosininferno
3586 805 3674 860 in-

259 895 344 960 sit
372 912 574 953 eorum
621 897 746 952 ﬁeri
794 914 1215 955 successorem.
1265 899 1431 954 Certe
1475 898 1671 953 audivi
1719 899 1930 970 ipsum.
2028 893 2307 951 defective
2333 895 2579 950 cruciari
2611 895 3008 968 sciuntzquod
3029 895 3226 966 utique
3251 895 3361 950 etsi
3391 893 3671 962 dicerent,

262 983 602 1052 Dominum,
625 985 822 1058 ipsum
843 987 1178 1059 pontiﬁcem
1209 1004 1533 1058 summum,
1559 987 1753 1060 ipsum
1783 1005 1918 1044 con-
2026 999 2399 1056 nequaquam
2413 983 2670 1039 divinam
2695 983 2792 1040 illa
2813 984 3082 1056 superius
3101 983 3456 1056 prolatamin
3477 982 3674 1054 aliquo

263 1079 502 1138 sortem,
522 1073 716 1146 ipsum
739 1079 916 1147 caput
944 1077 1235 1143 omnium,
1259 1075 1692 1148 nulloexcepto,
1726 1093 1913 1143 quau-

258 1163 388 1217 tum
410 1162 644 1234 quidem
663 1163 736 1219 ad
757 1163 1016 1220 ofﬁcium
1038 1169 1263 1237 spectat
1282 1165 1913 1237 episcoporum,ipsum

253 1249 462 1326 audivi
493 1251 780 1307 dicentem
804 1251 864 1306 in
891 1252 1204 1326 Evangelio
1230 1253 1416 1308 Deum
1441 1269 1454 1308 :
1475 1255 1608 1310 Ecce
1639 1270 1733 1325 ego
1759 1255 1912 1312 mitto

247 1339 340 1404 ad
373 1356 462 1395 uos
487 1341 777 1412 prophetas
795 1344 847 1398 et
867 1344 1136 1412 sapientes
1167 1351 1218 1398 et
1243 1343 1468 1410 scribas,
1490 1351 1540 1398 et
1569 1359 1639 1398 ex
1667 1345 1746 1398 eis
1772 1344 1912 1398 occip

249 1427 414 1494 detis,
447 1436 500 1484 et
526 1429 870 1499 cruciﬁgetis,
902 1434 953 1485 et
971 1447 1041 1486 ex
1072 1431 1189 1486 illis
1207 1431 1564 1502 flagellabitis
1599 1433 1658 1485 in
1679 1448 1912 1504 synago-

251 1520 338 1589 gis
371 1518 580 1584 vestris,
612 1521 662 1572 et
683 1520 1089 1590 persequemini
1115 1519 1180 1574 de
1207 1522 1424 1575 civitate
1451 1522 1508 1574 in
1539 1521 1833 1584 civimtem,
1852 1524 1914 1574 ut

252 1607 439 1662 veniat
465 1621 631 1676 super
654 1621 744 1662 vos
786 1609 967 1662 omnis
993 1611 1222 1679 sanguis
1238 1609 1425 1679 justus
1474 1611 1572 1680 qui
1597 1607 1806 1682 effusus
1835 1612 1914 1665 est

249 1710 418 1767 super
445 1702 670 1760 terram,
703 1711 736 1750 a
761 1698 1030 1766 sanguine
1057 1697 1190 1752 Abel
1207 1698 1352 1768 justi
1379 1714 1550 1770 usque
1577 1697 1648 1752 ad
1683 1700 1910 1768 sangui-

249 1801 382 1840 nem
415 1781 718 1850 Zachariae,
748 1784 862 1854 ﬁlii
907 1784 1210 1851 Barachiae,
1241 1801 1399 1858 quem
1445 1787 1716 1842 occidistis
1764 1790 1908 1842 inter

249 1872 517 1944 templum
538 1875 591 1928 et
618 1872 834 1939 altare,-
866 1889 1027 1928 amen
1057 1873 1177 1930 dico
1208 1875 1374 1941 vobis,
1420 1877 1636 1930 venient
1659 1875 1772 1930 haec
1789 1891 1904 1930 om-

249 1963 356 2016 nia
413 1976 578 2032 super
623 1963 1029 2032 generationem
1079 1964 1242 2018 istam
1307 1963 1516 2033 (Matth.
1563 1980 1722 2028 xxm,
1773 1965 1903 2035 34);

248 2048 513 2122 itemque
538 2065 551 2104 :
584 2049 807 2121 Implete
824 2067 1137 2106 mensuram
1163 2061 1383 2122 patrum
1400 2063 1701 2108 vestrorum
1721 2053 1904 2122 (Ibid,

248 2140 382 2206 32);
418 2144 474 2193 et
505 2139 756 2194 iterum:
807 2138 1114 2196 Secundum
1158 2141 1270 2196 haec
1309 2141 1586 2212 faciebant
1627 2142 1907 2214 prophetis

243 2237 435 2301 patres
479 2243 668 2284 eorum
714 2228 864 2300 (Luc.
909 2245 987 2296 v1,
1037 2230 1168 2299 26);
1219 2233 1313 2295 et;
1367 2230 1615 2302 Colligite
1662 2233 1907 2302 primum

246 2317 495 2382 zizania,
527 2319 578 2371 et
619 2315 1191 2388 fasciculossalligate
1236 2319 1446 2386 (Matth.
1493 2336 1618 2386 XIII,
1652 2319 1764 2384 30),
1797 2319 1904 2376 hoc

245 2409 358 2470 est,
392 2421 560 2478 pares
589 2403 830 2475 paribus
852 2404 1290 2464 sociale.Habes
1313 2406 1406 2461 his
1435 2407 1717 2480 exempils
1739 2425 1908 2481 gene-

245 2495 538 2550 rationem
573 2510 772 2560 unam,
805 2495 880 2551 da
908 2499 966 2551 et
996 2493 1278 2551 alteram:
1311 2495 1595 2552 Generatio
1633 2503 1906 2554 rectorum

239 2581 592 2639 benedieetur
617 2582 788 2654 (Psal.
822 2599 934 2651 cxi,
967 2583 1042 2654 2).
1085 2583 1188 2653 Da,
1236 2585 1284 2640 si
1334 2583 1513 2649 vales,
1547 2589 1605 2640 et
1649 2588 1902 2642 tertiam.

237 2669 504 2742 Nequeo,
550 2669 769 2743 inquis.
803 2669 863 2726 Si
897 2688 1032 2746 ergo
1055 2673 1284 2746 nequis,
1316 2673 1378 2728 in
1399 2690 1516 2745 qua
1545 2691 1614 2730 ex
1645 2673 1736 2728 his
1762 2675 1904 2731 dua-

241 2760 365 2816 bus
384 2775 484 2814 eos
503 2757 782 2825 invenias,
806 2757 906 2833 qui
928 2759 1060 2827 hoc,
1085 2762 1240 2831 quod
1259 2778 1438 2832 supra
1458 2761 1676 2832 dixisti,
1701 2761 1903 2834 legun-

243 2855 356 2903 tur
402 2846 648 2915 fecisse;
679 2853 737 2902 et
767 2847 972 2903 metire
1002 2864 1070 2903 ex
1100 2847 1332 2904 illorum
1371 2854 1504 2906 actu
1535 2855 1724 2920 tuum,
1756 2859 1813 2906 et
1835 2868 1904 2914 ex

245 2935 726 2992 remuneratione
745 2940 933 3002 tuam,
953 2941 1012 2992 et
1027 2935 1174 3010 elige
1191 2939 1344 3010 quod
1370 2939 1749 3006 volueris,aut
1765 2958 1899 2998 cum

242 3025 356 3081 illa
378 3025 752 3099 generatione
782 3023 1040 3097 pessima
1060 3042 1176 3081 non
1203 3025 1394 3083 solum
1426 3045 1530 3100 pro
1561 3028 1654 3085 his
1685 3046 1815 3102 qua:
1836 3035 1900 3088 tu

241 3115 400 3188 agis,
435 3115 537 3170 sed
569 3117 626 3170 et
646 3129 751 3186 pro
775 3112 866 3168 his
889 3131 1015 3186 quae
1036 3114 1116 3170 illi
1145 3116 1217 3171 ab
1235 3117 1374 3172 Abel
1400 3135 1587 3190 usque
1609 3119 1679 3174 ad
1707 3120 1898 3176 novis-

2022 1069 2340 1144 levigarent
2353 1073 2832 1139 sentcntiam;scd
2847 1073 2917 1128 de
2929 1073 2965 1126 h
2977 1073 3447 1145 is,inquiunt,qui
3462 1077 3602 1129 sunt
3614 1073 3672 1128 in

2023 1161 2513 1232 terra,quiadhuc
2529 1160 2695 1229 alios,
2719 1161 2834 1217 etsi
2849 1161 3144 1228 nontales,
3166 1167 3230 1218 ut
3245 1178 3368 1230 nos,
3385 1166 3578 1218 tamen
3601 1161 3672 1218 de

2021 1265 2258 1320 corpore
2273 1250 2862 1316 nustr0,demembris
2885 1249 3670 1318 nostris,licetadhuc,utfui-

2022 1353 2159 1392 mus
2184 1345 2240 1392 et
2255 1357 2382 1406 nos,
2407 1337 2756 1406 inﬁrmis,de
2771 1337 3058 1393 consortio
3081 1338 3381 1404 nostro,de
3403 1338 3668 1393 ministe-

2022 1423 2108 1478 rio
2134 1431 2350 1494 nostro,
2367 1428 2436 1483 de
2451 1428 2632 1498 gradu
2647 1433 2704 1483 et
2719 1427 2908 1482 ofﬁcio
2931 1432 3128 1482 nostro
3147 1426 3666 1499 persequuntur,in

2022 1529 2283 1570 carceres
2317 1516 2578 1581 trudunt,
2625 1517 2778 1570 fame
2807 1515 3088 1581 cruciant,
3119 1516 3252 1588 gelu
3285 1520 3662 1596 tormentaut,

2021 1601 2241 1659 e.-.siliis
2265 1604 2567 1676 deputant,
2585 1605 2833 1676 prOpriis
2855 1605 3094 1660 sedibus
3108 1605 3366 1676 pulsant,
3390 1606 3665 1662 diversis-

2019 1707 2134 1760 que
2157 1692 2541 1748 attlictiuuum
2558 1694 2870 1764 generibus
2885 1694 3260 1764 injuriantur.
3277 1693 3394 1749 Hoc
3414 1694 3588 1749 etiam
3609 1701 3666 1750 et

2019 1779 2366 1835 universalis
2387 1799 2490 1852 per
2521 1784 2720 1838 urbem
2745 1783 3003 1853 quotidie
3019 1781 3527 1848 clamatEcclesia;
3557 1783 3664 1840 hoc

2018 1865 2278 1939 [subaudi
2305 1867 2542 1943 clamat]
2577 1870 2730 1936 istic,
2767 1870 2861 1926 ubi
2893 1888 2998 1943 per
3025 1871 3330 1943 speculum
3361 1873 3495 1928 etin
3525 1874 3661 1928 aani-

2014 1961 2209 2028 gmate
2239 1957 2282 2027 (Ι
2315 1956 2435 2011 Cor.
2460 1975 2580 2024 xm,
2617 1960 2702 2026 12)
2735 1959 2943 2031 capitis
2975 1961 3066 2015 sui
3102 1959 3504 2033 contemplans
3525 1978 3661 2034 spe-

2015 2045 2184 2112 ciem,
2209 2045 2379 2103 malis
2402 2046 2578 2102 mista
2610 2047 2866 2116 zizauiis,
2909 2051 3178 2122 graviora
3200 2069 3454 2124 persaepe
3475 2070 3510 2108 a
3527 2071 3660 2125 pro-

2013 2133 2178 2205 priis,
2209 2151 2388 2206 quam
2422 2135 2644 2207 patitur
2675 2137 2746 2192 ab
2773 2139 3098 2207 extraneis;
3143 2139 3250 2196 hoc
3288 2145 3346 2198 et
3385 2141 3526 2209 illic,
3559 2145 3659 2200 ubi

2013 2223 2159 2278 facie
2175 2223 2248 2278 ad
2281 2224 2488 2280 faciem
2521 2225 2580 2279 in
2607 2227 2961 2296 quibusdam
2983 2230 3266 2286 membris
3289 2231 3413 2286 suis
3445 2249 3661 2306 magna

2005 2310 2133 2381 jam
2164 2328 2233 2366 ex
2264 2317 2424 2384 parte
2475 2314 2746 2382 exaltata,
2779 2317 2973 2387 ipsum
3007 2323 3205 2389 caput,
3249 2319 3446 2391 ipsum
3477 2323 3662 2376 cernit

2013 2405 2334 2467 auctorem,
2367 2405 2527 2457 tanto
2559 2401 2774 2459 clamat
2801 2407 3104 2472 attentius,
3136 2413 3356 2478 quanto
3387 2407 3658 2465 liberius:

2014 2489 2202 2556 Intret,
2239 2489 2510 2560 inquiens
2541 2493 2600 2544 in
2629 2497 2914 2564 conspectu
2961 2490 3052 2548 tito
3081 2497 3310 2565 gemitus
3339 2498 3660 2568 compedito-

2014 2593 2160 2645 rum,
2193 2577 2355 2632 redde
2383 2579 2580 2633 vicinis
2609 2582 2808 2635 nostris
2859 2584 3171 2654 septuplum
3201 2585 3261 2638 in
3301 2587 3430 2640 sinu
3474 2602 3661 2646 eorum

2085 2665 2232 2720 Psal.
2264 2683 2491 2734 Lxxvm,
2518 2669 2629 2740 11).
2662 2671 2822 2725 Tunc
2842 2686 2978 2742 ergo
3008 2672 3254 2744 quilibet
3275 2675 3394 2731 haec
3415 2675 3660 2733 audiens

2012 2753 2286 2821 vicine,id
2307 2761 2396 2811 est
2415 2757 2679 2828 ejusdem
2702 2761 2936 2827 domus,
2959 2762 3224 2832 ejusdem
3245 2766 3497 2836 familiai,
3523 2767 3658 2826 ﬁdei

2011 2846 2068 2900 et
2119 2845 2558 2916 redemptionis,
2593 2847 2892 2916 catholice,
2943 2850 3454 2926 cbristianissime,
3493 2859 3656 2926 time,

2011 2948 2110 2988 rex
2141 2932 2331 3001 bone‘;
2361 2939 2419 2990 et
2449 2935 2589 2990 dum
2616 2938 2858 3009 gaudes,
2887 2957 3021 2996 cum
3051 2943 3222 2999 audis
3252 2947 3511 3016 quotidie
3553 2950 3656 3005 Ec-

2009 3019 2248 3077 clesium
2280 3023 2507 3080 dicere:
2565 3029 2815 3092 Domine,
2855 3029 3069 3085 salvum
3094 3033 3186 3102 fac
3227 3051 3428 3105 regem,
3463 3043 3656 3095 metue

2009 3110 2165 3182 quod
2193 3112 2460 3182 sequitur
2485 3129 2496 3167 :
2525 3115 2589 3170 Et
2619 3116 2823 3170 exaudi
2849 3133 2948 3172 nos
2979 3119 3038 3172 in
3065 3119 3154 3174 die
3180 3138 3289 3192 qua
3314 3125 3652 3180 invocaveri-

241 3205 470 3260 simum
500 3219 820 3258 memorem
861 3202 1092 3258 Domini
1121 3209 1177 3260 et
1206 3189 1648 3274 benedictionis,
1681 3207 1890 3276 ﬁlium,
1925 3189 1968 3258 C
2003 3215 2128 3254 mus
2156 3206 2208 3254 te
2227 3198 2398 3272 (Psal.
2422 3219 2538 3273 xxx,
2565 3204 2673 3274 10).
2711 3205 2790 3261 Re
2820 3205 2975 3273 enim
3007 3208 3151 3265 satis
3171 3189 3482 3283 perspicua
3511 3216 3650 3286 quid

239 3293 360 3348 hoc
388 3291 546 3347 enim
577 3289 678 3346 illa
709 3292 824 3348 duo
867 3293 1018 3362 (139)
1046 3292 1378 3366 signiﬁcant
1419 3297 1720 3364 vocabula,
1750 3299 1896 3354 fece-

239 3385 407 3450 runt,
443 3397 644 3452 pmnas
674 3380 902 3438 exsolve
927 3399 940 3449 ;
971 3387 1072 3437 aut
1095 3399 1130 3441 a
1151 3385 1550 3454 persecutione
1571 3387 1896 3458 quorumli-

241 3470 347 3525 bet
362 3467 914 3536 ecclesiasticorum,
937 3469 1071 3526 licet
1092 3470 1321 3528 minimi
1345 3473 1588 3540 ordinis,
1613 3474 1897 3547 linguam,

239 3559 368 3613 vim
401 3561 460 3613 et
491 3575 703 3619 manus
731 3557 981 3626 contine,
1016 3559 1154 3632 quia
1185 3559 1296 3632 ipsi
1325 3562 1637 3632 prephetaa,
1664 3563 1772 3633 ipsi
1798 3580 1896 3617 sa-

241 3645 478 3720 pientes
506 3645 783 3702 dicuntur
801 3651 857 3702 et
878 3646 1183 3713 scribaemt
1229 3665 1364 3705 cum
1394 3650 1764 3720 generatione
1816 3665 1902 3704 re-

244 3743 480 3792 ctorum
521 3735 880 3801 benedicere,
925 3741 1144 3791 etcum
1177 3753 1244 3792 ea
1281 3735 1472 3792 valeas
1507 3737 1632 3793 sine
1668 3741 1782 3792 ﬁne
1812 3755 1900 3793 re-

244 3821 610 3898 gnareJN'am
624 3822 674 3880 si
694 3821 1004 3896 vilipendis
1025 3823 1408 3880 criminosum
1433 3825 1903 3898 episcopum,aut

244 3913 431 3970 etiam
457 3911 860 3984 presbyterum
876 3904 1180 3985 suppliciis
1196 3913 1426 3970 afﬁcere
1446 3932 1460 3984 ;
1479 3931 1552 3970 ne
1565 3931 1704 3988 rogo
1719 3915 1904 3988 parvi-

244 4001 475 4074 pendas
505 4003 720 4068 tantos,
747 4017 900 4074 quos
920 4002 1256 4076 evangelica
1275 4003 1382 4058 tibi
1416 4005 1586 4059 modo
1613 4012 1901 4060 monstra-

241 4091 334 4148 vit
363 4087 760 4162 lectio,.usque
789 4090 847 4144 in
865 4090 1042 4146 ﬁnem
1060 4090 1256 4147 saeculi
1277 4091 1608 4149 interfectos
1621 4093 1692 4148 ab
1710 4093 1896 4151 initio.

240 4179 304 4235 Si
357 4194 544 4234 unum
577 4195 693 4233 non
735 4177 952 4234 vereris
1001 4178 1304 4249 injuriare,
1355 4181 1660 4238 considera
1707 4182 1756 4238 si
1805 4201 1903 4238 va-

242 4264 337 4324 les
367 4283 474 4340 pro
521 4266 797 4326 omnibus
827 4270 1116 4323 tormenta
1145 4269 1416 4339 perferre.
1451 4270 1520 4326 Et
1539 4287 1736 4326 revera
1756 4271 1807 4328 si
1837 4289 1906 4328 ex

244 4373 384 4414 meo
416 4354 527 4410 hoc
570 4354 674 4410 tibi
723 4371 968 4412 conarer
997 4361 1277 4424 astruere,
1311 4357 1504 4414 dicere
1553 4365 1782 4431 poteras
1813 4377 1906 4417 me

246 4443 370 4502 mei
404 4460 584 4500 causa
613 4442 871 4502 ﬁnxisse.
905 4443 1070 4498 Nunc
1102 4461 1234 4500 vero
1265 4461 1399 4500 cum
1429 4448 1603 4502 verbo
1634 4447 1906 4504 Veritatis

2003 3288 2112 3345 tibi
2141 3293 2314 3362 putas
2367 3293 2660 3362 prodesse,
2695 3295 2836 3350 dum
2869 3302 3072 3354 oratur
3095 3316 3199 3370 pro
3225 3301 3320 3356 te?
3347 3302 3490 3358 dum
3529 3304 3644 3377 ipsi

2006 3379 2182 3434 etiam
2237 3386 2471 3436 orantes
2505 3399 2616 3436 non
2651 3384 2930 3440 sinuntur
2971 3387 3166 3458 quiete
3197 3389 3384 3446 vivere
3422 3409 3525 3464 pro
3557 3396 3654 3450 te?

2006 3465 2154 3520 Nam
2188 3467 2416 3522 dicente
2453 3470 2726 3540 Apostolo
2750 3478 2808 3526 et
2854 3474 3224 3546 precipiente
3245 3495 3258 3532 :
3279 3479 3440 3534 Orate
3451 3497 3554 3551 pro
3575 3497 3658 3536 re-

2005 3554 2184 3624 gibus,
2215 3554 2443 3610 ducibus
2470 3566 2521 3612 et
2561 3560 2814 3614 omnibus
2835 3563 2932 3632 qui
2950 3563 3010 3616 in
3027 3563 3364 3622 sublimitate
3381 3576 3510 3623 sunt
3528 3585 3656 3623 con-

2006 3642 2186 3696 stituti
2219 3643 2267 3714 (Ι
2289 3645 2421 3698 Tim.
2454 3661 2514 3700 ιι.
2537 3650 2595 3713 2)
2619 3666 2634 3710 ς
2659 3647 2787 3702 vide
2809 3648 2949 3719 quid
2972 3649 3256 3722 sequitur,
3307 3654 3368 3710 Ut
3390 3656 3652 3726 quietam,

2009 3728 2223 3800 inquit,
2253 3734 2307 3786 et
2337 3735 2700 3805 tranquillam
2727 3737 2896 3792 vitam
2921 3755 3172 3807 agamus.
3204 3739 3349 3798 Vide
3378 3743 3556 3817 igitur
3587 3763 3658 3803 ne

2011 3817 2153 3873 dum
2184 3818 2294 3874 hoc
2323 3822 2476 3892 quod
2509 3825 2682 3880 modo
2713 3825 2928 3882 audisti
2951 3827 3360 3894 canitur,Deus
3381 3839 3584 3891 contra
3603 3841 3658 3893 te

2007 3905 2339 3977 invocetur;
2373 3911 2514 3966 dum
2546 3913 2765 3970 scilicet
2807 3919 3120 3988 compediti
3149 3919 3428 3990 clamant,
3462 3931 3566 3997 pro
3595 3944 3658 3984 se

2009 3994 2286 4066 clamant,
2321 4005 2379 4054 et
2399 4017 2598 4056 eorum
2623 4008 2918 4062 consortes
2942 4009 3205 4065 unanimi
3233 4011 3385 4068 sicut
3413 3994 3663 4072 cbarita-

2008 4087 2086 4154 te,
2119 4083 2201 4142 ita
2230 4090 2288 4142 et
2314 4105 2470 4144 voce.

2083 4174 2144 4227 2t
2161 4175 2326 4264 ._Sed
2351 4194 2463 4233 non
2486 4181 2896 4249 exaudiuntur,
2925 4183 3140 4258 inquis,
3161 4190 3312 4246 male
3334 4199 3657 4264 precantes,

2012 4277 2148 4316 cum
2179 4262 2294 4319 Deo
2325 4266 2693 4340 praecipiente
2725 4288 2830 4342 pro
2879 4262 3372 4346 persequentibus
3408 4262 3660 4338 debeant

2013 4365 2180 4405 orare
2208 4353 2414 4420 (Matth.
2457 4371 2512 4422 v,
2547 4357 2656 4423 44).
2707 4357 2956 4430 Optime.
3007 4361 3153 4424 Quid
3185 4366 3339 4436 quod
3387 4370 3570 4424 oratio
3599 4370 3658 4426 in

2014 4436 2210 4528 sinum
2231 4441 2454 4528 orantis
2477 4459 2732 4516 persaepe
2753 4447 3098 4503 revertitur?
3125 4449 3287 4507 Unde
3306 4469 3378 4508 ne
3397 4455 3501 4510 tibi
3526 4473 3661 4528 pue-

245 4533 338 4590 nil
369 4539 587 4590 temere
617 4531 919 4601 minantis,
954 4531 1036 4588 nil
1060 4533 1482 4606 refragabiliter
1509 4535 1904 4606 promittentis

2016 4523 2200 4580 riliter
2227 4527 2596 4598 lenocinaris,
2630 4533 2768 4590 audi
2801 4533 3090 4590 dicentem
3139 4541 3487 4598 Dominum:
3519 4523 3662 4602 beas

241 4621 400 4680 illud
427 4621 652 4678 dictum
684 4621 876 4690 audis,
909 4621 1066 4694 quod
1100 4639 1236 4695 rogo
1257 4622 1537 4695 eﬂ‘ugium
1567 4623 1836 4680 invenis?

961 4712 1084 4767 Ti'r.
1128 4711 1201 4766 ΧΙ

324 4801 418 4856 20.
433 4799 750 4856 Considera
777 4804 835 4856 et
863 4801 1186 4856 orationem
1211 4799 1322 4856 sub
1345 4800 1523 4857 altare
1544 4799 1644 4857 Dei
1676 4806 1910 4874 propter

243 4893 675 4947 testamentum
711 4887 938 4944 Domini
969 4889 1292 4946 occisorum
1325 4891 1688 4956 continuam,
1722 4897 1779 4946 et
1803 4907 1909 4947 nec

245 4976 456 5034 minus
470 4976 650 5032 altare
667 4976 884 5048 ipsum,
905 4979 1048 5033 dum
1061 4982 1120 5033 et
1137 4977 1288 5033 idem
1309 4995 1436 5034 esse
1449 4979 1548 5051 qui
1577 4985 1634 5035 et
1653 4979 1909 5053 pontifex

245 5073 312 5124 et
346 5065 537 5121 hostia
567 5070 676 5133 est,
711 5064 1086 5122 intellexeris.
1116 5066 1459 5122 Formidans
1491 5067 1906 5138 animadverte,

244 5170 422 5228 rogo,
455 5171 704 5228 quorum
738 5154 1036 5227 postulent
1087 5154 1438 5210 vindictam:
1492 5157 1786 5229 Usquequo,
1819 5157 1906 5212 in-

246 5243 492 5318 quiunt,
527 5244 772 5311 Domine,
813 5248 1034 5299 sanctus
1065 5248 1117 5300 et
1135 5245 1323 5316 justus
1352 5245 1455 5300 90
1483 5261 1594 5300 non
1621 5245 1840 5318 judicas
1859 5250 1909 5302 et

331 5350 482 5416 (139)
522 5349 628 5405 Illa
663 5349 768 5405 duo
819 5349 1041 5406 scilicet
1076 5349 1357 5405 vocabula
1388 5351 1676 5406 Zachariaa
1715 5358 1772 5406 et
1801 5357 1908 5406 Ba-

247 5419 496 5490 rnchiai,
531 5438 659 5493 quae
684 5421 743 5476 in
768 5421 1069 5493 praemisso
1092 5421 1340 5476 Matthaai
1367 5422 1702 5478 testimonio
1731 5423 1911 5478 conti-

245 5501 498 5558 nentur,
531 5493 785 5565 usquead
798 5494 1128 5565 sanguinem
1142 5493 1429 5550 Zachariae
1459 5494 1572 5565 ﬁlii
1598 5495 1907 5561 Barachiee,

246 5565 572 5636 Zacharias
605 5563 785 5636 enim,
821 5563 1023 5620 Latine
1068 5569 1332 5636 memoria
1349 5563 1908 5636 Domini;redditur,

246 5634 578 5702 Barachias
618 5634 938 5696 benedicens
969 5635 1304 5701 Dominum,-
1343 5640 1400 5694 et
1435 5636 1654 5697 idcirco
1702 5634 1908 5714 hujus;

583 5760 852 5831 Parion.
897 5759 1207 5834 CXXXVI.

2015 4621 2202 4673 autem
2245 4632 2356 4671 non
2395 4619 2560 4688 faciet
2604 4620 2906 4678 vindictam
2947 4624 3240 4681 electorum
3280 4644 3506 4687 suorum
3551 4635 3662 4690 cla-

2014 4709 2288 4764 mantium
2317 4707 2386 4762 ad
2414 4723 2472 4762 se
2496 4707 2584 4763 die
2630 4726 2695 4764 ac
2720 4714 2892 4778 nocte,
2925 4716 2977 4768 et
3000 4716 3330 4785 patientiam
3357 4720 3574 4779 habebit
3602 4725 3663 4779 in

2015 4799 2151 4853 illis.
2187 4797 2356 4852 Amen
2403 4795 2522 4851 dico
2552 4798 2719 4864 vobis,
2754 4799 2861 4854 cito
2901 4803 3068 4873 faciet
3113 4805 3412 4864 vindictam
3436 4811 3662 4868 illorum

2017 4887 2172 4960 (Luc,
2204 4902 2364 4952 xvni,
2385 4887 2465 4953 7).
2521 4885 2587 4940 Et
2631 4885 2774 4942 Job:
2827 4889 3048 4956 Anima,
3099 4891 3198 4962 ait,
3250 4897 3664 4958 vulneratorum

2016 4975 2297 5043 clamabit,
2329 4979 2380 5030 et
2409 4975 2549 5029 Deus
2572 4975 2810 5032 inultum
2831 4979 2984 5034 abire
3001 4996 3104 5036 non
3125 4987 3345 5054 patitur
3363 4989 3485 5054 (Jub
3505 5007 3662 5059 xxxv,

2020 5066 2128 5133 12).
2161 5063 2326 5119 Alius
2351 5067 2584 5120 autem:
2620 5066 2698 5120 Ne
2736 5067 3037 5139 relinquas,
3085 5069 3277 5144 inquit
3297 5079 3420 5147 post
3465 5084 3517 5133 te
3543 5095 3664 5137 ma-

2018 5153 2284 5214 ledicere;
2313 5154 2696 5210 maludicenlis
2740 5157 2888 5211 enim
2917 5159 3020 5213 tibi
3046 5161 3107 5214 in
3136 5165 3436 5234 afﬂictione
3463 5170 3668 5225 animo:

2016 5258 2138 5300 suae
2185 5241 2511 5298 exaudietur
2548 5245 2724 5300 oratio
2771 5246 2928 5317 ejus;
2972 5250 3227 5309 exaudiet
3274 5263 3456 5312 autem
3505 5260 3668 5316 illum

2017 5349 2176 5404 modi
2209 5347 2682 5422 interpretatione
2711 5355 2884 5407 utens
2913 5351 3006 5410 hic
3037 5355 3118 5411 ait
3145 5373 3158 5412 :
3193 5359 3364 5422 Usque
3389 5363 3460 5418 ad
3486 5367 3668 5422 novis-

2017 5423 2220 5497 simum
2247 5435 2541 5497 memorem
2565 5421 2802 5491 Domini,
2832 5431 2883 5479 et
2910 5426 3093 5497 ﬁlium
3122 5421 3528 5492 benedictionis.
3560 5421 3666 5493 Νο-

2018 5493 2305 5582 είίςςδίιηαηι
2334 5491 2640 5582 injqu‘itriut!
2667 5509 2870 5582 omnes
2901 5491 3212 5572 signiﬁcet,
3235 5505 3335 5579 qui
3377 5491 3668 5582 usquead

2019 5565 2196 5620 ﬁnem
2229 5563 2436 5620 mundi
2463 5563 2644 5620 futuri
2674 5571 2833 5626 sunt.
