3988 6180
410 336 530 395 235

1339 327 1715 391 RATHEHII
1758 324 2000 389 EPlSC.
2048 324 2338 388 VEllON.
2384 320 2559 386 OPP.
2603 319 2802 384 PARS
2849 320 2896 382 l.

3696 317 3810 384 236

410 475 557 525 Deus
586 468 684 539 qui
708 466 837 538 fecit
864 481 989 521 eum
1009 465 1194 538 (Eecli.
1233 480 1309 532 iv,
1335 464 1403 533 5;
1436 467 1527 519 et:
1556 462 1664 531 Qui
1709 462 1905 518 auertit
1951 476 2051 515 au-
2083 460 2137 527 Α
2164 461 2228 513 tu
2259 456 2406 512 forte
2434 454 2616 512 volvis
2646 454 2892 511 interius
2924 454 3094 526 (143),
3142 452 3283 525 quid
3313 452 3463 509 inter
3491 452 3615 509 haec
3638 469 3814 526 agen-

409 574 523 614 rem
551 573 711 612 suam
737 573 771 611 a
798 555 1036 611 clamore
1057 554 1341 627 pauperis,
1362 560 1414 608 et
1444 553 1556 624 ipse
1584 550 1845 607 clamabit
1872 557 1923 605 et
1948 563 2059 603 non

411 646 757 720 exaudietur(
790 648 950 701 Prov.
982 662 1099 700 xxx.
1135 644 1262 713 13);
1311 646 1403 698 et:
1445 642 1636 700 Videns
1664 640 1780 696 uidi
1809 640 2061 712 afﬂictio-

405 755 533 794 nem
553 737 749 810 populi
776 737 905 803 mei,
940 738 991 790 et
1017 736 1279 806 gemitum
1308 748 1497 788 eorum
1528 731 1720 787 audivi
1747 728 1937 799 (Exod.
1972 744 2057 793 ιιι,

405 825 504 896 7);
539 829 634 881 et:
685 825 922 894 Sanguis
968 823 1098 878 Abel
1126 823 1331 877 clamat
1377 819 1448 875 ad
1476 837 1562 876 me
1606 819 1673 876 de
1723 822 1871 874 terra
1902 815 2056 889 (Gen.

408 930 485 981 1v,
522 913 608 984 10)
635 930 649 980 ;
681 915 738 967 et
763 928 774 967 :
810 911 1158 967 Desiderium
1183 925 1493 982 pauperum
1522 908 1926 984 eraudivitﬂl
1955 905 2058 960 Do-

408 1004 615 1069 minus,
638 1009 690 1057 et
717 1002 1095 1056 clamauerunt
1113 1000 1276 1071 justi,
1304 1007 1354 1055 et
1374 999 1638 1054 Dominus
1662 995 1948 1052 exaudiuit
1975 1008 2062 1049 eos

411 1089 583 1158 (Psal.
604 1105 657 1156 x,
694 1086 806 1159 16).
829 1105 841 1155 ;
876 1091 968 1142 et:
1003 1092 1177 1144 Juxta
1197 1090 1275 1143 est
1296 1087 1556 1141 Dominus
1580 1085 1665 1139 his
1682 1087 1775 1156 qui
1800 1083 2062 1139 tribulato

412 1185 539 1233 sunt
569 1177 746 1241 corde,
779 1184 829 1231 et
877 1176 1111 1230 humiles
1156 1176 1357 1246 spiritu
1386 1173 1619 1229 saluabit
1659 1172 1829 1245 (Psal,
1860 1187 2061 1242 xxxm,

414 1268 529 1339 19).
564 1265 672 1330 Qui
705 1268 900 1320 autem
932 1264 1066 1331 scis,
1104 1268 1301 1318 utrum
1333 1267 1391 1319 te
1422 1264 1718 1329 conversio,
1744 1261 1887 1334 ipsis
1905 1260 2063 1315 vide-

416 1354 553 1410 licet
583 1370 685 1426 pro
720 1357 778 1409 te
824 1351 1342 1417 intercedentibus,
1374 1368 1447 1406 an
1481 1350 1704 1424 perdito
1745 1349 2061 1417 salventur,

419 1444 561 1499 dum
595 1442 779 1499 oratio
806 1440 901 1514 pia
932 1458 1047 1496 non
1080 1440 1150 1496 ad
1182 1444 1258 1507 te,
1310 1440 1410 1496 sed
1443 1440 1501 1495 in
1534 1439 1733 1494 sinum
1760 1438 2068 1493 revertitur

419 1549 620 1589 eorum
653 1549 687 1586 a
718 1531 934 1603 quibus
963 1533 1054 1585 est
1082 1529 1261 1585 fusa?
1292 1534 1355 1584 ln
1386 1545 1501 1600 quo
1530 1545 1644 1583 non
1677 1527 1810 1600 plus
1841 1525 2062 1595 afﬂicti,

418 1639 595 1694 quam
625 1620 807 1675 totius
833 1618 1119 1687 Ecclesiae,
1138 1617 1293 1675 inter
1313 1634 1457 1689 quos
1479 1616 1654 1673 etiam
1688 1620 1752 1672 tu
1783 1620 1986 1671 contra
2008 1620 2065 1671 te

419 1710 640 1766 clamas
670 1725 774 1781 pro
807 1706 1042 1775 afﬂicto,
1095 1705 1476 1763 clamantium
1525 1722 1693 1762 voces
1723 1709 1777 1761 te
1799 1704 2069 1761 convenit

415 1799 731 1856 formidare
756 1796 1073 1852 dicentium
1103 1796 1248 1869 (140)
1269 1814 1288 1850 .·
1320 1796 1529 1867 Adjuva
1556 1811 1674 1860 nos,
1704 1795 1840 1850 Deus
1858 1794 2064 1848 saluta-

414 1893 496 1946 ris
524 1895 707 1943 noster
736 1887 908 1955 (Psal.
942 1902 1178 1951 LXXVIII,
1194 1883 1249 1954 9)
1276 1902 1289 1951 ;
1324 1888 1415 1940 et:
1447 1887 1603 1951 Deus,
1640 1885 1699 1939 in
1727 1882 2068 1954 adjutorium

415 1995 599 2034 meum
644 1974 867 2030 intende
895 1973 1067 2046 (Psal.
1120 1990 1268 2039 ωαχ,
1312 1975 1406 2040 2);
1456 1976 1548 2027 et:
1595 1972 1841 2038 Domine,
1892 1971 2065 2026 libera

418 2068 666 2122 animam
694 2079 814 2118 mea
857 2079 891 2118 a
939 2062 1103 2116 labiis
1144 2061 1455 2133 iniquitatis
1484 2067 1535 2116 et
1582 2077 1615 2116 a
1659 2060 1854 2129 lingua
1882 2058 2066 2115 dolosa

418 2155 769 2225 (Psal.cx1x,
803 2152 872 2219 2;
904 2153 998 2206 et:
1049 2150 1469 2222 szfundantur
1514 2165 1698 2205 omnes
1744 2150 1840 2220 qui
1883 2156 2066 2204 osten-

419 2243 557 2299 dunt
572 2244 741 2298 seruis
761 2242 869 2297 tuis
887 2241 1036 2295 mala
1056 2238 1233 2312 (Dan.
1254 2240 1433 2307 ιιι,44;
1449 2243 1537 2294 et:
1561 2238 1755 2294 Libera
1772 2253 1888 2306 nos,
1906 2239 2064 2305 Deus,

420 2334 483 2387 in
528 2330 881 2386 mirabilibus
910 2330 1040 2399 tuis,
1071 2332 1123 2383 et
1151 2328 1218 2382 da
1248 2328 1486 2397 gloriam
1512 2328 1725 2382 nomini
1753 2334 1845 2383 tuo
1877 2327 2065 2399 (lbid.,

418 2437 576 2485 XLIII,
593 2421 666 2491 4),
683 2419 812 2474 Haec
825 2417 981 2473 enim
1005 2416 1165 2493 ethis
1184 2415 1818 2471 similiainﬁnitissima
1836 2414 2066 2472 liberati

420 2511 560 2566 dum
587 2507 863 2574 clamant,
886 2506 1014 2561 sine
1042 2505 1219 2560 dubio
1239 2522 1343 2578 pro
1365 2503 1684 2560 liherandis
1706 2504 1987 2575 clamant;
2013 2509 2070 2563 et

418 2615 480 2655 re
510 2615 627 2654 non
658 2597 859 2652 minus
879 2598 1114 2667 experta
1135 2611 1310 2667 quam
1332 2610 1487 2650 vera.
1510 2593 1711 2649 Nonne
1736 2594 1903 2651 audis
1926 2610 2069 2668 quo-

417 2687 560 2742 tidie
581 2685 759 2751 istud,
790 2689 847 2739 et
868 2683 978 2739 hoc
1000 2682 1204 2738 usitari
1230 2683 1287 2738 in
1313 2681 1548 2750 saeculo,
1573 2698 1765 2755 regem
1787 2700 1890 2756 pro
1913 2699 2067 2756 rege,

416 2776 554 2831 licet
584 2774 706 2829 sint
755 2771 1172 2840 inimicissimi,
1197 2772 1339 2827 dum
1368 2771 1775 2843 unusquisqus
1805 2772 2073 2828 videlicet

417 2861 701 2937 prospicit
729 2860 866 2928 sibi,
901 2859 1223 2932 saepissime
1244 2858 1427 2933 loqui,
1459 2859 1797 2933 episcopum
1822 2877 1925 2933 pro
1956 2860 2073 2933 epi-

417 2968 615 3025 scopo,
647 2948 923 3005 clericum
955 2965 1058 3020 pro
1090 2946 1319 3015 clerico,
1352 2947 1705 3003 monachum
1739 2964 1842 3020 pro
1876 2965 2073 3005 mona-

418 3038 771 3108 cho,laicum
784 3053 887 3109 pro
900 3035 1068 3102 laico,
1086 3034 1369 3107 juidicem
1385 3035 1714 3109 projudice,
1731 3036 2071 3111 pincernam

418 3145 523 3203 pro
556 3127 852 3200 pincerna,
885 3129 961 3193 et,
989 3128 1055 3179 ut
1075 3125 1145 3180 ad
1169 3123 1456 3180 vilissima
1474 3142 1775 3197 quanqum
1811 3142 2072 3182 necessa-

2172 546 2344 613 dum,
2370 545 2418 601 si
2442 548 2643 600 contra
2668 560 2866 599 meum
2886 542 3098 615 aliquis
3124 541 3358 598 illorum
3381 546 3697 616 consurgat
3715 542 3818 598 im-

2169 633 2395 706 perium
2408 633 2562 699 ?Quo
2592 636 2759 706 pacto
2790 632 2846 687 id
2878 632 3065 704 possit
3093 631 3444 703 contingere,
3460 647 3689 703 nequeo
3721 647 3817 687 co-

2170 722 2375 796 gitare.
2409 722 2600 777 Tuum
2626 722 2780 776 enim
2832 721 3123 794 quomodo
3159 719 3377 776 ambiat
3405 719 3688 776 honorem
3722 721 3819 792 qui

2173 810 2400 867 obtinet
2416 809 2775 882 superiorem
2787 809 2872 864 ?N
2877 825 2969 864 am
2985 807 3085 881 qui
3103 809 3290 880 major
3301 807 3475 863 etiam
3496 812 3599 864 tuo
3620 824 3822 864 cense-

2144 902 2270 954 :tur
2288 897 2536 971 judicio,
2559 898 2659 971 qui
2680 896 3031 963 instituitur,
3054 914 3128 953 an
3160 913 3264 969 per
3292 913 3467 969 quem
3491 896 3625 970 quis
3654 897 3823 953 insti-

2172 986 2401 1043 tuitur?
2421 987 2567 1042 Cum
2588 1002 2723 1041 vero
2763 985 3106 1059 praecepisse
3136 985 3449 1042 Dominum
3481 984 3698 1058 legeris
3719 988 3826 1040 Sa-

2172 1075 2352 1132 mueli
2383 1075 2625 1132 dicendo
2646 1093 2659 1131 :
2683 1076 2849 1132 Sume
2877 1092 3047 1131 cornu
3076 1075 3202 1140 olei,
3234 1078 3286 1130 et
3313 1074 3466 1140 vade,
3496 1090 3642 1146 unge
3664 1073 3829 1130 illum

2173 1166 2220 1238 (Ι
2248 1167 2371 1237 Reg.
2404 1181 2519 1220 XVI.
2556 1165 2629 1236 1),
2663 1163 2750 1220 vel
2772 1164 2940 1220 illum
2970 1164 3027 1219 in
3067 1180 3297 1236 regem;
3330 1163 3558 1219 Nathan
3590 1180 3831 1236 quoque

2172 1257 2231 1310 et
2270 1252 2494 1310 Sadoch
2525 1252 2767 1309 unxisse
2796 1252 3006 1326 legeris
3037 1251 3404 1308 Salomonem
3437 1251 3537 1309 92
3571 1253 3670 1323 (III
3698 1254 3829 1325 Reg.

2172 1360 2213 1411 1,
2247 1343 2371 1411 115);
2400 1358 2580 1414 quare
2610 1346 2812 1397 utrum
2837 1340 3051 1398 alicubi
3080 1340 3372 1397 inveneris
3394 1341 3724 1413 quemlibet
3749 1358 3834 1397 re-

2173 1447 2317 1503 gum
2334 1430 2592 1499 unxisse,
2617 1430 2749 1487 licet
2768 1429 2998 1503 legatur
3011 1429 3339 1486 instituisse
3355 1431 3732 1487 sacerdotum
3746 1430 3833 1488 vel

2174 1519 2595 1592 prophetarum
2627 1519 2917 1592 aliquem;
2950 1523 3008 1575 et
3041 1519 3267 1575 videbis
3299 1520 3430 1593 quis
3460 1537 3666 1577 eorum
3700 1525 3838 1594 post

2174 1608 2360 1664 Deum
2393 1607 2587 1664 locum
2619 1608 2879 1664 obtineat
2909 1608 3292 1681 superiorem.

2852 1706 2979 1762 TIT.
3027 1706 3148 1763 XII.

2245 1797 2335 1850 2‘2.
2361 1794 2578 1851 Omnes
2597 1798 2793 1851 autem
2806 1794 3072 1852 Ecclesiae
3089 1795 3214 1866 filii,
3238 1795 3389 1853 inter
3409 1812 3558 1869 quos
3573 1799 3636 1852 tu
3652 1796 3837 1854 etiam

2176 1883 2526 1953 numeraris,
2580 1883 2628 1938 si
2662 1888 2855 1940 tamen
2887 1901 3004 1941 non
3036 1885 3392 1957 dedignaris,
3419 1884 3468 1942 si
3506 1888 3743 1958 patrem
3777 1890 3844 1943 ut

2175 1971 2457 2039 Absalon,
2485 1973 2689 2029 arbore
2718 1973 2943 2030 vindice
2987 1973 3351 2043 multandus,
3395 1991 3667 2030 maerore
3721 1992 3842 2032 non

2178 2062 2551 2134 persequeris
2599 2064 2674 2133 (II
2717 2063 2846 2132 Reg.
2890 2080 3051 2129 xvm,
3099 2062 3199 2135 9);
3252 2062 3300 2119 si
3332 2062 3562 2137 vipereo
3623 2063 3840 2120 matris

2174 2149 2402 2206 viscera
2430 2166 2528 2206 ore
2557 2167 2672 2206 non
2697 2150 2874 2218 redis,
2899 2154 3155 2208 attamen
3178 2151 3379 2219 facias,
3412 2152 3595 2208 facias
3612 2155 3843 2220 tamen,

2176 2237 2332 2294 inter
2362 2255 2461 2297 eos
2493 2239 2842 2307 numeraris,
2880 2240 2979 2295 sed
3012 2240 3145 2296 vide
3178 2257 3249 2296 ne
3280 2238 3619 2297 haereditate
3650 2246 3713 2297 et
3741 2258 3840 2298 co-

2177 2326 2515 2383 hzereditate
2553 2326 2788 2384 illorum
2821 2345 2855 2383 a
2904 2332 3083 2385 temet
3130 2328 3438 2397 frauderis,
3466 2345 3700 2399 omnes,
3753 2331 3845 2387 in-

2179 2432 2380 2488 quam,
2414 2416 2679 2473 Ecclesia:
2706 2417 2811 2473 ﬁlii
2834 2420 2935 2473 aut
2957 2417 3027 2474 de
3058 2422 3213 2474 sorte
3234 2422 3374 2474 sunt
3400 2417 3635 2475 Domini
3668 2424 3731 2476 et
3747 2437 3849 2494 ap-

2177 2502 2474 2578 pellantur
2500 2504 2694 2561 clerici
2715 2511 2772 2560 et
2803 2505 3110 2575 monachi;
3145 2511 3245 2562 aut
3273 2509 3413 2562 sunt
3452 2506 3728 2564 Ecclesia:
3762 2511 3849 2565 fa-

2180 2593 2618 2667 muli,episcopi
2640 2611 2774 2651 vero
2796 2594 3143 2665 confamuli;
3167 2600 3271 2651 aut
3291 2595 3652 2652 laboratores
3669 2598 3849 2670 (144),

2181 2684 2333 2740 servi
2367 2687 2423 2740 et
2452 2683 2643 2751 liberi,
2676 2687 2777 2739 aut
2827 2682 3045 2740 milites
3085 2684 3271 2758 regni.
3321 2683 3558 2741 Domini
3589 2702 3728 2742 vero
3758 2690 3856 2743 est

2181 2776 2334 2828 terra
2357 2772 2526 2846 (Psal.
2562 2774 2805 2841 111,1),et
2836 2776 2947 2828 tuae
2976 2773 3299 2830 defensioni
3333 2774 3688 2844 commissa;
3715 2776 3852 2833 red-

2184 2860 2342 2916 ditus
2374 2878 2507 2918 vero
2529 2863 2659 2933 ejus
2689 2866 2791 2917 aut
2819 2865 3023 2919 sancta
3043 2867 3381 2919 sanctorum
3408 2868 3553 2919 sunt
3582 2864 3854 2931 Domini,

2181 2952 2239 3003 et
2270 2949 2341 3004 ad
2365 2950 2471 3020 jus
2503 2950 2798 3021 pertinent
2825 2951 3218 3018 sacerdotum,
3254 2966 3358 3007 nec
3390 2969 3425 3007 a
3456 2951 3722 3025 quolibet
3745 2970 3855 3010 au-

2180 3036 2318 3093 ferri
2345 3041 2615 3110 possunt,
2638 3037 2753 3094 nisi
2771 3039 2872 3112 qui
2895 3039 3196 3112 publicum
3211 3041 3582 3098 committere
3595 3058 3715 3097 non
3741 3043 3860 3097 for-

2184 3126 2369 3181 midat
2394 3126 2767 3199 sacrilegium
2797 3146 2811 3196 ;
2846 3132 2947 3184 aut
2976 3129 3059 3185 tui
3091 3128 3414 3202 imperialis
3444 3132 3573 3202 [leg.
3603 3132 3776 3202 sunt]
3802 3130 3857 3187 si

419 3199 508 3274 ria
534 3199 784 3282 veniam,
820 3213 1098 3287 pistorem
1130 3230 1234 3285 pro
1283 3212 1520 3286 pistore,
1552 3230 1804 3286 coquum
1846 3232 1949 3288 pro
1980 3232 2075 3272 co-
2107 3199 2150 3267 C
2179 3215 2360 3286 juris,
2392 3219 2469 3284 et,
2499 3219 2658 3289 puto,
2691 3233 2793 3273 nec
2814 3233 2947 3273 vero
2961 3199 3349 3290 judico‘quod
3377 3199 3580 3275 nullus
3611 3199 3857 3276 auferre

422 3305 585 3379 quo?
615 3304 675 3360 Si
712 3305 848 3376 ergo
898 3319 1004 3359 nos
1051 3301 1298 3358 invicem
1329 3320 1432 3375 pro
1463 3302 1766 3376 participio
1790 3304 2073 3376 juvamus

422 3393 733 3460 ordinis,in
753 3392 966 3465 quibus
984 3395 1073 3447 est
1098 3391 1722 3464 maximaimperfcctio
1745 3392 2074 3461 charitatis;

428 3483 569 3556 quid
608 3481 739 3537 illos
771 3484 944 3554 putas
988 3498 1091 3553 pro
1122 3481 1245 3536 suis
1276 3481 1646 3537 consortibus
1676 3498 1847 3553 agere
1877 3482 1975 3553 qui
2004 3483 2073 3538 il-

425 3573 565 3639 lam,
598 3588 716 3645 qua
746 3571 934 3643 major
960 3568 1125 3625 nulla
1153 3574 1243 3626 est
1265 3570 1312 3643 (Ι
1341 3569 1598 3636 Cor.xnl,
1625 3569 1735 3642 13),
1769 3570 2074 3627 charitatis

427 3677 619 3719 arcem
664 3677 781 3716 non
828 3659 1021 3715 solum
1051 3660 1461 3725 conscendere,
1507 3660 1608 3716 sed
1639 3662 1839 3727 etiam,
1872 3660 1919 3716 si
1951 3661 2074 3718 fieri

424 3754 641 3823 posset,
674 3750 1085 3805 transcendere
1133 3749 1381 3804 nitentes
1411 3749 1581 3818 (141),
1626 3750 1768 3804 dum
1798 3753 2076 3822 ponerent

423 3838 653 3893 animas
672 3854 774 3909 pro
792 3837 1019 3903 amicis,
1040 3835 1212 3891 etiam
1233 3854 1337 3907 pro
1355 3837 1501 3909 ipsis
1517 3838 1761 3894 orabant
1777 3838 2073 3895 inimicis?

418 3927 506 3982 An
524 3943 638 3981 non
655 3925 984 3998 putandum
998 3941 1126 3992 nos,
1142 3923 1277 3979 licet
1290 3924 1681 3998 negligentius
1695 3925 1878 3981 multo
1895 3944 2071 4000 quam

421 4013 671 4086 expedit,
688 4014 949 4068 debitum
973 4012 1057 4068 eis
1071 4012 1351 4068 honorem
1371 4014 1712 4083 deferentes,
1737 4018 1794 4070 et
1814 4013 2072 4086 quotidie

422 4102 484 4158 in
517 4101 799 4157 auxilium
841 4101 1357 4173 defensionemque
1402 4101 1736 4158 invocantes
1785 4104 2070 4169 deserere,

424 4191 526 4264 qui
572 4190 733 4263 ipsos
780 4189 1048 4245 inimicos
1102 4190 1391 4245 timebant
1437 4190 1727 4263 negligere
1766 4192 1961 4263 (1112)?
2000 4195 2074 4250 At

425 4280 571 4336 forte
582 4281 689 4347 ais,
713 4279 915 4334 volunt
936 4279 1198 4350 quidem,
1217 4279 1317 4335 sed
1342 4280 1594 4350 peccatis
1608 4282 1822 4336 nostris
1844 4299 2071 4338 meren-

422 4367 919 4440 tlbus,nequeunt
945 4368 1101 4433 Quae,
1124 4383 1262 4441 rogo
1284 4366 1384 4422 illa
1413 4367 1733 4436 beatitudo,
1759 4387 1934 4442 quam
1966 4372 2070 4427 ali-

424 4474 543 4530 qua
572 4457 838 4512 inefﬁcax
859 4455 1151 4519 excruciat
1170 4455 1381 4527 cupido
1396 4456 1424 4511 ?
1445 4474 1573 4528 qua:
1597 4457 1862 4528 felicitas,
1893 4478 2068 4533 quam

2183 3305 2407 3377 absque
2437 3305 2774 3378 praajudicio
2820 3305 3009 3362 valeat
3051 3297 3292 3379 capitis;
3326 3312 3429 3363 aut
3448 3308 3709 3380 [subaudi
3738 3308 3858 3380 sit]

2182 3393 2506 3450 incolarum
2532 3393 2665 3467 pagi
2694 3412 2709 3464 ;
2742 3395 2896 3468 quod
2924 3395 3182 3476 [subaudi
3199 3396 3323 3467 jus]
3347 3397 3447 3469 qui
3480 3400 3725 3453 conatur
3758 3397 3859 3453 in-

2181 3484 2410 3548 vadere,
2432 3481 2604 3555 legali
2627 3488 2925 3540 coercelur
2944 3484 3263 3541 sanctione.
3279 3485 3680 3541 Sacerdotium
3702 3502 3860 3542 vero

2184 3587 2218 3626 a
2239 3571 2354 3627 Deo
2375 3570 2499 3627 solo
2518 3572 2764 3627 conferri
2780 3573 2931 3629 sicut
2952 3577 3009 3629 et
3029 3589 3298 3646 regnum,
3321 3575 3440 3631 imo
3463 3574 3858 3647 praestantius

2183 3659 2368 3716 multo
2396 3676 2574 3732 quam
2600 3676 2872 3734 regnum,
2921 3677 3054 3717 cum
3087 3660 3275 3718 millia
3320 3663 3645 3735 approbent
3676 3664 3861 3718 testi-

2183 3748 2516 3804 moniorum
2542 3764 2555 3802 :
2582 3752 2787 3804 tamun
2810 3749 2945 3816 ista,
2971 3766 3097 3822 quae
3115 3766 3271 3806 nunc
3294 3749 3531 3823 pulsant
3547 3748 3856 3818 animum,

2183 3852 2357 3893 suum
2401 3836 2497 3891 hic
2545 3842 2823 3909 expetunt
2848 3837 3060 3894 locum.
3093 3837 3325 3894 Dictum
3356 3842 3446 3894 est
3468 3837 3684 3911 Moysi:
3710 3839 3864 3896 Ecce

2180 3926 2446 3981 constitui
2476 3929 2528 3980 te
2549 3930 2723 3982 Deum
2741 3926 3053 3983 Pharaonis
3080 3928 3273 3996 (Exod.
3303 3945 3401 3992 vu,
3428 3929 3505 3995 1.)
3535 3926 3609 3983 Ut
3632 3927 3862 4000 utique

2178 4011 2240 4067 id
2281 4030 2393 4068 non
2428 4030 2527 4068 rex
2545 4017 2832 4080 terrenus,
2857 4030 2972 4068 non
2995 4012 3270 4086 quaelibet
3290 4017 3547 4086 potestas
3577 4016 3858 4086 terrena,

2181 4102 2281 4157 sed
2314 4102 2385 4158 de
2430 4102 2577 4158 rubo
2626 4078 2957 4174 protestans
2999 4078 3107 4159 vox
3136 4103 3266 4175 ipsa
3291 4078 3463 4158 -dixit
3504 4078 3857 4189 Dominum:

2180 4205 2309 4261 quas
2350 4189 2444 4246 dat
2493 4193 2789 4262 imperium
2837 4191 2955 4259 regi
2982 4207 3097 4259 suo,
3150 4199 3313 4264 atque
3353 4190 3615 4246 sublimat
3661 4198 3859 4248 cornu‘

2183 4277 2387 4334 Christi
2414 4279 2461 4350 (I
2486 4281 2615 4349 Reg.
2640 4297 2700 4347 ιι,
2731 4281 2839 4346 10),
2870 4285 2928 4335 et
2949 4281 3151 4352 utique
3172 4283 3299 4343 sui;
3330 4280 3540 4353 quzcin
3566 4278 3817 4337 Psalmo
3837 4299 3856 4337 :

2179 4368 2308 4440 Ego,
2355 4367 2567 4440 inquit,
2598 4368 2740 4437 diri,
2773 4368 2856 4424 dii
2881 4370 3011 4425 estis
3040 4370 3208 4439 (Psal.
3244 4358 3705 4439 ικωιίὸγῖρο,
3739 4360 3857 4425 in;

2182 4464 2347 4537 quit;
2375 4482 2489 4537 ego,
2525 4483 2642 4528 non
2674 4464 2924 4538 quilibet
2952 4465 3149 4533 homo,
3182 4441 3466 4547 eéefd'ixi,
3492 4444 3607 4547 εἷςῖ
3629 4469 3858 4534 statui,

423 4543 1801 4635 quaevisimpossibilitatisaddicitegestas!quod
1818 4550 2071 4621 cogitare
2105 4571 2153 4635 ι)
2180 4536 2279 4626 qui
2310 4558 2369 4609 et
2397 4536 2499 4610 vos
2528 4536 2797 4610 homines
2816 4554 3004 4609 creavi
3033 4571 3047 4623 ;
3073 4571 3178 4627 ego
3188 4536 3335 4629 dixi,
3358 4536 3473 4630 risi.
3495 4536 3755 4617 cuilibet.
3778 4561 3862 4613 ut.

422 4635 563 4706 quid
584 4634 906 4707 puerilius?
927 4633 1079 4705 quod
1104 4634 1295 4688 dicere
1315 4634 1454 4705 quid
1474 4639 1660 4707 potest
1678 4637 1919 4693 inveniri
1947 4657 2071 4712 per-

418 4723 647 4778 versius
661 4722 688 4777 ?
701 4726 771 4777 At
792 4722 959 4777 nobis
975 4721 1095 4778 haec
1108 4722 1652 4796 haudinterruptim
1665 4724 2066 4799 loquentibus,

493 4862 641 4929 (140)
671 4861 987 4938 Construe:
1020 4864 1081 4917 In
1110 4879 1214 4936 quo
1233 4866 1482 4938 convenit
1502 4873 1563 4938 te
1588 4881 1700 4938 non
1723 4866 1852 4938 plus
1878 4870 2070 4938 formi-

419 4932 551 5005 dare
580 4934 973 5005 vocesafﬂicti.
1014 4932 1179 5005 quam
1203 4936 1370 4989 totius
1390 4937 1658 5004 Ecclesiae,
1693 4932 1911 4994 scilicet
1941 4956 2067 4994 nm-

417 5003 582 5059 nium
616 5002 897 5069 ﬁdelium,
930 5002 1309 5069 clamantium,
1343 5007 1500 5078 inter
1528 5002 1659 5078 quos
1687 5010 1853 5065 etiam
1880 5014 1939 5064 tu
1959 5012 2067 5066 cla-

416 5092 556 5202 ilnas,
588 5080 779 5130 contra
807 5080 860 5130 te
883 5092 982 5148 pro
1011 5079 1235 5147 afﬂicto,
1266 5084 1315 5132 et
1343 5077 1686 5135 dicentium:
1706 5080 1915 5152 Adjuva
1944 5099 2063 5151 nos,

468 5163 581 5202 eus.
610 5151 720 5200 etc.

468 5163 581 5212 eus,
610 5151 720 5200 etc.

489 5218 639 5289 (141)
679 5218 961 5289 Construe
991 5219 1132 5287 :Qui
1163 5220 1396 5275 nitentes
1438 5237 1550 5276 non
1589 5223 1766 5277 solum
1806 5240 2065 5281 conscen-

418 5288 563 5353 dere,
608 5288 701 5342 sed
743 5289 976 5343 etiam...
1030 5292 1407 5346 transcendere
1446 5293 1605 5347 illam
1651 5309 1833 5349 arcem
1879 5297 2063 5351 chari-

418 5361 569 5435 tatis,
601 5374 708 5435 qua
732 5360 893 5415 nulla
922 5360 1096 5433 major
1123 5369 1221 5426 est,
1251 5362 1383 5417 dum
1402 5369 1686 5435 ponerent,
1720 5369 1830 5421 etc.

488 5431 636 5515 (142)
666 5434 947 5515 Construe
970 5431 1097 5513 {An
1136 5447 1253 5514 'non
1276 5431 1585 5515 putandum
1617 5431 1813 5508 (illos),
1838 5439 1962 5515 qui
1991 5439 2063 5493 ti-

413 5501 640 5580 mebant
654 5502 931 5580 negligere
958 5504 1098 5580 ipsos
1124 5501 1394 5580 z'nimi'cos,
1413 5501 1658 5580 deserere
1686 5501 2061 5580 nosde'feren-

412 5578 492 5629 tes
511 5572 875 5651 eisi/tonorum
897 5572 1155 5651 debitum,
1182 5574 1304 5631 licet
1318 5576 1490 5651 multo
1516 5572 2063 5651 negligentius'quam

411 5645 648 5725 expedit,
675 5653 728 5705 et
757 5644 994 5727 quotidie
1020 5647 1331 5707 invocantes
1360 5650 1423 5711 in
1468 5644 1747 5710 auxilium
1795 5659 1847 5712 et
1872 5644 2061 5729 defen-

2177 4643 2413 4713 diceret,
2447 4647 2513 4698 ut
2538 4642 2754 4699 valeret
2783 4647 2885 4697 aut
2916 4643 3173 4711 auderet,
3200 4640 3461 4699 concessi
3489 4640 3517 4711 ;“
3535 4640 3696 4698 a'me
3724 4638 3862 4699 ho;

2178 4731 2367 4787 mines
2402 4731 2600 4801 creati,
2634 4749 2667 4787 a
2697 4747 2791 4786 me
2822 4729 2901 4785 dii
2931 4731 3076 4788 estis
3105 4731 3310 4800 vocati,
3345 4730 3502 4804 quod
3526 4729 3731 4803 utique
3759 4733 3862 4788 fa-

2176 4874 2386 4928 sionem
2401 4876 2426 4926 .9

2249 4944 2395 5017 (143)
2428 4943 2689 5017 IIugonis
2721 4943 2872 5017 regis
2897 4945 3141 5017 quaestio
3163 4944 3257 5017 hic
3279 4944 3661 5017 proponitur:
3685 4945 3857 5016 quid

2176 5013 2462 5091 nimirum
2477 5013 2857 5091 agiendumfsi
2873 5013 3419 5091 quiscontraipsius
3434 5032 3681 5091 regnum
3699 5013 3859 5091 con;

2176 5090 2396 5159 surgat.
2428 5086 2771 5143 Ratherium
2808 5086 2941 5142 vero
2972 5091 3176 5143 contra
3203 5086 3590 5143 in‘surrexiése
3619 5086 3853 5158 quare;

2175 5156 2370 5216 batur.
2394 5173 2527 5213 cum
2556 5157 2875 5214 Arnoldum
2916 5158 3197 5216 Baioariae
3227 5159 3435 5216 ducem
3463 5157 3708 5214 Verona:
3742 5155 3850 5215 rel

2218 5173 2370 5231 att",
2394 5173 2527 5213 cum
2556 5173 2875 5214 arnomum
2916 5173 3197 5231 uajoariae
3227 5173 3435 5216 ducem
3474 5173 3708 5214 νθιιοηω
3742 5173 3850 5215 ι·εὸ

2175 5228 2357 5292 cepit.
2998 5228 3012 5231 '
3803 5256 3847 5292 ,ι

2271 5298 2394 5381 144)
2429 5300 2796 5381 Eabqratores:
2842 5315 3096 5381 quorum
3138 5298 3243 5381 alii
3292 5304 3460 5381 erant
3505 5298 3679 5381 servi,
3730 5298 3855 5381 alii

2173 5367 2559 5439 liberi,intelli
2606 5377 2787 5427 untur
2845 5367 3046 5439 lebeii;
3069 5373 3271 5427 milites
3291 5377 3487 5427 autem
3508 5367 3669 5443 regni
3688 5376 3862 5429 sunt

2173 5440 2280 5496 viri
2312 5389 2731 5496 nobilesﬁlinc
2758 5388 2963 5496 nlgbeil
2997 5458 3032 5496 a
3061 5442 3350 5496 militibus
3366 5442 3859 5496 dintinzuuntut-

2172 5440 2280 5514 _v_i_ri
2312 5440 2731 5499 nobiles.llinc
2758 5440 2963 5514 plebeii
2997 5458 3032 5497 a
3061 5442 3350 5499 militibus
3366 5440 3859 5514 dintin'guuntux}

2172 5509 2326 5588 libro
2356 5514 2647 5588 sequenti,
2679 5509 2842 5570 num.
2871 5514 2956 5569 13.
2980 5514 3184 5588 milites
3211 5530 3342 5588 vero
3370 5515 3531 5588 regni
3556 5509 3701 5569 dicti
3720 5512 3850 5588 viri

2173 5583 2419 5641 nobiles.
2442 5583 2581 5714 ὴὲ]ίᾶ
2611 5585 2726 5643 fere
2757 5600 2962 5645 omnes
2992 5583 3645 5667 feudatarii’pro'reguo

2173 5657 2299 5718 tare
2328 5655 2474 5715 debe
2518 5660 2637 5715 ant.

2201 5671 2299 5715 8P8
2328 5671 2637 5715 acuebant.

3436 5790 3441 5795 -
3471 5764 3495 5804 ὁ
