4054 6190
287 350 410 419 953

1218 348 1869 433 PRELOQUIORUM
1912 353 2122 423 LIBRI
2167 353 2338 421 SEX.
2370 387 2449 404 —
2475 354 2625 421 LIB.
2668 354 2777 420 IV.

3580 354 3700 421 254

289 505 400 548 nec
429 488 629 549 minus
658 489 860 550 valens
889 492 1491 567 propositi,pretio,ut
1521 494 1703 550 moris
1721 495 1940 561 crat,il-
1971 495 2029 560 Α
2056 491 2327 566 legimus,
2361 508 2496 548 cum
2543 490 2711 547 Italia
2768 507 2802 546 a
2861 488 3255 564 Langobardis
3312 489 3699 561 invaderetur,

288 577 474 636 lectas
501 580 754 653 quadam
777 580 837 637 in
862 581 1093 639 civitate
1114 581 1369 656 hospitio
1392 582 1798 638 introducebat
1822 582 1940 654 pel-

2051 580 2252 638 relicto
2281 597 2455 655 grege
2477 582 2547 637 ad
2572 579 2906 637 Mauritium
2932 578 3405 653 (t99)transisse?
3424 580 3703 654 Nunquid

287 666 471 736 lices;
503 672 564 725 et
591 684 728 726 cum
758 669 893 727 inde
922 670 1322 727 diffamaretur
1346 669 1407 726 in
1432 674 1685 738 tantum,
1708 676 1771 727 ut
1789 670 1944 744 igni-
2042 670 2170 742 jam
2203 671 2311 727 iste
2341 669 2649 743 paululum
2672 669 2799 742 jam
2821 669 3011 725 dictus
3031 669 3259 741 [scilicet
3280 669 3701 745 S.Gregorius],

288 755 405 813 bus
435 757 561 812 dari
593 758 802 814 debere
831 757 1281 827 acclamaretur;
1318 763 1481 815 tanta
1510 759 1677 832 copia
1704 776 1939 817 conver-

289 861 494 901 sarum
525 847 810 909 excedens
851 847 1059 903 saeculo
1099 847 1329 913 claruit,
1360 851 1428 903 ut
1455 847 1557 904 illa
1589 846 1821 921 populis
1850 866 1940 905 re-

292 933 616 991 fertissima
647 934 1005 999 Alexandria,
1029 951 1156 1007 quae
1186 935 1370 991 ternis
1400 938 1554 993 108
1585 954 1784 993 earum
1809 938 1940 993 mil-

289 1021 449 1079 libus
477 1039 543 1078 eo
574 1022 826 1079 intrante
853 1024 1269 1093 abundaverat,
1301 1025 1544 1081 mertrix
1574 1042 1679 1082 nec
1726 1044 1844 1084 una
1874 1044 1940 1084 eo

288 1111 628 1167 discedente
658 1112 898 1168 inveniri
931 1112 1166 1169 valeret.

360 1201 416 1256 7.
451 1200 601 1264 Quid
627 1201 844 1275 inquis,
877 1205 935 1257 et
962 1201 1011 1256 si
1043 1202 1148 1257 filii
1173 1204 1498 1276 approbent
1527 1204 1720 1262 scelus
1750 1206 1943 1279 (198)?

284 1289 412 1361 Ego
443 1305 475 1344 e
503 1290 751 1356 diverso,
787 1290 921 1362 quis
951 1290 1079 1359 hoc,
1113 1292 1264 1357 dico,
1305 1293 1480 1359 novit,
1535 1294 1649 1349 nisi
1694 1295 1837 1366 ipse,
1888 1299 1946 1352 et

284 1376 451 1433 Deus
474 1378 503 1432 ?
530 1377 655 1433 Non
684 1376 879 1450 legisti
915 1397 928 1434 :
964 1378 1098 1433 Cum
1126 1384 1309 1436 autem
1336 1381 1638 1438 dormirent
1676 1385 1943 1449 homines,

285 1468 444 1521 venit
462 1467 800 1533 inimicus,et
820 1470 1278 1538 superseminavit
1296 1471 1519 1525 zizania
1547 1472 1607 1525 in
1636 1472 1811 1527 medio
1844 1474 1945 1527 tri-

287 1556 391 1611 tici
417 1562 470 1610 et
497 1555 637 1609 abiit
666 1555 871 1626 (Matth.
902 1573 1026 1622 xm,
1056 1559 1147 1622 25)
1179 1575 1193 1613 :
1220 1560 1285 1612 ut
1315 1557 1607 1631 intelligas
1638 1577 1754 1615 uno
1779 1562 1948 1616 semi-

286 1648 469 1698 nante
495 1642 675 1699 verba
701 1643 996 1712 doctrinm,
1032 1644 1215 1700 alium
1263 1662 1437 1717 posse
1483 1649 1800 1722 subrepere
1844 1649 1947 1723 qui

286 1732 514 1788 inserat
533 1746 730 1787 semen
756 1729 894 1787 luxu
905 1732 999 1787 ria:
1020 1733 1048 1786 ?
1068 1733 1345 1789 Dicamus
1365 1738 1423 1790 et
1450 1735 1640 1793 aliud:
1665 1738 1945 1795 Ebriosus

287 1820 574 1893 inquiunt
601 1836 871 1887 canones,
903 1821 1216 1894 episcopus
1241 1826 1344 1878 aut
1374 1823 1604 1880 desinat
1635 1830 1737 1881 aut
1765 1827 1942 1900 depo-

290 1912 471 1965 natur
521 1908 665 1979 (can,
697 1915 868 1980 apost.
902 1910 1013 1973 112).
1075 1909 1146 1963 Et
1198 1925 1348 1981 saepe
1404 1910 1671 1967 videmus
1724 1911 1942 1969 multos

289 1997 562 2069 ejusdem
595 1996 820 2052 ordinis
851 1996 1194 2067 bujusmodi
1220 1996 1361 2052 vitio
1391 1999 1559 2070 quasi
1601 2001 1941 2070 servientes,

288 2103 432 2143 cum
448 2084 884 2158 penitusquaid
902 2084 1224 2141 intentione
1250 2091 1426 2159 agant
1457 2086 1645 2144 simus
1676 2089 1945 2161 ignoran-

290 2179 403 2232 tes.
434 2174 629 2231 Potest
652 2174 808 2229 enim
830 2174 1045 2242 fieri,ut
1060 2174 1305 2230 ebriosis
1328 2175 1497 2247 quasi
1520 2177 1786 2234 ebriosus
1808 2179 1942 2251 quis

291 2263 623 2319 secundum
647 2262 987 2335 Apostolum
1013 2263 1121 2319 hoc
1145 2262 1318 2319 faciat
1335 2266 1825 2333 convescendo,ut
1843 2283 1943 2323 eos

288 2352 443 2407 lucri
465 2351 765 2418 faciat,aut
785 2351 899 2407 alio
928 2350 1126 2423 aliquo
1149 2351 1281 2408 licet
1310 2352 1555 2421 occulto,
1572 2358 1766 2412 tamen
1791 2357 1943 2413 bono

291 2440 472 2497 aﬁ'ctu
504 2440 562 2496 id
590 2441 1078 2514 agat.Rcctumne
1107 2457 1243 2514 ergo
1272 2457 1476 2498 censes
1507 2442 1579 2498 ob
1608 2443 1945 2501 istiusmodi

290 2529 623 2598 infamiam,
661 2530 883 2602 absque
922 2529 1287 2586 confessione
1306 2531 1542 2604 prepria
1569 2548 1703 2588 eum
1734 2534 1945 2606 deponi

293 2618 509 2674 debere
532 2618 605 2674 ad
620 2618 781 2692 vulgi
801 2618 1157 2674 clamorem?
1175 2618 1499 2676 Seditiones
1522 2626 1717 2676 autem
1741 2623 1946 2694 praedas

292 2712 357 2765 et
375 2705 530 2763 bella
542 2724 721 2779 quam
743 2706 862 2763 sint
885 2707 1319 2780 gravia,przeter
1337 2706 1451 2763 alia
1473 2708 1603 2781 ipsa
1624 2711 1951 2783 approbant

294 2795 636 2853 homicidia.
683 2795 920 2851 Dicente
964 2800 1157 2851 autem
1192 2796 1436 2851 Domino
1470 2813 1483 2852 :
1517 2798 1733 2855 Necesse
1760 2811 1854 2870 est,
1886 2805 1950 2856 ut

294 2887 525 2943 vernant
549 2884 808 2940 scandala
840 2885 1043 2955 (Matth.
1075 2901 1236 2950 xvm,
1266 2886 1357 2956 37)
1385 2903 1398 2953 ;
1427 2891 1484 2942 et
1515 2904 1529 2941 :
1578 2887 1775 2956 Surget
1817 2906 1949 2960 gens

293 2981 489 3031 contra
514 2978 750 3045 gentem,
781 2981 833 3028 et
861 2989 1093 3045 regnum
1120 2973 1380 3029 adversus
1408 2992 1643 3048 regnum
1662 2978 1813 3048 (Luc.
1830 2996 1945 3047 xxx,

298 3064 413 3132 10);
445 3066 504 3117 et
530 3062 640 3118 Job
672 3078 685 3117 :
717 3061 873 3117 Nihil
902 3064 958 3117 in
995 3070 1143 3118 terra
1167 3064 1288 3118 sine
1314 3079 1480 3119 causa
1508 3066 1571 3135 ﬁt
1600 3066 1722 3135 ]Job
1749 3084 1808 3134 v,
1837 3068 1893 3139 6)
1930 3086 1943 3125 :

294 3155 631 3224 emergente
660 3149 978 3222 cujuslibet
1025 3151 1327 3207 occasione
1376 3153 1476 3219 rei,
1527 3155 1848 3228 contingat,
1882 3162 1949 3212 ut

2050 776 2184 815 cum
2202 759 2253 815 ei
2274 760 2428 816 idem
2451 763 2604 816 esset
2626 762 2933 832 suspectus
2952 758 3419 827 Mauritius,cum
3442 766 3499 815 et
3518 758 3703 816 lilium

2050 848 2181 917 ejus
2210 865 2239 903 e
2272 865 2437 904 sacro
2466 850 2623 905 fonte
2653 849 2807 904 idem
2841 847 3195 920 suscepisset
3216 852 3541 916 sanctus,et
3560 866 3704 920 quo-

2051 938 2195 993 tidie
2230 937 2313 992 illi
2336 938 2489 993 idem
2515 938 3133 1010 improperaret109,
3166 936 3319 1009 quod
3342 953 3449 992 suo
3479 938 3706 1008 adjuto-

2050 1025 2156 1094 rio,
2190 1025 2342 1081 facto
2376 1032 2433 1082 et
2462 1026 2692 1081 decreto
2724 1023 3115 1097 apostolatum
3148 1026 3349 1097 primae
3399 1026 3555 1082 sedis
3613 1026 3704 1081 in-

2050 1115 2263 1187 deptus
2285 1115 2650 1181 fuisset,cum
2674 1114 2893 1169 invitus
2916 1114 3244 1185 fugisset,et
3262 1114 3516 1170 renitens
3538 1113 3704 1171 illum

2050 1204 2131 1275 [id
2158 1212 2238 1259 est
2267 1202 2435 1259 illum
2468 1200 2882 1276 apostolatum,
2930 1217 3027 1257 seu
3082 1202 3531 1274 pontiﬁcatum],
3573 1203 3708 1260 licet

2051 1291 2469 1360 consentiente,
2504 1292 2602 1347 sed
2639 1294 2769 1363 post
2799 1289 3118 1362 pcenitente
3157 1290 3359 1345 eodem
3410 1292 3702 1361 Mauritio,

2052 1381 2297 1436 sortitus
2321 1380 2546 1448 fuisset,
2572 1381 2651 1434 ita
2674 1379 2964 1452 agendum
2987 1378 3261 1443 decrevit,
3295 1383 3359 1433 ut
3384 1378 3602 1435 scilicet
3631 1381 3703 1436 ob

2056 1468 2488 1541 improbitatem
2519 1468 2732 1523 civium
2766 1473 2825 1524 et
2854 1467 3251 1523 incursionem
3276 1466 3702 1542 hostium(200)

2052 1556 2349 1612 transiens
2399 1555 2988 1627 Constantinopolim,
3067 1554 3422 1628 relinqueret
3467 1573 3704 1630 gregem

2055 1644 2443 1701 commissum
2464 1645 2511 1699 ‘t'
2547 1645 2965 1716 Nunquidnam
3000 1648 3056 1698 et
3084 1644 3585 1701 excellentissima:
3615 1663 3704 1703 re-

2053 1734 2412 1791 cordationis
2444 1738 2605 1806 pater
2634 1732 2998 1806 Augustinus
3030 1734 3209 1804 (epist.
3240 1736 3391 1802 228),
3432 1735 3574 1790 dum
3624 1736 3707 1791 si-

2054 1823 2212 1879 milis
2240 1827 2470 1897 urgeret
2501 1822 2768 1888 ratio,ita
2799 1822 3090 1894 agendum
3113 1822 3383 1890 decrevit,
3402 1828 3503 1879 aut
3522 1840 3710 1882 exem-

2052 1911 2149 1984 plo
2200 1912 2553 1968 monstravit
2583 1912 2641 1966 in
2675 1910 2943 1966 talibus?
2992 1910 3092 1967 Ille
3143 1915 3363 1979 autem,
3398 1913 3497 1985 qui
3529 1913 3708 1970 inter-

2050 2004 2290 2072 rogatus
2324 2001 2397 2055 ab
2429 2000 2700 2055 hostibus
2729 2000 2800 2055 de
2830 1999 3091 2066 nomine,
3120 2001 3494 2071 respondisse
3524 2003 3707 2059 refer-

2050 2094 2166 2155 tur,
2202 2106 2435 2144 servum
2485 2105 2548 2144 se
2593 2088 2713 2143 fore
2742 2087 2976 2155 Christi,
3005 2087 3289 2161 hosteque
3319 2096 3710 2147 consonanter

2051 2178 2460 2250 respondente,
2494 2194 2557 2232 se
2591 2176 2883 2249 ﬂagellum
2912 2192 3041 2232 esse
3070 2175 3310 2242 Christi,
3334 2178 3447 2233 fuit
3478 2194 3549 2235 ne
3570 2179 3708 2251 jure

2052 2265 2445 2322 damnandus.
2480 2266 2635 2337 quod
2666 2265 2955 2320 civitatem
2988 2263 3143 2320 illico
3174 2264 3447 2323 hostibus
3480 2268 3710 2338 aperuit

2054 2354 2776 2410 intrantibus?Cunctosne
2798 2369 2935 2425 ergo
2952 2353 3187 2423 judicas
3204 2354 3708 2427 deponendos,qui

2055 2442 2299 2498 rebelles
2319 2442 2558 2515 regibus
2578 2443 2753 2507 cives;
2777 2446 2832 2496 et
2854 2440 3006 2496 ﬁlios
3026 2457 3155 2495 esse
3176 2442 3446 2510 scientes,
3473 2458 3585 2497 non
3609 2459 3709 2499 eos

2057 2536 2123 2586 ut
2153 2530 2505 2602 punirentur
2530 2528 2930 2601 prodiderunt,
2956 2527 3056 2582 sed
3088 2544 3120 2582 e
3151 2533 3353 2583 contra
3378 2527 3595 2584 missas
3624 2530 3710 2586 eis

2058 2618 2498 2685 lecerunt,ﬁlios
2519 2634 2654 2674 eoru
2666 2633 2718 2671 m
2742 2615 3205 2688 baptizaverunt,
3230 2616 3708 2687 praedicaverunt,

2059 2706 2547 2772 chrismaverunt,
2580 2704 2980 2778 paenitentiam
3022 2702 3418 2773 indulserunt,
3452 2705 3711 2762 reconci-

2057 2795 2347 2852 liaverunt
2362 2796 2391 2851 Ἰ

2128 2887 2182 2941 8.
2216 2885 2326 2941 Sed
2360 2885 2507 2940 forte
2537 2884 2667 2939 ideo
2698 2887 2759 2939 tu
2794 2882 2904 2939 hoc
2952 2887 3105 2939 recte
3161 2886 3217 2940 te
3274 2887 3449 2956 putas
3496 2883 3707 2955 dicere,

2060 2973 2159 3047 qui
2192 2973 2541 3030 sententiam
2584 2971 2791 3028 recolis
2821 2972 3051 3028 Domini
3113 2971 3361 3029 dicentis
3394 2991 3408 3029 :
3442 2973 3506 3030 Si
3549 2976 3711 3047 offers

2056 3078 2259 3118 munus
2288 3071 2443 3119 tuum
2468 3062 2539 3117 ad
2566 3063 2765 3127 altare,
2808 3066 2917 3118 etc.
2950 3061 3157 3133 (Matth.
3189 3079 3244 3129 v,
3277 3063 3408 3131 23);
3463 3068 3519 3119 et
3572 3065 3713 3136 quia

2059 3152 2210 3208 sicut
2239 3168 2354 3208 non
2389 3150 2612 3224 prolicit
2644 3151 2701 3206 in
2728 3149 2967 3205 vulnere
2998 3151 3582 3218 medicamentum,si
3613 3153 3712 3209 ad-

293 3256 475 3314 szepe,
508 3239 741 3312 aliquod
775 3239 832 3293 in
864 3238 1093 3295 civitate
1131 3239 1465 3308 dissidium,
1523 3247 1625 3298 aut
1679 3261 1714 3299 a
1770 3230 2021 3318 regno-(3
2060 3240 2173 3297 huc
2205 3242 2423 3297 ferrum
2454 3240 2512 3296 in
2547 3257 2613 3297 eo
2645 3240 2757 3307 sit;
2790 3239 2873 3294 ita
2903 3256 3017 3295 non
3066 3239 3299 3312 proficit
3345 3240 3707 3313 pcenitentia,

293 3328 640 3395 divortium,
694 3328 839 3383 ﬁant
894 3327 1057 3384 nulla
1098 3328 1547 3387 homicidiorum
1581 3333 1641 3405 [ι.
1670 3334 1952 3390 nonnulla

294 3417 660 3486 homicidia],
688 3433 893 3473 omnes
936 3417 1132 3472 dicant
1187 3418 1590 3476 machinatum
1644 3421 1704 3477 id
1760 3427 1949 3479 totum

296 3507 484 3563 fuisse
515 3506 874 3579 episcopum.
908 3506 1196 3562 Censesne
1244 3524 1401 3578 eum,
1451 3508 1614 3564 nulla
1656 3516 1950 3582 praeeunte

293 3594 579 3651 canonica
634 3593 1082 3663 examinatione,
1130 3598 1219 3651 vel
1285 3597 1518 3668 propria
1563 3598 1949 3664 confessione,

292 3686 729 3760 deponendum;
754 3689 855 3740 aut
875 3685 1030 3756 quod
1054 3684 1558 3740 inconvenientius
1582 3685 1951 3759 multo,inju-

293 3775 572 3831 riandum
596 3774 668 3830 ob
690 3771 1134 3840 clamorem,illo
1156 3772 1279 3828 solo
1301 3776 1952 3846 negante,cunctorum?

294 3864 450 3931 Quid
481 3863 659 3932 enim,
692 3863 739 3918 si
767 3863 876 3918 erit
908 3863 979 3917 ab
1012 3861 1351 3933 bujusmodi
1383 3862 1667 3918 immunis
1694 3863 1952 3937 ﬂagitio?

296 3953 448 4009 Nam
480 3957 542 4008 tu
572 3952 727 4007 unde
760 3968 875 4007 non
906 3967 1035 4006 esse
1067 3951 1278 4023 [supple
1306 3950 1654 4023 immunem]
1679 3954 1951 4025 conjicis?

294 4041 445 4107 Quia
474 4058 608 4097 cum
646 4040 1146 4105 malefactoribus,
1200 4039 1398 4111 inquis
1450 4040 1601 4095 inter
1656 4044 1947 4114 agendum

293 4135 699 4195 conversatus,
733 4145 865 4184 cum
917 4126 1064 4200 ipsis
1117 4132 1205 4184 est
1259 4129 1754 4201 comprehensus;
1789 4133 1947 4189 vide-

291 4218 432 4276 licet
462 4235 577 4274 non
610 4217 750 4290 quid
782 4215 1051 4286 senserit,
1084 4215 1184 4271 sed
1208 4215 1308 4270 ubi
1344 4216 1534 4285 fuerit,
1568 4219 1946 4291 cogitandum

296 4323 428 4364 esse
448 4307 747 4379 judicans;
770 4321 906 4360 cum
927 4308 1163 4360 econtra
1176 4304 1491 4361 Dominum
1515 4323 1627 4361 non
1658 4307 1728 4362 de
1750 4325 1943 4380 opere,

294 4396 397 4452 sed
421 4396 495 4451 de
514 4394 840 4451 intentione
861 4391 1194 4449 noverimus
1209 4392 1494 4464 judicare.
1526 4394 1673 4460 Quid
1708 4398 1865 4451 enim
1897 4397 1947 4453 si

293 4483 408 4540 hoc
434 4484 608 4553 bona,
639 4483 780 4555 quia
801 4483 985 4554 justa,
1020 4482 1138 4555 egit
1165 4480 1483 4537 intentione
1503 4482 1701 4539 ?Vcrbi
1736 4485 1943 4557 gratia,

2060 3330 2433 3386 discordante
2462 3328 2746 3402 proximo,
2780 3331 3000 3401 quanto
3046 3328 3237 3402 magis
3283 3328 3551 3399 Domino,
3585 3329 3709 3387 ani-

2059 3436 2223 3475 mum
2248 3419 2395 3491 (201)
2417 3417 2688 3474 habentis
2706 3416 2962 3488 [subaudi
2982 3417 3355 3489 discordem].
3380 3435 3513 3473 cum
3546 3420 3713 3491 prin-

2057 3507 2264 3579 cipalis
2296 3506 2524 3562 Domini
2549 3505 2834 3560 habeatur
2864 3505 3154 3560 sententia
3185 3505 3461 3562 dicentis:
3486 3510 3609 3562 Nisi
3632 3522 3716 3562 re-

2058 3597 2323 3650 miseritis
2353 3594 2665 3649 hominibus
2689 3600 2911 3663 peccata
2939 3608 3148 3660 eorum,
3176 3608 3275 3647 nec
3320 3594 3490 3647 Pater
3544 3600 3715 3648 vester

2057 3685 2300 3738 remittet
2332 3683 2479 3737 vobis
2507 3686 2729 3753 peccata
2786 3688 2963 3736 vestra
3016 3680 3221 3752 (Matth.
3262 3696 3422 3745 xvm,
3454 3680 3564 3750 35).
3599 3681 3711 3737 Sed

2059 3770 2194 3843 quis
2225 3768 2295 3825 ad
2328 3770 2447 3825 haec
2480 3768 2832 3843 [subauditur
2861 3768 3285 3841 cognoscenda]
3317 3768 3712 3835 idoneus,nisi

2058 3860 2219 3916 solus
2248 3858 2345 3914 ille
2378 3859 2476 3931 qui
2510 3858 2708 3915 omnia
2751 3857 2911 3914 novit
2956 3858 3156 3914 Deus?
3203 3858 3503 3924 Quomodo
3554 3858 3711 3915 enim

2058 3949 2193 4015 scis,
2215 3953 2415 4003 utrum
2446 3946 2553 4004 etsi
2584 3946 2911 4002 discordem
2934 3951 3150 4014 actum,
3167 3946 3513 4003 concordem
3536 3946 3709 4004 alicui

2058 4039 2191 4110 quis
2221 4038 2432 4094 habeat
2461 4036 2725 4092 animum
2748 4036 2776 4092 ‘I
2804 4037 2928 4092 Non
2959 4034 3151 4109 legisti
3187 4052 3201 4090 :
3233 4035 3296 4091 Si
3339 4036 3465 4107 ﬁeri
3508 4041 3709 4109 potest,
3778 4092 3785 4103 ,
3850 4110 3857 4119 ο

2055 4145 2181 4183 cum
2209 4128 2463 4183 omnibus
2488 4126 2801 4182 hominibus
2824 4142 3016 4198 pacem
3045 4125 3344 4181 habentes?
3390 4126 3563 4197 (Rom.
3604 4142 3710 4195 xu,

2058 4217 2168 4287 18.)
2201 4217 2328 4271 Non
2358 4215 2575 4271 audisti
2612 4232 2625 4270 :
2661 4217 2980 4287 Quicunque
3034 4216 3289 4282 voluerit,
3340 4217 3550 4270 amicus
3597 4231 3710 4271 esse

2055 4305 2250 4361 seculi
2278 4304 2461 4377 hujus,
2496 4305 2755 4359 inimicus
2784 4305 2881 4358 Dei
2910 4304 3310 4358 constituitur?
3347 4305 3491 4372 (Jac.
3522 4319 3598 4367 IV,
3629 4303 3710 4371 4.)

2054 4392 2256 4449 Nescis
2281 4393 2503 4448 dictum
2535 4408 2663 4447 esse
2696 4408 2709 4447 :
2741 4393 2846 4459 Qui
2874 4391 3135 4446 dixerunt
3158 4391 3328 4461 patri,
3384 4390 3466 4443 vel
3514 4391 3708 4457 matri,

2053 4496 2166 4535 non
2194 4482 2445 4535 novimus
2476 4496 2582 4545 vos,
2615 4481 2708 4534 isti
2736 4479 3107 4533 custodierunt
3127 4483 3505 4532 testamentum
3527 4480 3711 4531 tuum?

291 4572 473 4629 veluti
525 4572 811 4628 Jeremias
867 4570 1151 4644 propheta
1207 4570 1305 4642 qui
1356 4586 1459 4643 per
1487 4570 1850 4639 charitatem,
1883 4577 1950 4629 ut
1976 4594 2024 4660 Ι)
2056 4568 2234 4660 (Deut.
2274 4584 2476 4660 tum“,
2529 4567 2611 4639 9.)
2667 4567 2794 4660 Non
2852 4565 3339 4660 recolisdifitum
3397 4563 3704 4660 JOSflphat,

293 4661 439 4718 dicit
458 4659 1013 4734 beatusGregorius,
1042 4659 1186 4714 dum
1207 4659 1358 4714 cives
1380 4659 1451 4714 ab
1473 4659 1741 4733 ingressu
1771 4665 1946 4734 ngy-
1976 4652 2017 4660 ⁷
2055 4655 2195 4709 dum
2228 4654 2585 4726 adjutorium
2618 4654 2897 4727 praeberet
2914 4652 3112 4708 Achab
3137 4670 3149 4708 :
3172 4654 3345 4725 Impia
3371 4653 3587 4725 praebes
3612 4670 3711 4710 au-

292 4750 377 4824 pti
418 4767 543 4819 non
597 4749 788 4823 potuit
842 4748 1132 4816 cohibere,
1194 4746 1422 4803 studuit
1479 4746 1617 4803 illuc
1672 4765 1807 4805 cum
1865 4750 1949 4806 eis

292 4843 354 4895 et
382 4840 512 4912 ipse
540 4839 912 4896 descendere.
947 4837 1015 4893 Et
1052 4851 1252 4893 revera
1307 4852 1484 4908 quem
1541 4837 1949 4912 episcoporum

366 5016 518 5085 (198)
548 5016 613 5071 Id
643 5021 733 5072 est
767 5033 780 5072 :
817 5016 878 5070 Si
904 5022 956 5071 et
982 5015 1091 5086 ﬁlii
1119 5014 1417 5086 approbent
1447 5015 1639 5081 scelus,
1664 5014 1949 5072 nimirum

294 5088 346 5144 si
377 5088 438 5142 in
470 5088 677 5143 eodem
698 5086 913 5144 scelere
936 5084 1344 5158 involvuntur,
1363 5102 1477 5157 quo
1504 5091 1667 5158 pater
1687 5087 1951 5143 diti'ama-

292 5159 755 5232 tur.Respondet
770 5164 965 5232 autem
984 5157 1237 5232 ﬁliorum
1256 5156 1948 5232 culp'am_aliunde,_quam

292 5247 365 5287 ex
398 5227 561 5303 patre
592 5246 765 5303 posse
780 5230 1064 5303 originem
1088 5228 1322 5303 du_cere,_
1334 5244 1469 5283 cum
1490 5227 1599 5283 hoc
1622 5227 1950 5303 seminante

292 5298 475 5358 verba
502 5298 814 5381 doctrinae,
828 5298 988 5381 aiiu‘s
1019 5299 1207 5381 possit
1235 5298 1567 5381 subrepere,
1596 5300 1697 5381 qui
1728 5301 1951 5356 inserat

292 5372 922 5453 semen-luxurianltiox
952 5371 1254 5453 legebatur
1270 5372 1385 5453 nisi
1416 5371 1723 5453 ipsamnllo
1747 5389 1947 5453 sensu.

291 5444 669 5501 Correximus
698 5446 814 5499 nisi
843 5446 974 5516 ipse,
1007 5443 1063 5516 id
1096 5447 1197 5516 est
1214 5446 1398 5513 pater.
1432 5443 1599 5516 ltem_
1623 5443 1952 5498 emendavi-

293 5532 432 5571 mus
460 5516 768 5587 subrepere,
798 5511 898 5587 ubi
929 5514 1091 5587 male
1109 5511 1331 5568 editum
1363 5516 1487 5587 erat
1513 5514 1813 5586 subripere.

368 5587 520 5669 (19$!)
554 5582 761 5669 Errore
790 5584 1165 5669 cbonologicp
1200 5582 1638 5669 auctonrl-apsus
1652 5582 1766 5669 est.
1790 5585 1949 5669 Cum

296 5654 460 5715 enim
480 5654 648 5715 Italia
665 5674 701 5715 a
716 5654 1113 5730 Langobardis
1125 5654 1327 5711 invasa
1352 5654 1603 5724 fuit,non
1618 5657 1947 5725 Mauritius,

2040 4744 2281 4813 Ixilium,
2316 4747 2368 4798 et
2396 4742 2482 4798 his
2509 4745 2609 4816 qui
2634 4743 2865 4798 oderunt
2894 4744 3065 4797 Deum
3115 4742 3366 4797 amicitia
3406 4742 3663 4813 jungeris
3682 4746 3708 4797 .9

2059 4833 2130 4903 (Il
2158 4833 2492 4900 Paral.x1x,
2536 4834 2617 4900 2.)
2674 4833 2742 4886 Et
2799 4831 3064 4903 psalmus
3121 4830 3229 4887 tibi
3284 4847 3400 4887 non
3455 4832 3710 4889 occurrit

2058 5011 2159 5067 sed
2185 5010 2456 5066 Justinus
2487 5010 2535 5065 II
2567 5010 2911 5082 imperabat.
2940 5009 3161 5082 Exinde
3188 5025 3321 5082 vero
3358 5005 3568 5082 lapsus
3620 5009 3707 5082 vi-

2058 5084 2248 5149 detur,
2282 5082 2419 5153 quia
2447 5082 2506 5137 S.
2540 5078 2799 5153 Gregorii
2827 5080 3159 5152 exemplum
3187 5078 3493 5147 allaturus,
3526 5079 3708 5153 hujus

2059 5158 2226 5209 aetate
2258 5153 2595 5208 Mauritium
2633 5153 2952 5224 imperasse
2988 5158 3242 5208 noverat.

2132 5226 2279 5297 (200)
2302 5224 2678 5297 Langobardi
2713 5221 3407 5297 nunquamqoccuparunt
3436 5221 3705 5297 Romam,

2059 5292 2164 5352 nec
2194 5292 2268 5368 S.
2287 5292 2548 5368 Gregorii
2578 5299 2839 5367 tempore
2855 5292 2990 5350 'ulla
3019 5294 3078 5350 in
3110 5292 3238 5351 eam
3296 5292 3555 5350 hostium
3615 5294 3709 5349 in-

2060 5367 2253 5422 cursio
2285 5366 2547 5438 contigit.

2129 5435 2585 5509 (201)Cons‘true
2619 5455 2632 5492 :
2666 5452 2775 5491 non
2818 5438 3037 5509 pro/irit
3083 5437 3407 5508 paenitentia
3465 5435 3710 5492 habentis

2058 5508 2305 5565 animum
2334 5508 2669 5571 discordem;
2702 5525 2879 5579 quam
2913 5508 3181 5562 ultimam
3210 5524 3409 5562 vocem
3440 5510 3710 5579 supplen-

2060 5581 2196 5638 dam
2227 5584 2533 5637 contextus
2564 5585 2622 5635 et
2645 5579 2951 5651 sequentia
2982 5583 3315 5636 suaserunt.
