4090 6180
384 308 502 367 267

1310 301 1678 364 ltA'l‘HERll
1726 298 1970 391 EPISC.
2024 294 2312 357 VEBON.
2363 297 2533 358 OPP.
2580 295 2781 360 PARS

3682 296 3804 359 268

386 455 573 495 eorum
611 437 783 511 (Psal.
818 454 1007 506 LXVIII,
1041 438 1156 510 28),
1184 437 1326 493 dum
1374 434 1594 492 scilicet
1641 432 1900 506 maligna
1938 446 2032 485 vo-
2064 428 2120 496 Α
2148 430 2196 496 (1
2222 430 2368 484 Petr.
2394 445 2456 498 II,
2481 431 2559 500 9),
2585 435 2641 486 et
2669 431 2822 487 Petri
2850 431 3276 501 testimonium,
3300 435 3358 487 et
3383 428 3565 487 millia
3594 447 3810 504 appro-

385 527 585 583 luntas
627 543 829 582 eorum
870 526 1299 598 nequissimum
1338 524 1600 598 pervenit
1629 523 1698 578 ad
1744 522 2041 587 effectum,

385 621 451 672 ut
480 633 590 672 non
613 617 819 672 intrent
843 617 903 670 in
922 615 1203 688 justitiam
1228 616 1343 682 Dei,
1368 613 1465 670 sed
1496 613 1783 668 deleantur
1809 610 1875 664 de
1905 610 2041 664 libro

386 707 708 772 viventium,
740 708 791 759 et
848 721 971 760 cum
1012 705 1182 776 j-ustis
1233 720 1343 759 non
1395 704 1707 759 scribantur
1736 699 1893 773 (Ibid.
1926 697 2038 770 29).

386 795 649 866 Paupere
675 797 733 849 et
762 793 989 849 dolente
1019 810 1054 849 a
1081 792 1269 848 salute
1290 790 1390 847 Dei
1415 792 1705 862 suscepto,
1730 791 1795 844 ut
1824 784 2044 860 magni-

388 884 520 938 ficet
551 899 686 938 eum
718 882 777 936 in
808 881 999 948 laude,
1022 885 1079 937 et
1106 881 1306 937 laudet
1336 896 1546 936 nomen
1578 879 1707 948 ejus
1737 877 1796 932 in
1820 874 2043 931 cantico

389 970 547 1045 (Ibid.
580 970 692 1039 3i).
727 969 889 1026 Unde
919 986 1075 1043 ergo,
1109 974 1175 1024 ut
1217 967 1358 1038 dixi,
1391 968 1493 1024 Dei
1525 967 1673 1023 iram
1704 967 2040 1038 provocant,

389 1058 504 1117 nisi
536 1059 688 1115 unde
709 1059 824 1114 Deo
850 1057 1119 1130 quamvis
1149 1055 1541 1113 secretissimo
1561 1053 1788 1112 consilii
1811 1053 1902 1109 sui
1929 1052 2045 1108 dis-

390 1147 579 1220 posito
609 1146 1002 1219 permittente,
1027 1146 1222 1201 locum
1271 1145 1638 1217 accipientes,
1671 1143 1870 1200 omnia
1917 1159 2044 1215 qua:

391 1237 499 1304 ira,
523 1233 935 1307 cupiditas,vel
959 1232 1234 1305 superbia
1259 1249 1461 1288 eorum
1482 1232 1681 1298 dictat,
1705 1235 1906 1304 agunt,
1942 1247 2045 1286 nec

393 1323 794 1399 permittentis
817 1322 1113 1393 justitiam
1143 1327 1428 1389 verentes,
1457 1338 1560 1377 nec
1592 1320 1868 1393 pietatem
1899 1336 2045 1392 pen-

395 1416 617 1480 santes,
639 1428 743 1467 nec
772 1409 1089 1482 ancipitem
1118 1410 1218 1466 Dei
1265 1409 1527 1483 gladium
1575 1413 1917 1476 metuentes,
1941 1424 2047 1463 nec

395 1505 726 1573 respectum
759 1516 936 1572 super
982 1499 1355 1555 afﬂictionem
1400 1498 1751 1554 miserorum
1782 1496 2045 1554 conside-

395 1594 613 1656 rantes,
636 1592 932 1661 postremo
956 1604 1026 1643 ne
1047 1587 1133 1643 vel
1163 1586 1379 1643 suimet
1407 1586 1872 1644 consideratione
1902 1585 2048 1642 alio-

395 1696 526 1734 rum
559 1676 814 1734 miseriis
858 1674 1251 1745 condolentes,
1278 1693 1466 1749 neque
1516 1675 1835 1748 prophetici
1888 1674 2047 1730 illius

391 1764 731 1838 improperii
786 1763 1381 1836 reminiscentes,quo
1415 1764 1524 1819 sub
1556 1779 1807 1836 persona
1853 1763 2046 1835 impiae

393 1854 705 1929 Babylonis
762 1852 980 1909 talibus
1038 1853 1323 1909 Dominus
1381 1853 1717 1925 exprobrat,
1779 1851 1979 1908 dicens
2032 1868 2046 1907 :

394 1946 573 2000 Iratus
602 1960 725 1999 sum
754 1958 916 2014 super
940 1943 1206 2014 papulum
1237 1958 1454 2003 meum;
1483 1942 1852 1997 contaminari
1878 1942 2048 1996 hwre-

395 2032 619 2088 ditatem
646 2047 844 2098 meam,
877 2034 927 2085 et
956 2030 1079 2085 dedi
1108 2045 1194 2085 eos
1238 2031 1297 2083 in
1327 2046 1496 2084 manu
1524 2034 1653 2091 tua;
1682 2046 1792 2086 non
1815 2031 2051 2101 posuisti

395 2123 474 2177 eis
504 2119 928 2185 misericordias,
959 2123 1011 2174 et
1040 2119 1322 2175 recordata
1370 2134 1423 2174 es
1472 2120 1757 2174 novissimi
1784 2120 1869 2174 tui
1896 2120 2047 2189 (Isai.

395 2227 567 2278 XLVII,
581 2209 656 2281 6);
678 2207 1130 2280 terribiliterque
1152 2212 1285 2280 post
1306 2206 1607 2280 aliquanta
1625 2206 2044 2263 concludentis:

403 2299 603 2367 Veniet,
627 2296 921 2370 inquiens,
944 2313 1109 2369 super
1137 2300 1191 2351 te
1219 2298 1447 2364 malum,
1480 2300 1532 2351 et
1558 2298 1766 2352 nescies
1790 2297 1937 2353 121
1965 2312 2051 2351 or-

395 2391 515 2448 tum
543 2388 691 2460 ejus;
721 2390 771 2441 et
800 2386 976 2441 irruet
1011 2402 1177 2457 super
1203 2389 1256 2441 te
1282 2386 1592 2454 calamitas,
1624 2403 1790 2458 quam
1816 2402 1927 2440 non
1949 2400 2049 2456 po-

397 2478 528 2533 teris
549 2476 792 2547 expiare.
834 2475 1013 2533 Veniet
1061 2491 1227 2546 super
1272 2479 1325 2529 te
1377 2476 1621 2541 miseria,
1655 2491 1822 2547 quam
1875 2475 2049 2530 nescis

397 2567 548 2635 (Isai.
580 2582 753 2633 xx.vII,
783 2565 861 2633 6),
894 2568 1235 2635 ceteraque,
1283 2563 1498 2635 quibus
1557 2563 1772 2631 nescio,
1826 2568 2050 2635 utrum,

398 2653 543 2726 quid
574 2651 891 2709 terribilius
923 2655 1098 2725 queat
1125 2650 1420 2708 inveniri?

471 2743 557 2798 19.
582 2742 743 2807 Quod
775 2740 845 2809 si,
871 2744 935 2796 ut
982 2741 1053 2795 ad
1105 2739 1282 2795 David
1337 2740 1662 2808 redeamus,
1715 2756 1893 2796 more.
1930 2782 1943 2796 .
1981 2781 1994 2796 .
2031 2783 2045 2796 .

398 2829 784 2889 usitatissimo
829 2828 1190 2901 respondens
1219 2828 1636 2900 [respondeas],
1663 2845 1885 2901 magnae
1918 2828 2050 2902 qui-

398 2922 530 2977 dem
559 2917 850 2992 patientiaa
905 2916 1049 2972 illud
1110 2915 1440 2989 exemplum
1503 2916 1761 2988 [subaudi
1791 2917 2049 2989 Davidis]

398 3011 604 3079 fuisse,
637 3009 736 3066 sed
785 3006 957 3063 hodie
1006 3006 1121 3062 ista
1168 3022 1284 3060 non
1335 3010 1694 3078 competere;
1727 3007 2047 3079 respondeo

398 3099 538 3172 quia
567 3097 756 3170 magis
786 3090 958 3152 hodie
987 3094 1266 3167 competit
1302 3093 1440 3150 talia
1479 3111 1656 3167 quam
1687 3100 1827 3150 tunc
1861 3112 1874 3151 :
1907 3099 2047 3152 tunc

2079 1798 2126 1864 B

2149 518 2293 573 bant
2339 518 2833 576 testimoniorum.
2877 521 3039 585 Quod
3090 521 3342 592 denique
3403 520 3804 577 testimonium

2150 605 2263 662 alio
2294 607 2579 665 festinans
2628 625 2844 681 ponere
2892 626 3008 665 non
3058 610 3625 683 proposueram,sed
3664 609 3807 683 quia

2150 712 2215 752 se
2236 695 2387 751 ultro
2410 697 2642 766 obtulit,
2668 698 2844 769 abjici
2865 698 3202 755 nullomodo
3225 699 3417 771 potuit
3440 715 3453 755 :
3478 699 3675 755 forsan
3698 715 3806 756 nec

2152 784 2351 841 minus
2383 785 2527 842 alias
2556 785 2647 842 sui
2679 787 3117 859 opportunitate
3146 786 3383 843 valebit.

2220 876 2310 927 20.
2343 872 2559 928 Verum
2602 878 2791 946 potest
2836 873 2985 941 fieri,
3020 878 3084 929 ut
3112 890 3214 947 per
3257 877 3447 929 totum
3478 872 3560 929 ita
3587 890 3650 930 se
3679 890 3809 930 rem

2153 979 2269 1017 non
2300 961 2534 1030 habere,
2562 968 2625 1017 ut
2649 962 2795 1018 dicis
2818 961 3206 1031 inveniamus,
3235 962 3285 1018 si
3313 961 3664 1019 ventilemus
3683 963 3809 1019 dis-

2153 1050 2385 1107 cussius
2416 1051 2581 1124 (222).
2607 1052 2822 1108 Videor
2851 1053 3010 1108 enim
3056 1051 3203 1107 mihi
3234 1052 3452 1125 optime
3481 1051 3810 1126 intelligere

2152 1139 2295 1212 quid
2314 1140 2695 1196 desiderares.
2713 1142 2912 1213 Lupus
2930 1141 3085 1197 enim
3102 1158 3235 1196 cum
3253 1140 3336 1197 sis
3351 1141 3495 1213 ipse,
3512 1146 3807 1213 pastorem

2154 1228 2428 1284 timidum
2457 1246 2779 1302 canemque
2805 1236 3037 1286 mutum
3065 1229 3240 1286 velles
3268 1229 3547 1286 invenire.
3571 1231 3642 1285 Et
3671 1247 3809 1287 cum

2154 1317 2417 1373 Ecclesiae
2450 1317 2532 1374 sis
2563 1318 2836 1390 publicus
2882 1320 3098 1390 praedo,
3125 1319 3611 1375 contradictorem
3642 1319 3807 1376 inve-

2155 1406 2268 1463 niri
2299 1405 2476 1464 velles
2511 1406 2760 1463 nullum.
2794 1409 2925 1477 Sed,
2959 1425 2991 1464 ο
3022 1407 3414 1481 importabilis
3445 1411 3707 1465 sarcina!
3750 1412 3812 1465 et

2156 1497 2257 1552 ubi
2288 1496 2399 1553 erit
2431 1514 2444 1552 :
2476 1499 2593 1553 Non
2621 1498 2799 1553 solum
2840 1500 2936 1569 qui
2970 1499 3205 1570 faciunt,
3237 1497 3331 1554 sed
3360 1500 3527 1553 etiam
3556 1500 3653 1571 qui
3679 1514 3809 1554 con-

2144 1590 2399 1642 sentiunt
2440 1588 2789 1658 facientibus,
2822 1587 2979 1658 digni
3004 1596 3133 1643 sunt
3170 1591 3384 1644 morte?
3413 1587 3584 1659 (Rom.
3620 1604 3659 1654 ι,
3691 1589 3810 1657 32.)

2161 1674 2264 1732 Ubi
2295 1675 2448 1746 quod
2481 1674 2622 1732 dicit
2652 1675 2786 1731 alibi
2820 1676 2974 1732 idem
3007 1693 3019 1732 :
3056 1677 3373 1749 Quicunque
3403 1676 3637 1732 voluerit
3664 1678 3809 1732 anti-

2155 1781 2247 1820 cus
2301 1765 2491 1819 saeculi
2541 1765 2704 1837 hujus
2762 1780 2898 1834 esse,
2957 1766 3218 1822 inimicus
3269 1766 3368 1821 Dei
3417 1767 3812 1822 constituitur?

2159 1854 2299 1924 (Jac.
2329 1870 2405 1920 Iv,
2438 1853 2514 1924 4.)
2540 1852 2645 1909 Ubi
2680 1852 2820 1909 illud
2867 1852 3226 1909 Psalmistaiz
3256 1854 3318 1909 Si
3358 1854 3575 1909 videbas
3602 1857 3809 1926 furem,

2157 1941 2412 1997 currebas
2443 1958 2568 1996 cum
2594 1958 2655 1997 eo
2686 1942 2854 2014 (Psat.
2882 1959 3033 2009 xux,
3060 1942 3168 2014 19),
3194 1942 3249 1998 id
3273 1947 3379 2011 est,
3404 1943 3813 2003 consentiebas

2158 2029 2249 2085 ei?
2275 2034 2431 2097 Hinc,
2460 2030 2614 2087 122
2646 2034 2712 2084 ut
2739 2030 2964 2102 opinor,
3000 2047 3180 2087 causa
3226 2031 3337 2086 fuit
3377 2031 3638 2099 dissidii;
3689 2032 3811 2088 haec

2160 2123 2319 2184 nota,
2344 2119 2499 2191 quod
2534 2118 2772 2192 ingeris,
2809 2118 3103 2187 criminis;
3138 2120 3295 2192 quod
3326 2119 3594 2177 videlicet
3622 2125 3684 2176 tu
3716 2138 3812 2177 res

2158 2224 2363 2263 omnes
2393 2205 2626 2263 volebas
2651 2211 2846 2264 tenere
2874 2205 3159 2276 Ecclesiae,
3183 2224 3315 2263 eum
3338 2224 3471 2265 vero
3494 2210 3639 2281 (223)
3660 2226 3815 2265 mer-

2159 2287 2459 2352 oenarium
2504 2295 2609 2362 tui,
2635 2313 2749 2352 non
2798 2301 3091 2368 pastorem
3148 2297 3345 2370 gregis
3399 2314 3529 2354 esse
3557 2298 3810 2367 Christi;

2158 2385 2383 2457 hocque
2413 2384 2526 2441 sibi
2555 2384 2864 2457 displicere
2895 2384 3090 2459 aliquo
3122 2385 3434 2442 resistendi
3466 2387 3816 2444 monstravit

2156 2490 2386 2547 genere,
2416 2490 2612 2547 regem
2644 2479 2698 2529 te
2731 2474 2856 2545 ipsa
2885 2473 3234 2548 etymologia
3278 2492 3498 2548 pensus
3530 2476 3625 2531 ubi
3657 2480 3813 2532 recte

2158 2579 2380 2636 ageres,
2428 2563 2615 2619 furem
2668 2562 2767 2617 ubi
2818 2562 3192 2637 sacrilegium
3242 2570 3606 2637 perpetrares
3636 2566 3809 2638 (224).

2156 2651 2441 2708 Caeterum
2471 2651 2760 2723 quidquid
2791 2651 3009 2707 tactum
3052 2652 3149 2719 sit,
3182 2652 3471 2725 quidquid
3502 2670 3811 2727 perperam

2157 2740 2464 2813 contigerit
2485 2740 2588 2812 (ita
2617 2739 2774 2795 enim
2806 2757 2999 2797 sermo
3029 2746 3120 2797 est
3144 2741 3425 2814 agendus,
3455 2759 3561 2799 ceu
3587 2742 3810 2800 factum

2157 2830 2335 2885 fuerit
2362 2834 2417 2886 et
2448 2828 2776 2901 contigerit)
2800 2829 2956 2901 quod
2981 2846 3053 2886 ne
3080 2830 3182 2885 ﬂat
3208 2833 3265 2886 et
3294 2833 3615 2904 contingat,
3636 2832 3813 2889 inter-

2156 2918 2345 2974 dicere
2376 2917 2539 2972 labor
2566 2917 2661 2972 hic
2682 2922 2879 2973 noster
2895 2917 3194 2974 contendit
3219 2936 3232 2975 :
3260 2920 3668 2991 nunquidnam
3692 2937 3813 2978 non

2156 3005 2359 3061 debuit
2387 3010 2588 3063 auctor
2616 3006 2750 3062 facti
2777 3004 3002 3078 judicio
3032 3022 3325 3063 canonum
3357 3008 3521 3080 prius
3551 3008 3814 3081 legitime

2156 3093 2495 3162 examinari,
2518 3098 2575 3150 et
2600 3093 2650 3149 si
2677 3092 2941 3167 legaliter
2964 3094 3175 3152 fuisset
3193 3097 3512 3164 convictus,
3541 3097 3666 3170 ipse
3692 3115 3813 3154 sua;

399 3158 556 3245 enim
579 3158 739 3258 jusvte
769 3184 982 3240 licebat
1020 3158 1246 3251 ulcisci,
1271 3183 1442 3240 modo
1488 3158 1594 3239 nec
1642 3183 1813 3240 irasci
1837 3184 2043 3257 (Matth.
2077 3158 2119 3226 (ἶ
2159 3158 2554 3239 damnationis
2595 3158 2782 3253 testis,
2807 3183 2991 3254 judex
3039 3189 3097 3240 et
3143 3200 3349 3241 censor
3394 3158 3659 3256 eti‘ectiis,
3692 3202 3813 3242 non

398 3293 455 3344 v,
483 3278 596 3342 22).
622 3273 760 3341 Hoc,
793 3272 990 3344 inquis
1026 3271 1196 3344 (221),
1221 3271 1350 3326 ideo
1398 3272 1537 3343 quia
1584 3271 1858 3329 dominus
1905 3290 2051 3331 suus
2149 3273 2277 3344 jam
2307 3273 2687 3328 damnaretur
2716 3276 2781 3327 ut
2823 3272 3152 3345 episcopus,
3186 3274 3286 3330 sed
3317 3290 3407 3342 eo,
3439 3274 3485 3330 si
3521 3274 3601 3330 ita
3629 3290 3693 3330 se
3720 3274 3816 3330 lex

402 3365 613 3431 fuerat,
666 3362 803 3435 egit.
836 3362 945 3428 Tu,
977 3360 1245 3432 inquam,
1277 3359 1406 3415 ideo
1458 3360 1597 3433 quia
1641 3366 1843 3433 pastor
1888 3366 2048 3431 tuus,

398 3452 684 3527 propheta
711 3457 871 3517 tuus,
904 3449 1148 3523 angelus
1176 3455 1336 3516 tuus,
1353 3449 1536 3520 judex
1558 3454 1717 3513 tuus,
1736 3450 1891 3507 Deus
1910 3455 2051 3509 tuus

398 3543 614 3611 fuerat,
635 3539 1072 3598 convenientius
1092 3538 1349 3596 fecisses.
1373 3537 1588 3594 Verum
1620 3538 1670 3595 si
1699 3537 1876 3596 altius
1908 3539 2049 3612 quid

392 3632 453 3688 in
485 3628 829 3702 hujusmodi
881 3629 1031 3686 facto
1069 3627 1212 3684 velis
1259 3627 1482 3697 rimari,
1506 3627 1656 3684 scias
1693 3628 1865 3685 David
1898 3634 1954 3685 te
1986 3628 2046 3683 in

391 3721 506 3775 isto
535 3719 790 3785 turbato,
817 3721 882 3772 ut
911 3717 1078 3784 dicis,
1109 3732 1286 3788 regno
1318 3715 1594 3787 injuriam
1627 3721 1788 3772 tuam
1820 3717 2044 3790 signiti-

391 3822 584 3872 casse;
606 3803 745 3860 Saul
766 3820 897 3859 vero
921 3808 1163 3859 unctum
1197 3802 1459 3874 quidem,
1484 3804 1585 3858 sed
1602 3804 1751 3875 justi
1775 3821 2042 3876 persecu-

386 3899 594 3961 torem,
629 3884 1075 3965 praepositorum
1112 3891 1167 3945 in
1182 3890 1457 3956 Ecclesia,
1483 3891 1585 3947 sed
1617 3891 2041 3965 negligentiam

276 3992 283 4005 ‘
387 3982 673 4039 ordinem.
694 3978 833 4036 Saul
876 3979 1074 4051 itaque
1102 3983 1315 4051 purgat
1356 3983 1617 4035 ventrem
1649 3981 1698 4051 (I
1724 3982 1853 4050 Reg.
1886 3999 2041 4052 xxxx,

387 4072 461 4141 4),
494 4086 628 4126 cum
660 4067 909 4140 quilibet
937 4084 1139 4124 eorum
1171 4068 1243 4123 de
1273 4085 1334 4123 se
1366 4066 1517 4124 male
1565 4068 1857 4141 opinionis
1887 4070 2042 4128 elicit

386 4160 649 4216 fetorem.
675 4155 841 4213 Dolet
864 4156 1039 4212 David
1071 4173 1133 4213 se
1155 4172 1315 4212 oram
1342 4155 1667 4230 chlamydis
1687 4159 1816 4229 ejus
1847 4158 2040 4215 absci~

385 4248 547 4305 disse
571 4246 752 4315 (Ibid.,
776 4245 1012 4318 6),quia
1039 4244 1208 4301 valde
1241 4245 1622 4302 metuendum
1671 4250 1761 4303 est
1802 4247 2043 4304 cuilibet

388 4379 402 4394 .
440 4379 452 4392 .
490 4378 502 4392 .
542 4378 552 4391 .
592 4378 604 4391 .
642 4378 654 4390 .
684 4333 916 4391 etiamsi
949 4333 1025 4389 sit
1055 4339 1110 4390 et
1138 4333 1264 4406 ipse
1292 4339 1501 4389 unctus
1532 4338 1597 4389 ut
1624 4334 1826 4403 David,
1860 4335 1948 4392 vel
1979 4337 2038 4392 in

384 4429 643 4482 extrema
673 4422 895 4480 actione
936 4422 1357 4496 reprehendere
1404 4421 1725 4495 quemlibet
1773 4422 2037 4481 Hebraeo-

2157 3361 2418 3429 haberet,
2443 3361 2728 3433 deposito,
2749 3364 2805 3416 et
2826 3360 2939 3417 alio
2962 3361 3231 3418 Ecclesia;
3252 3362 3593 3430 substituto,
3616 3367 3672 3418 et
3700 3362 3818 3421 iste

2158 3467 2381 3524 poenas,
2414 3450 2464 3506 si
2494 3448 2692 3517 velles,
2712 3451 2870 3522 justo
2902 3449 3088 3507 lueret
3116 3468 3220 3523 pro
3243 3451 3579 3519 commisso,
3603 3455 3659 3508 et
3687 3457 3813 3509 tam

2157 3537 2625 3596 sacratissimum
2645 3537 3035 3594 ministerium
3057 3556 3172 3594 non
3185 3538 3497 3595 violaretur
3512 3539 3567 3594 in
3587 3539 3810 3612 aliquo,

2155 3633 2212 3685 et
2241 3627 2496 3684 Ecclesia
2522 3632 2707 3684 mater
2737 3644 2839 3700 per
2865 3630 2983 3684 tam
3004 3628 3268 3684 diuturni
3290 3628 3572 3702 temporis
3593 3629 3809 3701 spatia,

2153 3721 2277 3774 tam
2307 3716 2491 3773 nimia
2527 3715 2926 3789 deperditione
2975 3733 3218 3772 suorum
3251 3714 3505 3773 filiorum
3555 3734 3669 3773 non
3700 3734 3813 3773 su-

2154 3806 2397 3861 stineret
2427 3803 2804 3877 prasjudicia?
2835 3802 2943 3859 Ubi
2973 3804 3130 3860 enim
3160 3806 3332 3874 (225),
3362 3821 3511 3876 quos
3542 3822 3657 3860 uno
3689 3804 3812 3860 sal-

2151 3896 2266 3947 tem
2286 3890 2548 3964 paschali
2569 3894 2829 3963 tempore
2849 3890 3053 3946 eadem
3074 3890 3277 3947 debuit
3296 3908 3516 3964 parere,
3533 3891 3659 3962 filii,
3675 3892 3813 3965 ipsa

2149 3980 2346 4048 vidua,
2380 3983 2446 4034 ut
2485 3979 2567 4035 ita
2601 3978 2812 4046 dicam,
2865 3979 2993 4036 sine
3040 3980 3333 4035 consortio
3381 3985 3664 4053 tanquam
3694 3981 3811 4037 viri

2150 4066 2431 4124 existente
2455 4072 2640 4124 matre
2652 4067 2679 4122 ?
2696 4067 2759 4122 In
2777 4066 2974 4123 animo
2991 4068 3215 4124 excedit
3230 4068 3485 4124 dictum:
3507 4070 3647 4138 Quos
3663 4071 3811 4126 Deus

2148 4157 2460 4229 conjunxit,
2491 4157 2648 4212 homo
2676 4173 2788 4212 non
2819 4161 3029 4228 s3paret
3079 4155 3283 4229 (Matth.
3326 4174 3439 4224 xxx,
3465 4158 3550 4229 6);
3584 4175 3718 4213 cum
3748 4164 3815 4216 et

2148 4244 2208 4301 in
2260 4243 2656 4318 primordialis
2694 4246 2843 4316 (226)
2886 4244 3240 4318 virginitatis
3296 4247 3812 4305 commendatione

2148 4333 2321 4408 primi
2355 4332 2611 4388 hominis
2646 4333 3011 4407 prophetiam
3045 4349 3342 4408 exponens
3370 4334 3685 4407 Apostolus
3713 4336 3813 4392 di-

2147 4428 2238 4479 cat
2272 4440 2285 4478 :
2318 4422 2754 4489 Sacramentum,
2787 4422 3083 4496 inquiens,
3116 4424 3214 4480 hoc
3255 4440 3512 4496 magnum
3560 4429 3639 4481 cst
3669 4444 3689 4480 :
3711 4442 3812 4498 ego

385 4530 539 4570 rum.
597 4512 809 4585 Regale
870 4516 1066 4568 autem
1127 4514 1395 4567 nostrum
1456 4527 1585 4567 esse
1651 4513 2037 4570 sacerdotium
2070 4523 2118 4588 Ι)
2148 4521 2333 4569 autem
2362 4511 2481 4567 dico
2514 4513 2575 4566 in
2617 4511 2830 4567 Christo
2876 4516 2927 4567 et
2973 4513 3035 4566 in
3081 4512 3323 4568 Ecclesia
3352 4512 3568 4583 (Ephes.
3600 4530 3656 4582 v,
3688 4514 3808 4587 32).

458 4634 607 4717 (221)
636 4635 922 4717 Donati-up
953 4640 1009 4691 et
1026 4634 1261 4717 explica
1284 4652 1297 4690 :
1324 4636 1447 4717 Iloc,
1481 4636 1686 4717 inquis,
1715 4637 1832 4694 ideo
1863 4638 2038 4695 David
2151 4656 2270 4717 non
2298 4636 2741 4717 consensittsed
2774 4635 2989 4717 restitit
3019 4636 3139 4717 regi
3165 4652 3178 4692 :
3206 4653 3429 4708 pensus,
3460 4637 3519 4693 id
3550 4642 3640 4717 est
3667 4654 3811 4717 cum

387 4705 516 4778 egit,
549 4705 847 4778 qui_a_Saul
878 4705 1140 4778 Dominus
1167 4723 1299 4761 suus
1317 4708 1529 4778 fuerat.

460 4775 609 4850 (222)
638 4775 702 4850 I_d
731 4777 1126 4850 est_exa_ctius,
1160 4794 1263 4850 seu
1297 4775 1648 4850 diligentiori
1681 4780 1966 4836 examine.

466 4845 617 4919 (223)
648 4846 711 4901 In
742 4845 994 4917 vulgatis
1035 4849 1372 4919 perturbato
1407 4845 1627 4917 'sensu,
1655 4853 1713 4905 et
1767 4852 2044 4908 mendoso

388 4917 515 4975 cum
543 4933 667 4973 vero
704 4919 976 4985 tu..Eum,
1010 4917 1237 4991 scilicet
1255 4918 1638 4991 (episcopum,
1673 4938 1772 4976 rex
1820 4922 2045 4978 volebat

394 5005 523 5062 esse
544 5006 659 5062 non
682 4993 973 5062 pastorem
996 4989 1189 5062 gregis
1211 4988 1445 5057 Christi,
1469 4988 1568 5062 sed
1593 4994 2040 5049 mercenarium.

395 5060 652 5132 Respicit
684 5060 971 5132 ’Hugonis
1006 5060 1269 5127 factum,
1330 5061 1483 5132 quod
1546 5060 1604 5116 in
1661 5062 1830 5132 epist.
1862 5067 1916 5130 5,
1968 5066 2041 5121 ad

390 5131 676 5209 Joannem
700 5131 827 5209 _Xll_,
861 5147 1026 5209 num.
1060 5132 1113 5189 4.
1138 5131 1486 5209 exprimitur
1513 5132 1597 5188 sic
1633 5131 1831 5209 ;_Illisit
1850 5136 2042 5209 (Hqu

392 5208 511 5272 rex)
542 5205 599 5258 in
644 5204 906 5279 pitaciolo
954 5210 1172 5279 cgrtam‘
1187 5204 1548 5279 quantitatem
1594 5204 1874 5279 stipendii,
1904 5204 2045 5279 quell

392 5273 736 5350 tenerem'dc
780 5274 939 5350 rebus
970 5274 1244 5350 Ecclesige,
1259 5273 1324 5350 de
1350 5277 1563 5350 steteris
1595 5273 1817 5350 erigens
1856 5273 2041 5350 jusju-

390 5345 647 5418 randum,
680 5353 740 5400 ut
759 5344 945 5400 diebus
973 5345 1129 5401 illius
1158 5346 1372 5418 ﬁliique
1398 5347 1488 5418 sui
1515 5344 1754 5418 amplius
1783 5344 1894 5404 non
1923 5344 2041 5405 exi-

389 5433 590 5501 gerem.
622 5417 732 5486 Ego
772 5417 1090 5501 intelligens
1124 5417 1331 5490 quanta
1375 5417 1686 5474 absurditas
1714 5420 1812 5476 hoc
1859 5437 2042 5478 conse-

389 5496 682 5569 quentes.
698 5504 809 5547 ηοη
836 5496 1107 5569 tamen”.

462 5560 607 5651 (224)
636 5560 766 5625 Ηωο
795 5561 868 5624 ad
899 5562 1239 5644 episcopum
1286 5560 1636 5637 referuntur,
1668 5561 1770 5644 qui
1798 5564 1954 5627 eain
1982 5582 2047 5630 re

2142 4710 2488 4782 judicasset,
2521 4716 2570 4763 te
2612 4708 2731 4782 ipsa
2760 4708 3307 4782 etymologia'regem
3354 4710 3617 4782 esse,_ubi
3661 4716 3814 4768 recte

2151 4779 2355 4853 ageres,
2388 4782 2570 4852 furem
2599 4779 2695 4853 ubi
2721 4779 3088 4853 sacrilegium
3096 4779 3459 4851 perpetrares.
3493 4780 3631 4853 Post
3659 4798 3809 4853 pau-

2152 4849 2238 4918 ca,
2272 4849 2537 4906 Craterum
2584 4850 2950 4922 scripsimus,
2994 4849 3109 4906 ubi
3146 4849 3451 4924 perperam
3498 4849 3812 4925 legebatur

2152 4928 2397 4979 certum.
3482 4958 3487 4961 .

2224 4995 2370 5065 (225)
2395 4993 2524 5077 Hsec
2551 4994 2877 5077 ut‘sensu‘m
2903 4991 3807 5077 aliquem.congruumreddant,

2154 5065 2237 5121 sic
2289 5062 2680 5119 construenda
2726 5062 3053 5138 videntur]
3077 5065 3177 5138 Ubi
3230 5062 3377 5120 enim
3433 5062 3810 5138 ﬁlii_(supple

2154 5084 2237 5121 Slc
2289 5084 2680 5119 00118111181108.
2727 5084 3040 5119 Videntur:
3077 5084 3175 5121 υυι
3230 5084 3377 5120 enim
3433 5084 3541 5136 Ῑιιῑι
3571 5084 3707 5138 (ευρ
3754 5084 3809 5122 ιθ

2150 5138 2332 5207 erunt)
2361 5150 2491 5207 quos
2528 5150 2637 5189 uno
2681 5134 2877 5189 saltem
2901 5135 3151 5205 paschali
3177 5140 3416 5207 tempore
3459 5136 3647 5191 eadem
3696 5084 3809 5193 lge-

2153 5206 2341 5289 clesia‘
2357 5206 2542 5263 debuit
2575 5221 2790 5289 parere,
2822 5207 2941 5289 ipsa
2970 5216 3141 5262 matre
3167 5206 3452 5289 resistente,
3475 5216 3543 5289 _ut
3591 5208 3672 5289 ita
3712 5207 3809 5289 ἀς-

2150 5276 2585 5352 εαηι,ᾼιαηᾳματη
2630 5276 2797 5331 uidua
2832 5279 3245 5352 siueeonsortio
3278 5280 3405 5352 viri,
3434 5276 3493 5352 id
3543 5282 3633 5334 est
3663 5280 3812 5352 pepi-

2151 5350 2333 5423 scopi,
2367 5347 2538 5421 cujus
2568 5353 2692 5404 erat
2723 5347 2984 5423 paschali
3015 5352 3274 5422 tempore
3307 5350 3622 5423 baptizare.
3655 5347 3816 5408 Scri-

2152 5419 2381 5496 ρείέηιξβ
2412 5419 2694 5496 mquam.
2727 5419 2825 5496 sbi
2859 5423 2985 5496 erat
3004 5419 3350 5496 qualisnam-

2222 5492 2372 5566 (226)
2403 5489 2827 5566 Primordialem
2870 5489 3246 5566 pirgtnitatem
3284 5495 3455 5553 vocat
3499 5506 3636 5566 cum
3681 5496 3815 5566 sta;

2149 5561 2299 5641 tuin,
2333 5561 2404 5625 de
2432 5578 2548 5645 quo
2574 5561 2636 5624 in
2668 5561 3218 5628 statainnoosntia
3261 5568 3396 5627 ante
3442 5563 3816 5633 matrimonii
