3988 6180
310 286 421 345 271

1235 281 1607 344 ilA'l‘HERII
1655 280 1899 342 EPISC.
1946 277 2233 342 VERON.
2282 276 2454 341 OPP.
2500 277 2698 340 PARS
2743 279 2792 340 Ι.
3574 289 3677 359 273

310 418 572 482 bernare,
606 414 727 469 haec
755 414 967 469 cuncta
988 413 1236 471 referam
1262 433 1276 484 ;
1310 414 1493 472 otiose
1518 430 1611 469 me
1640 413 1756 469 ista
1776 411 1960 487 przeli-
2071 389 2463 469 excusatidnis
2493 412 2937 471 sibiobtendere
2954 410 3520 484 valeantvelum,nisi
3541 420 3682 491 quod

310 506 481 561 basse
514 507 673 575 puto,
703 503 765 558 in
796 507 1086 576 quantum
1134 508 1191 560 te
1237 502 1811 559 Christianissimum
1840 502 1959 558 fore

314 592 632 666 conspicio,
657 609 764 649 nec
794 592 1103 666 tyrannide
1132 592 1471 666 imperiam,
1488 608 1593 649 nec
1611 594 1958 665 potestatem

309 682 540 739 insania
577 682 1051 739 commutavisse.
1098 683 1315 738 Tantos
1363 680 1541 737 etiam
1582 681 1729 738 tales
1759 684 1817 737 et
1839 685 1960 737 tam

312 771 552 828 maximi
597 771 827 828 numeri
876 772 1058 828 sciam
1109 771 1171 843 [ι.
1224 771 1365 838 scio]
1399 770 1592 826 adhuc
1613 769 1673 826 in
1704 769 1963 826 Ecclesia

310 861 573 917 dectores
599 860 822 930 haberi,
855 864 939 927 ut,
973 860 1047 931 si,
1091 861 1247 931 quod
1275 860 1448 926 absit,
1493 902 1506 915 .
1553 902 1566 915 .
1612 901 1625 915 .
1674 902 1687 915 .
1738 901 1753 915 .
1794 902 1808 914 .
1848 858 1960 914 im-

310 948 610 1021 pellereris
644 946 1168 1021 (232)hujusmodi,
1188 948 1262 1003 ab
1292 947 1386 1004 his
1412 948 1558 1004 satis
1576 947 1964 1005 valerescoer-

312 1038 449 1094 ceri.
472 1037 568 1093 Vae
592 1036 747 1094 enim
779 1037 948 1110 ipsis,
983 1036 1033 1092 si
1064 1040 1166 1092 aut
1195 1040 1271 1105 te,
1304 1036 1418 1093 Deo
1463 1036 1816 1109 posthabito,
1842 1040 1966 1092 tan-

310 1130 435 1183 tnm
487 1128 755 1195 timeant,
809 1143 943 1182 cum
995 1126 1259 1198 ejusdem
1303 1143 1421 1199 qua
1464 1125 1547 1181 illi
1588 1125 1958 1194 conditionis,

313 1217 578 1288 ejusdem
592 1216 675 1272 sis
693 1215 971 1288 pulveris,
987 1215 1251 1287 nihilque
1264 1214 1376 1271 nisi
1394 1215 1722 1287 permissus
1732 1214 1923 1287 possis
1944 1233 1958 1282 ;

315 1306 620 1378 potestatis
648 1309 842 1361 autem
876 1304 1217 1359 auctoritate
1239 1305 1312 1359 ab
1344 1303 1428 1359 eis
1461 1303 1559 1359 diu
1595 1303 1845 1359 multum
1869 1321 1963 1358 su-

317 1394 539 1469 pereris
566 1412 579 1451 :
615 1400 719 1450 aut
750 1395 809 1449 in
842 1399 1072 1449 tantum
1097 1393 1229 1448 odio
1252 1393 1637 1460 habent,cum
1657 1393 1739 1449 sis
1760 1410 1961 1450 eorum

317 1487 381 1538 tu
415 1483 559 1550 ovis,
593 1482 771 1539 filius.
806 1482 1095 1550 defensor,
1112 1482 1450 1549 advocatus,
1471 1485 1960 1554 atquepatronus,

318 1577 377 1629 et
407 1571 649 1630 forsitan
684 1572 862 1643 (quod
895 1571 1086 1628 adhuc
1117 1570 1251 1626 licet
1280 1586 1347 1627 ex
1377 1569 1531 1627 malo
1562 1575 1651 1627 est
1679 1570 1966 1644 [2331am-

321 1661 476 1733 plius
516 1665 694 1733 atque
740 1659 1044 1717 onerosius
1087 1659 1284 1731 aliquo
1314 1660 1399 1716 eis
1438 1660 1785 1717 sacramenti
1817 1662 1963 1732 (224)

294 1766 531 1823 _genere
560 1749 1017 1806 confcnderatus:
1055 1765 1187 1804 cum
1218 1748 1591 1804 veracissima
1623 1749 1722 1806 illa
1752 1750 1828 1805 sit
1848 1748 1968 1806 Cle-
1996 1784 2043 1850 Β

323 1841 540 1900 mentis
572 1856 737 1912 papas
767 1837 1079 1905 sententia,
1121 1837 1258 1909 quia
1295 1840 1521 1895 Unicum
1553 1840 1831 1908 negligere
1858 1856 1969 1895 non

321 1936 508 1991 minus
550 1929 703 1986 I25
751 1933 831 1984 est
881 1944 1043 1999 quam
1097 1926 1287 1982 odisse.
1342 1927 1411 1982 Et
1457 1927 1795 1984 verissime:
1867 1930 1972 1998 Qui

322 2026 493 2091 enim,
528 2024 595 2075 ut
615 2019 696 2075 ait
720 2017 1074 2089 sapientium
1105 2016 1367 2088 quidam,
1387 2034 1711 2080 succurrere,
1721 2022 1970 2090 perituro

320 2119 508 2188 potest,
534 2109 665 2165 dum
691 2114 799 2163 non
829 2107 1120 2175 succurrit,
1134 2105 1347 2161 occidit.
1363 2110 1458 2160 Vae
1475 2106 1649 2162 etiam
1674 2107 1865 2163 adhuc
1887 2108 1972 2165 eis

325 2201 597 2259 imminet
620 2196 897 2262 deterius,
922 2194 972 2251 si
1001 2211 1136 2250 cum
1170 2193 1287 2250 sint
1317 2210 1492 2253 canes
1522 2194 1717 2251 adhoc
1738 2196 1972 2256 Domini

325 2286 619 2363 praepositi
632 2285 989 2357 ovibus(lsai.
1007 2285 1147 2348 va,t
1158 2285 1234 2352 Ο),
1244 2300 1277 2338 u
1288 2287 1309 2339 t
1320 2300 1419 2339 eas
1432 2283 1641 2339 latratu
1654 2284 1713 2341 al
1723 2303 1971 2358 uporum

326 2377 641 2434 defendant
671 2390 903 2445 semper
930 2371 1268 2427 incursibus
1299 2371 1441 2427 adeo
1473 2371 1974 2441 obmutuerint,ut

326 2484 442 2524 non
474 2465 664 2522 solum
698 2463 935 2519 easdem
967 2460 1277 2517 defendere
1307 2461 1515 2533 [supple
1544 2461 1860 2535 negligant,
1890 2464 1972 2519 vel

325 2554 539 2627 aliquid
566 2553 793 2623 simile],
810 2550 911 2607 sed
929 2549 1104 2606 etiam
1124 2566 1311 2604 unum
1335 2549 1481 2613 (235)
1497 2550 1818 2621 quemlibet
1836 2540 1972 2609 suo-

327 2662 481 2712 rum,
513 2642 649 2699 licet
677 2639 928 2696 debilem
955 2643 1012 2694 et
1040 2637 1331 2705 inutilem,
1364 2638 1794 2712 omnigenoque
1815 2641 1975 2714 aegri-

326 2732 604 2790 tudinum
636 2725 1368 2802 genereconfectum,nulli
1392 2727 1570 2783 etiam
1584 2728 1717 2784 usui
1740 2729 1975 2801 penitus

327 2825 551 2893 aptum,
581 2823 778 2874 tamen
808 2831 1011 2871 eorum
1040 2819 1389 2881 consortem,
1421 2831 1626 2871 canem
1659 2833 1893 2889 quoque
1916 2824 1976 2875 et

326 2914 622 2984 pastorem
653 2908 944 2970 vocatum,
974 2901 1313 2976 permittant
1341 2919 1439 2959 ore
1464 2904 1704 2976 pessimi
1736 2910 1793 2961 et
1813 2906 1976 2964 inau-

328 2999 434 3056 diti
462 2995 692 3071 generis
718 2993 948 3051 silentio
970 2992 1027 3046 in
1037 2990 1369 3047 felicissime
1380 3008 1484 3064 por
1499 2993 1811 3065 quemdam
1826 2996 1876 3067 ej
1885 3013 1976 3053 us-

325 3090 460 3147 dem
491 3084 712 3144 ordinis
741 3084 1030 3150 obturato,
1064 3096 1263 3136 coram
1293 3080 1420 3136 suis
1451 3097 1484 3136 a
1506 3081 1765 3154 quolibet
1787 3088 1971 3141 stran-

2067 501 2340 558 videntur
2369 502 2607 558 omnino
2638 501 2864 575 seipsos
2911 502 3227 576 negligere,
3283 504 3419 560 dum
3447 505 3552 561 sibi
3579 525 3686 569 non

2069 591 2481 664 prospiciunt:
2535 592 2797 664 dumque
2842 594 2899 647 te
2945 590 3189 648 forsitan
3251 592 3536 666 proditum
3600 596 3687 662 iri,

2071 680 2548 753 quandoquidem
2572 680 2795 748 sinunt,
2828 680 3093 755 cupiunt,
3121 681 3464 755 semetipsos
3492 683 3692 741 interii-

2071 768 2281 824 ciunt?
2301 767 2520 841 Nempe
2551 768 2737 825 audeo
2768 769 3178 825 incunctanter
3199 769 3405 836 dicere,
3432 788 3531 829 nec
3557 771 3611 828 in
3633 790 3692 831 eo

2072 856 2217 912 mihi
2246 855 2446 913 videor
2476 873 2692 927 errare,
2722 856 2865 930 quia
2887 857 3088 937 nullus
3117 858 3695 927 consilium,consen-

2072 963 2229 1013 sum,
2262 945 2349 1001 vel
2379 945 2813 1017 adjutoriumin
2842 947 3184 1019 hujusmodi
3208 947 3439 1005 labendi
3470 949 3699 1009 crimine

2073 1034 2178 1091 tibi
2209 1036 2378 1101 valet,
2410 1035 2556 1105 vult,
2589 1041 2693 1093 aut
2732 1038 2910 1094 audet
2952 1037 3232 1107 tribuere,
3258 1037 3372 1094 nisi
3401 1038 3497 1110 qui
3527 1039 3697 1096 Deum

2073 1128 2177 1180 aut
2206 1141 2323 1180 non
2373 1124 2553 1190 novit,
2601 1130 2703 1183 aut
2732 1126 2986 1200 negavit,
3013 1130 3115 1182 aut
3143 1128 3295 1196 vitis,
3330 1127 3511 1201 regni,
3537 1131 3703 1201 atque

2070 1212 2310 1269 honoris
2360 1215 2467 1284 tui,
2516 1214 2822 1286 praesentis
2867 1214 3089 1272 scilicet
3126 1219 3184 1272 et
3212 1215 3417 1285 futuri,
3461 1216 3705 1292 proditor

2069 1318 2199 1358 esse
2227 1301 2383 1373 velit,
2418 1301 2501 1359 vel
2524 1302 2754 1360 etiamsi
2784 1304 3017 1360 nescius
3047 1304 3144 1372 sit,
3174 1308 3277 1360 aut
3304 1306 3431 1377 [aut
3444 1306 3703 1363 hicabun-

2070 1392 2184 1462 dat]
2214 1396 2673 1463 sacramentum,
2705 1394 2860 1466 quod
2891 1393 2997 1448 tibi
3022 1393 3175 1462 fecit,
3196 1401 3295 1450 aut
3316 1394 3708 1469 nonintelligit

2072 1484 2174 1536 aut
2202 1498 2318 1536 non
2345 1479 2565 1549 recolit,
2601 1482 2742 1537 dum
2791 1481 2937 1538 illud
2990 1486 3111 1540 tam
3139 1500 3408 1559 perverse
3436 1483 3709 1560 negligit:

2072 1566 2368 1642 Intelligite
2417 1571 2549 1639 have,
2593 1573 2692 1643 qui
2737 1573 3131 1628 obliviscimini
3189 1573 3383 1642 Deum,
3432 1574 3711 1649 nequando

2074 1660 2277 1730 rapiat,
2297 1668 2349 1715 et
2368 1676 2479 1716 non
2508 1663 2582 1717 sit
2599 1662 2697 1734 qui
2716 1662 2916 1734 eripiat
2938 1660 3111 1722 (Psal.
3147 1679 3298 1729 xnix,
3322 1662 3438 1733 22).

2143 1748 2232 1802 23.
2266 1749 2353 1803 Tu
2382 1766 2537 1817 vero,
2572 1750 2720 1806 bone
2753 1767 2873 1818 rex,
2903 1750 3410 1808 Christianissime
3433 1753 3716 1827 princeps,

2080 1836 2222 1892 dum
2256 1842 2308 1893 te
2337 1838 2407 1893 ab
2425 1838 2555 1893 istis
2582 1837 2877 1894 similibus
2899 1840 3360 1911 prudentissime
3393 1842 3610 1898 caveris
3637 1858 3719 1903 re-

2081 1930 2283 1998 spectu
2314 1926 2492 1995 illius,
2525 1944 2559 1983 a
2586 1944 2701 2000 quo
2736 1928 2995 2000 quotidie
3025 1928 3326 2003 prosperis
3357 1929 3431 1985 ad
3463 1934 3591 1987 vota
3605 1947 3726 1987 suc-

2080 2015 2343 2072 cessibus
2361 2015 2663 2084 attolleris,
2678 2016 2905 2074 debella
2917 2017 3181 2090 posthaec
3195 2017 3418 2089 hostes,
3454 2034 3723 2077 conserva

2081 2103 2254 2159 cives.
2285 2104 2513 2179 Accipe,
2545 2105 2591 2159 si
2627 2105 2862 2179 accipis,
2893 2106 2965 2162 ab
2995 2108 3327 2177 extraneis;
3361 2109 3439 2164 da
3484 2109 3604 2164 tuis
3632 2128 3644 2178 ;
3677 2114 3728 2165 et

2079 2197 2145 2248 ut
2176 2193 2420 2249 minaris
2440 2192 2522 2264 [id
2550 2199 2630 2249 est
2657 2194 2923 2266 emines],
2957 2200 3013 2252 et
3034 2213 3289 2269 quorum
3314 2196 3503 2254 uteris
3522 2198 3726 2270 saepius

2080 2281 2397 2353 obsequiis,
2428 2282 2740 2355 perpende.
2788 2284 2979 2340 Etiam
3011 2302 3226 2341 nomen
3257 2286 3413 2349 (237)
3448 2287 3509 2342 in
3542 2287 3729 2343 Graeco

2081 2369 2326 2426 ofﬁciale
2344 2370 2406 2443 [1⁸.
2440 2370 2726 2446 ofﬁcium]
2780 2376 2971 2439 tuum,
2999 2378 3058 2429 et
3100 2373 3256 2430 inter
3288 2376 3552 2432 Graecam
3584 2375 3730 2431 Lati-

2081 2476 2336 2532 namque
2364 2458 2508 2515 illud
2532 2460 2971 2533 interpretando
2999 2463 3156 2520 126
3181 2464 3444 2521 formam
3467 2481 3733 2539 agnosce,

2082 2552 2138 2604 te
2168 2548 2450 2621 populum
2482 2554 2710 2621 portare
2741 2549 2983 2621 debere;
3011 2569 3125 2608 non
3152 2569 3448 2626 premere.
3481 2555 3615 2611 Esto
3641 2571 3733 2611 su-

2082 2637 2276 2710 perbis
2328 2642 2574 2705 erectus,
2624 2637 2952 2696 humilibus
2995 2657 3129 2697 vero
3178 2642 3550 2714 submissus,
3585 2642 3738 2711 mitis

2082 2727 2331 2793 cunctis,
2385 2726 2635 2784 affabilis
2683 2728 2992 2798 universis,
3047 2729 3363 2801 discretus,
3400 2733 3734 2802 munificus,

2082 2816 2441 2883 moderatus,
2475 2816 2791 2888 potentiam
2823 2822 3061 2890 prOpter
3102 2819 3425 2877 utilitatem
3455 2822 3738 2896 cogitans,

2083 2902 2596 2976 proptertimorem
2609 2904 3165 2963 dissimulans.Audi
3181 2909 3545 2981 sapientiam
3558 2911 3743 2967 dicen-

2081 2997 2232 3049 tem:
2278 2993 2649 3050 Misericordia
2671 2998 2723 3051 et
2748 2997 2949 3051 veritas
2968 2996 3286 3055 custodiunt
3318 3016 3534 3070 regem.
3572 3004 3742 3057 Item-

2084 3098 2199 3155 que
2231 3098 2244 3139 :
2282 3082 2426 3138 Tolle
2454 3084 2791 3154 impietatem
2820 3084 2887 3141 de
2914 3085 3075 3142 corde
3105 3089 3274 3156 regis,
3308 3093 3366 3145 et
3395 3090 3747 3146 roborabitur

324 3176 550 3251 gulari;
579 3169 1188 3231 cumveracissimesit
1217 3169 1440 3225 dictum
1467 3151 1786 3228 in—causam
1812 3174 1967 3245 ejus-
2001 3151 2045 3218 (ἶ
2081 3151 2371 3228 clementia
2400 3151 2627 3228 thronus
2655 3174 2972 3245 ejuﬁProv.
3002 3192 3100 3243 xx,
3130 3151 3394 3239 23).VCui
3426 3177 3578 3235 illud
3611 3195 3747 3252 quo-

325 3268 459 3323 dem
493 3262 707 3337 negotii
731 3261 895 3324 (236:
928 3260 1149 3315 Mortem
1179 3259 1487 3331 languenti,
1514 3261 1612 3332 qui
1648 3277 1772 3317 cum
1796 3264 1978 3334 potuit

323 3373 435 3414 non
482 3353 730 3423 abstulit,
784 3351 1013 3420 inﬂixit.
1066 3349 1212 3404 Nam
1263 3347 1313 3405 si
1360 3351 1522 3404 tanta
1571 3348 1879 3423 hodieque,
1910 3355 1977 3408 ut

316 3447 441 3519 jam
479 3446 564 3517 [f.,
598 3442 749 3509 fuit].
800 3440 1142 3496 fervesceret
1171 3437 1387 3506 rabies,
1422 3454 1617 3493 nonne
1654 3439 1977 3496 debuerant

325 3522 438 3592 hac
486 3530 790 3591 occasione
838 3544 943 3602 pro
986 3528 1184 3593 fratre,
1233 3527 1352 3582 imo
1397 3542 1499 3598 pro
1544 3526 1795 3597 Christo,
1836 3546 1975 3586 suas

325 3628 532 3698 sponte
562 3620 755 3697 gladio
787 3616 1128 3675 submittere
1157 3614 1450 3672 cervices?
1479 3616 1643 3704 Nunc
1674 3634 1807 3674 vero
1838 3635 1975 3675 cum

312 3719 446 3769 .tam
497 3706 967 3768 clementissima:
1024 3704 1219 3777 quivis
1256 3709 1525 3761 nostrum
1568 3705 1647 3761 sit
1691 3705 1973 3776 lenitatis,

325 3809 449 3859 tam
480 3797 974 3857 obedientissimae
1001 3796 1117 3852 Deo
1146 3793 1485 3862 voluntatis,
1508 3798 1748 3867 tamque
1777 3796 1977 3852 atfabi-

323 3891 567 3948 lissima
597 3886 937 3944 hominibus
966 3884 1369 3956 benignttatis,
1398 3882 1971 3957 utqnibuslibetpre-

324 3984 563 4036 cantum
614 3975 884 4049 precibus
933 3971 1215 4039 liberalis,
1260 3972 1496 4027 firmum
1547 3973 1805 4043 praebere
1854 3992 1968 4031 non

321 4072 585 4125 moretur
613 4080 945 4129 assensum,
977 4061 1284 4134 magisque
1306 4060 1634 4133 ignorantia
1655 4078 1833 4133 quam
1852 4079 1970 4121 ma-

317 4156 447 4213 litia
474 4156 534 4211 in
585 4152 924 4227 quempiam
972 4154 1213 4224 proruet
1259 4149 1540 4222 lapsum:
1584 4151 1762 4222 quod,
1805 4168 1964 4226 rogo,

320 4290 492 4347 detur
519 4289 852 4354 dimisimus,
885 4288 944 4341 et
973 4282 1301 4356 supplenda
1332 4281 1618 4356 particula
1646 4287 1719 4356 et,
1749 4282 1838 4338 vel
1869 4285 1966 4342 ubi

316 4362 440 4437 sic;
475 4377 605 4435 quos
628 4376 781 4437 nunc
827 4353 1011 4413 Boreae
1049 4353 1402 4437 dimisimus,
1442 4353 1611 4437 e'tnvel
1766 4362 1961 4437 letrgr-

316 4425 501 4489 chiani
527 4434 663 4488 satis
691 4440 913 4487 strenue
937 4428 1067 4483 novi
1094 4427 1429 4496 gubernare.
1463 4425 1566 4498 Hic
1597 4426 1835 4498 quidem
1855 4428 1964 4485 Ra-

2084 3260 3165 3336 quevulgarevideturconcinere,quia
3186 3281 3308 3322 non
3327 3267 3508 3323 debet
3529 3268 3741 3324 habere

2082 3353 2449 3422 potestatem,
2464 3351 2563 3423 qui
2579 3367 2695 3407 non
2711 3350 2888 3408 habet
2899 3352 3265 3425 patientiam.
3301 3355 3420 3414 Dili
3428 3373 3502 3430 ge
3528 3358 3744 3430 itaque,

2074 3438 2245 3510 juxta
2275 3436 2584 3510 cujusdam
2596 3440 2878 3511 sapientis
2907 3440 3131 3498 dictum
3154 3443 3319 3515 jure,
3338 3447 3621 3515 bonos,et
3643 3446 3748 3502 mi-

2082 3544 2372 3585 serescere
2402 3527 2595 3584 malis.
2622 3529 2734 3585 Res
2759 3529 2937 3598 enim,
2973 3532 3305 3590 secundum
3342 3535 3596 3592 alterius
3626 3550 3750 3609 prae

2081 3617 2367 3684 verbium,
2401 3616 2623 3689 optima
2645 3622 2755 3686 est,
2788 3635 2904 3675 non
2935 3619 3254 3679 sceleratos
3285 3624 3748 3698 exstirpare,sed

2083 3705 2319 3762 scelera.
2352 3705 2762 3779 Eleemosynas
2781 3724 2896 3764 non
2909 3705 3103 3765 solum
3120 3711 3390 3781 assidue,
3429 3717 3498 3769 ut
3518 3712 3748 3783 alii,sed

2082 3793 2468 3850 continuatim
2485 3794 2675 3853 facito.
2706 3796 2967 3853 Dicerem
2982 3798 3161 3855 etiam
3177 3800 3315 3871 tibi,
3333 3803 3443 3858 sed
3478 3803 3662 3860 timeo
3684 3819 3755 3859 ne

2079 3898 2466 3951 succenseas;
2500 3885 2602 3940 sed
2627 3888 2819 3941 tamen
2852 3886 3033 3943 facias
3050 3902 3256 3958 necne,
3276 3907 3403 3947 non
3416 3890 3753 3949 audeoretio

2077 3988 2227 4028 cere.
2257 3972 2473 4029 Vereor
2491 3974 2669 4043 enim,
2704 3975 2933 4047 quodin
2961 3976 3275 4050 Evangelio
3290 3980 3505 4037 audivi
3527 3980 3751 4055 pridie:

2079 4061 2187 4129 Qui
2212 4078 2296 4117 me
2322 4062 2606 4119 erubuerit
2629 4071 2681 4122 et
2694 4079 2839 4120 meos
2870 4081 3165 4133 sermones,
3198 4072 3252 4123 et
3282 4068 3442 4129 hunc
3469 4072 3631 4143 ﬁlius
3657 4073 3753 4127 hoc

2072 4151 2245 4206 minis
2273 4151 2566 4217 erubescet,
2597 4169 2724 4209 cum
2744 4155 2957 4210 venerit
2980 4156 3043 4210 in
3072 4156 3257 4225 gloria
3287 4175 3403 4216 sua
3417 4164 3477 4217 et
3497 4162 3687 4219 Patris
3706 4166 3757 4218 et

2142 4283 2650 4366 (:223_Reges.cum
2682 4283 3070 4366 eligebantur.
3105 4288 3574 4366 saeramentum
3606 4309 3751 4366 prae-

2071 4354 2326 4427 stabant,
2360 4353 2475 4427 quo
2502 4355 2652 4411 inter
2679 4353 2803 4427 alia
2826 4355 3259 4427 pollicebantur
3290 4378 3361 4418 se
3406 4353 3754 4421 servaturos

2069 4425 2348 4509 Epelesiaa'
2368 4425 2540 4509 bona,
2564 4425 2848 4509 etc:'Vi‘(ié
2881 4433 3071 4509 actu-tn
3090 4429 3395 4509 Quidonis
3419 4436 3586 4509 regis
3598 4435 3753 4509 apud

315 4504 561 4589 therius,
608 4507 681 4589 ut.
714 4503 1019 4589 H'ug‘onem‘
1052 4496 1660 4589 'regemudemulceat,
1708 4514 1776 4553 ea
1831 4516 1960 4571 qua;
1990 4522 2037 4589 Ι)
2072 4496 2456 4589 Maximiani
2486 4503 2629 4589 tom,
2652 4497 3185 4589 lterum‘italic.
3208 4509 3372 4589 part.
3409 4523 3453 4589 ιε

315 4568 600 4631 hactenus
631 4575 703 4629 ob
735 4568 929 4628 illatas
952 4570 1062 4625 sibi
1086 4568 1445 4642 calamitates
1466 4569 1524 4642 in
1546 4568 1739 4642 ipsum
1765 4568 1960 4642 regem

315 4647 690 4711 disseruerat,
720 4644 971 4699 oratorio
992 4642 1247 4714 quodam
1280 4640 1536 4714 artificio
1557 4640 1670 4695 non
1704 4640 1762 4695 in
1794 4640 1960 4697 eum-

313 4718 446 4772 dem
476 4712 1244 4789 regemreferenda'innuit,
1265 4712 1442 4789 sed_in
1466 4712 1719 4789 aliquem
1733 4729 1956 4789 eorum,

313 4804 443 4860 quos
478 4782 645 4853 nu'nc,
676 4785 890 4860 innuit,
916 4786 1122 4860 Boreae,
1154 4784 1211 4838 id
1245 4788 1335 4839 est
1364 4782 1774 4860 Septentrioni,
1798 4783 1959 4840 dimi-

311 4855 501 4927 simus,
534 4863 585 4914 et
608 4858 962 4927 tetrarchiam
983 4857 1115 4910 satis
1136 4855 1501 4927 strenuenovi
1522 4856 1846 4927 gubernare.

385 4925 531 4997 (232)
563 4928 711 4984 Male
738 4928 795 4981 in
828 4926 985 4999 vulg.
1004 4927 1325 4999 impelleris.
1358 4926 1529 4999 Porro
1562 4925 1958 4999 supplendum

314 5000 611 5071 tyrannide
638 5004 696 5054 et
724 4997 968 5071 insania,
997 4997 1177 5071 ita_ut
1205 5014 1416 5052 sensus
1446 4997 1564 5071 sit:
1598 4997 1684 5053 tet
1713 5014 1789 5071 ac,
1812 4998 1957 5071 tanti

312 5068 501 5127 adhuc
534 5076 672 5126 sunt
702 5071 760 5125 in
795 5068 1049 5125 Ecclesia
1077 5069 1362 5133 doctores,
1394 5076 1454 5123 ut
1481 5069 1534 5123 si
1562 5068 1857 5138 tyrannide
1894 5086 1958 5124 ac

312 5144 534 5198 insania
546 5140 1249 5214 hujusmodiimpellereris,
1285 5138 1424 5212 quod
1446 5140 1609 5206 absit,
1641 5141 1804 5195 abhis
1820 5143 1956 5197 satis

312 5215 517 5269 valeres
545 5214 798 5269 coerceri.

381 5286 527 5348 (233)
577 5286 723 5340 Cum
774 5285 843 5339 de
882 5284 1220 5355 juramento
1265 5280 1557 5355 loquatur,
1590 5282 1827 5355 respicit
1856 5281 1956 5337 illa

307 5357 462 5430 apud
491 5357 691 5430 Matth.
728 5372 779 5411 c.
808 5373 865 5430 _v,
885 5352 1632 5430 'ubipostquam—ghristus
1663 5352 1808 5430 dixit
1837 5370 1952 5408 non

300 5424 627 5500 jurandum
660 5427 922 5493 omnino,
950 5424 1332 5500 addidit‘vers
1361 5427 1431 5481 37
1456 5426 1953 5500 :_Sitauten_iserr_no

304 5495 497 5566 uester,
528 5508 607 5558 est
634 5508 731 5569 est,
762 5516 873 5565 non
902 5515 1033 5571 non,
1068 5497 1218 5572 Quod
1245 5506 1427 5559 autem
1467 5496 1555 5557 his
1585 5495 1954 5556 abimdantius

306 5576 406 5655 est,
430 5589 465 5633 α
492 5573 639 5634 malo
666 5576 765 5633 est.

2140 4568 2290 4638 (235)
2316 4569 2388 4652 se
2419 4569 2613 4642 ipsum
2646 4585 2874 4652 carcere
2896 4570 3180 4652 amictum
3208 4568 3481 4646 indicat,
3511 4594 3755 4652 proquo

2072 4656 2243 4696 nemo
2270 4640 2679 4712 episcdporum
2714 4641 3127 4699 intercedebat.

2147 4712 2577 4789 (23§)Aliquem
2591 4716 3003 4789 praepotentem
3035 4714 3394 4789 episcopum
3420 4718 3758 4789 innuit,qui

2079 4781 2377 4857 silentium
2409 4781 2540 4857 aliis
2569 4781 2879 4855 episcopis,
2908 4800 2979 4839 ne
3001 4781 3104 4857 pro
3119 4781 3761 4848 Ratheriointercede-

2078 4858 2223 4922 rent,
2252 4854 3050 4933 imponebat.Qonstruevero
3070 4874 3083 4912 :
3104 4859 3166 4915 Ut
3194 4875 3309 4933 non
3343 4863 3545 4933 solum
3576 4864 3757 4933 negli-

2068 4925 2514 5011 gantdefendere
2540 4926 2773 5011 easdem,
2805 4925 2898 5011 sed
2916 4928 3205 5011 etiamcre
3224 4925 3757 5011 infelicissimo”-

2070 4999 2251 5078 turat‘o
2274 5012 2372 5078 per
2400 4997 2686 5078 quemdam
2709 4996 2954 5078 ejusdem
2981 4998 3194 5078 ordinis
3248 4996 3343 5078 (id
3376 5010 3478 5078 _est
3520 5007 3757 5078 episcov

2067 5070 2232 5138 pum)
2262 5067 2483 5140 silentio
2530 5067 2744 5137 generis
2786 5070 3015 5140 pessimi
3040 5079 3092 5127 et
3122 5067 3387 5130 inauditi
3415 5067 3758 5140 permittant

2063 5154 2238 5217 unum
2255 5138 2544 5209 quemlibet
2560 5138 2805 5217 suorum}
2818 5182 2853 5217 .,
2867 5143 3209 5213 strangulari
3221 5159 3257 5199 α
3277 5138 3549 5217 quolibet
3563 5165 3760 5207 coram

2061 5211 2177 5265 suis
2206 5226 2225 5263 :
2255 5226 2379 5264 cum
2408 5212 2767 5277 veracissime,
2800 5216 2908 5267 etc.

2135 5280 2281 5360 (23'?)
2316 5280 2452 5360 Rex,
2504 5281 2696 5360 Graece
2731 5290 2952 5360 pacilio;
2982 5284 3147 5360 quasi
3174 5292 3316 5352 ϐάσις
3358 5296 3522 5359 λαοῦ,
3583 5291 3758 5360 basis,

2062 5366 2165 5427 seu
2191 5352 2388 5427 planta
2431 5354 2646 5427 populi,
2675 5352 2774 5425 qui
2824 5352 3049 5427 scilicet
3097 5359 3398 5427 tanquam
3438 5352 3616 5419 basis
3648 5352 3759 5419 seu

2102 5420 2263 5478 lenta
2292 5420 2576 5497 populum
2605 5420 3337 5497 portatetsustinetJianc
3355 5434 3757 5491 eamdemin-

2087 5494 2538 5585 elrpretatio'n‘em
2552 5494 2632 5585 rex
2653 5495 2847 5585 Graec
2867 5497 3080 5585 videris
3101 5497 3258 5577 apud
3285 5500 3353 5563 Β.
3380 5502 3759 5585 Gregorium

2060 5563 2246 5627 liinx
2277 5566 2336 5626 in
2364 5567 2473 5628 Job
2507 5582 2633 5648 cep.
2662 5583 2777 5641 xw,
2809 5585 2868 5629 n.
2899 5570 2993 5633 25.
