4090 6180
464 326 583 394 279

1392 332 1770 400 RATHERII
1813 336 2058 401 EPISC.
2104 335 2393 402 VEIIUN.
2440 338 2615 403 OPP.
2661 340 2863 404 PARS
2906 338 2955 404 Ῑ.

3726 340 3828 405 280

464 486 568 545 pro
602 468 754 527 natis
783 466 1416 545 interfectis;poenitens
1446 471 1667 529 scilicet
1696 488 1798 546 pro
1827 471 2098 542 excessis,
2133 472 2180 542 Α
2215 476 2280 530 ut
2308 470 2638 550 intelligant
2668 490 2730 533 se
2760 471 3016 532 amentia
3045 471 3159 550 agi,
3192 488 3302 532 non
3337 471 3510 532 corde
3534 471 3671 549 regi,
3703 472 3825 532 dum

464 561 729 619 moribus
758 561 817 618 in
849 561 1061 619 melius
1092 562 1486 629 commutatis,
1508 562 1947 634 armisjustitias
1981 580 2103 620 cor-

461 651 662 725 reptis,
695 669 813 708 non
853 651 1052 725 erigis,
1094 668 1368 725 processu
1420 652 1614 724 impia:
1664 648 2102 721 dominationis,

458 740 605 815 ipsis
637 741 813 798 etiam
842 741 1169 831 lpminibus
1199 742 1459 812 orbatus,
1491 742 1549 796 in
1583 758 1873 798 carcerem
1924 744 1995 798 ab
2040 759 2106 798 eo

457 831 739 898 trudaris,
774 835 838 888 ut
863 821 1031 887 sicuti
1065 835 1307 886 Samson
1343 821 1491 905 (249)
1524 830 1620 886 ille
1653 830 1890 904 quidem
1923 831 2109 887 fortis-

463 922 673 987 simus,
689 919 955 976 femineis
976 919 1263 976 illecebris
1293 924 1619 984 enervatus,
1655 920 1725 975 ad
1760 920 1975 975 molam
2009 921 2107 977 de-

462 1009 684 1083 puteris
725 1009 918 1067 (Judic.
970 1026 1083 1080 xw,
1136 1008 1344 1084 19-21),
1396 1009 1565 1080 cujus
1623 1008 1683 1063 in
1742 1025 1880 1081 gyro
1941 1006 2108 1080 impii

463 1099 770 1156 ambulant
801 1100 910 1155 (Ps.
943 1116 1020 1163 x1,
1053 1098 1131 1169 9),
1163 1102 1403 1153 terrena:
1444 1102 1501 1153 et
1548 1096 1914 1170 inexplebilis
1956 1096 2112 1152 solli-

465 1188 765 1255 citudinis,
797 1188 908 1242 hoc
940 1186 1180 1253 est,visu
1212 1185 1598 1258 rationis,quo
1624 1190 1679 1241 te
1700 1185 1927 1259 tibique
1959 1203 2110 1242 eom-

466 1279 683 1334 missos
711 1277 996 1332 debueras
1026 1275 1356 1348 praevidere,
1373 1275 1969 1346 adempto,earcerem
2002 1275 2111 1331 im-

466 1367 745 1440 providus
793 1365 1005 1422 subeas
1060 1369 1286 1420 aeternae
1343 1363 1703 1437 perditionis.
1753 1363 1908 1420 Solet
1955 1363 2111 1420 enim

467 1442 812 1512 miserrima:
843 1454 1052 1510 animae
1084 1453 1141 1508 id
1175 1470 1325 1525 saepe
1353 1453 1705 1526 contingere,
1734 1456 1799 1508 ut
1828 1453 1969 1508 dum
1996 1452 2111 1507 vir-

466 1546 694 1603 tutibus
723 1544 1006 1616 paulatim
1052 1542 1309 1616 quotidie
1358 1541 1785 1608 deficientibus,
1835 1542 2112 1598 humeros

465 1635 680 1692 mentis
710 1634 783 1691 ad
814 1632 1205 1706 reparandum
1236 1631 1295 1688 in
1331 1630 1650 1704 pristinum
1681 1636 1783 1687 aut
1808 1636 1960 1687 certe
1991 1649 2112 1687 me-

461 1724 668 1781 liorem
716 1739 827 1779 non
876 1720 1080 1778 exierit
1129 1725 1385 1787 statum;
1420 1723 1717 1776 crescente
1760 1719 1998 1775 miseria
2041 1720 2112 1775 ad

462 1813 572 1870 hoc
603 1813 892 1881 deveniat,
926 1815 991 1866 ut
1021 1814 1300 1884 regnante
1330 1814 1564 1882 peccato
1597 1809 1654 1863 in
1708 1807 1938 1864 mortali
1986 1809 2113 1879 ejus

460 1918 701 1975 corpore
731 1903 904 1966 (Rom.
935 1918 1012 1966 vr,
1048 1902 1158 1967 12),
1189 1900 1271 1954 ita
1304 1899 1375 1954 ad
1410 1898 1799 1953 obediendum
1823 1898 1950 1968 ejus
1978 1899 2112 1954 sub-

463 1993 636 2048 datur
676 1988 1182 2062 concupiscentiis,
1216 1992 1281 2043 ut
1328 1986 1551 2043 lumine
1594 1988 1722 2059 ipso
1771 2004 1975 2042 carens
2024 2005 2113 2043 ra-

463 2080 662 2147 tionis,
696 2096 801 2136 nec
840 2083 968 2136 aeta
1015 2076 1248 2142 recolat,
1283 2093 1388 2133 nec
1437 2076 1662 2150 agenda
1707 2075 1916 2132 videat.
1951 2076 2111 2142 Quod

466 2185 539 2226 ne
570 2168 673 2224 tibi
706 2169 1025 2241 contingat,
1060 2166 1176 2221 illis
1213 2166 1290 2237 [id
1319 2173 1396 2222 est
1438 2163 1949 2237 concupiscentiis]
2003 2166 2112 2221 for-

464 2258 695 2315 tissime
725 2256 1105 2331 repugnando
1141 2272 1174 2311 a
1205 2255 1376 2311 corde
1406 2258 1505 2311 tuo
1537 2253 1755 2327 expelle
1788 2255 2109 2312 daemonem

465 2349 616 2419 (250)
651 2366 664 2405 :
689 2348 903 2420 jugum
936 2344 1151 2402 Christi
1183 2361 1357 2400 suave
1387 2348 1444 2399 et
1471 2361 1618 2400 onus
1648 2344 1776 2415 ejus
1805 2344 1926 2400 leve
1946 2361 2111 2400 assu-

465 2454 652 2506 mens,
688 2436 983 2508 subjectos
1013 2432 1251 2508 provido
1278 2431 1560 2506 regimine
1591 2432 1699 2487 sub
1730 2436 1787 2489 te
1822 2431 1906 2487 illi
1955 2432 2106 2488 mili-

462 2530 586 2583 tare
616 2544 731 2583 non
759 2529 990 2582 tantum
1023 2521 1323 2596 prazeeptis
1372 2539 1550 2594 quam
1581 2520 1862 2594 exemplis
1911 2522 2104 2591 facito,

461 2620 529 2672 ut
559 2616 684 2672 sine
714 2615 829 2671 ﬁne
859 2629 1102 2686 regnare
1133 2611 1411 2668 merearis
1435 2628 1567 2667 cum
1601 2612 1761 2682 ipsis.
1802 2612 1867 2666 Et
1898 2629 1988 2680 ne,
2015 2629 2104 2669 ro-

458 2721 553 2778 go,
588 2701 1244 2775 ﬂoeeipendas,tametsi
1267 2719 1301 2756 a
1331 2718 1509 2772 puero
1541 2700 1831 2771 prolatum
1864 2704 1983 2756 tam
2012 2719 2103 2757 sa-

458 2793 645 2860 lubre,
698 2791 833 2847 licet
873 2790 1297 2863 permodicum,
1340 2790 1612 2861 superius
1664 2789 2101 2857 documentum,

458 2880 957 2955 quandoquidem,
1020 2882 1087 2934 ut
1148 2878 1431 2935 hodierna
1495 2882 1694 2933 monet
1759 2877 2105 2943 solemnitas

457 2970 745 3047 (25l),ipsi
776 2969 893 3026 Deo
922 2966 1328 3025 testimonium
1360 2965 1652 3040 placuisse
1683 2967 1911 3022 noveris
1928 2966 2102 3024 etiam

455 3076 571 3117 non
600 3058 990 3131 loquentium.

526 3150 617 3205 29.
646 3148 845 3221 Neque
875 3145 1144 3213 etiam,ut
1165 3145 1291 3217 jam
1323 3145 1432 3201 iter
1453 3161 1763 3216 carpamus
1781 3151 2098 3218 arreptum,

2215 580 2384 620 suam
2416 564 2673 623 voleutes
2699 564 3265 633 statuere,voluntati
3283 564 3383 622 Dei
3405 563 3485 620 nil
3503 565 3612 621 nisi
3624 565 3827 637 justum

2214 658 2272 710 et
2301 653 2518 709 bonum
2551 654 2802 710 amantis
2835 654 3227 729 dedignantur
3251 671 3311 710 se
3342 654 3583 711 subdere
3611 657 3830 726 [Rom.x,

2213 743 2291 811 3),
2325 759 2431 798 nec
2462 760 2561 798 eor
2590 744 2661 798 ad
2712 744 2767 799 id
2809 744 2994 799 Deum
3040 749 3282 811 vertere,
3317 744 3420 800 sed
3465 743 3832 800 adversarium

2216 833 2536 887 amentiam
2597 832 2842 904 implere
2885 832 3052 906 (252).
3106 832 3371 895 Secundo
3421 831 3528 887 hoc
3574 831 3694 887 ideo
3739 832 3835 888 dici

2216 936 2522 993 agnoscas,
2556 937 2628 976 ne
2661 920 2795 993 quis
2826 924 2988 977 tuam
3021 920 3154 994 plus
3176 922 3340 993 justo
3354 920 3558 976 timeat
3586 921 3834 987 iram,aut

2217 1008 2439 1065 ambiat
2468 1010 2966 1082 gratiaszonum
2993 1018 3069 1066 est
3099 1011 3250 1066 enim
3269 1025 3497 1082 sperare
3527 1011 3586 1065 in
3614 1010 3833 1077 Domino,

2217 1114 2377 1170 quam
2423 1115 2644 1170 sperare
2694 1101 2756 1154 in
2800 1101 3144 1171 principibus
3189 1099 3364 1168 (Psal.
3399 1115 3570 1165 cxvn,
3598 1097 3689 1169 9);
3719 1114 3834 1153 cum

2220 1187 2395 1243 etiam
2424 1188 2744 1244 maledictus
2774 1188 2846 1243 ab
2877 1187 2987 1244 alio
3019 1188 3247 1243 dicatur
3276 1187 3578 1261 propheta,
3596 1188 3686 1260 qui
3709 1203 3837 1259 span

2219 1293 2377 1331 suam
2420 1278 2575 1349 ponit
2617 1279 2677 1333 in
2725 1276 2944 1334 homine
2995 1278 3124 1349 (Jer.
3175 1294 3314 1345 xvn,
3352 1276 3432 1349 5).
3465 1276 3713 1348 Itemque
3752 1291 3838 1348 per

2221 1363 2403 1422 alium
2460 1382 2473 1421 :
2528 1367 2639 1436 Ego
2687 1368 2949 1424 Dominus
3002 1368 3247 1438 formans
3319 1366 3499 1421 lucem
3563 1369 3612 1420 et
3674 1380 3837 1420 creans

2220 1454 2488 1524 tenebras,
2521 1456 2732 1526 faciens
2767 1472 2963 1528 pacem
3008 1459 3061 1512 et
3106 1471 3300 1511 creans
3346 1455 3561 1511 malum
3587 1455 3703 1523 (Isa.
3730 1470 3835 1519 XLV,

2219 1541 2297 1615 7).
2366 1543 2619 1598 Dieendo
2686 1544 2843 1600 enim
2912 1560 2926 1601 :
2995 1545 3098 1600 Cor
3178 1545 3324 1615 regis
3391 1545 3454 1599 in
3522 1560 3685 1599 manu
3740 1540 3836 1609 Dei,

2222 1648 2541 1706 quocunque
2615 1634 2850 1689 voluerit
2918 1641 3088 1689 vertet
3143 1632 3287 1688 illud
3346 1634 3510 1705 (Prov
3536 1675 3549 1689 .
3605 1648 3729 1698 xxx,
3772 1629 3835 1698 t),

2220 1720 2343 1775 vult
2374 1738 2576 1777 omnes
2610 1737 2865 1790 monere,
2899 1725 2955 1780 te
3003 1721 3083 1777 nil
3116 1738 3288 1795 posse
3316 1723 3594 1794 perficere
3633 1720 3835 1789 iratum,

2225 1809 2337 1865 nisi
2371 1810 2527 1883 quod
2560 1811 2684 1883 ipse
2718 1811 3184 1884 permiserit;nee
3215 1811 3532 1867 concedere
3561 1809 3836 1883 placatum,

2226 1899 2338 1955 nisi
2367 1901 2522 1972 quod
2557 1900 2681 1973 ipse
2728 1900 2999 1956 voluerit.
3033 1901 3314 1965 Quocirca
3341 1917 3405 1957 se
3445 1897 3632 1957 solum
3651 1897 3835 1965 timeri,

2224 2005 2285 2045 se
2317 1988 2507 2045 solum
2540 1988 2866 2058 amari,sibi
2898 1989 3136 2045 omnino
3169 1988 3251 2044 nil
3283 1988 3450 2062 cupit
3479 1986 3733 2058 conferri,
3762 2002 3838 2041 ne-

2222 2078 2365 2135 dum
2396 2078 2648 2150 praeferri
2687 2094 2700 2133 :
2736 2079 2890 2150 quod
2925 2096 3043 2134 una
3091 2077 3446 2134 sententiola
3474 2075 3707 2133 breviter
3730 2074 3834 2148 pul-

2222 2166 2508 2223 cherrime
2557 2172 2645 2225 est
2693 2168 2765 2223 ab
2817 2166 3079 2240 apostolo
3129 2166 3618 2239 comprehensum
3649 2183 3662 2221 :
3696 2165 3837 2221 Deum

2220 2257 2420 2323 timete,
2466 2272 2643 2328 regem
2670 2257 3024 2328 honoriﬁcate
3052 2258 3125 2325 (II
3145 2257 3292 2311 Petr.
3331 2273 3396 2323 Π,
3432 2256 3540 2327 17).
3580 2255 3655 2310 Ae
3697 2251 3738 2309 si
3764 2250 3835 2307 di-

2220 2349 2387 2400 catur
2418 2361 2430 2400 :
2466 2345 2781 2402 Dominum
2812 2346 3033 2412 timete,
3068 2345 3408 2400 ministrum
3438 2344 3722 2400 honorate.
3744 2339 3833 2397 Sed

2219 2451 2324 2488 cur
2356 2434 2639 2490 mutando
2671 2434 2912 2489 verbum
2947 2433 3132 2507 levigo
3159 2433 3385 2489 dictum
3407 2433 3437 2489 Τ
3464 2435 3630 2489 Deum
3660 2433 3832 2500 timete,

2216 2540 2397 2595 regem
2426 2524 2780 2593 honoriﬁcate
2806 2523 2950 2578 dixit
2986 2539 2998 2577 :
3034 2539 3139 2579 nec
3168 2521 3563 2595 perfunctorie
3610 2520 3833 2593 quidem,

2216 2616 2280 2667 ut
2311 2617 2555 2668 autumo
2582 2629 2596 2677 ;
2628 2612 2950 2668 honoratus
2981 2610 3127 2684 (253)
3154 2611 3311 2667 enim
3337 2610 3584 2666 aliorum
3608 2606 3830 2664 reddet-is

2216 2699 2650 2774 obsequiis,qui
2681 2718 2749 2756 ex
2778 2704 2833 2755 te
2861 2700 3125 2772 ejusdem
3156 2715 3219 2755 es
3250 2695 3828 2755 conditionis.Utenim

2215 2795 2420 2862 potens
2452 2807 2580 2846 esse
2612 2788 2827 2861 possis,
2860 2805 2975 2844 non
3020 2788 3080 2844 in
3112 2792 3186 2856 te,
3223 2787 3325 2843 sed
3376 2787 3439 2843 in
3489 2784 3824 2843 servientium

2214 2880 2489 2936 manibus
2520 2878 2698 2934 situm
2729 2876 3103 2934 voracissima
3133 2876 3364 2933 noveris
3399 2896 3412 2933 :
3446 2876 3598 2932 unde
3626 2879 3679 2930 et
3704 2886 3826 2946 quos

2211 2972 2416 3035 terres,
2450 2968 2575 3040 ipse
2615 2967 2748 3040 plus
2780 2966 3014 3023 metuis.
3048 2966 3237 3023 Metiri
3281 2970 3479 3023 autem
3513 2980 3633 3022 sese
3658 2976 3826 3038 quem-

2213 3074 2390 3130 quam
2419 3057 2580 3125 dicit,
2602 3061 2668 3112 ut
2698 3058 2760 3129 [ι.
2793 3056 3108 3129 quisnuam
3140 3055 3331 3123 debet,
3366 3057 3455 3128 ut]
3486 3054 3722 3110 Avienus
3760 3050 3828 3105 di-

2212 3144 2310 3215 cit,
2342 3145 2709 3218 propriisque
2729 3144 2922 3217 juvari
2955 3144 3252 3216 laudibus,
3284 3160 3391 3201 nee
3438 3144 3668 3201 alterius
3704 3140 3830 3196 bona

458 3237 566 3295 tibi
596 3218 793 3295 omnia
823 3236 997 3292 licere
1026 3240 1194 3308 putes
1219 3235 1476 3307 exsequi,
1512 3252 1638 3307 quas
1667 3232 1939 3290 voluntas
1969 3252 2106 3308 sug-
2137 3218 2179 3286 C
2220 3235 2387 3306 ferre,
2419 3236 2478 3291 id
2511 3239 2599 3291 est
2630 3238 2968 3307 computare
2999 3232 3133 3289 sibi.
3163 3232 3310 3289 Vide
3355 3250 3492 3307 ergo
3537 3236 3597 3288 ut
3644 3234 3696 3287 et
3729 3226 3831 3284 tuis

462 3327 612 3399 gerit
642 3325 818 3382 cordi.
851 3326 994 3382 Cum
1018 3325 1176 3393 audi,
1212 3324 1349 3396 quia
1394 3341 1493 3379 eor
1523 3323 1675 3396 regis
1704 3322 1760 3378 in
1796 3341 1974 3379 manu
2006 3323 2106 3380 Dei

465 3416 647 3486 (Prov.
681 3432 796 3483 xxI,
831 3415 905 3482 1),
936 3413 1090 3470 scias
1119 3412 1307 3468 tribus
1339 3416 1403 3468 ut
1434 3413 1781 3486 investigare
1813 3412 2108 3484 quivimus

464 3503 655 3562 modis
695 3503 802 3561 hoc
831 3520 1005 3577 posse
1036 3500 1301 3575 intelligi,
1335 3519 1583 3574 quorum
1617 3503 1776 3574 prior
1801 3502 1929 3569 tibi,
1962 3502 2108 3560 alter

463 3593 733 3666 subjecit,
758 3608 1010 3664 sequens
1025 3590 1374 3666 generaliter
1388 3592 1660 3663 congruit
1683 3592 1981 3657 omnibus,
2006 3592 2104 3664 qui

459 3687 517 3739 et
544 3682 776 3739 ﬁrmius
802 3681 1091 3739 tenendus
1123 3680 1432 3738 sollicitius
1471 3685 1560 3737 est
1585 3680 1926 3737 servandus.
1956 3681 2103 3738 Nam

457 3775 523 3826 ut
551 3771 622 3825 de
652 3769 841 3841 primo
867 3770 1135 3825 dicamus
1164 3769 1540 3831 tecum.scias
1556 3773 1831 3825 cortuum
1850 3769 1908 3824 in
1924 3787 2103 3826 manu

455 3873 584 3914 esse
616 3856 752 3925 Dei;
785 3860 842 3913 et
873 3862 1014 3913 tunc
1044 3856 1273 3913 noveris
1302 3874 1436 3912 eum
1466 3856 1611 3911 illud
1664 3857 1930 3929 dirigere,
1967 3875 2101 3914 eum

453 3946 608 4019 quod
636 3944 1094 4018 praeoipit,corde
1124 3944 1437 4017 percipere,
1461 3962 1633 4017 opere
1663 3945 1959 4001 studueris
1985 3947 2093 4003 im-

449 4034 628 4106 plere.
662 4033 771 4088 Cor
797 4039 1014 4100 autem,
1040 4049 1153 4088 non
1185 4031 1368 4099 illam,
1402 4050 1528 4104 qua:
1560 4035 1670 4090 sub
1702 4034 1880 4090 costis
1906 4034 2096 4092 latens

447 4122 530 4179 ita
552 4120 898 4196 appellatur,
932 4121 1126 4178 carnis
1154 4120 1524 4194 particulam,
1549 4139 1616 4177 ex
1648 4139 1765 4194 qua
1812 4123 1919 4179 rivi
1960 4141 2091 4196 pro-

446 4212 583 4269 dere
614 4214 939 4268 noscuntur
966 4226 1266 4289 venarum,
1300 4209 1553 4267 dicimus
1579 4228 1592 4277 ;
1624 4212 1725 4267 sed
1758 4211 1922 4268 illam
1951 4211 2089 4281 vim,

447 4319 563 4375 qua
610 4299 994 4375 cogitationes
1034 4300 1221 4369 ﬁunt;
1257 4316 1404 4373 quae,
1438 4304 1503 4354 ut
1550 4304 1606 4355 et
1655 4302 1907 4372 majores
1954 4317 2090 4357 sen-

445 4394 667 4458 serunt,
708 4393 766 4446 et
814 4405 1065 4463 magnus
1116 4405 1348 4463 quoque
1399 4388 1544 4443 dixit
1600 4389 1768 4445 Pater
1811 4390 2087 4464 Augusti-

443 4497 576 4549 nus,
616 4480 771 4537 138
802 4479 931 4536 ideo
962 4478 1073 4535 hoc
1122 4477 1450 4552 appellatur
1479 4470 1734 4548 nomine,
1769 4480 1905 4552 quia
1934 4479 2090 4536 sicut

2218 3323 2537 3380 honoretur
2562 3322 2657 3378 ille
2684 3323 2956 3390 servitiis,
2989 3323 3159 3394 cujus
3189 3321 3502 3378 honoraris
3533 3316 3827 3393 praeceptis;

2217 3411 2541 3485 alienisque
2575 3416 2742 3468 utens
2772 3412 2964 3479 bonis,
2992 3411 3260 3485 ingratus
3288 3410 3553 3485 largitori
3598 3426 3665 3465 ne
3691 3404 3831 3464 exstio

2217 3501 2372 3557 teris.
2409 3503 2555 3557 Nam
2586 3517 2721 3556 eum
2754 3500 2894 3556 alibi
2946 3500 3227 3557 dixisset:
3258 3500 3479 3556 Subditi
3515 3505 3668 3555 estote
3704 3492 3832 3552 omni

2215 3591 2472 3646 humanae
2500 3598 2774 3647 m'eaturw
2805 3589 2990 3661 (Ibid,
3024 3587 3339 3658 13);statim
3367 3588 3571 3644 intulit
3600 3604 3612 3642 :
3639 3591 3831 3658 propter

2214 3682 2423 3742 Deum;
2452 3679 2560 3735 hoc
2591 3684 2697 3746 est,
2733 3679 3013 3735 honorate
3042 3682 3300 3734 creatum
3348 3681 3587 3751 propter
3629 3675 3827 3732 Creato-

2213 3786 2359 3837 rem;
2382 3764 2703 3825 subdimini
2731 3759 2902 3833 facto,
2921 3784 3037 3823 non
3061 3766 3217 3837 facti,
3242 3766 3343 3822 sed
3364 3765 3601 3824 factoris
3620 3776 3822 3827 amore;

2210 3861 2324 3914 sive
2354 3859 2489 3929 regi,
2524 3856 2740 3930 inquit,
2775 3858 2933 3929 quasi
2973 3856 3318 3928 praecellenti
3362 3855 3570 3929 (Ibid),
3605 3847 3825 3910 subaudi

2201 3951 2427 4020 propter
2450 3948 2620 4002 Deum
2651 3964 2670 4002 :
2698 3944 2967 4001 videlicet
2995 3949 3062 4001 ut
3110 3949 3412 4019 agnoscat,
3447 3947 3661 4018 quanta
3698 3953 3827 3996 reve-

2204 4036 2392 4092 rentia
2439 4036 2563 4108 ipse
2610 4037 2782 4092 debet
2820 4035 3075 4091 Creatori
3125 4035 3360 4107 subjici,
3393 4051 3530 4092 cum
3578 4035 3729 4090 tanta
3752 4025 3820 4084 illi

2202 4124 2562 4197 impenditur
2594 4140 2626 4180 a
2657 4129 2924 4180 creatura
2971 4124 3305 4181 conditione
3354 4121 3663 4180 consimili.
3695 4116 3833 4186 Quid-

2201 4214 2314 4270 sibi
2341 4213 2519 4286 exigit
2550 4214 2611 4286 [ι.
2645 4213 2856 4287 exigat]
2890 4213 3025 4285 jure
3072 4211 3333 4269 omnium
3369 4212 3667 4277 Dominus,
3697 4209 3819 4264 dum

2196 4305 2364 4357 tanta
2391 4302 2616 4376 exigere
2645 4301 2873 4358 videtur
2902 4301 3234 4358 communis
3248 4304 3472 4357 natura:
3502 4298 3820 4357 aeonfamu-

2196 4390 2268 4447 lis
2299 4408 2499 4447 servus
2520 4392 2548 4447 ?
2578 4393 2745 4447 Deum
2777 4394 2976 4460 timete,
3008 4407 3191 4462 regem
3220 4391 3593 4463 honoriﬁcate.
3620 4384 3820 4443 Timete

2196 4480 2583 4554 ﬂagellantem
2644 4478 2979 4549 Dominum,
3032 4479 3412 4535 honorificate
3472 4479 3682 4552 ipsum,
3732 4484 3824 4544 per

441 4573 637 4625 motus
662 4587 777 4625 non
809 4569 1181 4636 cessat,unde
1213 4585 1341 4624 sese
1362 4565 1570 4640 pulsus
1587 4567 2088 4643 diti‘unditusquc-
2118 4589 2163 4654 ι)
2195 4571 2350 4643 quod
2383 4571 2649 4643 [Lquem]
2682 4569 2833 4625 abeo
2856 4567 3493 4641 corrigemini.Metuite
3507 4569 3814 4654 patronumz

439 4674 671 4729 quaque
699 4674 980 4713 venarum
1012 4657 1071 4712 in
1103 4658 1295 4725 corde,
1328 4658 1411 4713 ita
1442 4675 1555 4713 non
1591 4657 1947 4730 quiescimus
1976 4658 2083 4714 ali-

437 4746 579 4817 quid
607 4745 912 4816 cogitando
943 4762 1189 4801 versare.
1224 4747 1304 4801 Ex
1334 4750 1451 4802 toto
1484 4746 1681 4819 itaque
1736 4747 1846 4804 isto
1886 4748 2077 4818 corde,

432 4831 543 4889 hoc
573 4837 664 4889 est
691 4833 805 4888 ista
832 4833 888 4888 vi
918 4833 1127 4889 animus
1174 4834 1545 4907 praecipimur
1569 4834 1752 4891 Deum
1785 4834 2031 4909 diligere
2062 4852 2075 4891 :

430 4939 500 4979 ex
526 4922 658 4991 ista,
694 4921 945 4994 denique
973 4927 1255 4978 vocantur
1277 4925 1572 4991 excordes,
1607 4925 1942 4992 concordes,
1961 4924 2079 4981 dis-

429 5013 653 5082 eordes,
668 5012 961 5079 vecordes,
982 5016 1040 5067 et
1071 5012 1517 5068 socordes.lnde
1545 5013 1900 5085 quibusdam
1931 5013 2076 5069 diei-

427 5104 524 5156 tur
556 5116 568 5156 :
603 5100 844 5168 Reddite,
872 5102 1343 5172 prazvarimtores,
1390 5103 1459 5156 ad
1507 5117 1598 5158 cor
1645 5103 1771 5163 (Isa.
1816 5119 1964 5169 xLVI,
1997 5104 2071 5176 8),

495 5209 643 5279 (250)
677 5206 823 5263 Male
854 5207 912 5263 in
944 5206 1101 5279 vulg.
1135 5209 1448 5263 Dominum.

498 5276 1004 5350 (251)501emnim
1044 5276 1155 5351 non
1205 5280 1543 5351 loquentium
1591 5279 1808 5335 indicat
1857 5280 2069 5335 festum

425 5356 762 5423 sanctorum
795 5350 1216 5423 Innocentium,
1253 5350 1368 5423 quo
1399 5350 1519 5405 haec
1551 5350 1769 5423 scripta
1810 5351 2066 5407 fuerunt.

427 5422 661 5477 Festum
694 5426 890 5477 autem
922 5422 1157 5478 indicati
1190 5421 1545 5477 celebratum
1578 5421 1730 5478 anno
1759 5423 1866 5477 935
1905 5438 1972 5477 ex
2003 5439 2068 5478 eo

419 5493 622 5566 liquet,
657 5493 795 5566 quia
824 5493 1001 5566 hunc
1023 5493 1239 5566 librum
1272 5497 1473 5566 auctor
1508 5494 1763 5549 exaravit
1813 5494 2068 5566 profecto

419 5564 775 5637 postlibrum
794 5565 1117 5621 secundum
1136 5564 1504 5621 lucubratum
1523 5582 1720 5623 mense
1742 5565 2066 5636 Septembri

418 5636 557 5694 anni
591 5639 941 5710 eiusdem,et
978 5641 1111 5694 ante
1136 5643 1480 5707 sequentem
1515 5637 1798 5710 scriptum
1831 5636 2067 5694 ineunte

2194 4659 2472 4716 honorate
2503 4659 2657 4732 quod
2685 4657 3098 4715 sustentamini
3138 4655 3437 4713 baculum.
3468 4645 3816 4714 Veneramini

2188 4753 2549 4821 patrem,nee
2562 4747 2933 4821 vilipendatis
2947 4748 3047 4820 qui
3061 4764 3162 4804 vos
3178 4745 3373 4803 erudit
3389 4748 3701 4801 auctorem.
3722 4739 3812 4794 Pa-

2185 4842 2313 4894 vete
2343 4838 2416 4894 ad
2447 4853 2645 4894 vocem
2699 4836 3001 4911 genitoris,
3034 4852 3142 4893 nec
3188 4832 3478 4908 spernatis
3527 4840 3811 4906 personam

2187 4927 2421 4983 tutoris.

2255 5016 2463 5071 30.1ta
2516 5014 2672 5071 enim
2722 5015 2980 5071 dicitur:
3037 5017 3138 5073 Cor
3185 5016 3329 5087 regis
3378 5015 3439 5069 in
3484 5026 3655 5068 manu
3703 5004 3807 5067 Βϐίο

2183 5120 2501 5177 quocunque
2528 5106 2761 5160 voluerit
2790 5113 2962 5161 vertet
2992 5104 3136 5160 illud
3165 5107 3347 5173 (Prov.
3381 5119 3499 5171 xxI,
3537 5102 3606 5169 1),
3640 5096 3806 5153 sicut:

2182 5228 2335 5287 anno
2381 5212 2507 5287 93§.
2541 5212 2766 5267 Confer.
2806 5216 2926 5267 not.
2961 5213 3170 5287 102st
3216 5213 3318 5267 189
3367 5197 3804 5287 hujusoetomi:

2253 5286 2397 5345 (252)
2431 5284 2776 5357 _Construe:
2838 5292 2898 5338 ut
2938 5284 3266 5357 intelligant
3320 5299 3377 5338 se
3432 5284 3677 5357 amentia.
3710 5284 3803 5357 figi

2177 5370 2288 5410 non
2315 5344 2472 5410 corde
2500 5355 2754 5423 regi,.....
2784 5370 2882 5410 nec
2927 5355 3100 5410 Deum
3133 5344 3355 5410 vvertere
3403 5368 3494 5409 cor
3521 5347 3590 5406 ad
3624 5344 3677 5401 id
3704 5352 3803 5423 (ξεῖ

2179 5424 2351 5498 spicit
2383 5424 2481 5481 illa
2509 5410 2863 5498 quaepostea
2891 5425 3119 5498 subdit;
3156 5426 3258 5498 Cor
3285 5427 3426 5497 regis
3454 5425 3509 5498 in
3539 5410 3799 5498 τηᾳηυςῦεξ

2177 5485 2494 5570 quocunque
2523 5485 2756 5557 voluerit
2777 5505 2944 5553 vertet
2976 5496 3257 5566 illud),sed
3270 5485 3569 5554 amentiam
3586 5485 3800 5561 implere

2175 5585 2268 5625 cor
2294 5570 2673 5625 adversarium
2698 5570 2823 5625 Deo.

2248 5642 2395 5703 (253)
2427 5639 2620 5713 Vulg.,
2653 5640 2989 5709 honorariis,
3022 5640 3323 5698 mendose.
