4054 6190
160 338 275 405 285

1095 334 1743 413 PB/ELOOUIORUM
1789 331 1999 399 LIBRI
2045 331 2216 398 SEX.
2249 365 2328 382 —
2355 335 2501 399 LIB.
2547 335 2622 399 V.

3443 335 3562 401 286

164 476 315 553 gelio
338 476 487 546 (258)
531 471 849 532 Dominum
908 473 1080 549 (259.)
1111 474 1317 533 Verere
1375 477 1592 543 autem,
1652 489 1725 529 ne
1752 471 1801 529 si
1831 469 2209 543 Ainsontem
2250 468 2399 540 (Gen.
2459 487 2650 543 xxxxx,
2708 470 2820 534 20.)
2878 470 3219 547 Agnoveris,
3279 472 3562 547 Egesippo

164 566 479 641 plusquam
512 568 851 640 perceptum
879 568 965 621 est
989 581 1270 637 usurpare
1294 563 1459 633 velis,
1483 579 1682 638 pcenas
1710 578 1813 634 pro

167 657 465 713 invasione
496 654 553 711 in
579 655 805 728 judicio
837 654 996 712 luere
1018 654 1264 728 cogaris.
1294 653 1445 710 Audi
1475 652 1811 719 Dominum,

168 750 228 801 ut
258 745 433 802 etiam
459 745 632 818 juxta
660 743 913 800 litteram
943 744 1088 799 illud
1111 743 1381 816 accipias,
1414 743 1473 797 in
1504 739 1813 815 Evangelia

165 836 428 892 dixisse:
462 834 647 892 Nolite
703 842 957 888 sanetum
1014 833 1148 888 dare
1200 832 1427 888 canibus
1475 830 1677 903 (Matth.
1714 848 1812 896 vn,

164 924 239 997 6.)
272 923 421 980 Audi
470 922 743 979 eumdem
776 939 880 995 per
928 920 1117 995 legem
1170 921 1458 977 clamasse
1490 937 1503 975 :
1539 918 1814 991 Quidquid

164 1014 387 1070 Domini
414 1014 664 1085 offertur,
696 1019 943 1067 sanctum
988 1015 1301 1067 sanctorum
1359 1018 1457 1076 est,
1490 1016 1544 1064 et
1597 1007 1667 1063 ad
1686 1009 1811 1079 jus-

158 1105 401 1176 pertinet
427 1101 769 1158 sacerdotum
797 1102 981 1169 (Num.
1012 1117 1172 1166 xvm,
1203 1099 1284 1172 9.)
1315 1099 1462 1154 Vide
1518 1114 1652 1169 ergo
1696 1097 1813 1152 sive

161 1196 250 1259 tu,
287 1192 407 1248 sive
429 1190 675 1264 quilibet
694 1190 871 1244 etiam
893 1206 1093 1246 eorum
1126 1189 1205 1261 [id
1230 1192 1309 1244 est
1326 1187 1717 1256 sacerdotum]
1743 1203 1814 1242 ne
1901 1222 1908 1228 ι

160 1281 325 1352 quod
357 1278 581 1336 alendis
614 1277 890 1333 collatum
924 1282 1011 1333 est
1041 1278 1417 1350 pauperibus,
1459 1275 1580 1331 sive
1621 1292 1814 1330 sacer-

158 1369 408 1425 dotibus
438 1365 764 1441 pascendis,
795 1367 1020 1422 tribuas
1052 1366 1318 1422 canibus.

227 1458 331 1512 35.
358 1457 510 1512 lnter
538 1456 691 1513 182
720 1455 840 1510 haec
868 1471 1106 1510 uxorem
1131 1454 1328 1526 dilige,
1360 1452 1819 1508 concubinarum

160 1545 464 1602 consortia
491 1545 644 1618 fuge.
678 1543 834 1599 Usus
866 1543 1106 1615 quidem
1161 1541 1373 1614 prioris
1430 1540 1531 1596 aevi
1562 1539 1671 1596 iste
1712 1540 1823 1595 fuit

162 1652 278 1708 pro
311 1633 608 1706 paucitate
623 1632 932 1688 hominum
959 1650 971 1700 ;
1007 1631 1107 1687 sed
1133 1631 1435 1687 deﬁciente
1458 1628 1820 1696 necessitate,

165 1724 349 1780 debet
379 1738 611 1795 quoque
642 1726 699 1777 et
729 1721 884 1793 quod
909 1723 1146 1793 propter
1172 1719 1576 1791 necessitatem
1607 1717 1819 1790 agitur,

168 1829 406 1869 cessare
432 1830 446 1883 ;
480 1810 802 1884 praesertim
833 1825 964 1864 cum
987 1808 1246 1865 sciamus
1276 1824 1490 1863 novum
1522 1806 1820 1862 hominem

167 1917 328 1959 nova
352 1902 641 1974 praecepta
669 1897 899 1955 dedisse
931 1898 1106 1969 (Joan.
1140 1914 1262 1963 xm,
1294 1896 1408 1967 34.)
1440 1895 1738 1951 Ministros
1768 1899 1823 1949 et

164 1989 537 2047 consiliarios
566 1987 670 2044 tibi
704 1986 847 2042 tales
867 1985 1035 2058 elige,
1065 1986 1161 2058 qui
1188 2002 1301 2042 non
1328 1988 1448 2052 tua,
1481 1984 1577 2042 sed
1607 1988 1665 2039 te
1696 2000 1822 2056 pro-

165 2080 389 2138 bentur
416 2076 699 2151 diligere;
733 2092 838 2131 uec
874 2079 1106 2130 tantum
1155 2073 1496 2147 morigeros,
1532 2078 1818 2145 quantum

167 2167 416 2235 amicos,
445 2167 503 2222 id
534 2169 623 2223 est
648 2164 855 2220 animm
877 2164 1170 2231 custodes,
1195 2162 1294 2236 qui
1319 2167 1374 2218 te
1400 2161 1622 2218 scilicet
1642 2160 1819 2217 corri-

167 2258 340 2332 piant
362 2256 420 2310 in
436 2252 835 2311 misericordia
857 2258 913 2309 et
940 2252 1260 2325 increpent,
1285 2267 1472 2323 neque
1494 2249 1617 2306 oleo
1639 2249 1821 2306 noxias

165 2346 256 2403 vel
292 2345 605 2402 mortiferae
662 2340 1016 2399 adulationis
1057 2346 1266 2414 caput,
1324 2340 1379 2395 id
1417 2344 1507 2395 est
1564 2343 1822 2395 mentem

168 2440 365 2502 tuam,
382 2432 771 2491 demulceant.
788 2431 933 2488 Cave
957 2430 1131 2486 etiam
1159 2429 1481 2486 delatorum
1503 2428 1821 2484 fallaciam:

169 2528 472 2583 memento
495 2522 728 2578 illorum
747 2521 949 2576 fraude
964 2518 1287 2576 multorum
1294 2519 1419 2589 jam
1434 2516 1825 2573 innocentiam

169 2615 357 2671 fuisse
390 2610 808 2687 prmscriptam,
842 2626 872 2665 e
902 2609 1118 2682 quibus
1165 2613 1229 2663 ut
1257 2608 1342 2662 vel
1375 2624 1558 2661 unum
1585 2604 1827 2679 periculi

167 2720 354 2760 causa
386 2716 726 2767 memorem,
760 2698 913 2754 scias
968 2696 1189 2769 Joseph
1232 2712 1522 2751 carcerem
1575 2694 1829 2751 subiisse

240 2828 400 2906 (2ἓξιξ)
456 2826 623 2906 Quem
679 2821 924 2906 (scilicet
999 2820 1485 2906 dispensatorem)
1538 2820 1677 2875 scias
1719 2835 1831 2903 esse

165 2894 487 2971 ponti/5w):
543 2894 771 2974 Domino
846 2894 1075 2974 docente
1117 2896 1430 2964 patronum,
1464 2906 1594 2974 Anon
1656 2894 1828 2974 mini-

169 2964 348 3027 3m
367 2986 392 3033 ;
419 2984 581 3042 quem
609 2966 858 3022 eumdem
880 2964 1193 3037 pontiﬁcem
1222 2980 1352 3031 esse,
1380 2969 1530 3035 potes
1560 2964 1826 3030 invenire,

1922 562 2093 627 teste,
2125 576 2431 633 nunquam
2462 559 2594 618 illos
2634 560 2846 632 defore,
2881 561 2932 620 si
2963 560 3082 619 illis
3140 562 3416 622 credulus
3470 580 3566 621 vo-

1923 647 2103 705 lueris
2134 665 2280 705 esse.
2314 649 2457 706 Vide
2489 668 2559 707 ne
2590 668 2723 707 cum
2752 651 2813 707 in
2843 650 3070 720 edictis,
3101 651 3389 724 epistolis,
3450 652 3569 709 sive

1924 737 2171 794 decretis
2200 738 2388 794 vocari
2420 740 2647 796 ambias
2677 741 2833 812 pius,
2865 740 2924 797 in
2952 741 3118 797 factis
3148 758 3431 814 appareas
3456 742 3568 797 im-

1922 825 2059 899 pius
2084 844 2097 895 ;
2131 833 2186 883 et
2209 833 2273 882 ut
2299 827 2520 901 aliquid
2543 829 2614 885 de
2641 828 3018 885 saecularibus
3039 830 3230 887 adhuc
3247 832 3569 888 audeamus

1921 919 2160 987 tangere
2194 933 2206 971 :
2239 917 2526 984 Erubesce,
2585 918 2754 974 Sidon
2782 936 2801 973 :
2860 922 2944 974 ait
2997 922 3144 975 enim
3201 936 3353 976 mare
3410 922 3565 993 (Isai.

1920 1020 2078 1075 χχιιι,
2112 1006 2186 1072 4.)
2217 1005 2626 1062 Animadverte
2656 1007 2855 1073 etiam,
2888 1025 3028 1080 rogo
3070 1008 3210 1081 quid
3266 1014 3439 1081 potea
3461 1010 3568 1065 tibi

1924 1092 2098 1161 dicat,
2132 1093 2405 1166 inquiens
2436 1094 2494 1149 in
2516 1099 2712 1168 satyra
2745 1113 2758 1151 :

2109 1217 2427 1282 Exspectata
2451 1217 2541 1267 diu
2574 1219 2791 1268 tandem
2817 1220 3097 1282 provincia
3118 1234 3238 1271 cum
3269 1225 3322 1272 te

2111 1279 2387 1353 Ijectorem
2417 1279 2869 1353 acciperet..poue
2919 1283 3011 1353 iraa
3041 1283 3571 1353 freua,_modumque

2114 1341 2255 1391 Pone
2288 1346 2340 1392 et
2368 1341 2618 1404 avaritia),
2650 1341 2905 1394 miserere
2932 1345 3153 1409 inopum
3183 1341 3237 1396 et
3258 1341 3542 1398 sociorum.

1929 1454 2245 1522 sociorum,
2280 1456 2496 1529 inquit,
2528 1475 2640 1513 non
2666 1476 2985 1528 servorum,
3019 1478 3134 1517 non
3163 1462 3521 1531 sujectorum
3555 1481 3569 1519 :

1934 1542 2128 1600 Omnes
2183 1545 2341 1600 enim
2411 1547 2471 1599 in
2530 1546 2761 1612 Christo,
2848 1550 3173 1604 secundum
3228 1551 3573 1622 Apostolum

1930 1648 2107 1688 unum
2135 1650 2325 1689 sumus
2353 1635 2523 1707 (Rom.
2556 1652 2657 1703 xu,
2680 1637 2759 1709 5.)
2791 1636 2902 1692 Sed
2953 1638 3199 1693 studebo
3221 1640 3349 1711 jam
3378 1644 3436 1696 te
3491 1657 3576 1695 re-

1931 1718 2217 1793 linquere,
2252 1740 2322 1778 ne
2353 1721 2606 1795 alicujus
2636 1724 2853 1792 videar,
2900 1724 3046 1781 velle
3076 1743 3268 1783 mores
3316 1744 3574 1801 carpere.

1930 1810 2114 1865 Simul
2144 1810 2322 1866 etiam
2354 1810 2439 1867 vel
2468 1829 2596 1867 sero
2618 1813 2800 1869 debeo
2830 1814 3193 1882 meminisse,
3245 1832 3338 1872 me
3378 1821 3581 1873 contra

1934 1898 2153 1954 ﬂumen
2184 1916 2302 1955 non
2335 1900 2544 1955 debere
2574 1907 2793 1957 natare.

1998 1988 2087 2043 33.
2123 1987 2344 2060 Regina
2373 1989 2483 2044 es?
2532 1997 2739 2061 praeter
2766 1989 2914 2046 alias
2964 1982 3332 2062 innumeras,
3392 1994 3581 2051 multa

1928 2075 2104 2132 etiam
2137 2092 2265 2148 quae
2297 2080 2356 2131 et
2384 2075 2491 2132 tibi
2512 2077 2641 2147 jam
2674 2078 2946 2149 superius
2988 2081 3183 2151 posita
3238 2090 3581 2155 competunt

1932 2164 2304 2230 documenta,
2338 2164 2521 2222 habes
2552 2182 2700 2238 quas
2732 2166 3002 2237 imiteris,
3041 2168 3319 2226 Helenam
3358 2172 3582 2228 scilicet

1929 2252 2296 2309 Constantini
2329 2258 2463 2325 post
2496 2255 2740 2310 Mariam
2773 2255 3012 2323 Christi,
3045 2257 3463 2330 Radegundem
3491 2277 3580 2317 re-

1932 2342 2130 2415 ginam
2165 2341 2381 2413 pariter
2410 2348 2467 2398 et
2494 2341 2805 2415 virginem,
2839 2343 3160 2401 Clodildem
3208 2346 3495 2415 Clodovei,
3528 2354 3586 2405 et

1933 2429 2231 2485 Placillam
2262 2430 2594 2487 Theodosii.
2624 2432 2739 2487 llas
2772 2432 2821 2486 si
2855 2432 3106 2488 volueris
3135 2433 3379 2500 imitari,
3410 2441 3469 2491 et
3490 2436 3585 2492 hic

1934 2525 2164 2590 sceptra
2196 2517 2438 2574 feliciter
2468 2519 2626 2590 regni
2662 2519 2989 2591 praesentis,
3021 2528 3075 2574 et
3134 2520 3275 2587 illic,
3310 2523 3409 2576 ubi
3455 2524 3582 2594 jam

1934 2606 2045 2663 illae
2076 2612 2521 2678 praecesserunt,
2553 2608 2604 2662 si
2639 2614 2833 2663 tamen
2860 2607 3027 2680 sequi
3080 2625 3196 2663 non
3228 2609 3583 2683 dedigneris,

1938 2695 2273 2751 felicissime
2302 2696 2563 2751 obtinere
2594 2696 2833 2768 praemia
2862 2695 3080 2753 valebis
3113 2698 3272 2770 regni
3312 2699 3584 2758 caelestis.

1934 2821 1986 2877 si
2012 2821 2165 2889 legis,
2227 2821 2409 2891 ipsum
2457 2836 2664 2892 quoque
2694 2822 2987 2876 Dominum
3041 2821 3248 2879 dixisse
3305 2825 3365 2879 in
3402 2825 3585 2882 Evan-

1937 2893 2099 2964 getio.

2014 2961 2161 3034 (259)
2184 2960 2379 3036 Vulg.,
2412 2977 2716 3035 perperam
2746 2965 2988 3021 Domini.

1172 3249 1579 3337 INCIPIT
1640 3250 1965 3336 LIBER
2027 3248 2589 3362 QUINTUS.

1684 3407 2094 3419 ———-——

243 3504 452 3566 Mirari
484 3504 631 3561 forte
662 3454 917 3574 aliquem
950 3498 1269 3572 contingat,
1301 3513 1435 3553 cum
1469 3494 1708 3568 tricipiti
1739 3512 1831 3551 vo-
1861 3497 1904 3565 C
1939 3496 2027 3567 [[2,
2058 3495 2327 3568 perferet]
2359 3495 2706 3569 periculum,
2741 3514 2810 3554 ex
2839 3516 2954 3570 quo
2978 3499 3347 3557 Gubernator
3374 3503 3593 3558 cuncti-

173 3596 477 3654 luminum
496 3592 670 3649 lintre
691 3588 996 3662 contiguos
1012 3585 1492 3661 pr0posuerimus
1511 3589 1690 3640 aestus
1712 3587 1833 3639 ten-

174 3690 296 3744 tare
326 3684 480 3750 (260)
506 3698 624 3755 qua
645 3680 715 3736 de
741 3695 800 3735 re
831 3675 951 3733 iam
972 3675 1231 3732 enormis
1263 3674 1324 3728 in
1358 3674 1487 3761 isto,
1522 3689 1696 3744 quem
1716 3670 1832 3761 Deo

176 3776 438 3833 donante
469 3767 991 3833 transnatavimus,
1013 3766 1166 3821 139
1199 3757 1570 3836 granditatis,
1595 3757 1837 3816 subieri-

176 3882 314 3922 mus
347 3861 654 3924 carabum,
686 3857 944 3930 impares
973 3852 1059 3910 vel
1091 3854 1163 3909 de
1194 3850 1418 3908 caeteris
1447 3849 1666 3905 ﬁnibus
1696 3864 1835 3903 con-

176 3956 464 4012 cedentes
493 3948 740 4005 carinas.
772 3945 880 4001 Sed
914 3941 1140 3999 noverit
1177 3944 1386 4014 praeter
1416 3935 1695 4011 temporis
1744 3936 1835 3991 in-

174 4038 665 4118 congruentiam,‘
685 4035 861 4093 etiam
895 4048 1171 4089 aurarum
1194 4028 1445 4085 maxime
1478 4027 1535 4082 id
1561 4031 1837 4118 expostu-

173 4116 338 4191 lasse
368 4123 1050 4193 inconsonantiam;dum
1071 4137 1188 4177 non
1210 4135 1395 4175 unum
1419 4122 1522 4173 aut
1542 4116 1689 4172 duos
1713 4120 1836 4172 tan-

175 4217 521 4287 tummodo,
552 4215 653 4271 sed
682 4211 1007 4286 perplures,
1042 4208 1143 4283 qui
1173 4207 1437 4263 infractis
1497 4204 1835 4261 cautissime

178 4305 453 4382 scopulis
485 4307 700 4361 rectam
731 4318 834 4375 per
870 4314 1105 4371 aequora
1159 4296 1513 4353 deducerent
1566 4292 1832 4382 puppim,

179 4380 648 4469 resdepoposcit
665 4388 989 4447 naucleros.
1005 4387 1151 4443 Nam
1169 4386 1309 4441 dum
1333 4383 1613 4457 gauderet
1634 4380 1837 4469 pelago

179 4505 245 4545 se
261 4468 402 4560 jam
429 4485 761 4554 exemptam
790 4476 975 4534 nostri
1004 4475 1205 4533 carina
1260 4470 1569 4560 sermonis,
1601 4468 1842 4525 brachia

176 4559 432 4635 rursum
454 4568 802 4642 ﬂuctifragis
823 4566 1138 4623 concodere
1155 4561 1332 4618 remis
1364 4559 1627 4634 proxima
1648 4573 1841 4613 mone-

176 4667 282 4724 bat
313 4659 667 4735 Charybdis.
699 4658 854 4713 Adeo
884 4654 978 4711 his
1011 4659 1197 4709 totum
1230 4648 1664 4707 calamitatibus
1694 4661 1841 4718 opus

175 4753 416 4814 exstitit
436 4747 873 4824 tempestivum,
895 4748 958 4801 ut
982 4743 1199 4799 mirum
1226 4757 1341 4796 non
1364 4736 1674 4812 pertulisse
1696 4751 1844 4790 nau-

177 4845 473 4919 fragium,
505 4839 607 4896 sei
650 4836 845 4911 potius
872 4833 1124 4891 evasisse
1161 4831 1353 4887 vivum
1386 4827 1457 4902 (si
1484 4830 1685 4919 tamen
1718 4840 1843 4919 per:

1942 3589 2149 3659 potens
2161 3584 2424 3639 omnium
2448 3586 2947 3643 carabumliberet
2972 3594 3274 3646 nostrum:
3296 3590 3451 3646 unde
3468 3591 3594 3662 plu-

1943 3672 2144 3738 rimos,
2178 3673 2319 3727 dum
2351 3672 2647 3745 placidum
2680 3675 2874 3731 adhuc
2921 3677 3218 3732 modicum
3277 3677 3419 3750 quid
3476 3684 3593 3735 stat

1944 3775 2126 3826 mare,
2158 3760 2505 3817 advocantes
2562 3763 2772 3831 socios,
2832 3781 3156 3836 precemur,
3190 3770 3256 3822 ut
3301 3767 3592 3841 accipiant

1943 3847 2003 3903 in
2036 3849 2295 3905 modicos
2326 3848 2415 3922 [f.,
2439 3850 2811 3925 immodicos]
2841 3854 3175 3927 ducantque
3208 3873 3312 3928 per
3356 3874 3591 3920 aequora

1944 3952 2158 4007 remos,
2192 3939 2365 3995 citius
2395 3944 2592 4012 Optata
2622 3948 2689 3997 ut
2708 3944 2912 4014 tangat
2941 3943 3138 4000 littora
3189 3946 3352 4015 ratis,
3385 3948 3588 4004 morti-

1942 4027 2056 4084 bus
2086 4036 2421 4101 exemptum
2466 4032 2684 4088 nostris
2710 4034 3113 4105 spectantibus
3143 4035 3445 4092 nauticum
3468 4038 3592 4093 red-

1943 4116 2091 4172 dens
2122 4118 2346 4174 amicis.
2383 4119 2483 4175 Eia
2512 4117 2729 4192 igitur!
2758 4127 2815 4177 et
2848 4139 3060 4179 novum
3094 4125 3170 4179 da
3219 4125 3395 4194 Deus,
3427 4126 3591 4182 auxi-

1944 4204 2112 4273 lium,
2146 4211 2322 4279 atque
2354 4208 2571 4265 animis
2606 4208 2845 4266 illabere
2902 4213 3118 4268 nostris
3150 4213 3229 4283 [id
3286 4218 3368 4269 est
3414 4230 3591 4285 praas-

1944 4298 2097 4362 tans,
2124 4313 2195 4351 ne
2224 4298 2356 4368 etc.]
2392 4314 2465 4353 ne
2493 4315 2527 4353 a
2557 4303 2612 4354 te
2643 4298 2702 4353 in
2733 4298 2928 4370 aliquo
2975 4301 3165 4357 deviet
3208 4301 3392 4357 nostri
3430 4301 3594 4356 callis

1946 4388 2232 4455 praestans
2264 4401 2410 4441 serm
2425 4386 2575 4441 onis.

2017 4475 2071 4526 2.
2105 4473 2426 4545 Episcopus
2452 4491 2513 4529 es
2536 4474 2563 4528 ?
2593 4474 2815 4531 Nomen
2848 4476 3067 4545 ipsum,
3105 4492 3265 4547 rogo,
3298 4480 3354 4531 te
3392 4476 3596 4531 admo-

1949 4563 2104 4628 neat,
2137 4560 2395 4616 ol‘ticium
2439 4563 2680 4630 doceat;
2740 4563 2995 4635 dignitas
3054 4568 3218 4619 tanta
3267 4565 3593 4631 conveniat,

1950 4647 2195 4720 antiqua
2232 4650 2544 4722 perpende,
2587 4651 2898 4723 praesentia
2944 4668 3248 4723 compone.
3282 4653 3599 4711 Considera

1951 4752 2128 4809 quam
2155 4736 2340 4793 altum
2372 4739 2528 4811 quod
2559 4744 2757 4812 gestas
2787 4740 3158 4809 vocabulum,
3218 4758 3392 4815 quam
3454 4760 3596 4800 san-

1951 4830 2133 4894 ctum,
2167 4843 2344 4899 quam
2379 4828 2455 4884 sit
2482 4833 2802 4905 vetustum.
2844 4831 3091 4886 Attende
3142 4837 3311 4887 tuum
3364 4831 3425 4887 in
3455 4833 3598 4889 Abel

174 4912 466 5002 evaserit)
497 4932 766 4984 nostrum
797 4922 965 4980 nobis
1004 4922 1273 4977 videatur
1331 4915 1695 4973 nauclerum.
1730 4912 1839 4969 Sed
1880 4912 1919 4929 "
1953 4915 2303 4972 sacrificium
2334 4924 2638 4989 acceptum
2687 4918 2840 4989 (Gen,
2874 4934 2951 4987 ιν,
2986 4921 3066 4988 4,)
3125 4920 3479 4977 munditiam
3537 4922 3597 4978 in

175 5018 611 5097 aggrediamur
631 5017 781 5089 jam,
813 5012 1041 5071 Christo
1064 5008 1319 5081 auspice,
1343 5012 1399 5063 et
1427 5005 1564 5061 hinc
1593 5002 1843 5097 eaquoris
1952 5004 2149 5097 Enocb
2170 5009 2334 5097 tuam
2365 5006 2712 5062 translatam
2737 5007 2888 5097 (Gen.
2908 5026 2962 5077 v,
2995 5010 3112 5076 24,)
3142 5015 3200 5065 te
3229 5010 3289 5065 in
3323 5010 3443 5066 Noe
3464 5028 3599 5083 pro-

177 5094 435 5171 tametsi
494 5104 863 5179 inaequalem,
922 5100 1216 5157 enimvero
1280 5113 1385 5152 nec
1443 5094 1844 5168 permodicum
1954 5094 2401 5166 pterjustitiam
2430 5099 2788 5151 reservatum
2816 5095 2966 5168 (Gen.
2998 5114 3074 5164 v1,
3108 5097 3188 5167 8.)
3240 5100 3449 5153 Arcam
3508 5099 3598 5154 in-

178 5203 422 5261 sinum.
488 5196 753 5254 Forsitan
805 5191 963 5249 enim
1036 5192 1093 5246 et
1149 5187 1246 5244 hic
1303 5184 1539 5257 aliquod
1606 5180 1848 5255 pertulit
1952 5181 2149 5257 tellige
2171 5182 3601 5258 Ecclesiam(lbid.,14,)animantia(261)diverse

257 5325 427 5391 (260)
454 5322 572 5391 Qua
594 5320 660 5375 de
690 5333 751 5374 re
776 5315 970 5391 inquit
997 5330 1101 5386 pro
1132 5327 1321 5391 quare,
1382 5309 1469 5391 vel
1526 5324 1672 5391 cur._
1701 5312 1847 5391 Con-
1956 5309 2441 5391 transnatnpimus,
2477 5306 2867 5391 scilicetlibro
2893 5313 3118 5391 quarto,
3149 5311 3479 5391 subierimus
3509 5328 3598 5367 ca-

178 5379 361 5456 sti-ue
395 5379 410 5449 Ξ
459 5379 700 5464 ἶνίσίρίιὶ
760 5379 1105 5464 voluminum
1142 5379 1337 5464 lintre,
1398 5383 1456 5464 id
1515 5386 1602 5436 est
1650 5380 1848 5464 tribus
1956 5379 2172 5464 rabmn,
2205 5379 2379 5464 idest
2410 5396 2644 5464 parvam
2672 5379 2951 5464 pimbam,
2983 5382 3066 5437 vel
3089 5384 3310 5439 carinas
3339 5384 3599 5455 impares,

176 5437 500 5545 33335113
736 5437 1514 5545 ᾖτῖὸιῖὸξᾶἐῖἰῆιρὲὴιανέωδωδ
1533 5452 1848 5533 contiguos;
1956 5451 2297 5545 coizlz’egz‘lenrt‘cs
2326 5451 2391 5545 de
2413 5437 2631 5507 ‘cwteris
2658 5451 2880 5545 ﬁnibus.
2920 5437 2950 5535 ί
2970 5527 2989 5545 Δ
3031 5525 3089 5545 m
3414 5437 3447 5545 ’1
3567 5525 3576 5536 _

173 5522 343 5617 ἱᾱέιέ
365 5538 645 5607 contingat
666 5522 917 5617 φῖίςαέτη.
932 5529 1154 5617 Τηί.⁷ἶα⁷’ίν
1176 5543 1285 5617 qua
1311 5525 1376 5582 αθ
1398 5539 1611 5617 rese.“
1620 5522 1853 5617 £153?
1964 5522 2890 5617 -_-$362.99353213353rim'3tf2
2899 5525 3152 5617 ,τζηίειιίθθ
3176 5541 3375 5598 θεηενα
3428 5525 3601 5582 homi-

178 5593 459 5671 56min
477 5593 717 5664 enormis
746 5593 1073 5675 ﬁrenditatis
1103 5593 1257 5665 astu,
1292 5612 1445 5670 quem
1478 5596 1582 5651 Deo
1613 5594 1853 5651 donante
1961 5609 2095 5649 unm
2123 5593 2333 5650 diverse
2361 5594 2629 5650 distincta
2657 5595 2956 5666 aﬂ’ectibus.
