4054 6190
179 309 297 400 289

1127 308 1771 383 PliAiLOQUIOltUM
1817 270 2019 369 nam
2065 309 2239 370 sax.
2279 346 2350 354 —
2381 309 2521 373 LIB.
2568 311 2639 374 ν.

3461 324 3577 393 290

185 442 511 515 suppetunt
534 441 791 503 vivendi?
819 444 925 503 Hic
946 445 1179 513 melius,
1199 450 1265 503 ut
1288 462 1434 511 reor,
1464 449 1525 507 te
1539 442 1824 515 alloquor,
1855 442 1910 509 Α
1940 442 2095 514 quod
2130 442 2389 500 triticum
2420 451 2636 520 erogat,
2666 447 2767 520 qui
2800 448 3032 521 penitus
3053 455 3110 506 ot
3139 452 3285 523 quid
3312 453 3390 509 sit
3429 455 3579 510 triti-

185 532 728 603 tumqueindustriae
750 538 938 593 totum
951 535 1271 593 committo.
1291 535 1561 592 Scrutare
1574 532 1824 604 Scriptu-

181 636 298 687 ηε,
327 620 508 679 divini
538 621 756 695 eloquii
787 622 969 682 libros
992 624 1237 692 revolve,
1268 622 1564 696 apostolos
1608 621 1823 693 aspice,

182 712 464 783 martyres
483 710 636 778 vide,
656 710 1020 770 confessores
1040 714 1291 781 attende,
1305 712 1466 784 ipsas
1486 712 1683 777 etiam,
1700 726 1824 782 quae

177 815 315 855 cum
347 798 561 858 saeculo
586 804 645 856 et
666 817 870 859 sexum
893 802 1176 869 vicerunt,
1197 801 1455 875 virgines
1471 798 1828 871 contempla-

179 905 264 945 re.
300 888 666 947 lnstauratos
697 891 1022 947 secundum
1051 891 1161 948 Job
1191 896 1394 949 contra
1440 895 1496 949 te
1527 893 1610 946 tot
1646 892 1825 945 testes

175 977 314 1051 (Job.
342 994 399 1047 x,
436 979 523 1049 17)
568 978 667 1034 Dei
718 980 1040 1052 perpende;
1075 996 1279 1053 pacem
1331 996 1468 1036 cum
1525 978 1641 1045 bis,
1683 978 1824 1033 dum

171 1067 561 1127 conmbulaut
589 1067 649 1123 in
682 1067 795 1125 ista
824 1069 1128 1141 precantis
1156 1069 1385 1126 itineris
1414 1069 1527 1138 via,
1552 1072 1609 1124 et
1632 1067 1738 1122 tibi
1769 1071 1828 1124 et

168 1155 266 1213 de
296 1155 613 1219 consulens
641 1156 969 1227 conciliare,
1002 1163 1059 1215 et
1096 1156 1227 1215 aliis
1249 1157 1313 1232 [l.
1343 1157 1512 1229 alios]
1548 1161 1613 1214 ut
1659 1156 1823 1214 simi-

166 1242 312 1301 liter
348 1248 526 1319 agant
570 1246 744 1302 stude
789 1246 996 1303 docere
1018 1264 1034 1316 ;
1060 1263 1247 1320 neque
1278 1246 1436 1304 enim
1467 1246 1638 1304 aliter
1666 1246 1825 1319 quod

165 1333 396 1390 diceris
427 1334 745 1391 mereberis
774 1351 924 1391 esse.

240 1423 303 1479 4.
327 1423 593 1496 Denique
623 1423 853 1495 pondus
883 1424 1040 1497 quod
1061 1428 1118 1480 te
1149 1422 1363 1497 premit
1380 1422 1833 1495 aspicisto,onus

164 1512 339 1583 quod
387 1512 538 1567 forte
585 1511 800 1569 videris
830 1528 1053 1584 pensa;
1085 1516 1141 1568 et
1177 1511 1228 1569 si
1260 1513 1386 1583 jam
1432 1512 1624 1568 bonus
1670 1528 1755 1578 es,
1780 1510 1831 1569 si

163 1603 442 1666 sanctus,
475 1598 525 1655 si
549 1600 773 1670 justus,
808 1602 857 1657 si
903 1618 1006 1674 per
1036 1606 1250 1658 cuncta
1307 1599 1834 1674 irreprehensibilis

165 1692 438 1745 attamen
470 1689 778 1745 considera
802 1694 960 1756 tuos,
986 1690 1092 1745 tibi
1147 1689 1497 1747 commissos
1554 1690 1829 1756 attende;

166 1781 379 1834 utrum
410 1780 470 1833 et
498 1777 558 1833 hi
588 1776 734 1834 tales
763 1778 885 1834 sint
915 1777 1159 1846 sollicite
1182 1778 1439 1850 provide.
1457 1779 1655 1850 Neque
1670 1777 1828 1835 enim

167 1865 343 1923 solus
376 1871 443 1922 ut
466 1864 586 1935 alii,
601 1866 704 1923 sed
726 1883 861 1923 cum
894 1871 1014 1923 toto
1035 1883 1208 1940 grege
1233 1867 1471 1924 Domino
1494 1866 1675 1923 habes
1689 1884 1830 1939 pra:-

168 1955 426 2024 sentari,
453 1972 555 2011 nec
588 1960 653 2012 ut
682 1955 917 2022 referas,
954 1959 1126 2028 prout
1171 1955 1427 2029 gessisti,
1460 1958 1690 2011 tantum
1743 1955 1829 2010 tui

169 2044 420 2118 propria
437 2044 696 2117 corporis
717 2049 882 2118 gesta
903 2046 977 2117 (II
1003 2045 1125 2101 Cor.
1156 2063 1211 2112 ν,
1235 2046 1346 2113 10),
1380 2045 1482 2103 sed
1511 2045 1692 2101 totius
1727 2043 1830 2100 tibi

169 2133 513 2189 commissis
532 2133 735 2207 plebis
758 2134 819 2189 Si
841 2138 1059 2201 autem,
1085 2138 1151 2189 ut
1168 2133 1355 2190 levius
1372 2135 1637 2207 graviora
1650 2133 1831 2195 silens

171 2223 399 2290 dicam,
431 2226 489 2279 te
546 2224 885 2295 praesentari
940 2224 1240 2296 contingat
1296 2222 1510 2295 solum,
1539 2223 1639 2278 ubi
1698 2240 1835 2293 euge

172 2316 353 2367 tuum
383 2308 587 2383 (264)?
614 2312 737 2377 Quo
790 2330 864 2368 ne
910 2329 1130 2379 careas,
1171 2311 1415 2368 sollicite
1481 2312 1833 2369 clamantem

172 2400 317 2457 audi
349 2404 407 2456 et
438 2400 847 2457 consiliantcm
876 2401 1186 2473 Sapientiae
1220 2401 1436 2457 librum
1456 2401 1485 2456 ?
1506 2402 1622 2456 Fili
1656 2402 1739 2456 mi
1761 2402 1831 2465 si,

171 2489 535 2562 spoponderis
557 2506 659 2562 pro
685 2493 860 2547 amico
888 2494 1003 2559 tuo,
1035 2491 1280 2563 deﬁxisti
1308 2491 1453 2562 apud
1510 2499 1837 2545 extraneum

173 2596 411 2635 munitm
438 2583 610 2636 tuam.
632 2582 738 2635 Fac
752 2596 880 2649 ergo
908 2580 1049 2653 quod
1076 2580 1183 2636 tibi
1214 2580 1357 2636 utile
1387 2584 1561 2645 est,et
1592 2580 1833 2650 temetip-

171 2686 309 2725 sum
359 2668 554 2738 libera,
604 2670 736 2741 quia
787 2669 1038 2725 incidisti
1085 2671 1145 2724 in
1189 2686 1387 2725 manus
1435 2670 1681 2740 proximi
1731 2670 1832 2724 tui.

175 2758 462 2825 Discurre,
492 2759 716 2830 festina,
756 2760 960 2814 suscita
1006 2760 1251 2814 amicum
1292 2762 1469 2824 tuum,
1500 2774 1570 2813 ne
1623 2757 1835 2814 dedetis

172 2846 446 2904 somnum
474 2851 651 2915 tuum,
673 2855 728 2903 et
752 2864 858 2904 non
890 2847 1183 2904 domitent
1206 2848 1491 2919 palpebrae
1509 2851 1624 2904 tua?
1652 2847 1831 2920 (Prov.

175 2953 255 3004 v1,
288 2936 438 3005 4-4).
472 2936 643 3002 Audi,
673 2939 731 2992 et
776 2953 880 3008 per
928 2936 1281 2992 Ezechielem
1336 2936 1441 2992 tibi
1482 2935 1833 2993 clamantem

176 3025 538 3083 Dominum:
564 3025 968 3098 Speculator-em
998 3026 1152 3082 142
1182 3034 1233 3081 te
1269 3025 1394 3082 dedi
1438 3026 1629 3082 domui
1667 3025 1834 3082 Israel

174 3114 400 3183 (Eucti.
443 3131 527 3183 In,
560 3115 646 3182 17,
684 3118 795 3171 etc.
839 3132 852 3170 :
891 3115 963 3172 de
995 3118 1051 3171 te
1083 3116 1141 3170 in
1172 3115 1379 3171 eodem
1409 3114 1558 3170 libro
1591 3115 1832 3188 (quibus

178 3202 258 3259 nil
292 3200 742 3262 comminatius)
766 3202 1085 3259 Jeremiam
1112 3218 1342 3274 quoque
1380 3178 1831 3274 conquerentem
1864 3178 1907 3247 ο

181 3290 235 3347 in
288 3290 549 3349 Threnis
580 3308 595 3347 :
626 3292 860 3347 Parvuli
882 3294 1165 3363 petierunt
1191 3307 1411 3364 panem,
1445 3308 1544 3347 nec
1570 3300 1691 3348 erat
1742 3293 1840 3364 qui

176 3381 473 3451 frangeret
518 3382 600 3437 eis
638 3381 848 3453 (Thren.
880 3398 959 3444 ιν,
991 3381 1065 3443 4).
1103 3379 1533 3453 Expergefaciat
1583 3384 1639 3435 te
1690 3379 1837 3436 illud

179 3469 395 3526 saltem
426 3468 516 3526 vel
540 3469 749 3541 judicii
785 3470 1321 3526 tonitruum:Serve
1343 3470 1508 3537 male,
1540 3468 1836 3541 inquiens,

178 3567 231 3614 et
252 3559 448 3632 piger,
481 3575 653 3631 quare
672 3575 785 3615 non
810 3558 1007 3614 dedisti
1022 3560 1311 3630 pecuniam
1340 3575 1519 3614 meam
1557 3557 1627 3613 ad
1682 3574 1838 3614 men-

178 3664 319 3716 sem,
352 3652 407 3703 et
426 3663 524 3717 ego
546 3650 768 3704 veniens
795 3650 982 3722 utique
1007 3664 1133 3703 cum
1162 3664 1330 3703 usura
1355 3648 1650 3718 exegissem
1678 3648 1839 3702 illam

179 3737 337 3808 (Luc.
358 3753 476 3803 nx,
498 3734 613 3797 23).
645 3737 714 3792 Et
738 3736 857 3792 haec
884 3737 1123 3809 quidem
1155 3736 1530 3808 torpentibus
1568 3739 1628 3791 et
1681 3735 1834 3791 desi-

179 3825 396 3883 diosis.
918 3822 921 3827 ’

249 3915 310 3970 5.
342 3913 490 3978 Quid
547 3931 681 3970 vero
735 3919 1017 3988 putamus
1058 3911 1177 3970 illis
1207 3930 1442 3971 manere
1470 3912 1833 3987 improperii,

176 4002 286 4074 qui
317 4019 458 4057 cum
488 4001 712 4059 nullam
730 4003 1006 4059 doctrinas
1037 4002 1365 4075 acceperint
1393 4003 1837 4075 pecuniam,im-

168 4090 460 4164 pudentis
504 4095 561 4147 et
603 4092 788 4149 fronte
831 4092 1040 4150 canino
1090 4093 1161 4148 de
1205 4109 1323 4148 non
1354 4108 1631 4149 concesso
1661 4094 1832 4166 quasi

171 4196 460 4237 concesso
475 4173 805 4254 gloriantur
824 4181 1063 4251 talento;
1078 4181 1179 4254 qui
1202 4181 1424 4254 passim
1438 4198 1675 4253 prorum
1684 4186 1832 4255 puni

168 4273 445 4342 pastores
474 4270 688 4339 vocari,
720 4287 856 4327 cum
884 4270 1076 4327 nullas
1103 4271 1230 4326 vitae
1257 4288 1506 4343 pascuas
1539 4272 1828 4341 noverint,

167 4363 225 4415 et
255 4358 699 4431 dispensatores
712 4359 1026 4415 Dominicze
1046 4360 1224 4416 videri
1241 4360 1445 4416 volunt
1461 4360 1826 4430 substantiae,

168 4463 323 4519 quos
349 4452 581 4505 constat
611 4448 816 4505 inedia:
860 4453 1020 4521 peste
1070 4448 1376 4506 laborare?
1406 4449 1554 4515 Quid
1602 4454 1823 4517 autem,

1934 547 2068 587 cum
2104 531 2363 604 ignorat?
2384 534 2528 590 Hinc
2558 553 2787 593 mecum
2816 538 2983 595 valde
3016 530 3234 608 metuo,
3258 558 3330 600 ne
3355 544 3579 598 contin-

1934 623 2033 692 gat
2065 620 2305 677 audire:
2339 622 2540 691 Amice,
2572 626 2641 681 ad
2666 628 2807 698 quid
2833 631 3161 695 venisti,aut
3188 631 3449 702 quomodo
3478 632 3584 688 huc

1934 709 2181 765 introisti
2224 712 2427 772 (Matth.
2474 731 2613 783 xxn,
2652 716 2782 784 l2)?
2808 733 2923 789 quo
2971 719 3117 774 ostio
3139 720 3166 773 ‘2
3188 736 3305 792 qua
3338 721 3526 791 janua
3555 720 3582 776 ?

1936 796 2155 869 quibus
2186 800 2455 856 meritis?
2486 820 2602 874 qua
2634 806 3062 878 praerogativa?
3098 808 3309 864 virtute
3330 808 3357 863 ‘?
3378 826 3451 865 an
3494 827 3583 865 sa-

1935 885 2199 958 pientia?
2228 906 2302 943 an
2360 890 2671 946 doctrina?
2697 893 2782 947 An
2844 894 2989 949 forte
3021 896 3188 967 (265),
3230 898 3335 952 etsi
3396 899 3583 953 defuit

1936 976 2367 1047 prmdicationis
2396 980 2603 1049 gratia,
2623 983 3057 1038 commendavit
3078 988 3130 1039 te
3150 984 3277 1039 vita:
3310 985 3585 1043 innocen—

1934 1063 2017 1120 tia
2035 1064 2063 1118 ?
2078 1064 2281 1120 Nonne
2296 1066 2533 1138 praedixi
2566 1067 2692 1134 tibi,
2709 1071 2864 1141 quod
2895 1076 2952 1125 et
2968 1071 3078 1143 ipsi
3096 1072 3431 1131 carnalibus
3442 1092 3582 1133 oouo

1933 1150 2006 1206 lis
2036 1168 2267 1208 cernere
2301 1154 2562 1226 potuisti,
2596 1156 2796 1212 dicens
2831 1176 2843 1213 :
2875 1159 3135 1231 Nunquid
3178 1167 3355 1233 potest
3408 1179 3584 1222 arcus

1932 1256 2139 1298 carum
2161 1241 2399 1298 ducere?
2425 1260 2608 1300 nonne
2636 1247 2794 1301 man
2825 1248 2883 1301 in
2911 1255 3127 1318 [oveam
3184 1251 3390 1308 cadunt
3426 1256 3580 1322 (Luc.

1936 1346 2017 1395 VI,
2044 1330 2136 1398 39)
2156 1331 2183 1385 ?
2215 1331 2363 1395 Quid
2385 1332 2490 1387 tibi
2518 1334 2806 1403 convenit,
2833 1337 2987 1406 quod
3021 1354 3136 1393 non
3167 1341 3408 1410 potuisti
3458 1347 3582 1399 ten-

1939 1417 2102 1472 tare?
2124 1419 2264 1489 quid
2291 1425 2403 1475 tam
2425 1438 2737 1478 onerosum
2763 1424 2962 1481 tollere
2984 1426 3220 1499 jugum,
3240 1429 3585 1502 quiportare

1939 1522 2048 1563 nec
2080 1511 2309 1579 poteras
2340 1509 2717 1582 temetipsum
2740 1512 2767 1566 ?
2798 1514 2863 1567 Et
2893 1514 2992 1585 qui
3025 1520 3136 1571 tuae
3160 1521 3354 1577 tenere
3386 1521 3583 1578 mode-

1942 1598 2173 1651 ranima
2202 1612 2316 1651 non
2347 1613 2590 1654 noveras
2620 1599 2770 1667 vitae,
2792 1601 2976 1671 judex
3016 1604 3141 1660 ﬁeri
3192 1608 3400 1679 utquid
3460 1626 3585 1666 am-

1942 1684 2079 1740 bisti
2105 1683 2308 1740 alienas
2330 1684 2357 1739 ?
2386 1686 2683 1750 Quomodo
2716 1689 2960 1745 suadere
3009 1690 3112 1747 tibi
3170 1694 3414 1767 Sapiens
3472 1715 3588 1755 non

1941 1773 2130 1845 potuit
2156 1772 2274 1841 ille,
2300 1776 2401 1845 qui
2431 1775 2609 1830 dixit:
2644 1777 2718 1832 De
2746 1794 2825 1846 re,
2858 1795 2984 1850 quae
3012 1780 3082 1835 ad
3110 1786 3163 1838 te
3191 1800 3301 1839 non
3326 1788 3586 1857 pertinet,

1940 1878 2009 1916 nc
2035 1862 2302 1917 sollicitus
2329 1864 2548 1933 fueris?
2581 1864 2703 1932 Ubi,
2740 1882 2897 1938 rogo,
2924 1886 3096 1926 aures
3127 1870 3593 1947 habebas,quan-
3658 1904 3667 1916 -

1940 1951 2013 2005 do
2045 1950 2346 2006 dicebatur
2379 1968 2392 2006 :
2424 1952 2637 2008 Atticm
2667 1963 2717 2009 te
2747 1972 2814 2009 ne
2843 1960 3130 2027 quwsz'eris
3160 1961 3347 2028 (Ereti.
3362 1966 3591 2032 111,22)?

1940 2039 2039 2094 ubi
2074 2056 2187 2094 non
2220 2037 2411 2096 solum
2445 2041 2573 2108 tibi,
2609 2045 2709 2097 sed
2736 2049 2791 2098 et
2820 2045 3117 2113 omnibus,
3143 2048 3242 2120 qui
3292 2052 3404 2108 sub
3449 2048 3589 2112 cmlo

1942 2132 2080 2183 sunt
2129 2128 2435 2199 sapientia,
2495 2146 2783 2199 sermone,
2844 2138 2902 2188 et
2952 2133 3182 2205 virtute,
3234 2143 3435 2211 utpote
3486 2142 3588 2198 Dei

1941 2215 2251 2288 colloquiis
2282 2223 2515 2274 assueto
2546 2220 2716 2292 (266),
2750 2221 3129 2281 indicibiliter
3176 2231 3586 2298 praestantiori,

1942 2305 2166 2361 dictum
2218 2305 2474 2379 legebas,
2506 2307 2661 2364 ultra
2703 2309 2854 2366 vires
2896 2316 3029 2367 tuas
3058 2330 3187 2371 esse
3234 2320 3533 2391 negotium
3561 2322 3591 2377 ‘l

1943 2395 2243 2458 Quomodo
2264 2395 2368 2450 tibi
2400 2397 2617 2463 sonuit,
2650 2400 2944 2469 quomodo
2968 2418 3083 2457 non
3115 2407 3446 2477 commovit,
3474 2426 3589 2465 non

1944 2484 2175 2549 terruit,
2210 2501 2322 2539 non
2347 2486 2419 2540 ab
2452 2484 2702 2557 inccepto
2734 2490 3021 2544 revocavit
3059 2492 3459 2564 evangelicum
3518 2496 3592 2551 il-

1944 2571 2048 2626 lud
2084 2588 2097 2626 :
2130 2572 2357 2628 Succede
2406 2574 2584 2640 illam,
2630 2584 2689 2631 ut
2733 2577 2865 2647 quid
2912 2580 3085 2633 etiam
3126 2588 3332 2638 terram
3370 2595 3594 2657 occupat

1946 2662 2096 2733 (Luc.
2129 2678 2248 2728 xm,
2269 2661 2373 2732 7)?
2404 2661 2551 2727 Quid
2599 2663 2670 2718 de
2701 2667 2755 2718 te
2801 2665 3120 2737 cogitabas,
3155 2686 3288 2725 cum
3320 2688 3413 2727 me
3456 2689 3592 2729 con~

1946 2753 2288 2822 querentem
2317 2750 2600 2807 audiebas
2625 2768 2637 2808 :
2668 2752 2920 2810 Tenentes
2950 2755 3126 2824 legem
3153 2762 3469 2817 nescierunt
3506 2779 3593 2819 me

1944 2841 2075 2908 (Iter.
2105 2856 2168 2907 ιι,
2207 2841 2261 2907 8)
2301 2838 2329 2894 ?
2359 2838 2629 2896 Psalmus
2675 2842 2816 2914 quid
2868 2843 2975 2899 tibi
3017 2847 3299 2905 suadebat
3347 2850 3547 2909 dicens
3571 2872 3591 2910 :

1942 2929 2261 2984 Nescierunt
2286 2944 2458 3001 neque
2486 2931 2897 3002 intellexerunt,
2920 2934 2977 2987 in
3010 2937 3247 2992 tenebris
3284 2940 3587 3012 ambulant,

1942 3018 2304 3074 movebuntur
2332 3020 2518 3074 omnia
2535 3019 2898 3091 fundamenta
2926 3025 3120 3096 ιενιοῶ(
3130 3027 3276 3082 Psal.
3294 3044 3477 3098 um,
3492 3031 3592 3103 5)?

1943 3108 2012 3162 Et
2042 3106 2143 3179 qui
2174 3110 2229 3163 te
2252 3108 2338 3179 [/.,
2372 3108 2513 3179 quid
2535 3108 2660 3177 tibi,
2694 3113 2743 3166 et
2770 3111 3007 3168 subaudi
3050 3112 3298 3189 irretito]
3343 3118 3590 3175 diversis

1944 3194 2102 3252 vitiis
2129 3200 2187 3252 et
2216 3196 2591 3269 passionibus
2623 3200 2837 3256 terreni
2885 3201 3145 3273 corporis
3191 3204 3265 3259 ob
3314 3204 3591 3277 ignoran-

1944 3286 2109 3352 tiam,
2142 3302 2258 3357 qua
2282 3303 2396 3340 non
2428 3285 2621 3343 solum
2653 3286 2797 3344 alios
2828 3289 2997 3358 ferre,
3031 3292 3131 3347 sed
3165 3295 3220 3348 te
3253 3310 3484 3368 quoque
3529 3297 3588 3354 in

1948 3373 2238 3430 soliditate
2270 3391 2500 3431 morum
2542 3393 2655 3432 non
2704 3394 2949 3435 noveras
2990 3383 3305 3451 continere,
3340 3388 3592 3465 desuper

1946 3462 2133 3534 posito
2156 3463 2260 3518 tibi
2289 3464 2469 3520 totius
2495 3466 2707 3523 domus
2737 3467 2838 3523 Dei
2876 3485 3068 3537 onere,
3103 3474 3381 3532 censebas
3433 3462 3587 3539 Ιξίι

1947 3551 2302 3624 contingere,
2328 3552 2441 3608 nisi
2454 3558 2743 3610 commoto
2766 3556 3149 3614 fundamento
3174 3577 3448 3621 casurum
3463 3569 3589 3626 sine

1947 3641 2124 3697 dubio
2154 3645 2211 3696 et
2238 3641 2320 3706 id,
2354 3642 2507 3712 quod
2529 3648 2653 3697 erat
2682 3645 3257 3715 supermdificatum?

2015 3733 2069 3785 6.
2102 3731 2234 3787 Hac
2262 3747 2394 3786 vero
2425 3747 2560 3787 cum
2590 3732 2651 3788 in
2672 3735 3004 3808 semetipsis
3017 3737 3262 3794 nimium
3277 3743 3494 3814 gravia,
3528 3745 3587 3801 in

1944 3820 2380 3893 comparatione
2408 3822 2740 3893 graviorum
2771 3824 3079 3881 videantur
3108 3826 3278 3898 levia,
3298 3831 3427 3904 ipsa
3454 3851 3586 3908 gra-

1944 3910 2103 3967 viora
2134 3911 2348 3984 partim
2369 3915 2696 3985 tangentes,
2713 3930 2828 3969 non
2859 3920 3032 3987 prout
3050 3921 3190 3975 sunt
3210 3922 3449 3980 omnino
3461 3942 3589 3997 pro.

1942 4001 2195 4056 ferentes
2247 4000 2562 4073 (siquidem
2621 4006 2677 4058 et
2729 4003 3065 4061 facundiam
3130 4015 3412 4081 superant
3467 4030 3584 4071 non

1942 4090 2115 4145 modo
2130 4091 2520 4158 nostram,sed
2542 4095 2600 4147 et
2621 4090 3174 4164 loquacissimorum
3188 4101 3587 4171 quorumlibet

1938 4179 2408 4249 estimationem)
2432 4179 2574 4251 quid
2595 4180 2686 4236 his
2710 4187 2987 4254 putamus
3019 4201 3254 4244 manere
3283 4192 3585 4262 tormenti,

1938 4268 2039 4340 qui
2071 4285 2187 4323 non
2213 4268 2403 4325 solum
2428 4285 2685 4341 pascere,
2719 4271 2948 4328 etiamsi
2984 4273 3057 4328 ad
3114 4273 3223 4330 hoc
3275 4278 3587 4334 videantur

1936 4356 2153 4426 idonei,
2178 4375 2411 4431 gregem
2438 4358 2550 4414 sibi
2583 4359 2890 4433 negligunt
2918 4362 3303 4421 commissum
3329 4383 3343 4433 ;
3377 4367 3479 4420 sed
3509 4367 3583 4425 ad

1936 4445 2228 4501 insaniam
2258 4464 2489 4518 quoque
2519 4447 2667 4502 tanti
2698 4449 2854 4519 quod
2902 4455 3134 4520 gestant
3181 4452 3458 4521 nominis,
3491 4471 3585 4510 se-

169 4550 397 4606 quaaso,
420 4537 755 4610 erogat,qui
780 4536 925 4593 nihil
947 4537 1197 4609 accipit?
1243 4536 1344 4608 qui
1376 4537 1495 4605 dat,
1520 4537 1620 4608 qui
1679 4537 1826 4593 nihil
1854 4546 1903 4611 Ι)
1936 4534 2216 4604 melipsos
2246 4551 2415 4605 agere
2448 4551 2563 4589 non
2595 4534 2874 4591 desinunt
2892 4554 2993 4607 per
3012 4538 3264 4610 abrupta
3282 4540 3580 4611 vitiorum;

166 4622 380 4681 habet?
398 4625 544 4696 quid
564 4626 880 4693 ministrat,
904 4626 1003 4699 qui
1027 4625 1303 4682 omnibus
1324 4624 1576 4697 indiget?
1590 4625 1826 4681 Dicente

167 4718 374 4770 autem
396 4714 818 4786 patrefamilias
844 4734 857 4772 :
879 4718 1048 4772 Pasce
1074 4731 1194 4772 oves
1222 4730 1369 4770 meas
1389 4718 1696 4784 (Joan.xxi,
1714 4716 1825 4785 17),

168 4803 353 4870 unde,
386 4819 549 4878 rogo,
584 4820 682 4860 eas
713 4805 923 4878 pascit,
958 4804 1059 4877 qui
1088 4802 1218 4876 ipsa
1246 4804 1437 4863 adhuc
1466 4820 1684 4875 pascua
1721 4819 1825 4858 nec

164 4889 299 4963 ipse
328 4890 596 4949 invenit?
615 4893 761 4951 Cum
789 4898 988 4951 autem
1011 4892 1199 4949 ﬁdelis
1222 4893 1430 4950 debeat
1445 4892 1565 4948 fore
1585 4892 1824 4965 dispen-

165 4986 336 5036 sator
375 4984 436 5036 et
484 4981 764 5053 prudens;
797 4999 972 5055 quem
1002 4982 1289 5038 Dominus
1333 4999 1509 5055 super
1539 4981 1824 5037 familiam

163 5084 343 5123 suam
375 5069 700 5139 constituit,
724 5075 791 5126 ut
812 5071 909 5126 det
928 5069 1012 5125 illi
1035 5071 1094 5125 in
1126 5075 1385 5143 tempore
1401 5070 1577 5127 tritici
1594 5088 1827 5127 mensu-

166 5173 301 5213 ram
324 5156 477 5218 (Luc.
502 5174 602 5227 xu,
627 5158 751 5228 42);
785 5159 927 5232 quid
959 5159 1263 5232 dispensat
1311 5159 1412 5231 qui
1443 5159 1514 5216 ab
1544 5176 1631 5228 eo,
1665 5160 1820 5232 quod

163 5243 507 5318 dispensari
533 5246 726 5317 debet,
758 5248 883 5321 ipse
906 5249 1149 5320 jejunus
1174 5252 1231 5304 et
1277 5247 1497 5304 stultus
1548 5247 1823 5305 laborat?

236 5370 393 5442 (264)
424 5374 576 5440 Euge
601 5375 780 5437 tuum,
812 5370 967 5442 idem
1000 5374 1090 5428 est
1123 5370 1545 5442 acbenedictio
1576 5375 1634 5426 et

160 5439 361 5516 mium
375 5439 584 5498 tuum.
602 5441 980 5516 Respicitilla
1000 5440 1213 5499 Christi
1226 5444 1298 5516 ad
1321 5459 1551 5516 servum
1568 5439 1817 5516 fidelem:

157 5511 345 5587 Euge
374 5529 529 5587 serve
578 5511 794 5587 bone—et
839 5513 1038 5586 ﬁdelis,
1071 5516 1223 5570 intra
1252 5515 1314 5571 in
1340 5514 1607 5587 gaudium
1641 5514 1822 5573 Domi-

157 5585 226 5644 ni
243 5583 345 5640 tui
370 5585 527 5655 (Luc.
553 5602 672 5654 xm,
703 5588 775 5646 23
801 5627 814 5643 .

232 5656 396 5738 (265)
431 5655 627 5739 Vulg,
658 5658 732 5723 Ae
756 5585 814 5739 λθ

232 5656 396 5738 (265)
431 5655 627 5739 Vulg,
658 5658 732 5723 Ae
756 5655 917 5739 forte,
950 5655 1148 5724 minus
1173 5655 1339 5723 bene.

1710 5389 1819 5427 PCB-

1935 4622 2036 4693 qui
2068 4621 2224 4678 ludis
2254 4622 2653 4691 saecularibus,
2687 4625 3013 4693 venatibus,
3038 4630 3094 4681 et
3125 4626 3483 4687 illecebrosis
3487 4633 3583 4703 ju-

1935 4710 2086 4784 giter
2114 4715 2475 4783 occupantur
2505 4712 2773 4786 aucupiis
2801 4731 2814 4783 ;
2840 4715 2943 4788 qui
3014 4766 3024 4776 ,

2119 4863 2406 4931 ’l‘eutouico
2436 4865 2539 4915 ritu
2570 4865 2706 4915 soliti
2735 4869 2985 4931 torquere
3014 4868 3227 4919 cateias.

2132 4928 2149 4935 ς
2835 4928 2855 4931 “
2893 4931 3059 4993 (Vino.
3090 4932 3294 4983 Abicit].
3327 4945 3412 4985 vn.
3447 4936 3577 5000 141.)

1934 5071 2169 5124 sanctas
2181 5067 2415 5141 penitus
2433 5070 3140 5145 desuescuntscripturas;
3158 5075 3254 5147 qui
3271 5076 3384 5133 Deo
3398 5079 3575 5147 exuti,

1932 5157 2154 5212 mundo
2173 5157 2710 5232 induti,ipsislaicis
2723 5180 2839 5219 non
2854 5162 3332 5222 timentvestibus
3354 5167 3581 5225 indusi-

1931 5238 2037 5293 ari!
2053 5237 2201 5303 Quid
2214 5256 2346 5295 vero
2360 5241 2430 5298 de
2442 5241 2605 5297 laicis
2618 5258 3103 5315 conqueror,cum
3120 5244 3360 5302 viderim
3374 5265 3583 5320 persae-

1964 5363 2150 5445 ._(266)
2183 5363 2807 5445 Legepdum_videtur,
2840 5370 2906 5422 ut
2952 5384 3163 5445 sensus
3200 5371 3357 5445 satis
3405 5376 3581 5443 aptus

1930 5436 2008 5514 sit
2030 5452 2047 5487 :
2078 5437 2141 5514 ut
2166 5436 2289 5507 pote
2315 5436 2419 5514 Dei.
2440 5437 2726 5514 colloquiis
2774 5441 3002 5514 assueti,
3034 5441 3412 5514 indicibiliter,
3436 5436 3578 5514 prae-

1927 5508 2221 5590 stantiores
2253 5524 2275 5569 ;
2321 5508 2419 5582 qui
2462 5508 2668 5590 scilicet
2714 5511 2813 5566 sub
2867 5511 2994 5569 ctelo
3039 5519 3184 5590 sunt.
3221 5508 3580 5590 indicibiliter

1924 5581 2345 5664 praestantior-“es
2383 5581 2691 5664 sapientia,
2722 5598 2989 5657 sermone,
3037 5592 3090 5642 et
3128 5584 3353 5657 virtute,
3397 5594 3581 5664 utpote

1929 5651 2130 5713 assueti
2156 5652 2442 5730 colloquiis
2456 5651 2580 5712 Dei.
