4054 6190
239 344 350 412 305

1183 342 1827 421 PRELOQUIORUM
1872 337 2080 407 LIBRI
2126 345 2294 409 SEX.
2330 380 2404 394 --
2431 348 2577 411 LIB.
2622 348 2694 411 V.

3515 343 3632 412 306

239 498 360 556 age,
392 477 562 538 stude
608 477 830 555 aliquid
874 495 1044 556 agere
1092 482 1312 539 caeteris
1366 480 1701 550 sublimius,
1762 480 1880 536 imo
1908 476 1966 548 Α
1995 480 2282 551 attollant,
2316 481 2668 541 industriam
2709 487 2998 558 reparent,
3029 481 3179 542 vires
3211 489 3466 554 exerent,
3502 503 3634 543 con-

237 570 520 627 humilius
553 574 609 626 et
629 571 963 642 perfectius,
997 571 1186 628 sciens
1212 571 1568 644 ponderibus
1596 575 1652 626 te
1681 571 1878 641 subja-

235 677 359 718 cere
385 660 638 716 duobus.
671 659 1047 732 Compelleris
1074 661 1230 716 enim
1263 661 1548 716 monacho
1581 677 1708 732 qua:
1739 664 1882 715 sunt

233 749 522 815 monachi,
550 747 820 821 episcopo
845 750 1080 805 reddere
1109 768 1234 822 quae
1255 755 1396 806 sunt
1425 749 1702 822 episcopi.
1735 749 1880 803 Vide

233 857 300 896 ne
330 839 437 894 tibi
465 838 710 894 suadere
732 838 944 910 aliquis
964 839 1150 895 valeat
1171 839 1339 894 illum
1369 857 1624 911 unquam
1653 844 1880 893 mutare

233 929 519 994 habitum,
571 927 800 980 etiamsi
852 927 958 982 hoc
1013 928 1336 999 approbare
1379 944 1446 982 ex
1502 927 1878 1000 antiquorum

233 1016 511 1089 exemplis
528 1014 665 1070 velit
685 1016 1184 1088 Patrum,excepto
1199 1033 1334 1072 cum
1356 1021 1428 1072 ad
1454 1016 1595 1071 illud
1613 1017 1877 1071 divinum

230 1106 460 1162 accedis
491 1102 1064 1175 ministerium,quod
1105 1104 1217 1160 sibi
1247 1105 1550 1176 proprium
1582 1106 1758 1178 exigit
1787 1121 1876 1160 or-

230 1193 768 1250 uamentum.Tunc
798 1209 1030 1265 quoque
1049 1210 1182 1248 cum
1203 1211 1316 1249 non
1340 1199 1602 1266 gestatur
1617 1210 1878 1266 corpore,

230 1301 349 1340 non
383 1283 613 1338 recedat
657 1299 692 1338 a
736 1282 926 1337 corde.
974 1283 1123 1338 Audi
1165 1282 1507 1355 Apostolum
1541 1283 1827 1338 dicentem
1864 1300 1875 1337 :

222 1374 500 1429 Habentes
529 1371 954 1437 damnationem,
988 1373 1119 1443 quia
1145 1373 1386 1444 primam
1441 1372 1602 1442 ﬁdem
1662 1373 1882 1426 irritam

220 1465 474 1533 fecerunt
501 1462 547 1530 (Ι
585 1461 717 1515 Tim.
778 1477 836 1526 v,
894 1460 1002 1523 12).
1055 1460 1307 1531 Jejuniis
1364 1461 1561 1531 itaque
1617 1459 1880 1515 refectio-

223 1566 387 1614 nem,
456 1548 818 1603 orationibus
915 1549 1176 1621 corporis
1264 1548 1727 1616 delectationem,
1798 1547 1882 1603 ia-

223 1637 444 1710 crymis
497 1641 761 1707 tempera
816 1636 1013 1691 saeculi
1087 1637 1545 1707 jucunditatem.
1609 1636 1770 1702 Quod
1830 1637 1880 1692 si

224 1726 469 1781 forsitan
503 1728 844 1796 assumptus
875 1743 943 1780 ex
976 1726 1345 1795 abbate,aut,
1373 1730 1435 1780 ut
1465 1725 1700 1790 assolet,
1735 1726 1877 1780 duo-

222 1816 339 1870 bus
371 1818 474 1870 aut
503 1817 659 1869 certe
718 1812 987 1884 pluribus
1036 1816 1163 1882 jam
1216 1812 1498 1885 praefuisti
1550 1813 1696 1869 157
1755 1830 1878 1868 mo-

225 1903 537 1968 nasteriis;
601 1919 784 1973 pensa
857 1919 984 1973 qua
1042 1919 1220 1958 causa
1285 1902 1626 1972 hujusmodi
1707 1902 1880 1957 fuerit

223 1991 666 2048 demutationis.
726 1990 840 2046 Nec
898 1991 1024 2056 tibi,
1101 2007 1320 2061 quaeso,
1372 2006 1599 2061 parcas,
1651 2006 1765 2044 non
1824 1993 1879 2045 te

222 2079 508 2152 decipias,
556 2095 672 2134 non
730 2083 786 2134 te
844 2077 1065 2150 palpas,
1127 2096 1241 2133 non
1301 2077 1407 2133 tibi
1463 2079 1617 2149 quod
1661 2078 1877 2149 optime

223 2169 383 2225 nosti
413 2167 557 2224 velis
581 2166 786 2223 celare.
839 2165 1012 2222 Nulla
1056 2167 1213 2221 enim
1263 2167 1417 2238 apud
1450 2166 1654 2234 Deum,
1703 2171 1768 2222 ut
1798 2166 1880 2221 ait

221 2256 615 2329 Augustinus,
644 2255 1126 2323 latebra,etiamsi
1154 2254 1326 2327 plena
1356 2255 1435 2310 sit
1464 2255 1877 2311 abscondentis

221 2343 490 2417 perﬁdia.
525 2343 722 2415 Neque
749 2343 878 2398 ideo
911 2342 1007 2398 ille
1036 2359 1151 2398 non
1184 2343 1362 2408 novit,
1397 2343 1445 2399 si
1490 2349 1552 2398 tu
1604 2349 1658 2399 te
1687 2344 1877 2416 ﬁngas

221 2434 501 2507 ignorare
533 2450 545 2487 :
581 2432 723 2504 quin
751 2432 945 2504 potius
975 2436 1038 2486 tu
1074 2431 1374 2487 humiliter
1403 2447 1675 2502 agnosce,
1711 2430 1760 2486 si
1789 2432 1876 2486 vis

220 2527 284 2577 ut
315 2521 422 2577 ille
473 2521 756 2594 ignoscat.
792 2519 988 2576 Prima
1035 2525 1124 2575 est
1153 2536 1306 2587 vero,
1359 2525 1425 2575 ut
1463 2519 1543 2574 ait
1572 2519 1877 2592 gentilium

222 2611 495 2684 quidam,
527 2608 692 2676 ultio,
744 2609 898 2680 quod
951 2626 1012 2664 se
1061 2608 1262 2679 judice
1301 2625 1514 2664 nocens
1561 2607 1881 2664 absolvitur

223 2715 425 2756 nemo.
485 2698 684 2770 Cogita
717 2697 916 2769 igitur,
952 2700 1146 2751 utrum
1182 2696 1274 2752 his
1305 2697 1531 2767 [scilicet
1588 2702 1879 2752 monaste-

222 2788 356 2859 riis]
388 2788 497 2842 rite
525 2786 844 2858 prmfueris.
896 2785 1057 2849 Quod
1108 2784 1156 2840 si
1212 2784 1520 2852 inveneris,
1564 2783 1692 2839 dole
1725 2785 1879 2856 quod

223 2893 346 2933 non
390 2873 886 2946 perseveraveris;
929 2873 1019 2929 sin
1078 2873 1300 2940 minus,
1360 2872 1536 2928 etiam
1593 2874 1664 2928 ob
1715 2873 1772 2928 id
1821 2873 1880 2927 in

222 2964 393 3021 omni
427 2964 541 3019 vita
588 2961 913 3035 quotidiani
975 2977 1088 3016 non
1141 2960 1414 3017 desinant
1460 2961 1733 3033 gemitus.
1766 2965 1880 3016 Me-

223 3058 432 3110 mento
489 3055 575 3107 tot
622 3056 676 3106 te
730 3051 1033 3122 subjacere
1083 3049 1465 3122 ponderibus,
1513 3055 1656 3120 quot
1685 3051 1881 3121 praefe-

223 3141 416 3199 cturis
461 3138 744 3195 infulatus
791 3137 1053 3211 largitori
1110 3137 1346 3210 indigne
1378 3137 1470 3193 his
1511 3143 1678 3193 utens
1707 3138 1880 3194 exsti-

223 3230 351 3288 tisti
378 3229 666 3301 ingratus;
689 3210 951 3298 dumque
1004 3226 1279 3298 prodesse
1309 3226 1557 3282 debuisti
1591 3227 1878 3298 pluribus,
1911 3210 1955 3276 C

223 3319 436 3392 paucis
459 3321 560 3374 aut
577 3317 819 3372 forsitan
844 3314 1022 3370 nullis
1038 3331 1216 3370 causa
1237 3314 1489 3386 alicujus
1510 3316 1670 3370 fuisti
1699 3317 1886 3388 profe-

226 3415 384 3466 ctus:
418 3407 538 3463 imo
568 3406 663 3462 his
691 3404 1009 3470 destitutis,
1042 3405 1114 3460 ad
1148 3403 1291 3459 alios
1321 3404 1572 3460 subinde
1599 3405 1881 3477 migrans,

229 3497 587 3568 nullumque
617 3510 724 3551 nec
748 3495 821 3550 de
841 3493 933 3548 his
957 3509 1060 3548 nec
1083 3494 1154 3548 de
1178 3491 1461 3564 illis,quin
1479 3493 1658 3548 etiam
1691 3509 1794 3548 nec
1815 3493 1887 3547 de

229 3590 422 3660 teipso
455 3585 527 3640 ad
560 3583 834 3640 horreum
867 3581 1182 3638 Dominicze
1214 3598 1358 3636 areae
1386 3581 1640 3636 fructum
1679 3598 1887 3653 appor-

232 3680 392 3745 tans,
421 3673 578 3746 quod
611 3671 867 3728 debuisti
895 3669 1234 3743 manipulos
1264 3670 1535 3737 ferre,tot
1565 3669 1887 3742 exigerisin

225 3763 457 3835 judicio
489 3775 850 3832 componere.

299 3854 398 3907 21.
436 3850 546 3906 Fac
577 3849 791 3921 itaque,
824 3849 967 3903 dum
999 3846 1189 3902 adhuc
1240 3845 1365 3901 dies
1413 3850 1518 3913 est,
1568 3846 1724 3917 quod
1755 3862 1890 3918 sug-

232 3956 398 4012 gero.
459 3938 611 3994 Dum
669 3936 862 3992 adhuc
919 3940 1088 3992 vacat
1145 3939 1379 4006 tempus
1431 3934 1695 4002 sationis,
1748 3935 1893 3990 dum

235 4029 436 4084 adhuc
465 4042 803 4083 (economus
853 4029 1080 4097 spectat
1111 4024 1191 4094 [id
1247 4032 1324 4078 est
1381 4024 1716 4095 exspectat],
1751 4025 1892 4078 dum

233 4122 444 4174 custos
480 4132 625 4172 area:
672 4115 930 4180 triturat,
980 4111 1207 4185 paleam
1255 4129 1370 4168 non
1423 4113 1621 4180 exerit,
1655 4111 1894 4168 ventila-

235 4205 418 4262 brum
466 4221 580 4260 non
608 4203 832 4276 arripit,
889 4203 1031 4258 dum
1078 4201 1270 4258 adhuc
1319 4218 1433 4257 non
1478 4201 1765 4269 ventilat;
1812 4201 1895 4257 la-

235 4295 408 4361 bora,
463 4309 609 4358 sere,
657 4308 964 4364 congrega,
1013 4289 1207 4346 nullas
1255 4291 1484 4346 dederis
1535 4289 1730 4356 ferias,
1765 4289 1898 4344 uul-

235 4382 373 4439 lum
402 4381 509 4438 tibi
542 4380 884 4445 colludium,
915 4378 1140 4434 nullam
1173 4394 1440 4450 pausam,
1476 4378 1704 4433 nullum
1751 4383 1898 4434 tem-

237 4489 357 4545 pus
391 4469 699 4542 indulgeas
729 4468 1257 4524 vacationi.lnsiste
1277 4466 1632 4522 omnimodis
1665 4465 1897 4532 sationi,

1992 573 2268 629 stantiam
2299 577 2621 642 resumant,
2655 573 2786 643 ﬁde,
2821 591 2920 646 spe
2951 579 3010 630 et
3039 574 3322 631 charitate
3355 576 3413 631 in
3455 581 3636 631 Deum

1992 662 2362 728 recalescant,
2399 663 2577 718 invita
2605 667 2660 719 et
2689 664 2960 732 obsecra;
2996 681 3099 720 nec
3130 664 3237 720 hoc
3290 667 3461 721 verbo
3510 671 3642 720 tan-

1990 753 2315 818 tummodo,
2351 753 2535 807 multo
2568 753 2754 825 magis
2798 753 3071 825 operibus
3119 754 3223 808 tibi
3277 755 3504 809 noveris
3544 771 3639 809 ex-

1990 842 2377 912 sequendum.
2409 841 2559 896 Vera
2590 847 2678 896 est
2703 841 2856 896 enim
2891 842 3096 897 Leonis
3127 859 3286 914 papae
3327 843 3636 911 sententia,

1991 930 2131 1000 quia
2159 929 2439 984 validiora
2468 934 2607 984 sunt
2637 930 2901 1002 exempla
2949 948 3125 1002 quam
3171 934 3366 995 verba,
3419 937 3474 987 et
3506 931 3636 1004 plus

1989 1024 2078 1072 est
2126 1034 2297 1089 opere
2345 1019 2550 1073 docere
2590 1035 2768 1090 quam
2812 1036 2967 1075 voce.
3002 1020 3456 1076 Necessitatibus
3497 1038 3637 1092 quo-

1990 1122 2102 1177 que
2135 1122 2337 1161 eorum
2368 1105 2426 1160 in
2461 1106 2880 1178 temporalibus
2911 1107 3151 1164 sedulus
3182 1109 3464 1164 adesto.Si
3496 1111 3636 1181 quid

1989 1195 2270 1249 fraudasti
2305 1193 2600 1266 praelatus,
2635 1201 2898 1251 restaura
2927 1196 3254 1268 episcopus.
3303 1199 3360 1253 Si
3395 1199 3534 1270 quid
3568 1200 3639 1255 de

1990 1285 2044 1336 te
2069 1282 2282 1347 minus,
2309 1283 2490 1338 abbas
2530 1283 2670 1337 dum
2698 1299 2877 1352 esses,
2912 1285 3235 1341 recordaris
3262 1286 3461 1354 fuisse,
3497 1304 3640 1358 pon-

1991 1370 2128 1425 tifex
2158 1388 2228 1426 ne
2252 1370 2504 1426 verearis
2526 1389 2891 1443 componere.

2064 1461 2152 1512 22.
2187 1459 2301 1514 Nec
2332 1458 2442 1513 hoc
2488 1475 2666 1530 agens
2713 1463 2985 1526 verearis,
3037 1480 3106 1517 ne
3153 1463 3286 1534 quis
3333 1467 3388 1518 te
3436 1481 3636 1536 pecca-

1992 1549 2202 1614 torem,
2235 1551 2290 1602 te
2321 1546 2460 1602 olim
2491 1547 2700 1603 dixerit
2725 1548 3018 1604 exstltisse
3051 1551 3464 1607 fraudatorem.
3497 1553 3639 1611 Vide

1994 1639 2223 1691 tantum
2256 1654 2326 1691 ne
2353 1636 2580 1692 Christo
2625 1638 3062 1709 opprobriosus,
3098 1657 3167 1695 ne
3199 1641 3313 1695 Deo
3343 1641 3637 1710 horridus,

1993 1740 2065 1778 ne
2115 1724 2358 1796 Spiritui
2405 1729 2606 1780 sancto
2658 1743 2864 1797 pareas
2923 1729 3334 1784 exsecrandus.
3387 1730 3503 1785 Hoc
3553 1732 3638 1800 ﬁt,

1991 1814 2039 1866 si
2071 1829 2176 1868 nec
2205 1814 2498 1884 praeterita
2527 1813 2726 1879 diluis,
2762 1831 2866 1869 nec
2897 1817 3206 1887 praesentia
3235 1817 3641 1875 emendatione

1990 1900 2337 1972 componis:
2390 1901 2531 1972 quin
2586 1904 2783 1974 potius
2842 1920 2976 1958 cum
3037 1905 3108 1959 de
3159 1909 3214 1959 te
3265 1905 3373 1960 hoc
3403 1907 3637 1978 dicitur,

1987 1989 2176 2060 gaude
2204 1989 2508 2045 humiliter
2536 1991 2594 2044 in
2627 1990 2764 2056 Deo,
2799 1992 2846 2046 si
2896 1992 3002 2046 tibi
3052 1993 3205 2049 158
3253 2011 3387 2049 cum
3418 1997 3638 2051 caeteris

1985 2094 2114 2133 vere
2145 2078 2374 2133 dicatur
2404 2097 2416 2133 :
2450 2081 2648 2135 Fuistis
2673 2081 2971 2150 aliquando
3028 2083 3284 2153 tenebrae,
3345 2102 3492 2140 nunc
3529 2103 3636 2141 au-

1984 2170 2092 2220 tem
2150 2168 2249 2222 tum
2293 2169 2354 2222 in
2412 2169 2680 2229 Domino;
2737 2174 2789 2224 et
2839 2171 2950 2225 haec
3005 2172 3223 2242 quidem
3279 2175 3484 2244 fuistis,
3545 2176 3635 2231 scd

1986 2255 2164 2309 abluti
2191 2258 2336 2323 estis,
2360 2259 2692 2327 sancti/lculi
2719 2260 2846 2312 estis
2896 2260 3064 2320 (ICor.
3097 2277 3173 2324 vr,
3225 2263 3334 2329 11).
3392 2263 3451 2318 Si
3502 2265 3636 2334 quis

1985 2343 2183 2413 itaque
2209 2343 2496 2409 detrahat,
2530 2343 2900 2416 obloquatur,
2941 2346 3249 2402 maledicat
3297 2349 3635 2421 factumque

1984 2429 2303 2503 vituperet;
2335 2433 2442 2486 tibi
2473 2433 2643 2488 ﬁrma
2671 2449 2826 2504 spes,
2861 2433 3112 2488 solidum
3162 2436 3452 2502 refugium
3486 2438 3544 2491 in
3568 2438 3637 2492 il-

1988 2518 2102 2574 lius
2135 2519 2211 2574 sit
2241 2519 2476 2585 auxilio,
2510 2521 2602 2575 cui
2661 2538 2695 2576 a
2748 2521 3034 2592 Propheta
3091 2527 3180 2576 est
3235 2523 3494 2578 dictum:
3529 2526 3636 2579 Ma.-

1989 2607 2218 2662 ledicent
2267 2609 2376 2673 illi,
2432 2617 2483 2664 et
2530 2613 2589 2663 tu
2650 2609 2924 2664 bmwdices
2981 2609 3150 2670 (Psal.
3211 2612 3640 2678 cxv11,28);et

1988 2695 2216 2768 erigens
2247 2697 2463 2751 mentie
2521 2698 2704 2753 aciem
2763 2697 3158 2754 indesinenter
3206 2698 3394 2755 clama
3426 2718 3438 2754 :
3471 2701 3640 2771 Aufer

1989 2803 2022 2839 α
2050 2801 2138 2840 me
2183 2786 2530 2856 opprobrium
2579 2791 2629 2841 et
2669 2791 3032 2858 contemptum
3068 2789 3242 2860 (Psal.
3297 2805 3488 2858 cxvm,
3522 2791 3636 2858 22),

1991 2890 2104 2928 non
2127 2872 2326 2944 utique
2358 2875 2734 2946 opprobrium
2766 2876 3071 2930 hominum
3114 2878 3268 2948 quod
3303 2880 3638 2950 pertransit,

1988 2962 2183 3033 potius
2228 2967 2418 3029 tuum,
2470 2965 2624 3035 quod
2657 2963 2704 3019 si
2753 2963 2846 3020 hic
2879 2981 2995 3019 non
3027 2965 3261 3033 desinit,
3313 2966 3431 3022 illic
3462 2969 3638 3025 finem

1991 3066 2105 3105 non
2157 3051 2392 3107 invenit.
2441 3052 2654 3108 Vereor
2701 3053 2880 3119 enim,
2934 3070 3005 3108 ne
3060 3053 3200 3109 dum
3255 3058 3550 3111 transacta
3575 3061 3640 3112 ut

1990 3143 2129 3195 sunt
2157 3139 2335 3211 digna
2355 3141 3108 3212 opprobriojudicas,etiam
3133 3143 3439 3214 praesentia
3465 3144 3642 3215 digna

1993 3228 2349 3300 contemptui
2382 3229 2644 3300 deputes.
2672 3229 2833 3292 Quod
2868 3230 2950 3297 ﬁt,
2992 3230 3040 3285 si
3089 3237 3146 3286 et
3189 3236 3484 3286 transacta
3522 3248 3642 3286 cor-

1993 3316 2265 3388 riguntur
2293 3317 2566 3388 segniter,
2611 3321 2668 3370 et
2716 3318 3028 3388 praesentia
3079 3324 3419 3375 exercentur
3465 3319 3644 3392 negli-

1994 3410 2214 3474 genter.
2250 3403 2410 3458 lllam
2442 3405 2620 3459 etiam
2642 3405 2796 3460 Sarae
2846 3405 3165 3460 orationem
3223 3407 3292 3461 ad
3317 3412 3476 3462 tuam
3511 3425 3642 3478 pro-

1997 3492 2083 3546 fer
2130 3491 2488 3547 utilitatem:
2571 3494 2717 3558 Peto,
2789 3493 3082 3563 inquiens,
3139 3493 3386 3558 Domine,
3474 3502 3536 3548 ut
3581 3494 3645 3549 de

1995 3581 2214 3634 vinculo
2245 3581 2535 3650 improprii
2565 3580 2728 3650 hujus
2763 3580 3007 3634 absolvas
3042 3596 3150 3644 me,
3181 3589 3280 3635 aut
3315 3589 3458 3635 certe
3485 3581 3646 3636 desu-

1994 3685 2095 3739 per
2125 3673 2329 3723 terram
2358 3669 2562 3738 eripias
2608 3684 2696 3722 me
2745 3668 2886 3734 (Tob.
2933 3685 3016 3734 III,
3078 3667 3187 3732 45),
3243 3685 3358 3723 non
3408 3667 3647 3740 quidem

2002 3755 2467 3812 substantialiter
2511 3759 2642 3811 ante
2687 3760 2923 3827 tempus
2971 3756 3447 3828 praedestinatum
3489 3757 3648 3812 aufe-

2003 3845 2182 3900 rendo
2215 3845 2426 3916 [supple
2475 3844 2596 3913 sed]
2646 3849 2918 3899 mentem
2947 3861 3138 3901 meam
3189 3846 3260 3901 ad
3310 3850 3366 3902 te
3418 3846 3652 3918 penitus

2001 3933 2296 4006 erigendo.
2354 3933 2457 3987 Hic
2504 3936 2612 3998 est,
2668 3932 2878 4001 dicent,
2933 3931 3193 3988 novellus
3237 3934 3538 4006 propheta,
3571 3951 3658 3990 re-

2004 4039 2141 4078 cens
2171 4021 2495 4094 epostolus,
2531 4022 2724 4076 subito
2747 4023 2990 4094 angelus
3011 4023 3393 4079 etfectustte
3416 4028 3655 4079 sanctus

2005 4111 2312 4178 Martinus,
2362 4113 2511 4166 Zeno
2560 4115 2649 4165 est
2697 4110 2806 4166 iste
2857 4116 3117 4178 sanctus,
3159 4113 3331 4167 modo
3375 4113 3446 4167 de
3493 4111 3654 4167 oculis

2006 4200 2322 4255 demissus.
2353 4199 2662 4264 Vanitatis,
2699 4198 2996 4269 inquiunt,
3031 4199 3201 4270 signa
3231 4204 3369 4254 sunt
3398 4200 3530 4263 ista,
3551 4199 3655 4268 hy-

2009 4287 2276 4359 pocrisis,
2313 4287 2630 4352 simulatio,
2662 4285 2749 4340 vel
2780 4285 2984 4341 levitas
3013 4305 3026 4352 ;
3067 4287 3314 4341 mutatio
3344 4288 3658 4340 affectuum

2009 4376 2141 4438 ista,
2176 4393 2291 4430 non
2323 4375 2519 4446 aliqua
2550 4374 2752 4445 religio
2784 4374 2990 4428 vera.0
3024 4390 3201 4444 quam
3235 4389 3508 4444 asperum
3532 4387 3661 4425 ver-

2013 4465 2152 4518 bum
2181 4464 2194 4517 !
2232 4464 2331 4518 sed
2357 4463 2484 4518 vide
2516 4479 2586 4517 ne
2618 4461 2695 4517 sit
2725 4477 2948 4516 verum.

239 4578 313 4617 ne
347 4559 504 4617 desit
533 4559 690 4631 quod
723 4559 930 4614 all'eras
959 4556 1318 4613 triturationi
1355 4555 1582 4626 :ipsam
1605 4555 1782 4610 etiam
1813 4555 1898 4608 in-
1935 4567 1982 4631 ι)
2083 4553 2171 4606 23.
2212 4553 2356 4604 Cave
2403 4549 2578 4604 etiam
2633 4564 2809 4619 prope
2858 4547 3137 4602 latentem
3187 4547 3528 4601 venantium
3578 4545 3664 4601 la-

240 4653 552 4706 cessanter
607 4647 821 4703 mentis
869 4645 1053 4702 oculis
1111 4644 1345 4713 adhibe,
1388 4643 1577 4715 ipsam
1635 4644 1903 4710 attende;

245 4739 446 4812 cogita
477 4736 738 4809 quotidie
769 4753 841 4792 ne
867 4739 1143 4808 superent
1173 4733 1371 4806 paleae,
1432 4748 1502 4787 ne
1543 4732 1908 4802 superabun-

243 4828 392 4883 dent
415 4826 677 4891 zizania;
731 4827 1026 4879 momento
1074 4823 1337 4877 triticum
1389 4821 1448 4875 in
1501 4820 1776 4876 horreum
1810 4821 1906 4876 de-

241 4915 391 4971 bere
422 4913 657 4968 recondi
690 4913 900 4985 (Matth,
947 4929 1072 4977 χιιι,
1104 4912 1216 4976 30),
1267 4909 1464 4982 paleas
1511 4915 1707 4964 autem
1749 4925 1905 4965 com-

246 5003 386 5059 buri
419 5002 544 5074 igni
576 4999 1058 5073 inexstinguibili.
1093 4999 1272 5070 Prope
1302 4997 1497 5069 itaque
1528 4997 1746 5068 positos
1787 5014 1907 5052 cre-

248 5091 536 5147 berrimis
581 5088 1100 5152 exhortationibus,
1134 5086 1304 5158 longe
1336 5090 1590 5141 remotos
1647 5086 1908 5159 epistolis

249 5178 610 5252 smpissimis
641 5179 714 5234 ad
764 5177 864 5234 Dei
913 5176 1137 5232 cultum
1188 5175 1520 5230 reaccende.
1555 5175 1908 5230 Prmteritam

249 5274 314 5325 et
343 5273 513 5325 tuam
550 5271 606 5323 et
655 5266 891 5322 illorum
946 5264 1254 5338 segnitiam
1303 5280 1534 5329 accusa,
1583 5264 1906 5336 redargue;

248 5363 315 5415 et
374 5363 572 5414 tecum
629 5359 696 5412 ut
745 5356 1085 5421 excitentur,
1147 5358 1210 5407 ut
1267 5351 1628 5416 reviviscant,
1682 5351 1909 5406 animos

335 5535 490 5608 (316)
521 5533 641 5608 Hoc
671 5533 908 5608 scilicet,

254 5599 668 5664 simulationis
700 5604 836 5660 vitio
867 5599 1026 5660 zelus
1058 5599 1294 5658 notatus
1339 5599 1464 5655 fuit.

2018 4653 2256 4710 qucum.
2291 4634 2454 4690 Multi
2487 4635 2641 4689 enim
2675 4634 2782 4689 hoc
2803 4649 3008 4705 aspero
3023 4632 3193 4687 verbo
3218 4632 3669 4704 (346)tpcrterri-

2018 4727 2083 4792 ti,
2117 4723 2440 4795 exasperati
2469 4727 2524 4779 et
2562 4721 2953 4788 vereoundati,
3007 4721 3225 4775 bonum
3271 4720 3669 4791 relinquentes

2023 4817 2368 4886 incmptum,
2401 4813 2552 4884 capti
2582 4814 2722 4866 sunt
2770 4811 2830 4865 in
2879 4809 3269 4882 muscipulam
3311 4809 3669 4866 venantium.

2017 4905 2104 4958 Tu
2137 4908 2373 4958 econtra
2403 4901 2494 4956 his
2544 4901 2735 4966 corde,
2788 4916 2902 4954 non
2953 4914 3050 4954 ore
3101 4899 3425 4970 responde;
3475 4898 3672 4969 ipsum

2016 4994 2190 5048 etiam
2237 4995 2291 5046 te
2344 4991 2464 5044 haec
2496 4989 2759 5061 cogitans
2808 5004 2963 5043 cave.
3015 4987 3140 5042 Non
3189 4987 3400 5043 desunt
3430 4987 3584 5042 enim
3619 5002 3677 5056 et

2019 5081 2122 5136 tibi
2155 5079 2419 5151 quaedam
2454 5079 2742 5132 introrsus
2794 5093 3070 5142 cavernae,
3115 5075 3213 5130 ubi
3246 5075 3453 5146 aliquae
3498 5073 3674 5128 latro-

2019 5168 2267 5225 cinantis
2298 5165 2519 5221 inimici
2546 5165 2742 5220 adsint
2775 5163 3022 5219 insidiae.
3075 5164 3175 5218 Dic
3223 5180 3358 5235 ergo
3392 5163 3451 5217 in
3483 5161 3677 5227 corde,

2019 5258 2264 5330 pavidus
2297 5255 2508 5326 cogita,
2562 5254 2659 5308 sed
2711 5256 3022 5323 suspectus
3072 5252 3184 5317 dic,
3237 5251 3392 5322 quod
3441 5249 3680 5321 quidem

2019 5349 2189 5419 longe
2221 5351 2275 5400 te
2304 5341 2784 5414 incomparabilis
2815 5341 2980 5408 dixit,
3014 5339 3322 5395 dissimilis
3355 5342 3506 5394 certe
3535 5358 3548 5406 ;
3578 5353 3684 5392 nec

963 5531 1118 5604 quod
1164 5528 1360 5604 paulo_
1387 5532 1519 5604 ante
1578 5527 1944 5596 memoravit,
1977 5527 2052 5586 0b
2080 5542 2242 5599 quam
2274 5538 2528 5595 asperum
2577 5520 2820 5575 verbum!
2861 5535 2976 5590 quo
3011 5518 3356 5591 hypocrisis,
3390 5513 3686 5584 vanitatis,
