  <div class='ocr_page' id='page_1' title='image "/cluster/home/n/w/nwhite01/storage/ocr_20150623/136/hvd.32044054759964/161.png"; bbox 0 0 4054 6190; ppageno 0'>
   <div class='ocr_carea' id='block_1_1' title="bbox 480 346 599 413">
    <p class='ocr_par' dir='ltr' id='par_1_1' title="bbox 480 346 599 413">
     <span class='ocr_line' id='line_1_1' title="bbox 480 346 599 413; baseline -0.042 0"><span class='ocrx_word' id='word_1_1' title='bbox 480 346 599 413; x_wconf 84' lang='lat'>307</span> 
     </span>
    </p>
   </div>
   <div class='ocr_carea' id='block_1_2' title="bbox 1407 321 2969 401">
    <p class='ocr_par' dir='ltr' id='par_1_2' title="bbox 1407 321 2969 401">
     <span class='ocr_line' id='line_1_2' title="bbox 1407 321 2969 401; baseline -0.01 1"><span class='ocrx_word' id='word_1_2' title='bbox 1407 332 1784 401; x_wconf 81' lang='lat' dir='ltr'>RATHERII</span> <span class='ocrx_word' id='word_1_3' title='bbox 1828 326 2074 395; x_wconf 86' lang='lat' dir='ltr'>EPISC.</span> <span class='ocrx_word' id='word_1_4' title='bbox 2119 324 2407 394; x_wconf 80' lang='lat' dir='ltr'>VERON.</span> <span class='ocrx_word' id='word_1_5' title='bbox 2455 326 2627 392; x_wconf 84' lang='lat' dir='ltr'>OPP.</span> <span class='ocrx_word' id='word_1_6' title='bbox 2672 322 2876 390; x_wconf 82' lang='lat' dir='ltr'>PARS</span> <span class='ocrx_word' id='word_1_7' title='bbox 2919 321 2969 386; x_wconf 78' lang='grc' dir='ltr'>ἶ.</span> 
     </span>
    </p>
   </div>
   <div class='ocr_carea' id='block_1_3' title="bbox 3731 310 3827 378">
    <p class='ocr_par' dir='ltr' id='par_1_3' title="bbox 3731 310 3827 378">
     <span class='ocr_line' id='line_1_3' title="bbox 3731 310 3827 378; baseline -0.021 1"><span class='ocrx_word' id='word_1_8' title='bbox 3731 310 3827 378; x_wconf 80' lang='lat'>308</span> 
     </span>
    </p>
   </div>
   <div class='ocr_carea' id='block_1_4' title="bbox 481 449 3833 543">
    <p class='ocr_par' dir='ltr' id='par_1_4' title="bbox 481 449 3833 543">
     <span class='ocr_line' id='line_1_4' title="bbox 481 449 3833 543; baseline -0.011 -4"><span class='ocrx_word' id='word_1_9' title='bbox 481 478 798 539; x_wconf 87' lang='lat' dir='ltr'>mentieris.</span> <span class='ocrx_word' id='word_1_10' title='bbox 833 476 898 535; x_wconf 89' lang='lat' dir='ltr'>In</span> <span class='ocrx_word' id='word_1_11' title='bbox 946 472 1160 534; x_wconf 90' lang='lat' dir='ltr'>melius</span> <span class='ocrx_word' id='word_1_12' title='bbox 1210 477 1437 530; x_wconf 88' lang='lat' dir='ltr'>mutare</span> <span class='ocrx_word' id='word_1_13' title='bbox 1484 469 1850 543; x_wconf 86' lang='lat' dir='ltr'>propositum</span> <span class='ocrx_word' id='word_1_14' title='bbox 1892 483 2007 522; x_wconf 91' lang='lat' dir='ltr'>non</span> <span class='ocrx_word' id='word_1_15' title='bbox 2039 467 2128 521; x_wconf 86' lang='lat' dir='ltr'>est</span> <span class='ocrx_word' id='word_1_16' title='bbox 2156 467 2213 533; x_wconf 76' lang='grc' dir='ltr'><strong>Α</strong></span> <span class='ocrx_word' id='word_1_17' title='bbox 2240 465 2291 520; x_wconf 99' lang='lat' dir='ltr'>si</span> <span class='ocrx_word' id='word_1_18' title='bbox 2323 463 2477 537; x_wconf 85' lang='lat' dir='ltr'>quod</span> <span class='ocrx_word' id='word_1_19' title='bbox 2507 461 2667 519; x_wconf 80' lang='lat' dir='ltr'>valeo</span> <span class='ocrx_word' id='word_1_20' title='bbox 2700 460 2807 517; x_wconf 86' lang='lat' dir='ltr'>tibi</span> <span class='ocrx_word' id='word_1_21' title='bbox 2838 460 2976 515; x_wconf 88' lang='lat' dir='ltr'>dare</span> <span class='ocrx_word' id='word_1_22' title='bbox 3007 471 3123 514; x_wconf 86' lang='lat' dir='ltr'>non</span> <span class='ocrx_word' id='word_1_23' title='bbox 3152 450 3403 529; x_wconf 86' lang='lat' dir='ltr'>negligo,</span> <span class='ocrx_word' id='word_1_24' title='bbox 3430 453 3619 508; x_wconf 65' lang='lat' dir='ltr'>caetera</span> <span class='ocrx_word' id='word_1_25' title='bbox 3642 453 3741 506; x_wconf 70' lang='lat' dir='ltr'>tum</span> <span class='ocrx_word' id='word_1_26' title='bbox 3766 449 3833 505; x_wconf 87' lang='lat' dir='ltr'>in-</span> 
     </span>
    </p>
   </div>
   <div class='ocr_carea' id='block_1_5' title="bbox 477 554 2132 642">
    <p class='ocr_par' dir='ltr' id='par_1_5' title="bbox 477 554 2132 642">
     <span class='ocr_line' id='line_1_5' title="bbox 477 554 2132 642; baseline -0.011 -14"><span class='ocrx_word' id='word_1_27' title='bbox 477 570 702 639; x_wconf 89' lang='lat' dir='ltr'>levitas,</span> <span class='ocrx_word' id='word_1_28' title='bbox 736 569 836 625; x_wconf 90' lang='lat' dir='ltr'>sed</span> <span class='ocrx_word' id='word_1_29' title='bbox 873 566 1022 642; x_wconf 88' lang='lat' dir='ltr'>(3l7)</span> <span class='ocrx_word' id='word_1_30' title='bbox 1074 565 1283 632; x_wconf 90' lang='lat' dir='ltr'>virtus,</span> <span class='ocrx_word' id='word_1_31' title='bbox 1316 577 1505 634; x_wconf 89' lang='lat' dir='ltr'>neque</span> <span class='ocrx_word' id='word_1_32' title='bbox 1550 558 1742 631; x_wconf 85' lang='lat' dir='ltr'>culpa,</span> <span class='ocrx_word' id='word_1_33' title='bbox 1788 557 1891 614; x_wconf 90' lang='lat' dir='ltr'>sed</span> <span class='ocrx_word' id='word_1_34' title='bbox 1925 554 2132 629; x_wconf 87' lang='lat' dir='ltr'>gratia.</span> 
     </span>
    </p>
   </div>
   <div class='ocr_carea' id='block_1_6' title="bbox 480 644 2139 729">
    <p class='ocr_par' dir='ltr' id='par_1_6' title="bbox 480 644 2139 729">
     <span class='ocr_line' id='line_1_6' title="bbox 480 644 2139 729; baseline -0.013 -10"><span class='ocrx_word' id='word_1_35' title='bbox 480 664 666 719; x_wconf 88' lang='lat' dir='ltr'>Erunt</span> <span class='ocrx_word' id='word_1_36' title='bbox 693 659 870 716; x_wconf 88' lang='lat' dir='ltr'>etiam</span> <span class='ocrx_word' id='word_1_37' title='bbox 902 655 1003 729; x_wconf 89' lang='lat' dir='ltr'>qui</span> <span class='ocrx_word' id='word_1_38' title='bbox 1036 656 1178 710; x_wconf 91' lang='lat' dir='ltr'>dum</span> <span class='ocrx_word' id='word_1_39' title='bbox 1197 651 1361 708; x_wconf 89' lang='lat' dir='ltr'>nulla</span> <span class='ocrx_word' id='word_1_40' title='bbox 1384 645 1900 713; x_wconf 89' lang='lat' dir='ltr'>considerant,imo</span> <span class='ocrx_word' id='word_1_41' title='bbox 1931 644 2139 699; x_wconf 88' lang='lat' dir='ltr'>nolunt</span> 
     </span>
    </p>
   </div>
   <div class='ocr_carea' id='block_1_7' title="bbox 484 734 2141 812">
    <p class='ocr_par' dir='ltr' id='par_1_7' title="bbox 484 734 2141 812">
     <span class='ocr_line' id='line_1_7' title="bbox 484 734 2141 812; baseline -0.013 -4"><span class='ocrx_word' id='word_1_42' title='bbox 484 750 703 807; x_wconf 88' lang='lat' dir='ltr'>habere</span> <span class='ocrx_word' id='word_1_43' title='bbox 755 765 882 812; x_wconf 91' lang='lat' dir='ltr'>sua,</span> <span class='ocrx_word' id='word_1_44' title='bbox 932 751 1037 800; x_wconf 88' lang='lat' dir='ltr'>tua</span> <span class='ocrx_word' id='word_1_45' title='bbox 1102 743 1152 797; x_wconf 89' lang='lat' dir='ltr'>si</span> <span class='ocrx_word' id='word_1_46' title='bbox 1218 758 1334 812; x_wconf 89' lang='lat' dir='ltr'>qua</span> <span class='ocrx_word' id='word_1_47' title='bbox 1399 737 1668 804; x_wconf 81' lang='lat' dir='ltr'>viderint,</span> <span class='ocrx_word' id='word_1_48' title='bbox 1736 734 1937 790; x_wconf 83' lang='lat' dir='ltr'>statim</span> <span class='ocrx_word' id='word_1_49' title='bbox 1987 734 2141 787; x_wconf 90' lang='lat' dir='ltr'>bona</span> 
     </span>
    </p>
   </div>
   <div class='ocr_carea' id='block_1_8' title="bbox 486 821 2137 910">
    <p class='ocr_par' dir='ltr' id='par_1_8' title="bbox 486 821 2137 910">
     <span class='ocr_line' id='line_1_8' title="bbox 486 821 2137 910; baseline -0.012 -16"><span class='ocrx_word' id='word_1_50' title='bbox 486 839 774 910; x_wconf 84' lang='lat' dir='ltr'>incipiant</span> <span class='ocrx_word' id='word_1_51' title='bbox 803 834 1043 890; x_wconf 90' lang='lat' dir='ltr'>laudare</span> <span class='ocrx_word' id='word_1_52' title='bbox 1089 830 1260 907; x_wconf 82' lang='grc'>(318),</span> <span class='ocrx_word' id='word_1_53' title='bbox 1303 833 1360 883; x_wconf 89' lang='lat' dir='ltr'>et</span> <span class='ocrx_word' id='word_1_54' title='bbox 1404 825 1604 881; x_wconf 83' lang='lat' dir='ltr'>mirari</span> <span class='ocrx_word' id='word_1_55' title='bbox 1653 823 1810 879; x_wconf 89' lang='lat' dir='ltr'>velut</span> <span class='ocrx_word' id='word_1_56' title='bbox 1866 821 2137 877; x_wconf 85' lang='lat' dir='ltr'>maxima.</span> 
     </span>
    </p>
   </div>
   <div class='ocr_carea' id='block_1_9' title="bbox 492 909 2143 994">
    <p class='ocr_par' dir='ltr' id='par_1_9' title="bbox 492 909 2143 994">
     <span class='ocr_line' id='line_1_9' title="bbox 492 909 2143 994; baseline -0.013 -12"><span class='ocrx_word' id='word_1_57' title='bbox 492 909 717 994; x_wconf 87' lang='lat' dir='ltr'>Quibus</span> <span class='ocrx_word' id='word_1_58' title='bbox 766 924 815 979; x_wconf 89' lang='lat' dir='ltr'>si</span> <span class='ocrx_word' id='word_1_59' title='bbox 846 928 957 976; x_wconf 60' lang='lat' dir='ltr'>ture</span> <span class='ocrx_word' id='word_1_60' title='bbox 990 916 1356 974; x_wconf 79' lang='lat' dir='ltr'>conscientiae</span> <span class='ocrx_word' id='word_1_61' title='bbox 1408 913 1605 969; x_wconf 89' lang='lat' dir='ltr'>relicto</span> <span class='ocrx_word' id='word_1_62' title='bbox 1650 909 1986 967; x_wconf 89' lang='lat' dir='ltr'>testimonio</span> <span class='ocrx_word' id='word_1_63' title='bbox 2016 924 2143 963; x_wconf 92' lang='lat' dir='ltr'>cre-</span> 
     </span>
    </p>
   </div>
   <div class='ocr_carea' id='block_1_10' title="bbox 494 996 2141 1081">
    <p class='ocr_par' dir='ltr' id='par_1_10' title="bbox 494 996 2141 1081">
     <span class='ocr_line' id='line_1_10' title="bbox 494 996 2141 1081; baseline -0.012 -11"><span class='ocrx_word' id='word_1_64' title='bbox 494 1013 748 1081; x_wconf 88' lang='lat' dir='ltr'>dideris;</span> <span class='ocrx_word' id='word_1_65' title='bbox 784 1012 985 1075; x_wconf 90' lang='lat' dir='ltr'>fateor,</span> <span class='ocrx_word' id='word_1_66' title='bbox 1018 1023 1123 1062; x_wconf 89' lang='lat' dir='ltr'>nec</span> <span class='ocrx_word' id='word_1_67' title='bbox 1172 1004 1443 1068; x_wconf 90' lang='lat' dir='ltr'>mentior,</span> <span class='ocrx_word' id='word_1_68' title='bbox 1494 1000 1650 1055; x_wconf 84' lang='lat' dir='ltr'>illico</span> <span class='ocrx_word' id='word_1_69' title='bbox 1694 999 1959 1071; x_wconf 85' lang='lat' dir='ltr'>perditus</span> <span class='ocrx_word' id='word_1_70' title='bbox 2004 996 2141 1051; x_wconf 90' lang='lat' dir='ltr'>eris.</span> 
     </span>
    </p>
   </div>
   <div class='ocr_carea' id='block_1_11' title="bbox 494 1085 2146 1164">
    <p class='ocr_par' dir='ltr' id='par_1_11' title="bbox 494 1085 2146 1164">
     <span class='ocr_line' id='line_1_11' title="bbox 494 1085 2146 1164; baseline -0.013 -4"><span class='ocrx_word' id='word_1_71' title='bbox 494 1105 583 1160; x_wconf 91' lang='lat' dir='ltr'>Tu</span> <span class='ocrx_word' id='word_1_72' title='bbox 610 1106 845 1158; x_wconf 84' lang='lat' dir='ltr'>econtra</span> <span class='ocrx_word' id='word_1_73' title='bbox 875 1098 1019 1153; x_wconf 89' lang='lat' dir='ltr'>dum</span> <span class='ocrx_word' id='word_1_74' title='bbox 1046 1094 1285 1151; x_wconf 83' lang='lat' dir='ltr'>exhibes</span> <span class='ocrx_word' id='word_1_75' title='bbox 1325 1089 1652 1164; x_wconf 67' lang='lat' dir='ltr'>praesentia,</span> <span class='ocrx_word' id='word_1_76' title='bbox 1706 1103 1938 1159; x_wconf 86' lang='lat' dir='ltr'>semper</span> <span class='ocrx_word' id='word_1_77' title='bbox 1975 1085 2146 1141; x_wconf 90' lang='lat' dir='ltr'>stude</span> 
     </span>
    </p>
   </div>
   <div class='ocr_carea' id='block_1_12' title="bbox 496 1174 2144 1258">
    <p class='ocr_par' dir='ltr' id='par_1_12' title="bbox 496 1174 2144 1258">
     <span class='ocr_line' id='line_1_12' title="bbox 496 1174 2144 1258; baseline -0.013 -10"><span class='ocrx_word' id='word_1_78' title='bbox 496 1190 838 1248; x_wconf 84' lang='lat' dir='ltr'>meminisse</span> <span class='ocrx_word' id='word_1_79' title='bbox 869 1181 1182 1258; x_wconf 66' lang='lat' dir='ltr'>praeterita,</span> <span class='ocrx_word' id='word_1_80' title='bbox 1217 1178 1512 1250; x_wconf 85' lang='lat' dir='ltr'>simulque</span> <span class='ocrx_word' id='word_1_81' title='bbox 1546 1176 1645 1232; x_wconf 90' lang='lat' dir='ltr'>Dei</span> <span class='ocrx_word' id='word_1_82' title='bbox 1676 1175 1942 1231; x_wconf 87' lang='lat' dir='ltr'>districta</span> <span class='ocrx_word' id='word_1_83' title='bbox 1970 1178 2027 1229; x_wconf 90' lang='lat' dir='ltr'>et</span> <span class='ocrx_word' id='word_1_84' title='bbox 2056 1174 2144 1227; x_wconf 88' lang='lat' dir='ltr'>in-</span> 
     </span>
    </p>
   </div>
   <div class='ocr_carea' id='block_1_13' title="bbox 498 1262 2149 1350">
    <p class='ocr_par' dir='ltr' id='par_1_13' title="bbox 498 1262 2149 1350">
     <span class='ocr_line' id='line_1_13' title="bbox 498 1262 2149 1350; baseline -0.012 -14"><span class='ocrx_word' id='word_1_85' title='bbox 498 1271 1049 1350; x_wconf 89' lang='lat' dir='ltr'>comprehensibilia</span> <span class='ocrx_word' id='word_1_86' title='bbox 1063 1270 1316 1341; x_wconf 88' lang='lat' dir='ltr'>cogitare</span> <span class='ocrx_word' id='word_1_87' title='bbox 1338 1265 1583 1338; x_wconf 83' lang='lat' dir='ltr'>judicia.</span> <span class='ocrx_word' id='word_1_88' title='bbox 1618 1265 1780 1336; x_wconf 69' lang='grc' dir='ltr'>Βωρο</span> <span class='ocrx_word' id='word_1_89' title='bbox 1803 1263 1961 1318; x_wconf 88' lang='lat' dir='ltr'>enim</span> <span class='ocrx_word' id='word_1_90' title='bbox 1993 1262 2149 1317; x_wconf 91' lang='lat' dir='ltr'>unde</span> 
     </span>
    </p>
   </div>
   <div class='ocr_carea' id='block_1_14' title="bbox 502 1350 2149 1436">
    <p class='ocr_par' dir='ltr' id='par_1_14' title="bbox 502 1350 2149 1436">
     <span class='ocr_line' id='line_1_14' title="bbox 502 1350 2149 1436; baseline -0.012 -13"><span class='ocrx_word' id='word_1_91' title='bbox 502 1366 713 1423; x_wconf 87' lang='lat' dir='ltr'>mereri</span> <span class='ocrx_word' id='word_1_92' title='bbox 744 1367 984 1436; x_wconf 85' lang='lat' dir='ltr'>putatur</span> <span class='ocrx_word' id='word_1_93' title='bbox 1016 1357 1224 1430; x_wconf 87' lang='lat' dir='ltr'>gratia,</span> <span class='ocrx_word' id='word_1_94' title='bbox 1276 1353 1640 1411; x_wconf 85' lang='lat' dir='ltr'>contrahitur</span> <span class='ocrx_word' id='word_1_95' title='bbox 1682 1351 1940 1420; x_wconf 79' lang='lat' dir='ltr'>oll&#39;ensa;</span> <span class='ocrx_word' id='word_1_96' title='bbox 1993 1350 2149 1405; x_wconf 90' lang='lat' dir='ltr'>unde</span> 
     </span>
    </p>
   </div>
   <div class='ocr_carea' id='block_1_15' title="bbox 489 1438 2150 1514">
    <p class='ocr_par' dir='ltr' id='par_1_15' title="bbox 489 1438 2150 1514">
     <span class='ocr_line' id='line_1_15' title="bbox 489 1438 2150 1514; baseline -0.012 -2"><span class='ocrx_word' id='word_1_97' title='bbox 489 1453 767 1512; x_wconf 68' lang='lat' dir='ltr'>.contrahi</span> <span class='ocrx_word' id='word_1_98' title='bbox 818 1451 1056 1506; x_wconf 85' lang='lat' dir='ltr'>timetur</span> <span class='ocrx_word' id='word_1_99' title='bbox 1104 1446 1344 1511; x_wconf 69' lang='lat' dir='ltr'>offensa,</span> <span class='ocrx_word' id='word_1_100' title='bbox 1396 1441 1719 1514; x_wconf 83' lang='lat' dir='ltr'>acquiritur</span> <span class='ocrx_word' id='word_1_101' title='bbox 1765 1439 1970 1513; x_wconf 86' lang='lat' dir='ltr'>gratia.</span> <span class='ocrx_word' id='word_1_102' title='bbox 2014 1438 2150 1494; x_wconf 90' lang='lat' dir='ltr'>Lin-</span> 
     </span>
    </p>
   </div>
   <div class='ocr_carea' id='block_1_16' title="bbox 504 1524 2152 1616">
    <p class='ocr_par' dir='ltr' id='par_1_16' title="bbox 504 1524 2152 1616">
     <span class='ocr_line' id='line_1_16' title="bbox 504 1524 2152 1616; baseline -0.011 -17"><span class='ocrx_word' id='word_1_103' title='bbox 504 1559 679 1616; x_wconf 87' lang='lat' dir='ltr'>guam</span> <span class='ocrx_word' id='word_1_104' title='bbox 736 1556 849 1595; x_wconf 91' lang='lat' dir='ltr'>non</span> <span class='ocrx_word' id='word_1_105' title='bbox 901 1535 1091 1592; x_wconf 88' lang='lat' dir='ltr'>solum</span> <span class='ocrx_word' id='word_1_106' title='bbox 1141 1549 1176 1587; x_wconf 91' lang='lat' dir='ltr'>a</span> <span class='ocrx_word' id='word_1_107' title='bbox 1206 1530 1558 1597; x_wconf 88' lang='lat' dir='ltr'>criminosis,</span> <span class='ocrx_word' id='word_1_108' title='bbox 1608 1528 1784 1582; x_wconf 89' lang='lat' dir='ltr'>etiam</span> <span class='ocrx_word' id='word_1_109' title='bbox 1838 1528 1910 1582; x_wconf 91' lang='lat' dir='ltr'>ab</span> <span class='ocrx_word' id='word_1_110' title='bbox 1949 1524 2152 1581; x_wconf 87' lang='lat' dir='ltr'>otiosis</span> 
     </span>
    </p>
   </div>
   <div class='ocr_carea' id='block_1_17' title="bbox 505 1614 2153 1695">
    <p class='ocr_par' dir='ltr' id='par_1_17' title="bbox 505 1614 2153 1695">
     <span class='ocr_line' id='line_1_17' title="bbox 505 1614 2153 1695; baseline -0.012 -7"><span class='ocrx_word' id='word_1_111' title='bbox 505 1614 952 1695; x_wconf 78' lang='lat' dir='ltr'>contine,sciens</span> <span class='ocrx_word' id='word_1_112' title='bbox 984 1622 1206 1677; x_wconf 89' lang='lat' dir='ltr'>dictum</span> <span class='ocrx_word' id='word_1_113' title='bbox 1219 1635 1323 1692; x_wconf 92' lang='lat' dir='ltr'>per</span> <span class='ocrx_word' id='word_1_114' title='bbox 1349 1617 1631 1674; x_wconf 75' lang='lat' dir='ltr'>Jacobum</span> <span class='ocrx_word' id='word_1_115' title='bbox 1662 1631 1809 1672; x_wconf 90' lang='lat' dir='ltr'>esse:</span> <span class='ocrx_word' id='word_1_116' title='bbox 1853 1614 1914 1670; x_wconf 89' lang='lat' dir='ltr'>Si</span> <span class='ocrx_word' id='word_1_117' title='bbox 1939 1616 2065 1687; x_wconf 81' lang='lat' dir='ltr'>quis</span> <span class='ocrx_word' id='word_1_118' title='bbox 2098 1629 2153 1669; x_wconf 85' lang='lat' dir='ltr'>se</span> 
     </span>
    </p>
   </div>
   <div class='ocr_carea' id='block_1_18' title="bbox 499 1702 2155 1794">
    <p class='ocr_par' dir='ltr' id='par_1_18' title="bbox 499 1702 2155 1794">
     <span class='ocr_line' id='line_1_18' title="bbox 499 1702 2155 1794; baseline -0.012 -18"><span class='ocrx_word' id='word_1_119' title='bbox 499 1722 660 1794; x_wconf 81' lang='lat' dir='ltr'>putat</span> <span class='ocrx_word' id='word_1_120' title='bbox 687 1717 1261 1785; x_wconf 80' lang='lat' dir='ltr'>religiosumesse,non</span> <span class='ocrx_word' id='word_1_121' title='bbox 1277 1710 1563 1779; x_wconf 79' lang='lat' dir='ltr'>refrenans</span> <span class='ocrx_word' id='word_1_122' title='bbox 1580 1706 1829 1775; x_wconf 84' lang='lat' dir='ltr'>linguam</span> <span class='ocrx_word' id='word_1_123' title='bbox 1856 1720 2032 1770; x_wconf 83' lang='lat' dir='ltr'>suam,</span> <span class='ocrx_word' id='word_1_124' title='bbox 2061 1702 2155 1757; x_wconf 81' lang='lat' dir='ltr'>sed</span> 
     </span>
    </p>
   </div>
   <div class='ocr_carea' id='block_1_19' title="bbox 504 1790 2151 1869">
    <p class='ocr_par' dir='ltr' id='par_1_19' title="bbox 504 1790 2151 1869">
     <span class='ocr_line' id='line_1_19' title="bbox 504 1790 2151 1869; baseline -0.012 -4"><span class='ocrx_word' id='word_1_125' title='bbox 504 1790 758 1865; x_wconf 71' lang='lat' dir='ltr'>seducens</span> <span class='ocrx_word' id='word_1_126' title='bbox 777 1820 870 1859; x_wconf 85' lang='lat' dir='ltr'>cor</span> <span class='ocrx_word' id='word_1_127' title='bbox 889 1817 1072 1866; x_wconf 86' lang='lat' dir='ltr'>suum,</span> <span class='ocrx_word' id='word_1_128' title='bbox 1094 1799 1258 1869; x_wconf 84' lang='lat' dir='ltr'>hujus</span> <span class='ocrx_word' id='word_1_129' title='bbox 1292 1813 1435 1852; x_wconf 87' lang='lat' dir='ltr'>vana</span> <span class='ocrx_word' id='word_1_130' title='bbox 1465 1802 1542 1850; x_wconf 79' lang='lat' dir='ltr'>est</span> <span class='ocrx_word' id='word_1_131' title='bbox 1565 1794 1760 1865; x_wconf 81' lang='lat' dir='ltr'>religio</span> <span class='ocrx_word' id='word_1_132' title='bbox 1798 1794 1933 1857; x_wconf 84' lang='lat' dir='ltr'>(Jac.</span> <span class='ocrx_word' id='word_1_133' title='bbox 1965 1809 2007 1857; x_wconf 79' lang='grc' dir='ltr'>ι,</span> <span class='ocrx_word' id='word_1_134' title='bbox 2035 1790 2151 1862; x_wconf 84' lang='grc'>26).</span> 
     </span>
    </p>
   </div>
   <div class='ocr_carea' id='block_1_20' title="bbox 575 1877 2161 1957">
    <p class='ocr_par' dir='ltr' id='par_1_20' title="bbox 575 1877 2161 1957">
     <span class='ocr_line' id='line_1_20' title="bbox 575 1877 2161 1957; baseline -0.011 -6"><span class='ocrx_word' id='word_1_135' title='bbox 575 1898 667 1950; x_wconf 80' lang='grc'>24.</span> <span class='ocrx_word' id='word_1_136' title='bbox 699 1893 808 1949; x_wconf 90' lang='lat' dir='ltr'>Sed</span> <span class='ocrx_word' id='word_1_137' title='bbox 840 1896 906 1946; x_wconf 91' lang='lat' dir='ltr'>ut</span> <span class='ocrx_word' id='word_1_138' title='bbox 936 1885 1117 1945; x_wconf 86' lang='lat' dir='ltr'>semel</span> <span class='ocrx_word' id='word_1_139' title='bbox 1146 1884 1432 1957; x_wconf 87' lang='lat' dir='ltr'>incipiens</span> <span class='ocrx_word' id='word_1_140' title='bbox 1462 1882 1667 1954; x_wconf 84' lang='lat' dir='ltr'>paucis</span> <span class='ocrx_word' id='word_1_141' title='bbox 1717 1881 1907 1936; x_wconf 87' lang='lat' dir='ltr'>adhuc</span> <span class='ocrx_word' id='word_1_142' title='bbox 1938 1884 1992 1935; x_wconf 91' lang='lat' dir='ltr'>te</span> <span class='ocrx_word' id='word_1_143' title='bbox 2023 1877 2161 1934; x_wconf 88' lang='lat' dir='ltr'>allo-</span> 
     </span>
    </p>
   </div>
   <div class='ocr_carea' id='block_1_21' title="bbox 511 1967 2161 2058">
    <p class='ocr_par' dir='ltr' id='par_1_21' title="bbox 511 1967 2161 2058">
     <span class='ocr_line' id='line_1_21' title="bbox 511 1967 2161 2058; baseline -0.012 -17"><span class='ocrx_word' id='word_1_144' title='bbox 511 2002 680 2058; x_wconf 89' lang='lat' dir='ltr'>quar,</span> <span class='ocrx_word' id='word_1_145' title='bbox 713 1995 961 2052; x_wconf 83' lang='lat' dir='ltr'>suggero</span> <span class='ocrx_word' id='word_1_146' title='bbox 992 1980 1059 2031; x_wconf 91' lang='lat' dir='ltr'>ut</span> <span class='ocrx_word' id='word_1_147' title='bbox 1086 1978 1145 2030; x_wconf 90' lang='lat' dir='ltr'>et</span> <span class='ocrx_word' id='word_1_148' title='bbox 1174 1973 1224 2030; x_wconf 90' lang='lat' dir='ltr'>si</span> <span class='ocrx_word' id='word_1_149' title='bbox 1256 1972 1398 2045; x_wconf 92' lang='lat' dir='ltr'>quid</span> <span class='ocrx_word' id='word_1_150' title='bbox 1438 1971 1499 2025; x_wconf 91' lang='lat' dir='ltr'>in</span> <span class='ocrx_word' id='word_1_151' title='bbox 1541 1972 1871 2040; x_wconf 89' lang='lat' dir='ltr'>juventute,</span> <span class='ocrx_word' id='word_1_152' title='bbox 1921 1969 1971 2024; x_wconf 91' lang='lat' dir='ltr'>si</span> <span class='ocrx_word' id='word_1_153' title='bbox 2020 1967 2161 2039; x_wconf 90' lang='lat' dir='ltr'>quid</span> 
     </span>
    </p>
   </div>
   <div class='ocr_carea' id='block_1_22' title="bbox 513 2055 2162 2131">
    <p class='ocr_par' dir='ltr' id='par_1_22' title="bbox 513 2055 2162 2131">
     <span class='ocr_line' id='line_1_22' title="bbox 513 2055 2162 2131; baseline -0.012 -1"><span class='ocrx_word' id='word_1_154' title='bbox 513 2055 691 2131; x_wconf 79' lang='lat' dir='ltr'>etiam</span> <span class='ocrx_word' id='word_1_155' title='bbox 723 2069 917 2126; x_wconf 88' lang='lat' dir='ltr'>adhuc</span> <span class='ocrx_word' id='word_1_156' title='bbox 946 2065 1006 2120; x_wconf 90' lang='lat' dir='ltr'>in</span> <span class='ocrx_word' id='word_1_157' title='bbox 1039 2061 1393 2118; x_wconf 84' lang='lat' dir='ltr'>monasterio</span> <span class='ocrx_word' id='word_1_158' title='bbox 1423 2059 1674 2131; x_wconf 90' lang='lat' dir='ltr'>positus,</span> <span class='ocrx_word' id='word_1_159' title='bbox 1706 2060 2020 2129; x_wconf 84' lang='lat' dir='ltr'>antequam</span> <span class='ocrx_word' id='word_1_160' title='bbox 2050 2055 2162 2112; x_wconf 90' lang='lat' dir='ltr'>sci-</span> 
     </span>
    </p>
   </div>
   <div class='ocr_carea' id='block_1_23' title="bbox 512 2144 2160 2228">
    <p class='ocr_par' dir='ltr' id='par_1_23' title="bbox 512 2144 2160 2228">
     <span class='ocr_line' id='line_1_23' title="bbox 512 2144 2160 2228; baseline -0.012 -10"><span class='ocrx_word' id='word_1_161' title='bbox 512 2161 650 2218; x_wconf 88' lang='lat' dir='ltr'>licet</span> <span class='ocrx_word' id='word_1_162' title='bbox 675 2159 747 2215; x_wconf 92' lang='lat' dir='ltr'>ad</span> <span class='ocrx_word' id='word_1_163' title='bbox 778 2153 1011 2228; x_wconf 86' lang='lat' dir='ltr'>aliquod</span> <span class='ocrx_word' id='word_1_164' title='bbox 1044 2150 1304 2223; x_wconf 86' lang='lat' dir='ltr'>regimen</span> <span class='ocrx_word' id='word_1_165' title='bbox 1336 2163 1499 2204; x_wconf 89' lang='lat' dir='ltr'>esses</span> <span class='ocrx_word' id='word_1_166' title='bbox 1549 2150 1914 2218; x_wconf 87' lang='lat' dir='ltr'>assumptus,</span> <span class='ocrx_word' id='word_1_167' title='bbox 1967 2144 2160 2228; x_wconf 56' lang='lat' dir='ltr'>egisti,</span> 
     </span>
    </p>
   </div>
   <div class='ocr_carea' id='block_1_24' title="bbox 515 2233 2162 2308">
    <p class='ocr_par' dir='ltr' id='par_1_24' title="bbox 515 2233 2162 2308">
     <span class='ocr_line' id='line_1_24' title="bbox 515 2233 2162 2308; baseline -0.013 0"><span class='ocrx_word' id='word_1_168' title='bbox 515 2251 670 2308; x_wconf 74' lang='lat'>159</span> <span class='ocrx_word' id='word_1_169' title='bbox 704 2244 950 2304; x_wconf 90' lang='lat' dir='ltr'>sollicite</span> <span class='ocrx_word' id='word_1_170' title='bbox 977 2243 1254 2297; x_wconf 88' lang='lat' dir='ltr'>retractes</span> <span class='ocrx_word' id='word_1_171' title='bbox 1288 2255 1301 2294; x_wconf 90' lang='lat'><strong>:</strong></span> <span class='ocrx_word' id='word_1_172' title='bbox 1344 2235 1588 2293; x_wconf 79' lang='lat' dir='ltr'>forsitan</span> <span class='ocrx_word' id='word_1_173' title='bbox 1645 2239 1703 2291; x_wconf 90' lang='lat' dir='ltr'>et</span> <span class='ocrx_word' id='word_1_174' title='bbox 1759 2235 1872 2290; x_wconf 89' lang='lat' dir='ltr'>sibi</span> <span class='ocrx_word' id='word_1_175' title='bbox 1918 2233 2162 2307; x_wconf 89' lang='lat' dir='ltr'>aliquid,</span> 
     </span>
    </p>
   </div>
   <div class='ocr_carea' id='block_1_25' title="bbox 518 2321 2165 2413">
    <p class='ocr_par' dir='ltr' id='par_1_25' title="bbox 518 2321 2165 2413">
     <span class='ocr_line' id='line_1_25' title="bbox 518 2321 2165 2413; baseline -0.013 -16"><span class='ocrx_word' id='word_1_176' title='bbox 518 2339 674 2413; x_wconf 88' lang='lat' dir='ltr'>quod</span> <span class='ocrx_word' id='word_1_177' title='bbox 705 2352 821 2392; x_wconf 89' lang='lat' dir='ltr'>non</span> <span class='ocrx_word' id='word_1_178' title='bbox 868 2347 1079 2407; x_wconf 89' lang='lat' dir='ltr'>parum</span> <span class='ocrx_word' id='word_1_179' title='bbox 1129 2328 1343 2383; x_wconf 85' lang='lat' dir='ltr'>debeas</span> <span class='ocrx_word' id='word_1_180' title='bbox 1394 2328 1673 2394; x_wconf 87' lang='lat' dir='ltr'>metuere,</span> <span class='ocrx_word' id='word_1_181' title='bbox 1724 2323 2004 2379; x_wconf 87' lang='lat' dir='ltr'>invenies.</span> <span class='ocrx_word' id='word_1_182' title='bbox 2057 2321 2165 2376; x_wconf 84' lang='lat' dir='ltr'>Re-</span> 
     </span>
    </p>
   </div>
   <div class='ocr_carea' id='block_1_26' title="bbox 515 2413 2169 2503">
    <p class='ocr_par' dir='ltr' id='par_1_26' title="bbox 515 2413 2169 2503">
     <span class='ocr_line' id='line_1_26' title="bbox 515 2413 2169 2503; baseline -0.014 -17"><span class='ocrx_word' id='word_1_183' title='bbox 515 2428 775 2503; x_wconf 91' lang='lat' dir='ltr'>perietur</span> <span class='ocrx_word' id='word_1_184' title='bbox 803 2422 978 2480; x_wconf 90' lang='lat' dir='ltr'>etiam</span> <span class='ocrx_word' id='word_1_185' title='bbox 1006 2417 1135 2486; x_wconf 89' lang='lat' dir='ltr'>tibi,</span> <span class='ocrx_word' id='word_1_186' title='bbox 1197 2432 1311 2489; x_wconf 92' lang='lat' dir='ltr'>quo</span> <span class='ocrx_word' id='word_1_187' title='bbox 1371 2413 1575 2470; x_wconf 89' lang='lat' dir='ltr'>ordine</span> <span class='ocrx_word' id='word_1_188' title='bbox 1630 2414 1995 2483; x_wconf 88' lang='lat' dir='ltr'>assumptus,</span> <span class='ocrx_word' id='word_1_189' title='bbox 2052 2425 2169 2482; x_wconf 91' lang='lat' dir='ltr'>qua</span> 
     </span>
    </p>
   </div>
   <div class='ocr_carea' id='block_1_27' title="bbox 515 2499 2167 2574">
    <p class='ocr_par' dir='ltr' id='par_1_27' title="bbox 515 2499 2167 2574">
     <span class='ocr_line' id='line_1_27' title="bbox 515 2499 2167 2574; baseline -0.013 0"><span class='ocrx_word' id='word_1_190' title='bbox 515 2499 860 2574; x_wconf 75' lang='lat' dir='ltr'>necessitate</span> <span class='ocrx_word' id='word_1_191' title='bbox 913 2508 1094 2564; x_wconf 87' lang='lat' dir='ltr'>fueris</span> <span class='ocrx_word' id='word_1_192' title='bbox 1151 2504 1390 2561; x_wconf 90' lang='lat' dir='ltr'>electus.</span> <span class='ocrx_word' id='word_1_193' title='bbox 1469 2500 1749 2557; x_wconf 90' lang='lat' dir='ltr'>Proclivis</span> <span class='ocrx_word' id='word_1_194' title='bbox 1807 2499 1965 2556; x_wconf 89' lang='lat' dir='ltr'>enim</span> <span class='ocrx_word' id='word_1_195' title='bbox 2014 2514 2167 2554; x_wconf 89' lang='lat' dir='ltr'>sem-</span> 
     </span>
    </p>
   </div>
   <div class='ocr_carea' id='block_1_28' title="bbox 516 2587 2169 2679">
    <p class='ocr_par' dir='ltr' id='par_1_28' title="bbox 516 2587 2169 2679">
     <span class='ocr_line' id='line_1_28' title="bbox 516 2587 2169 2679; baseline -0.012 -18"><span class='ocrx_word' id='word_1_196' title='bbox 516 2622 622 2679; x_wconf 90' lang='lat' dir='ltr'>per</span> <span class='ocrx_word' id='word_1_197' title='bbox 649 2603 710 2659; x_wconf 90' lang='lat' dir='ltr'>in</span> <span class='ocrx_word' id='word_1_198' title='bbox 741 2598 1028 2657; x_wconf 89' lang='lat' dir='ltr'>deteriora</span> <span class='ocrx_word' id='word_1_199' title='bbox 1056 2596 1328 2651; x_wconf 81' lang='lat' dir='ltr'>humanae</span> <span class='ocrx_word' id='word_1_200' title='bbox 1349 2590 1689 2647; x_wconf 87' lang='lat' dir='ltr'>ambitionis</span> <span class='ocrx_word' id='word_1_201' title='bbox 1708 2589 2001 2661; x_wconf 90' lang='lat' dir='ltr'>superbia,</span> <span class='ocrx_word' id='word_1_202' title='bbox 2035 2587 2169 2642; x_wconf 91' lang='lat' dir='ltr'>uni-</span> 
     </span>
    </p>
   </div>
   <div class='ocr_carea' id='block_1_29' title="bbox 516 2675 2172 2763">
    <p class='ocr_par' dir='ltr' id='par_1_29' title="bbox 516 2675 2172 2763">
     <span class='ocr_line' id='line_1_29' title="bbox 516 2675 2172 2763; baseline -0.011 -14"><span class='ocrx_word' id='word_1_203' title='bbox 516 2675 686 2749; x_wconf 77' lang='lat' dir='ltr'>versa</span> <span class='ocrx_word' id='word_1_204' title='bbox 712 2692 838 2763; x_wconf 88' lang='lat' dir='ltr'>jam</span> <span class='ocrx_word' id='word_1_205' title='bbox 868 2701 1161 2758; x_wconf 88' lang='lat' dir='ltr'>occupans</span> <span class='ocrx_word' id='word_1_206' title='bbox 1192 2680 1427 2747; x_wconf 71' lang='lat' dir='ltr'>sazcula,</span> <span class='ocrx_word' id='word_1_207' title='bbox 1458 2695 1564 2734; x_wconf 88' lang='lat' dir='ltr'>nec</span> <span class='ocrx_word' id='word_1_208' title='bbox 1593 2679 1723 2750; x_wconf 90' lang='lat' dir='ltr'>ipsa</span> <span class='ocrx_word' id='word_1_209' title='bbox 1751 2677 1923 2733; x_wconf 91' lang='lat' dir='ltr'>hodie</span> <span class='ocrx_word' id='word_1_210' title='bbox 1953 2675 2172 2732; x_wconf 89' lang='lat' dir='ltr'>deserit</span> 
     </span>
    </p>
   </div>
   <div class='ocr_carea' id='block_1_30' title="bbox 522 2763 2169 2845">
    <p class='ocr_par' dir='ltr' id='par_1_30' title="bbox 522 2763 2169 2845">
     <span class='ocr_line' id='line_1_30' title="bbox 522 2763 2169 2845; baseline -0.012 -8"><span class='ocrx_word' id='word_1_211' title='bbox 522 2773 1073 2845; x_wconf 69' lang='lat' dir='ltr'>coenobia,videlicet</span> <span class='ocrx_word' id='word_1_212' title='bbox 1102 2776 1167 2826; x_wconf 90' lang='lat' dir='ltr'>ut</span> <span class='ocrx_word' id='word_1_213' title='bbox 1187 2767 1437 2842; x_wconf 85' lang='lat' dir='ltr'>eligendi</span> <span class='ocrx_word' id='word_1_214' title='bbox 1471 2783 1587 2822; x_wconf 90' lang='lat' dir='ltr'>non</span> <span class='ocrx_word' id='word_1_215' title='bbox 1607 2767 1892 2820; x_wconf 90' lang='lat' dir='ltr'>virtutum</span> <span class='ocrx_word' id='word_1_216' title='bbox 1922 2763 2169 2829; x_wconf 89' lang='lat' dir='ltr'>meritis,</span> 
     </span>
    </p>
   </div>
   <div class='ocr_carea' id='block_1_31' title="bbox 523 2856 2172 2939">
    <p class='ocr_par' dir='ltr' id='par_1_31' title="bbox 523 2856 2172 2939">
     <span class='ocr_line' id='line_1_31' title="bbox 523 2856 2172 2939; baseline -0.012 -13"><span class='ocrx_word' id='word_1_217' title='bbox 523 2869 625 2926; x_wconf 89' lang='lat' dir='ltr'>sed</span> <span class='ocrx_word' id='word_1_218' title='bbox 655 2864 898 2939; x_wconf 68' lang='lat' dir='ltr'>putridis</span> <span class='ocrx_word' id='word_1_219' title='bbox 928 2860 1123 2925; x_wconf 87' lang='lat' dir='ltr'>istius,</span> <span class='ocrx_word' id='word_1_220' title='bbox 1166 2873 1347 2930; x_wconf 89' lang='lat' dir='ltr'>quam</span> <span class='ocrx_word' id='word_1_221' title='bbox 1396 2856 1477 2910; x_wconf 91' lang='lat' dir='ltr'>ita</span> <span class='ocrx_word' id='word_1_222' title='bbox 1517 2858 1744 2921; x_wconf 83' lang='lat' dir='ltr'>vocant,</span> <span class='ocrx_word' id='word_1_223' title='bbox 1798 2858 2038 2908; x_wconf 82' lang='lat' dir='ltr'>terrenae</span> <span class='ocrx_word' id='word_1_224' title='bbox 2066 2868 2172 2907; x_wconf 91' lang='lat' dir='ltr'>no-</span> 
     </span>
    </p>
   </div>
   <div class='ocr_carea' id='block_1_32' title="bbox 524 2944 2174 3024">
    <p class='ocr_par' dir='ltr' id='par_1_32' title="bbox 524 2944 2174 3024">
     <span class='ocr_line' id='line_1_32' title="bbox 524 2944 2174 3024; baseline -0.012 -9"><span class='ocrx_word' id='word_1_225' title='bbox 524 2956 793 3024; x_wconf 89' lang='lat' dir='ltr'>bilitatis,</span> <span class='ocrx_word' id='word_1_226' title='bbox 854 2969 914 3009; x_wconf 90' lang='lat' dir='ltr'>re</span> <span class='ocrx_word' id='word_1_227' title='bbox 960 2954 1158 3007; x_wconf 90' lang='lat' dir='ltr'>autem</span> <span class='ocrx_word' id='word_1_228' title='bbox 1206 2964 1345 3003; x_wconf 91' lang='lat' dir='ltr'>vera</span> <span class='ocrx_word' id='word_1_229' title='bbox 1403 2944 1909 3017; x_wconf 87' lang='lat' dir='ltr'>corruptibilitatis</span> <span class='ocrx_word' id='word_1_230' title='bbox 1968 2945 2174 2998; x_wconf 87' lang='lat' dir='ltr'>taxen-</span> 
     </span>
    </p>
   </div>
   <div class='ocr_carea' id='block_1_33' title="bbox 523 3030 2174 3118">
    <p class='ocr_par' dir='ltr' id='par_1_33' title="bbox 523 3030 2174 3118">
     <span class='ocr_line' id='line_1_33' title="bbox 523 3030 2174 3118; baseline -0.011 -15"><span class='ocrx_word' id='word_1_231' title='bbox 523 3052 623 3103; x_wconf 89' lang='lat' dir='ltr'>tur</span> <span class='ocrx_word' id='word_1_232' title='bbox 677 3040 1005 3118; x_wconf 76' lang='lat' dir='ltr'>praaconiis.</span> <span class='ocrx_word' id='word_1_233' title='bbox 1073 3038 1188 3093; x_wconf 90' lang='lat' dir='ltr'>Nec</span> <span class='ocrx_word' id='word_1_234' title='bbox 1254 3033 1579 3106; x_wconf 86' lang='lat' dir='ltr'>exquiritur</span> <span class='ocrx_word' id='word_1_235' title='bbox 1642 3032 1777 3104; x_wconf 91' lang='lat' dir='ltr'>quis</span> <span class='ocrx_word' id='word_1_236' title='bbox 1843 3030 2174 3087; x_wconf 89' lang='lat' dir='ltr'>obedientia</span> 
     </span>
    </p>
   </div>
   <div class='ocr_carea' id='block_1_34' title="bbox 524 3117 2176 3204">
    <p class='ocr_par' dir='ltr' id='par_1_34' title="bbox 524 3117 2176 3204">
     <span class='ocr_line' id='line_1_34' title="bbox 524 3117 2176 3204; baseline -0.013 -11"><span class='ocrx_word' id='word_1_237' title='bbox 524 3117 760 3193; x_wconf 70' lang='lat' dir='ltr'>caeteros</span> <span class='ocrx_word' id='word_1_238' title='bbox 825 3131 1059 3204; x_wconf 73' lang='lat' dir='ltr'>praeest,</span> <span class='ocrx_word' id='word_1_239' title='bbox 1144 3124 1477 3181; x_wconf 85' lang='lat' dir='ltr'>humilitate</span> <span class='ocrx_word' id='word_1_240' title='bbox 1559 3120 1773 3188; x_wconf 90' lang='lat' dir='ltr'>vincat,</span> <span class='ocrx_word' id='word_1_241' title='bbox 1866 3117 2176 3191; x_wconf 86' lang='lat' dir='ltr'>prudentia</span> 
     </span>
    </p>
   </div>
   <div class='ocr_carea' id='block_1_35' title="bbox 2246 550 2841 611">
    <p class='ocr_par' dir='ltr' id='par_1_35' title="bbox 2246 550 2841 611">
     <span class='ocr_line' id='line_1_35' title="bbox 2246 550 2841 611; baseline -0.012 0"><span class='ocrx_word' id='word_1_242' title='bbox 2246 553 2482 611; x_wconf 66' lang='lat' dir='ltr'>dustria:</span> <span class='ocrx_word' id='word_1_243' title='bbox 2515 550 2841 608; x_wconf 89' lang='lat' dir='ltr'>committo.</span> 
     </span>
    </p>
   </div>
   <div class='ocr_carea' id='block_1_36' title="bbox 2317 626 3838 700">
    <p class='ocr_par' dir='ltr' id='par_1_36' title="bbox 2317 626 3838 700">
     <span class='ocr_line' id='line_1_36' title="bbox 2317 626 3838 700; baseline -0.011 -2"><span class='ocrx_word' id='word_1_244' title='bbox 2317 645 2405 699; x_wconf 87' lang='lat'>25.</span> <span class='ocrx_word' id='word_1_245' title='bbox 2440 643 2589 697; x_wconf 81' lang='lat' dir='ltr'>Sunt</span> <span class='ocrx_word' id='word_1_246' title='bbox 2621 639 2807 694; x_wconf 91' lang='lat' dir='ltr'>multa</span> <span class='ocrx_word' id='word_1_247' title='bbox 2854 639 3192 692; x_wconf 89' lang='lat' dir='ltr'>sanctorum</span> <span class='ocrx_word' id='word_1_248' title='bbox 3243 630 3476 687; x_wconf 87' lang='lat' dir='ltr'>Patrum</span> <span class='ocrx_word' id='word_1_249' title='bbox 3516 628 3633 700; x_wconf 85' lang='lat' dir='ltr'>jam</span> <span class='ocrx_word' id='word_1_250' title='bbox 3669 644 3728 684; x_wconf 79' lang='lat' dir='ltr'>ex</span> <span class='ocrx_word' id='word_1_251' title='bbox 3761 626 3838 682; x_wconf 88' lang='lat' dir='ltr'>his</span> 
     </span>
    </p>
   </div>
   <div class='ocr_carea' id='block_1_37' title="bbox 2247 716 3839 798">
    <p class='ocr_par' dir='ltr' id='par_1_37' title="bbox 2247 716 3839 798">
     <span class='ocr_line' id='line_1_37' title="bbox 2247 716 3839 798; baseline -0.01 -11"><span class='ocrx_word' id='word_1_252' title='bbox 2247 732 2403 788; x_wconf 88' lang='lat' dir='ltr'>dicta</span> <span class='ocrx_word' id='word_1_253' title='bbox 2432 728 2680 787; x_wconf 83' lang='lat' dir='ltr'>diversis</span> <span class='ocrx_word' id='word_1_254' title='bbox 2713 724 3013 798; x_wconf 87' lang='lat' dir='ltr'>cpusculis</span> <span class='ocrx_word' id='word_1_255' title='bbox 3044 722 3269 778; x_wconf 89' lang='lat' dir='ltr'>indita:</span> <span class='ocrx_word' id='word_1_256' title='bbox 3302 718 3423 774; x_wconf 65' lang='lat' dir='ltr'>haec</span> <span class='ocrx_word' id='word_1_257' title='bbox 3454 716 3646 790; x_wconf 84' lang='lat' dir='ltr'>relege,</span> <span class='ocrx_word' id='word_1_258' title='bbox 3676 720 3725 773; x_wconf 86' lang='lat' dir='ltr'>et</span> <span class='ocrx_word' id='word_1_259' title='bbox 3758 732 3839 771; x_wconf 88' lang='lat' dir='ltr'>ne-</span> 
     </span>
    </p>
   </div>
   <div class='ocr_carea' id='block_1_38' title="bbox 2250 804 3841 894">
    <p class='ocr_par' dir='ltr' id='par_1_38' title="bbox 2250 804 3841 894">
     <span class='ocr_line' id='line_1_38' title="bbox 2250 804 3841 894; baseline -0.011 -18"><span class='ocrx_word' id='word_1_260' title='bbox 2250 821 2473 894; x_wconf 87' lang='lat' dir='ltr'>gotium</span> <span class='ocrx_word' id='word_1_261' title='bbox 2531 836 2599 873; x_wconf 87' lang='lat' dir='ltr'>ex</span> <span class='ocrx_word' id='word_1_262' title='bbox 2650 816 2743 872; x_wconf 90' lang='lat' dir='ltr'>his</span> <span class='ocrx_word' id='word_1_263' title='bbox 2792 814 2899 870; x_wconf 85' lang='lat' dir='ltr'>tibi</span> <span class='ocrx_word' id='word_1_264' title='bbox 2950 811 3157 869; x_wconf 88' lang='lat' dir='ltr'>salutis</span> <span class='ocrx_word' id='word_1_265' title='bbox 3201 807 3455 881; x_wconf 88' lang='lat' dir='ltr'>acquire.</span> <span class='ocrx_word' id='word_1_266' title='bbox 3504 804 3635 862; x_wconf 88' lang='lat' dir='ltr'>Mihi</span> <span class='ocrx_word' id='word_1_267' title='bbox 3680 809 3841 859; x_wconf 82' lang='lat' dir='ltr'>tamen</span> 
     </span>
    </p>
   </div>
   <div class='ocr_carea' id='block_1_39' title="bbox 2250 892 3844 973">
    <p class='ocr_par' dir='ltr' id='par_1_39' title="bbox 2250 892 3844 973">
     <span class='ocr_line' id='line_1_39' title="bbox 2250 892 3844 973; baseline -0.012 -8"><span class='ocrx_word' id='word_1_268' title='bbox 2250 892 2499 973; x_wconf 77' lang='lat' dir='ltr'>videtur,</span> <span class='ocrx_word' id='word_1_269' title='bbox 2532 908 2674 962; x_wconf 89' lang='lat' dir='ltr'>dum</span> <span class='ocrx_word' id='word_1_270' title='bbox 2730 902 2968 959; x_wconf 82' lang='lat' dir='ltr'>interim</span> <span class='ocrx_word' id='word_1_271' title='bbox 3025 901 3147 956; x_wconf 76' lang='lat' dir='ltr'>haec</span> <span class='ocrx_word' id='word_1_272' title='bbox 3203 902 3422 970; x_wconf 88' lang='lat' dir='ltr'>captas,</span> <span class='ocrx_word' id='word_1_273' title='bbox 3481 899 3536 950; x_wconf 88' lang='lat' dir='ltr'>et</span> <span class='ocrx_word' id='word_1_274' title='bbox 3579 892 3844 951; x_wconf 88' lang='lat' dir='ltr'>consilium</span> 
     </span>
    </p>
   </div>
   <div class='ocr_carea' id='block_1_40' title="bbox 2251 980 3845 1064">
    <p class='ocr_par' dir='ltr' id='par_1_40' title="bbox 2251 980 3845 1064">
     <span class='ocr_line' id='line_1_40' title="bbox 2251 980 3845 1064; baseline -0.012 -11"><span class='ocrx_word' id='word_1_275' title='bbox 2251 996 2583 1054; x_wconf 88' lang='lat' dir='ltr'>inveniendi</span> <span class='ocrx_word' id='word_1_276' title='bbox 2628 999 2685 1051; x_wconf 90' lang='lat' dir='ltr'>et</span> <span class='ocrx_word' id='word_1_277' title='bbox 2735 990 3087 1064; x_wconf 85' lang='lat' dir='ltr'>exsequendi</span> <span class='ocrx_word' id='word_1_278' title='bbox 3137 987 3291 1060; x_wconf 90' lang='lat' dir='ltr'>quod</span> <span class='ocrx_word' id='word_1_279' title='bbox 3336 984 3595 1049; x_wconf 89' lang='lat' dir='ltr'>dixerint,</span> <span class='ocrx_word' id='word_1_280' title='bbox 3640 980 3845 1037; x_wconf 81' lang='lat' dir='ltr'>forsitan</span> 
     </span>
    </p>
   </div>
   <div class='ocr_carea' id='block_1_41' title="bbox 2253 1070 3844 1159">
    <p class='ocr_par' dir='ltr' id='par_1_41' title="bbox 2253 1070 3844 1159">
     <span class='ocr_line' id='line_1_41' title="bbox 2253 1070 3844 1159; baseline -0.013 -16"><span class='ocrx_word' id='word_1_281' title='bbox 2253 1086 2499 1159; x_wconf 87' lang='lat' dir='ltr'>impedit</span> <span class='ocrx_word' id='word_1_282' title='bbox 2528 1083 2793 1150; x_wconf 87' lang='lat' dir='ltr'>tarditas,</span> <span class='ocrx_word' id='word_1_283' title='bbox 2828 1085 2893 1136; x_wconf 89' lang='lat' dir='ltr'>ut</span> <span class='ocrx_word' id='word_1_284' title='bbox 2922 1077 3083 1134; x_wconf 91' lang='lat' dir='ltr'>nullo</span> <span class='ocrx_word' id='word_1_285' title='bbox 3115 1075 3286 1131; x_wconf 90' lang='lat' dir='ltr'>modo</span> <span class='ocrx_word' id='word_1_286' title='bbox 3335 1073 3653 1145; x_wconf 87' lang='lat' dir='ltr'>desperans,</span> <span class='ocrx_word' id='word_1_287' title='bbox 3696 1070 3746 1124; x_wconf 90' lang='lat' dir='ltr'>in</span> <span class='ocrx_word' id='word_1_288' title='bbox 3771 1084 3844 1137; x_wconf 89' lang='lat' dir='ltr'>eo,</span> 
     </span>
    </p>
   </div>
   <div class='ocr_carea' id='block_1_42' title="bbox 2256 1162 3845 1248">
    <p class='ocr_par' dir='ltr' id='par_1_42' title="bbox 2256 1162 3845 1248">
     <span class='ocr_line' id='line_1_42' title="bbox 2256 1162 3845 1248; baseline -0.013 -17"><span class='ocrx_word' id='word_1_289' title='bbox 2256 1175 2356 1248; x_wconf 92' lang='lat' dir='ltr'>qui</span> <span class='ocrx_word' id='word_1_290' title='bbox 2387 1174 2587 1231; x_wconf 86' lang='lat' dir='ltr'>omnia</span> <span class='ocrx_word' id='word_1_291' title='bbox 2640 1171 2777 1227; x_wconf 87' lang='lat' dir='ltr'>fecit</span> <span class='ocrx_word' id='word_1_292' title='bbox 2806 1171 2877 1225; x_wconf 90' lang='lat' dir='ltr'>de</span> <span class='ocrx_word' id='word_1_293' title='bbox 2906 1167 3110 1233; x_wconf 90' lang='lat' dir='ltr'>nihilo,</span> <span class='ocrx_word' id='word_1_294' title='bbox 3145 1162 3392 1220; x_wconf 84' lang='lat' dir='ltr'>firmiter</span> <span class='ocrx_word' id='word_1_295' title='bbox 3446 1176 3602 1233; x_wconf 88' lang='lat' dir='ltr'>spem</span> <span class='ocrx_word' id='word_1_296' title='bbox 3637 1173 3845 1231; x_wconf 88' lang='lat' dir='ltr'>ponens,</span> 
     </span>
    </p>
   </div>
   <div class='ocr_carea' id='block_1_43' title="bbox 2254 1244 3847 1336">
    <p class='ocr_par' dir='ltr' id='par_1_43' title="bbox 2254 1244 3847 1336">
     <span class='ocr_line' id='line_1_43' title="bbox 2254 1244 3847 1336; baseline -0.013 -16"><span class='ocrx_word' id='word_1_297' title='bbox 2254 1244 2529 1336; x_wconf 74' lang='lat' dir='ltr'>lacrymis</span> <span class='ocrx_word' id='word_1_298' title='bbox 2556 1267 2613 1316; x_wconf 89' lang='lat' dir='ltr'>te</span> <span class='ocrx_word' id='word_1_299' title='bbox 2642 1264 2829 1316; x_wconf 90' lang='lat' dir='ltr'>totum</span> <span class='ocrx_word' id='word_1_300' title='bbox 2858 1253 3162 1327; x_wconf 89' lang='lat' dir='ltr'>dedas,pia</span> <span class='ocrx_word' id='word_1_301' title='bbox 3191 1267 3367 1325; x_wconf 85' lang='lat' dir='ltr'>Opera</span> <span class='ocrx_word' id='word_1_302' title='bbox 3397 1250 3541 1323; x_wconf 86' lang='lat'>(320)</span> <span class='ocrx_word' id='word_1_303' title='bbox 3570 1264 3675 1303; x_wconf 90' lang='lat' dir='ltr'>non</span> <span class='ocrx_word' id='word_1_304' title='bbox 3707 1244 3847 1318; x_wconf 87' lang='lat' dir='ltr'>quasi</span> 
     </span>
    </p>
   </div>
   <div class='ocr_carea' id='block_1_44' title="bbox 2257 1332 3848 1427">
    <p class='ocr_par' dir='ltr' id='par_1_44' title="bbox 2257 1332 3848 1427">
     <span class='ocr_line' id='line_1_44' title="bbox 2257 1332 3848 1427; baseline -0.013 -18"><span class='ocrx_word' id='word_1_305' title='bbox 2257 1353 2359 1427; x_wconf 90' lang='lat' dir='ltr'>qui</span> <span class='ocrx_word' id='word_1_306' title='bbox 2391 1352 2460 1407; x_wconf 92' lang='lat' dir='ltr'>ab</span> <span class='ocrx_word' id='word_1_307' title='bbox 2490 1352 2618 1422; x_wconf 92' lang='lat' dir='ltr'>ipsa</span> <span class='ocrx_word' id='word_1_308' title='bbox 2647 1347 2954 1420; x_wconf 87' lang='lat' dir='ltr'>incceperis</span> <span class='ocrx_word' id='word_1_309' title='bbox 2984 1358 3257 1400; x_wconf 78' lang='lat' dir='ltr'>exercens</span> <span class='ocrx_word' id='word_1_310' title='bbox 3287 1338 3548 1403; x_wconf 77' lang='lat' dir='ltr'>infantia,</span> <span class='ocrx_word' id='word_1_311' title='bbox 3586 1336 3678 1392; x_wconf 87' lang='lat' dir='ltr'>sed</span> <span class='ocrx_word' id='word_1_312' title='bbox 3712 1332 3848 1407; x_wconf 86' lang='lat' dir='ltr'>quasi</span> 
     </span>
    </p>
   </div>
   <div class='ocr_carea' id='block_1_45' title="bbox 2259 1429 3850 1515">
    <p class='ocr_par' dir='ltr' id='par_1_45' title="bbox 2259 1429 3850 1515">
     <span class='ocr_line' id='line_1_45' title="bbox 2259 1429 3850 1515; baseline -0.013 -17"><span class='ocrx_word' id='word_1_313' title='bbox 2259 1442 2360 1515; x_wconf 91' lang='lat' dir='ltr'>qui</span> <span class='ocrx_word' id='word_1_314' title='bbox 2391 1445 2577 1496; x_wconf 89' lang='lat' dir='ltr'>totum</span> <span class='ocrx_word' id='word_1_315' title='bbox 2607 1437 2735 1493; x_wconf 80' lang='lat' dir='ltr'>vitae</span> <span class='ocrx_word' id='word_1_316' title='bbox 2766 1440 3002 1507; x_wconf 86' lang='lat' dir='ltr'>tempus</span> <span class='ocrx_word' id='word_1_317' title='bbox 3047 1431 3242 1506; x_wconf 89' lang='lat' dir='ltr'>pravis</span> <span class='ocrx_word' id='word_1_318' title='bbox 3292 1429 3493 1484; x_wconf 90' lang='lat' dir='ltr'>datum</span> <span class='ocrx_word' id='word_1_319' title='bbox 3543 1429 3702 1497; x_wconf 89' lang='lat' dir='ltr'>atque</span> <span class='ocrx_word' id='word_1_320' title='bbox 3739 1439 3850 1478; x_wconf 90' lang='lat' dir='ltr'>con-</span> 
     </span>
    </p>
   </div>
   <div class='ocr_carea' id='block_1_46' title="bbox 2260 1509 3851 1603">
    <p class='ocr_par' dir='ltr' id='par_1_46' title="bbox 2260 1509 3851 1603">
     <span class='ocr_line' id='line_1_46' title="bbox 2260 1509 3851 1603; baseline -0.014 -16"><span class='ocrx_word' id='word_1_321' title='bbox 2260 1509 2565 1603; x_wconf 74' lang='lat' dir='ltr'>sumptum</span> <span class='ocrx_word' id='word_1_322' title='bbox 2596 1527 2820 1582; x_wconf 91' lang='lat' dir='ltr'>habens</span> <span class='ocrx_word' id='word_1_323' title='bbox 2858 1519 3363 1585; x_wconf 87' lang='lat' dir='ltr'>delectationibus,</span> <span class='ocrx_word' id='word_1_324' title='bbox 3409 1513 3630 1572; x_wconf 88' lang='lat' dir='ltr'>residuo</span> <span class='ocrx_word' id='word_1_325' title='bbox 3669 1512 3712 1568; x_wconf 92' lang='lat' dir='ltr'>si</span> <span class='ocrx_word' id='word_1_326' title='bbox 3740 1509 3851 1584; x_wconf 87' lang='lat' dir='ltr'>quid</span> 
     </span>
    </p>
   </div>
   <div class='ocr_carea' id='block_1_47' title="bbox 2261 1598 3854 1691">
    <p class='ocr_par' dir='ltr' id='par_1_47' title="bbox 2261 1598 3854 1691">
     <span class='ocr_line' id='line_1_47' title="bbox 2261 1598 3854 1691; baseline -0.015 -15"><span class='ocrx_word' id='word_1_327' title='bbox 2261 1598 2434 1676; x_wconf 78' lang='lat' dir='ltr'>datur</span> <span class='ocrx_word' id='word_1_328' title='bbox 2490 1615 2686 1691; x_wconf 79' lang='lat' dir='ltr'>epatii,</span> <span class='ocrx_word' id='word_1_329' title='bbox 2734 1615 2850 1669; x_wconf 91' lang='lat' dir='ltr'>Deo</span> <span class='ocrx_word' id='word_1_330' title='bbox 2924 1615 3158 1667; x_wconf 88' lang='lat' dir='ltr'>tantum</span> <span class='ocrx_word' id='word_1_331' title='bbox 3200 1612 3258 1664; x_wconf 90' lang='lat' dir='ltr'>te</span> <span class='ocrx_word' id='word_1_332' title='bbox 3313 1605 3521 1662; x_wconf 87' lang='lat' dir='ltr'>debere</span> <span class='ocrx_word' id='word_1_333' title='bbox 3564 1598 3854 1658; x_wconf 86' lang='lat' dir='ltr'>memineris</span> 
     </span>
    </p>
   </div>
   <div class='ocr_carea' id='block_1_48' title="bbox 2263 1686 3854 1780">
    <p class='ocr_par' dir='ltr' id='par_1_48' title="bbox 2263 1686 3854 1780">
     <span class='ocr_line' id='line_1_48' title="bbox 2263 1686 3854 1780; baseline -0.015 -15"><span class='ocrx_word' id='word_1_334' title='bbox 2263 1686 2605 1780; x_wconf 71' lang='lat' dir='ltr'>mancipari.</span> <span class='ocrx_word' id='word_1_335' title='bbox 2638 1706 2709 1760; x_wconf 89' lang='lat' dir='ltr'>Et</span> <span class='ocrx_word' id='word_1_336' title='bbox 2737 1702 2871 1759; x_wconf 88' lang='lat' dir='ltr'>licet</span> <span class='ocrx_word' id='word_1_337' title='bbox 2895 1699 3079 1757; x_wconf 90' lang='lat' dir='ltr'>sciam</span> <span class='ocrx_word' id='word_1_338' title='bbox 3109 1702 3164 1754; x_wconf 84' lang='lat' dir='ltr'>te</span> <span class='ocrx_word' id='word_1_339' title='bbox 3194 1696 3304 1753; x_wconf 91' lang='lat' dir='ltr'>hoc</span> <span class='ocrx_word' id='word_1_340' title='bbox 3334 1693 3535 1751; x_wconf 88' lang='lat' dir='ltr'>ordine</span> <span class='ocrx_word' id='word_1_341' title='bbox 3560 1707 3655 1764; x_wconf 92' lang='lat' dir='ltr'>per</span> <span class='ocrx_word' id='word_1_342' title='bbox 3677 1686 3854 1745; x_wconf 88' lang='lat' dir='ltr'>ostium</span> 
     </span>
    </p>
   </div>
   <div class='ocr_carea' id='block_1_49' title="bbox 2264 1780 3856 1861">
    <p class='ocr_par' dir='ltr' id='par_1_49' title="bbox 2264 1780 3856 1861">
     <span class='ocr_line' id='line_1_49' title="bbox 2264 1780 3856 1861; baseline -0.014 -7"><span class='ocrx_word' id='word_1_343' title='bbox 2264 1815 2380 1854; x_wconf 91' lang='lat' dir='ltr'>non</span> <span class='ocrx_word' id='word_1_344' title='bbox 2406 1795 2700 1860; x_wconf 85' lang='lat' dir='ltr'>introisse,</span> <span class='ocrx_word' id='word_1_345' title='bbox 2731 1790 2967 1848; x_wconf 87' lang='lat' dir='ltr'>aliunde</span> <span class='ocrx_word' id='word_1_346' title='bbox 2997 1787 3194 1861; x_wconf 84' lang='lat' dir='ltr'>potius</span> <span class='ocrx_word' id='word_1_347' title='bbox 3225 1782 3592 1849; x_wconf 88' lang='lat' dir='ltr'>ascendisse;</span> <span class='ocrx_word' id='word_1_348' title='bbox 3646 1794 3746 1835; x_wconf 89' lang='lat' dir='ltr'>non</span> <span class='ocrx_word' id='word_1_349' title='bbox 3788 1780 3856 1830; x_wconf 85' lang='lat' dir='ltr'>ta-</span> 
     </span>
    </p>
   </div>
   <div class='ocr_carea' id='block_1_50' title="bbox 2272 1865 3856 1956">
    <p class='ocr_par' dir='ltr' id='par_1_50' title="bbox 2272 1865 3856 1956">
     <span class='ocr_line' id='line_1_50' title="bbox 2272 1865 3856 1956; baseline -0.016 -14"><span class='ocrx_word' id='word_1_350' title='bbox 2272 1902 2404 1941; x_wconf 91' lang='lat' dir='ltr'>men</span> <span class='ocrx_word' id='word_1_351' title='bbox 2457 1890 2513 1939; x_wconf 90' lang='lat' dir='ltr'>te</span> <span class='ocrx_word' id='word_1_352' title='bbox 2576 1880 2812 1956; x_wconf 87' lang='lat' dir='ltr'>penitus</span> <span class='ocrx_word' id='word_1_353' title='bbox 2875 1876 3057 1934; x_wconf 88' lang='lat' dir='ltr'>audes</span> <span class='ocrx_word' id='word_1_354' title='bbox 3133 1873 3462 1945; x_wconf 86' lang='lat' dir='ltr'>desperare,</span> <span class='ocrx_word' id='word_1_355' title='bbox 3525 1865 3620 1940; x_wconf 89' lang='lat' dir='ltr'>qui</span> <span class='ocrx_word' id='word_1_356' title='bbox 3676 1866 3856 1920; x_wconf 83' lang='lat' dir='ltr'>tantam</span> 
     </span>
    </p>
   </div>
   <div class='ocr_carea' id='block_1_51' title="bbox 2271 1955 3858 2045">
    <p class='ocr_par' dir='ltr' id='par_1_51' title="bbox 2271 1955 3858 2045">
     <span class='ocr_line' id='line_1_51' title="bbox 2271 1955 3858 2045; baseline -0.016 -14"><span class='ocrx_word' id='word_1_357' title='bbox 2271 1974 2402 2031; x_wconf 90' lang='lat' dir='ltr'>novi</span> <span class='ocrx_word' id='word_1_358' title='bbox 2456 1955 2895 2045; x_wconf 88' lang='lat' dir='ltr'>patrisfamilias</span> <span class='ocrx_word' id='word_1_359' title='bbox 2944 1964 3117 2021; x_wconf 90' lang='lat' dir='ltr'>istius</span> <span class='ocrx_word' id='word_1_360' title='bbox 3166 1959 3488 2035; x_wconf 84' lang='lat' dir='ltr'>potentiam</span> <span class='ocrx_word' id='word_1_361' title='bbox 3531 1972 3669 2023; x_wconf 88' lang='lat' dir='ltr'>esse,</span> <span class='ocrx_word' id='word_1_362' title='bbox 3715 1957 3771 2008; x_wconf 90' lang='lat' dir='ltr'>ut</span> <span class='ocrx_word' id='word_1_363' title='bbox 3804 1966 3858 2006; x_wconf 80' lang='lat' dir='ltr'>ex</span> 
     </span>
    </p>
   </div>
   <div class='ocr_carea' id='block_1_52' title="bbox 2269 2037 3858 2136">
    <p class='ocr_par' dir='ltr' id='par_1_52' title="bbox 2269 2037 3858 2136">
     <span class='ocr_line' id='line_1_52' title="bbox 2269 2037 3858 2136; baseline -0.016 -16"><span class='ocrx_word' id='word_1_364' title='bbox 2269 2064 2398 2136; x_wconf 90' lang='lat' dir='ltr'>ipso</span> <span class='ocrx_word' id='word_1_365' title='bbox 2430 2037 2558 2117; x_wconf 69' lang='lat' dir='ltr'>fhre</span> <span class='ocrx_word' id='word_1_366' title='bbox 2586 2064 2901 2132; x_wconf 88' lang='lat' dir='ltr'>pastorem,</span> <span class='ocrx_word' id='word_1_367' title='bbox 2959 2052 3009 2110; x_wconf 92' lang='lat' dir='ltr'>si</span> <span class='ocrx_word' id='word_1_368' title='bbox 3055 2051 3212 2117; x_wconf 86' lang='lat' dir='ltr'>velit,</span> <span class='ocrx_word' id='word_1_369' title='bbox 3276 2048 3463 2122; x_wconf 88' lang='lat' dir='ltr'>possit</span> <span class='ocrx_word' id='word_1_370' title='bbox 3515 2043 3740 2136; x_wconf 76' lang='lat' dir='ltr'>efficere,</span> <span class='ocrx_word' id='word_1_371' title='bbox 3781 2037 3858 2136; x_wconf 83' lang='lat' dir='ltr'>qui</span> 
     </span>
    </p>
   </div>
   <div class='ocr_carea' id='block_1_53' title="bbox 2272 2127 3858 2223">
    <p class='ocr_par' dir='ltr' id='par_1_53' title="bbox 2272 2127 3858 2223">
     <span class='ocr_line' id='line_1_53' title="bbox 2272 2127 3858 2223; baseline -0.016 -16"><span class='ocrx_word' id='word_1_372' title='bbox 2272 2127 2344 2207; x_wconf 81' lang='lat' dir='ltr'>de</span> <span class='ocrx_word' id='word_1_373' title='bbox 2384 2150 2523 2223; x_wconf 90' lang='lat' dir='ltr'>lupo</span> <span class='ocrx_word' id='word_1_374' title='bbox 2578 2127 2742 2204; x_wconf 80' lang='lat' dir='ltr'>ovem</span> <span class='ocrx_word' id='word_1_375' title='bbox 2799 2158 2952 2215; x_wconf 82' lang='lat' dir='ltr'>saepe</span> <span class='ocrx_word' id='word_1_376' title='bbox 3008 2140 3224 2213; x_wconf 87' lang='lat' dir='ltr'>legitur</span> <span class='ocrx_word' id='word_1_377' title='bbox 3274 2136 3500 2193; x_wconf 87' lang='lat' dir='ltr'>fecisse.</span> <span class='ocrx_word' id='word_1_378' title='bbox 3557 2127 3858 2223; x_wconf 67' lang='lat' dir='ltr'>Quideniai</span> 
     </span>
    </p>
   </div>
   <div class='ocr_carea' id='block_1_54' title="bbox 2274 2213 3859 2312">
    <p class='ocr_par' dir='ltr' id='par_1_54' title="bbox 2274 2213 3859 2312">
     <span class='ocr_line' id='line_1_54' title="bbox 2274 2213 3859 2312; baseline -0.016 -15"><span class='ocrx_word' id='word_1_379' title='bbox 2274 2258 2391 2297; x_wconf 91' lang='lat' dir='ltr'>non</span> <span class='ocrx_word' id='word_1_380' title='bbox 2423 2213 2616 2312; x_wconf 47' lang='lat' dir='ltr'>potest</span> <span class='ocrx_word' id='word_1_381' title='bbox 2643 2213 3026 2305; x_wconf 73' lang='lat' dir='ltr'>Omnipotens</span> <span class='ocrx_word' id='word_1_382' title='bbox 3045 2230 3074 2284; x_wconf 61' lang='grc' dir='ltr'>Τ</span> <span class='ocrx_word' id='word_1_383' title='bbox 3094 2226 3237 2300; x_wconf 89' lang='lat' dir='ltr'>quid</span> <span class='ocrx_word' id='word_1_384' title='bbox 3267 2225 3602 2298; x_wconf 82' lang='lat' dir='ltr'>nonpotest</span> <span class='ocrx_word' id='word_1_385' title='bbox 3622 2218 3723 2275; x_wconf 90' lang='lat' dir='ltr'>nisi</span> <span class='ocrx_word' id='word_1_386' title='bbox 3743 2213 3859 2312; x_wconf 76' lang='lat' dir='ltr'>quod</span> 
     </span>
    </p>
   </div>
   <div class='ocr_carea' id='block_1_55' title="bbox 2274 2302 3862 2402">
    <p class='ocr_par' dir='ltr' id='par_1_55' title="bbox 2274 2302 3862 2402">
     <span class='ocr_line' id='line_1_55' title="bbox 2274 2302 3862 2402; baseline -0.019 -16"><span class='ocrx_word' id='word_1_387' title='bbox 2274 2302 2448 2402; x_wconf 73' lang='lat' dir='ltr'>posse</span> <span class='ocrx_word' id='word_1_388' title='bbox 2476 2323 2664 2382; x_wconf 82' lang='lat' dir='ltr'>nolit?</span> <span class='ocrx_word' id='word_1_389' title='bbox 2693 2302 3039 2393; x_wconf 33' lang='lat' dir='ltr'>Nonvpotest</span> <span class='ocrx_word' id='word_1_390' title='bbox 3088 2317 3181 2373; x_wconf 86' lang='lat' dir='ltr'>de</span> <span class='ocrx_word' id='word_1_391' title='bbox 3208 2314 3391 2387; x_wconf 90' lang='lat' dir='ltr'>impio</span> <span class='ocrx_word' id='word_1_392' title='bbox 3444 2313 3696 2368; x_wconf 88' lang='lat' dir='ltr'>invasore</span> <span class='ocrx_word' id='word_1_393' title='bbox 3735 2302 3862 2402; x_wconf 76' lang='lat' dir='ltr'>pium</span> 
     </span>
    </p>
   </div>
   <div class='ocr_carea' id='block_1_56' title="bbox 2276 2393 3864 2492">
    <p class='ocr_par' dir='ltr' id='par_1_56' title="bbox 2276 2393 3864 2492">
     <span class='ocr_line' id='line_1_56' title="bbox 2276 2393 3864 2492; baseline -0.016 -18"><span class='ocrx_word' id='word_1_394' title='bbox 2276 2393 2611 2492; x_wconf 76' lang='lat' dir='ltr'>pontiﬁcem</span> <span class='ocrx_word' id='word_1_395' title='bbox 2636 2414 2841 2476; x_wconf 88' lang='lat' dir='ltr'>facere,</span> <span class='ocrx_word' id='word_1_396' title='bbox 2874 2408 2977 2480; x_wconf 88' lang='lat' dir='ltr'>qui</span> <span class='ocrx_word' id='word_1_397' title='bbox 3006 2404 3196 2479; x_wconf 90' lang='lat' dir='ltr'>potuit</span> <span class='ocrx_word' id='word_1_398' title='bbox 3224 2404 3299 2460; x_wconf 91' lang='lat' dir='ltr'>de</span> <span class='ocrx_word' id='word_1_399' title='bbox 3328 2399 3615 2474; x_wconf 86' lang='lat' dir='ltr'>lapidibus</span> <span class='ocrx_word' id='word_1_400' title='bbox 3633 2393 3864 2492; x_wconf 57' lang='lat' dir='ltr'>suscitare</span> 
     </span>
    </p>
   </div>
   <div class='ocr_carea' id='block_1_57' title="bbox 2278 2478 3865 2569">
    <p class='ocr_par' dir='ltr' id='par_1_57' title="bbox 2278 2478 3865 2569">
     <span class='ocr_line' id='line_1_57' title="bbox 2278 2478 3865 2569; baseline -0.019 -6"><span class='ocrx_word' id='word_1_401' title='bbox 2278 2478 2432 2562; x_wconf 67' lang='lat' dir='ltr'>iilios</span> <span class='ocrx_word' id='word_1_402' title='bbox 2459 2500 2747 2560; x_wconf 63' lang='lat' dir='ltr'>Abrahae?</span> <span class='ocrx_word' id='word_1_403' title='bbox 2794 2478 3025 2569; x_wconf 30' lang='lat' dir='ltr'>(Matth;</span> <span class='ocrx_word' id='word_1_404' title='bbox 3064 2512 3150 2560; x_wconf 86' lang='lat' dir='ltr'>III,</span> <span class='ocrx_word' id='word_1_405' title='bbox 3207 2494 3292 2567; x_wconf 76' lang='lat'>9.)</span> <span class='ocrx_word' id='word_1_406' title='bbox 3345 2491 3501 2548; x_wconf 69' lang='lat'><strong>180</strong></span> <span class='ocrx_word' id='word_1_407' title='bbox 3553 2487 3669 2543; x_wconf 91' lang='lat' dir='ltr'>Non</span> <span class='ocrx_word' id='word_1_408' title='bbox 3719 2478 3865 2555; x_wconf 85' lang='lat' dir='ltr'>potuit</span> 
     </span>
    </p>
   </div>
   <div class='ocr_carea' id='block_1_58' title="bbox 2278 2573 3863 2658">
    <p class='ocr_par' dir='ltr' id='par_1_58' title="bbox 2278 2573 3863 2658">
     <span class='ocr_line' id='line_1_58' title="bbox 2278 2573 3863 2658; baseline -0.016 -7"><span class='ocrx_word' id='word_1_409' title='bbox 2278 2595 2646 2652; x_wconf 79' lang='lat' dir='ltr'>interfectum</span> <span class='ocrx_word' id='word_1_410' title='bbox 2695 2588 2950 2650; x_wconf 85' lang='lat' dir='ltr'>reficere,</span> <span class='ocrx_word' id='word_1_411' title='bbox 2992 2584 3092 2658; x_wconf 90' lang='lat' dir='ltr'>qui</span> <span class='ocrx_word' id='word_1_412' title='bbox 3163 2580 3357 2656; x_wconf 90' lang='lat' dir='ltr'>potuit</span> <span class='ocrx_word' id='word_1_413' title='bbox 3412 2596 3525 2634; x_wconf 89' lang='lat' dir='ltr'>non</span> <span class='ocrx_word' id='word_1_414' title='bbox 3581 2573 3863 2658; x_wconf 58' lang='lat' dir='ltr'>existenten}</span> 
     </span>
    </p>
   </div>
   <div class='ocr_carea' id='block_1_59' title="bbox 2278 2653 3864 2743">
    <p class='ocr_par' dir='ltr' id='par_1_59' title="bbox 2278 2653 3864 2743">
     <span class='ocr_line' id='line_1_59' title="bbox 2278 2653 3864 2743; baseline -0.019 -3"><span class='ocrx_word' id='word_1_415' title='bbox 2278 2699 2473 2740; x_wconf 89' lang='lat' dir='ltr'>creare</span> <span class='ocrx_word' id='word_1_416' title='bbox 2490 2681 2518 2736; x_wconf 86' lang='lat'><strong>?</strong></span> <span class='ocrx_word' id='word_1_417' title='bbox 2548 2676 2836 2743; x_wconf 79' lang='lat' dir='ltr'>Difﬂcilia,</span> <span class='ocrx_word' id='word_1_418' title='bbox 2871 2674 2981 2739; x_wconf 88' lang='lat' dir='ltr'>ais,</span> <span class='ocrx_word' id='word_1_419' title='bbox 3003 2676 3145 2729; x_wconf 87' lang='lat' dir='ltr'>sunt</span> <span class='ocrx_word' id='word_1_420' title='bbox 3164 2653 3428 2725; x_wconf 71' lang='lat' dir='ltr'>nimium</span> <span class='ocrx_word' id='word_1_421' title='bbox 3457 2667 3576 2722; x_wconf 65' lang='lat' dir='ltr'>hac</span> <span class='ocrx_word' id='word_1_422' title='bbox 3607 2681 3619 2733; x_wconf 91' lang='lat'><strong>;</strong></span> <span class='ocrx_word' id='word_1_423' title='bbox 3641 2661 3726 2719; x_wconf 88' lang='lat' dir='ltr'>sed</span> <span class='ocrx_word' id='word_1_424' title='bbox 3748 2653 3864 2713; x_wconf 79' lang='lat' dir='ltr'>cui?</span> 
     </span>
    </p>
   </div>
   <div class='ocr_carea' id='block_1_60' title="bbox 2280 2743 3865 2843">
    <p class='ocr_par' dir='ltr' id='par_1_60' title="bbox 2280 2743 3865 2843">
     <span class='ocr_line' id='line_1_60' title="bbox 2280 2743 3865 2843; baseline -0.018 -16"><span class='ocrx_word' id='word_1_425' title='bbox 2280 2769 2547 2843; x_wconf 87' lang='lat' dir='ltr'>nunquid</span> <span class='ocrx_word' id='word_1_426' title='bbox 2579 2766 2742 2824; x_wconf 80' lang='lat' dir='ltr'>Deo?</span> <span class='ocrx_word' id='word_1_427' title='bbox 2800 2762 2948 2828; x_wconf 86' lang='lat' dir='ltr'>Quid</span> <span class='ocrx_word' id='word_1_428' title='bbox 3005 2760 3092 2817; x_wconf 90' lang='lat' dir='ltr'>illi</span> <span class='ocrx_word' id='word_1_429' title='bbox 3143 2756 3408 2823; x_wconf 73' lang='lat' dir='ltr'>difﬁcile,</span> <span class='ocrx_word' id='word_1_430' title='bbox 3461 2754 3567 2843; x_wconf 87' lang='lat' dir='ltr'>qui</span> <span class='ocrx_word' id='word_1_431' title='bbox 3601 2752 3780 2843; x_wconf 79' lang='lat' dir='ltr'>cuncta</span> <span class='ocrx_word' id='word_1_432' title='bbox 3812 2743 3865 2799; x_wconf 85' lang='lat' dir='ltr'>de</span> 
     </span>
    </p>
   </div>
   <div class='ocr_carea' id='block_1_61' title="bbox 2280 2838 3865 2931">
    <p class='ocr_par' dir='ltr' id='par_1_61' title="bbox 2280 2838 3865 2931">
     <span class='ocr_line' id='line_1_61' title="bbox 2280 2838 3865 2931; baseline -0.016 -15"><span class='ocrx_word' id='word_1_433' title='bbox 2280 2838 2465 2916; x_wconf 78' lang='lat' dir='ltr'>nihilo</span> <span class='ocrx_word' id='word_1_434' title='bbox 2497 2856 2686 2931; x_wconf 87' lang='lat' dir='ltr'>potuit</span> <span class='ocrx_word' id='word_1_435' title='bbox 2716 2851 2946 2909; x_wconf 82' lang='lat' dir='ltr'>facere?</span> <span class='ocrx_word' id='word_1_436' title='bbox 2979 2849 3186 2922; x_wconf 83' lang='lat' dir='ltr'>Ipsius</span> <span class='ocrx_word' id='word_1_437' title='bbox 3217 2864 3335 2903; x_wconf 88' lang='lat' dir='ltr'>non</span> <span class='ocrx_word' id='word_1_438' title='bbox 3361 2842 3577 2901; x_wconf 79' lang='lat' dir='ltr'>audisti</span> <span class='ocrx_word' id='word_1_439' title='bbox 3604 2838 3865 2931; x_wconf 36' lang='lat' dir='ltr'>hodie-sel:-</span> 
     </span>
    </p>
   </div>
   <div class='ocr_carea' id='block_1_62' title="bbox 2282 2921 3869 3012">
    <p class='ocr_par' dir='ltr' id='par_1_62' title="bbox 2282 2921 3869 3012">
     <span class='ocr_line' id='line_1_62' title="bbox 2282 2921 3869 3012; baseline -0.018 -6"><span class='ocrx_word' id='word_1_440' title='bbox 2282 2921 2517 3005; x_wconf 70' lang='lat' dir='ltr'>monerri</span> <span class='ocrx_word' id='word_1_441' title='bbox 2546 2942 2795 3003; x_wconf 88' lang='lat' dir='ltr'>dicentis</span> <span class='ocrx_word' id='word_1_442' title='bbox 2827 2959 2840 2997; x_wconf 91' lang='lat'><strong>:</strong></span> <span class='ocrx_word' id='word_1_443' title='bbox 2873 2940 2934 2996; x_wconf 90' lang='lat' dir='ltr'>Si</span> <span class='ocrx_word' id='word_1_444' title='bbox 2958 2921 3104 3012; x_wconf 79' lang='lat' dir='ltr'>potes</span> <span class='ocrx_word' id='word_1_445' title='bbox 3132 2935 3373 3003; x_wconf 80' lang='lat' dir='ltr'>credere,</span> <span class='ocrx_word' id='word_1_446' title='bbox 3402 2932 3585 2990; x_wconf 77' lang='lat' dir='ltr'>omnia</span> <span class='ocrx_word' id='word_1_447' title='bbox 3634 2921 3869 3001; x_wconf 72' lang='lat' dir='ltr'>possibilia</span> 
     </span>
    </p>
   </div>
   <div class='ocr_carea' id='block_1_63' title="bbox 2280 3020 3867 3104">
    <p class='ocr_par' dir='ltr' id='par_1_63' title="bbox 2280 3020 3867 3104">
     <span class='ocr_line' id='line_1_63' title="bbox 2280 3020 3867 3104; baseline -0.018 -10"><span class='ocrx_word' id='word_1_448' title='bbox 2280 3037 2584 3094; x_wconf 71' lang='lat' dir='ltr'>credentis?</span> <span class='ocrx_word' id='word_1_449' title='bbox 2612 3034 2795 3104; x_wconf 83' lang='lat' dir='ltr'>(Marc,</span> <span class='ocrx_word' id='word_1_450' title='bbox 2853 3047 2929 3095; x_wconf 82' lang='lat' dir='ltr'>Ix,</span> <span class='ocrx_word' id='word_1_451' title='bbox 2980 3029 3093 3091; x_wconf 80' lang='grc'>32.)</span> <span class='ocrx_word' id='word_1_452' title='bbox 3123 3025 3329 3081; x_wconf 85' lang='lat' dir='ltr'>Nescis</span> <span class='ocrx_word' id='word_1_453' title='bbox 3378 3023 3440 3078; x_wconf 90' lang='lat' dir='ltr'>in</span> <span class='ocrx_word' id='word_1_454' title='bbox 3502 3021 3664 3076; x_wconf 88' lang='lat' dir='ltr'>rebus</span> <span class='ocrx_word' id='word_1_455' title='bbox 3689 3020 3867 3104; x_wconf 68' lang='lat' dir='ltr'>quoque</span> 
     </span>
    </p>
   </div>
   <div class='ocr_carea' id='block_1_64' title="bbox 2284 3103 3868 3192">
    <p class='ocr_par' dir='ltr' id='par_1_64' title="bbox 2284 3103 3868 3192">
     <span class='ocr_line' id='line_1_64' title="bbox 2284 3103 3868 3192; baseline -0.019 -10"><span class='ocrx_word' id='word_1_456' title='bbox 2284 3123 2564 3182; x_wconf 89' lang='lat' dir='ltr'>humanis</span> <span class='ocrx_word' id='word_1_457' title='bbox 2595 3103 2937 3192; x_wconf 84' lang='lat' dir='ltr'>hujusmodi</span> <span class='ocrx_word' id='word_1_458' title='bbox 2959 3116 3158 3171; x_wconf 87' lang='lat' dir='ltr'>haberi</span> <span class='ocrx_word' id='word_1_459' title='bbox 3177 3103 3868 3173; x_wconf 79' lang='lat' dir='ltr'>consuetudinem,uttanio</span> 
     </span>
    </p>
   </div>
   <div class='ocr_carea' id='block_1_65' title="bbox 522 3194 3872 3288">
    <p class='ocr_par' dir='ltr' id='par_1_65' title="bbox 522 3194 3872 3288">
     <span class='ocr_line' id='line_1_65' title="bbox 522 3194 3872 3288; baseline -0.012 -6"><span class='ocrx_word' id='word_1_460' title='bbox 522 3194 875 3282; x_wconf 58' lang='lat' dir='ltr'>antecellat:</span> <span class='ocrx_word' id='word_1_461' title='bbox 940 3194 1146 3288; x_wconf 74' lang='lat' dir='ltr'>[supple</span> <span class='ocrx_word' id='word_1_462' title='bbox 1203 3214 1326 3284; x_wconf 88' lang='lat' dir='ltr'>sed]</span> <span class='ocrx_word' id='word_1_463' title='bbox 1385 3211 1556 3282; x_wconf 88' lang='lat' dir='ltr'>cujus</span> <span class='ocrx_word' id='word_1_464' title='bbox 1611 3226 1746 3264; x_wconf 88' lang='lat' dir='ltr'>arca</span> <span class='ocrx_word' id='word_1_465' title='bbox 1800 3207 2170 3271; x_wconf 87' lang='lat' dir='ltr'>cumulatior,</span> <span class='ocrx_word' id='word_1_466' title='bbox 2202 3196 2245 3263; x_wconf 89' lang='lat' dir='ltr'><strong><em>C</em></strong></span> <span class='ocrx_word' id='word_1_467' title='bbox 2285 3215 2419 3288; x_wconf 79' lang='lat' dir='ltr'>plus</span> <span class='ocrx_word' id='word_1_468' title='bbox 2449 3212 2722 3269; x_wconf 80' lang='lat' dir='ltr'>laudetur</span> <span class='ocrx_word' id='word_1_469' title='bbox 2758 3207 3043 3270; x_wconf 85' lang='lat' dir='ltr'>medicus,</span> <span class='ocrx_word' id='word_1_470' title='bbox 3100 3206 3330 3276; x_wconf 86' lang='lat' dir='ltr'>quanto</span> <span class='ocrx_word' id='word_1_471' title='bbox 3379 3198 3627 3271; x_wconf 90' lang='lat' dir='ltr'>amplius</span> <span class='ocrx_word' id='word_1_472' title='bbox 3654 3194 3872 3288; x_wconf 55' lang='lat' dir='ltr'>desperat:</span> 
     </span>
    </p>
   </div>
   <div class='ocr_carea' id='block_1_66' title="bbox 525 3294 2177 3370">
    <p class='ocr_par' dir='ltr' id='par_1_66' title="bbox 525 3294 2177 3370">
     <span class='ocr_line' id='line_1_66' title="bbox 525 3294 2177 3370; baseline -0.012 -1"><span class='ocrx_word' id='word_1_473' title='bbox 525 3325 826 3369; x_wconf 86' lang='lat' dir='ltr'>camerave</span> <span class='ocrx_word' id='word_1_474' title='bbox 882 3305 1105 3370; x_wconf 87' lang='lat' dir='ltr'>fortior,</span> <span class='ocrx_word' id='word_1_475' title='bbox 1156 3301 1327 3357; x_wconf 89' lang='lat' dir='ltr'>donis</span> <span class='ocrx_word' id='word_1_476' title='bbox 1411 3298 1489 3354; x_wconf 88' lang='lat' dir='ltr'>sit</span> <span class='ocrx_word' id='word_1_477' title='bbox 1572 3296 1883 3369; x_wconf 89' lang='lat' dir='ltr'>repletior;</span> <span class='ocrx_word' id='word_1_478' title='bbox 1943 3294 2177 3351; x_wconf 84' lang='lat' dir='ltr'>stabula</span> 
     </span>
    </p>
   </div>
   <div class='ocr_carea' id='block_1_67' title="bbox 529 3382 2177 3473">
    <p class='ocr_par' dir='ltr' id='par_1_67' title="bbox 529 3382 2177 3473">
     <span class='ocr_line' id='line_1_67' title="bbox 529 3382 2177 3473; baseline -0.012 -16"><span class='ocrx_word' id='word_1_479' title='bbox 529 3401 662 3473; x_wconf 91' lang='lat' dir='ltr'>quis</span> <span class='ocrx_word' id='word_1_480' title='bbox 693 3395 949 3470; x_wconf 89' lang='lat' dir='ltr'>amplius</span> <span class='ocrx_word' id='word_1_481' title='bbox 974 3391 1165 3465; x_wconf 89' lang='lat' dir='ltr'>plena,</span> <span class='ocrx_word' id='word_1_482' title='bbox 1200 3388 1418 3461; x_wconf 79' lang='lat' dir='ltr'>praedia</span> <span class='ocrx_word' id='word_1_483' title='bbox 1449 3387 1500 3442; x_wconf 90' lang='lat' dir='ltr'>ei</span> <span class='ocrx_word' id='word_1_484' title='bbox 1554 3384 1834 3441; x_wconf 83' lang='lat' dir='ltr'>beneﬁcia</span> <span class='ocrx_word' id='word_1_485' title='bbox 1862 3382 2039 3439; x_wconf 89' lang='lat' dir='ltr'>latius</span> <span class='ocrx_word' id='word_1_486' title='bbox 2070 3384 2177 3439; x_wconf 83' lang='lat' dir='ltr'>ha-</span> 
     </span>
    </p>
   </div>
   <div class='ocr_carea' id='block_1_68' title="bbox 529 3472 2177 3551">
    <p class='ocr_par' dir='ltr' id='par_1_68' title="bbox 529 3472 2177 3551">
     <span class='ocr_line' id='line_1_68' title="bbox 529 3472 2177 3551; baseline -0.012 -5"><span class='ocrx_word' id='word_1_487' title='bbox 529 3472 665 3546; x_wconf 83' lang='lat' dir='ltr'>heat</span> <span class='ocrx_word' id='word_1_488' title='bbox 692 3486 982 3551; x_wconf 89' lang='lat' dir='ltr'>distenta;</span> <span class='ocrx_word' id='word_1_489' title='bbox 1032 3482 1202 3551; x_wconf 83' lang='lat' dir='ltr'>cujus</span> <span class='ocrx_word' id='word_1_490' title='bbox 1252 3481 1416 3551; x_wconf 90' lang='lat' dir='ltr'>pater</span> <span class='ocrx_word' id='word_1_491' title='bbox 1459 3474 1652 3541; x_wconf 87' lang='lat' dir='ltr'>ditior,</span> <span class='ocrx_word' id='word_1_492' title='bbox 1687 3475 1862 3529; x_wconf 83' lang='lat' dir='ltr'>frater</span> <span class='ocrx_word' id='word_1_493' title='bbox 1917 3472 2177 3544; x_wconf 83' lang='lat' dir='ltr'>locuple-</span> 
     </span>
    </p>
   </div>
   <div class='ocr_carea' id='block_1_69' title="bbox 527 3561 2181 3649">
    <p class='ocr_par' dir='ltr' id='par_1_69' title="bbox 527 3561 2181 3649">
     <span class='ocr_line' id='line_1_69' title="bbox 527 3561 2181 3649; baseline -0.011 -15"><span class='ocrx_word' id='word_1_494' title='bbox 527 3574 661 3645; x_wconf 81' lang='lat' dir='ltr'>tior,</span> <span class='ocrx_word' id='word_1_495' title='bbox 694 3572 966 3649; x_wconf 88' lang='lat' dir='ltr'>prosapia</span> <span class='ocrx_word' id='word_1_496' title='bbox 993 3567 1342 3643; x_wconf 88' lang='lat' dir='ltr'>generosior,</span> <span class='ocrx_word' id='word_1_497' title='bbox 1393 3580 1648 3638; x_wconf 85' lang='lat' dir='ltr'>prepago</span> <span class='ocrx_word' id='word_1_498' title='bbox 1680 3562 1990 3635; x_wconf 89' lang='lat' dir='ltr'>potentior.</span> <span class='ocrx_word' id='word_1_499' title='bbox 2025 3561 2181 3617; x_wconf 87' lang='lat' dir='ltr'>Inter</span> 
     </span>
    </p>
   </div>
   <div class='ocr_carea' id='block_1_70' title="bbox 529 3650 2178 3733">
    <p class='ocr_par' dir='ltr' id='par_1_70' title="bbox 529 3650 2178 3733">
     <span class='ocr_line' id='line_1_70' title="bbox 529 3650 2178 3733; baseline -0.01 -12"><span class='ocrx_word' id='word_1_500' title='bbox 529 3666 788 3722; x_wconf 68' lang='lat' dir='ltr'>haec.nec</span> <span class='ocrx_word' id='word_1_501' title='bbox 818 3662 947 3733; x_wconf 88' lang='lat' dir='ltr'>ipsa</span> <span class='ocrx_word' id='word_1_502' title='bbox 996 3658 1315 3713; x_wconf 88' lang='lat' dir='ltr'>honoratur</span> <span class='ocrx_word' id='word_1_503' title='bbox 1368 3651 1629 3709; x_wconf 85' lang='lat' dir='ltr'>canities.</span> <span class='ocrx_word' id='word_1_504' title='bbox 1678 3650 1964 3707; x_wconf 86' lang='lat' dir='ltr'>Juventus</span> <span class='ocrx_word' id='word_1_505' title='bbox 2013 3666 2178 3706; x_wconf 90' lang='lat' dir='ltr'>senc-</span> 
     </span>
    </p>
   </div>
   <div class='ocr_carea' id='block_1_71' title="bbox 532 3738 2181 3813">
    <p class='ocr_par' dir='ltr' id='par_1_71' title="bbox 532 3738 2181 3813">
     <span class='ocr_line' id='line_1_71' title="bbox 532 3738 2181 3813; baseline -0.01 -4"><span class='ocrx_word' id='word_1_506' title='bbox 532 3753 711 3810; x_wconf 88' lang='lat' dir='ltr'>ctutis</span> <span class='ocrx_word' id='word_1_507' title='bbox 738 3750 934 3805; x_wconf 89' lang='lat' dir='ltr'>locum</span> <span class='ocrx_word' id='word_1_508' title='bbox 962 3745 1220 3813; x_wconf 87' lang='lat' dir='ltr'>invadit;</span> <span class='ocrx_word' id='word_1_509' title='bbox 1268 3748 1325 3799; x_wconf 91' lang='lat' dir='ltr'>et</span> <span class='ocrx_word' id='word_1_510' title='bbox 1370 3742 1537 3808; x_wconf 75' lang='lat' dir='ltr'>illud,</span> <span class='ocrx_word' id='word_1_511' title='bbox 1570 3740 1726 3811; x_wconf 90' lang='lat' dir='ltr'>quod</span> <span class='ocrx_word' id='word_1_512' title='bbox 1760 3744 1947 3795; x_wconf 87' lang='lat' dir='ltr'>totum</span> <span class='ocrx_word' id='word_1_513' title='bbox 1977 3744 2067 3795; x_wconf 86' lang='lat' dir='ltr'>est</span> <span class='ocrx_word' id='word_1_514' title='bbox 2096 3738 2181 3793; x_wconf 92' lang='lat' dir='ltr'>di-</span> 
     </span>
    </p>
   </div>
   <div class='ocr_carea' id='block_1_72' title="bbox 532 3827 2182 3907">
    <p class='ocr_par' dir='ltr' id='par_1_72' title="bbox 532 3827 2182 3907">
     <span class='ocr_line' id='line_1_72' title="bbox 532 3827 2182 3907; baseline -0.01 -11"><span class='ocrx_word' id='word_1_515' title='bbox 532 3842 756 3907; x_wconf 90' lang='lat' dir='ltr'>vinum,</span> <span class='ocrx_word' id='word_1_516' title='bbox 812 3837 985 3891; x_wconf 90' lang='lat' dir='ltr'>datur</span> <span class='ocrx_word' id='word_1_517' title='bbox 1036 3834 1108 3889; x_wconf 90' lang='lat' dir='ltr'>ad</span> <span class='ocrx_word' id='word_1_518' title='bbox 1165 3830 1512 3905; x_wconf 71' lang='lat' dir='ltr'>praemium;</span> <span class='ocrx_word' id='word_1_519' title='bbox 1560 3834 1618 3883; x_wconf 88' lang='lat' dir='ltr'>et</span> <span class='ocrx_word' id='word_1_520' title='bbox 1672 3827 1836 3882; x_wconf 88' lang='lat' dir='ltr'>lucra</span> <span class='ocrx_word' id='word_1_521' title='bbox 1870 3829 2182 3898; x_wconf 89' lang='lat' dir='ltr'>captantur</span> 
     </span>
    </p>
   </div>
   <div class='ocr_carea' id='block_1_73' title="bbox 532 3914 2183 3994">
    <p class='ocr_par' dir='ltr' id='par_1_73' title="bbox 532 3914 2183 3994">
     <span class='ocr_line' id='line_1_73' title="bbox 532 3914 2183 3994; baseline -0.011 -9"><span class='ocrx_word' id='word_1_522' title='bbox 532 3933 784 3994; x_wconf 88' lang='lat' dir='ltr'>terrena,</span> <span class='ocrx_word' id='word_1_523' title='bbox 818 3924 972 3981; x_wconf 91' lang='lat' dir='ltr'>unde</span> <span class='ocrx_word' id='word_1_524' title='bbox 1020 3922 1351 3978; x_wconf 89' lang='lat' dir='ltr'>animarum</span> <span class='ocrx_word' id='word_1_525' title='bbox 1398 3915 1770 3974; x_wconf 90' lang='lat' dir='ltr'>solummodo</span> <span class='ocrx_word' id='word_1_526' title='bbox 1818 3914 2051 3987; x_wconf 89' lang='lat' dir='ltr'>congeri</span> <span class='ocrx_word' id='word_1_527' title='bbox 2088 3914 2183 3969; x_wconf 91' lang='lat' dir='ltr'>de-</span> 
     </span>
    </p>
   </div>
   <div class='ocr_carea' id='block_1_74' title="bbox 534 4001 2179 4075">
    <p class='ocr_par' dir='ltr' id='par_1_74' title="bbox 534 4001 2179 4075">
     <span class='ocr_line' id='line_1_74' title="bbox 534 4001 2179 4075; baseline -0.012 -1"><span class='ocrx_word' id='word_1_528' title='bbox 534 4017 783 4074; x_wconf 89' lang='lat' dir='ltr'>buerant</span> <span class='ocrx_word' id='word_1_529' title='bbox 836 4009 1234 4069; x_wconf 90' lang='lat' dir='ltr'>mercimonia.</span> <span class='ocrx_word' id='word_1_530' title='bbox 1294 4008 1396 4063; x_wconf 89' lang='lat' dir='ltr'>His</span> <span class='ocrx_word' id='word_1_531' title='bbox 1448 4005 1701 4075; x_wconf 90' lang='lat' dir='ltr'>denique</span> <span class='ocrx_word' id='word_1_532' title='bbox 1757 4007 1816 4058; x_wconf 88' lang='lat' dir='ltr'>et</span> <span class='ocrx_word' id='word_1_533' title='bbox 1866 4002 2017 4069; x_wconf 89' lang='lat' dir='ltr'>aliis,</span> <span class='ocrx_word' id='word_1_534' title='bbox 2078 4001 2179 4073; x_wconf 92' lang='lat' dir='ltr'>qui</span> 
     </span>
    </p>
   </div>
   <div class='ocr_carea' id='block_1_75' title="bbox 533 4090 2182 4176">
    <p class='ocr_par' dir='ltr' id='par_1_75' title="bbox 533 4090 2182 4176">
     <span class='ocr_line' id='line_1_75' title="bbox 533 4090 2182 4176; baseline -0.012 -14"><span class='ocrx_word' id='word_1_535' title='bbox 533 4102 876 4176; x_wconf 89' lang='lat' dir='ltr'>hujusmodi</span> <span class='ocrx_word' id='word_1_536' title='bbox 905 4098 1093 4156; x_wconf 88' lang='lat' dir='ltr'>solent</span> <span class='ocrx_word' id='word_1_537' title='bbox 1121 4095 1409 4158; x_wconf 90' lang='lat' dir='ltr'>comitari,</span> <span class='ocrx_word' id='word_1_538' title='bbox 1442 4092 1709 4165; x_wconf 70' lang='lat' dir='ltr'>pessimae</span> <span class='ocrx_word' id='word_1_539' title='bbox 1739 4090 2080 4145; x_wconf 89' lang='lat' dir='ltr'>ambitionis</span> <span class='ocrx_word' id='word_1_540' title='bbox 2092 4105 2182 4144; x_wconf 88' lang='lat' dir='ltr'>ca-</span> 
     </span>
    </p>
   </div>
   <div class='ocr_carea' id='block_1_76' title="bbox 535 4176 2183 4252">
    <p class='ocr_par' dir='ltr' id='par_1_76' title="bbox 535 4176 2183 4252">
     <span class='ocr_line' id='line_1_76' title="bbox 535 4176 2183 4252; baseline -0.011 -2"><span class='ocrx_word' id='word_1_541' title='bbox 535 4194 700 4251; x_wconf 90' lang='lat' dir='ltr'>sibus</span> <span class='ocrx_word' id='word_1_542' title='bbox 732 4192 781 4247; x_wconf 89' lang='lat' dir='ltr'>si</span> <span class='ocrx_word' id='word_1_543' title='bbox 824 4188 1064 4245; x_wconf 86' lang='lat' dir='ltr'>forsitan</span> <span class='ocrx_word' id='word_1_544' title='bbox 1114 4191 1171 4241; x_wconf 92' lang='lat' dir='ltr'>te</span> <span class='ocrx_word' id='word_1_545' title='bbox 1229 4184 1620 4252; x_wconf 89' lang='lat' dir='ltr'>interceptum</span> <span class='ocrx_word' id='word_1_546' title='bbox 1669 4176 1989 4249; x_wconf 89' lang='lat' dir='ltr'>repereris:</span> <span class='ocrx_word' id='word_1_547' title='bbox 2040 4176 2183 4233; x_wconf 77' lang='lat' dir='ltr'>laeti-</span> 
     </span>
    </p>
   </div>
   <div class='ocr_carea' id='block_1_77' title="bbox 532 4265 2180 4354">
    <p class='ocr_par' dir='ltr' id='par_1_77' title="bbox 532 4265 2180 4354">
     <span class='ocr_line' id='line_1_77' title="bbox 532 4265 2180 4354; baseline -0.011 -15"><span class='ocrx_word' id='word_1_548' title='bbox 532 4282 647 4350; x_wconf 76' lang='lat' dir='ltr'>tize,</span> <span class='ocrx_word' id='word_1_549' title='bbox 681 4296 897 4354; x_wconf 67' lang='lat' dir='ltr'>quaeso,</span> <span class='ocrx_word' id='word_1_550' title='bbox 930 4275 1125 4332; x_wconf 89' lang='lat' dir='ltr'>locum</span> <span class='ocrx_word' id='word_1_551' title='bbox 1170 4273 1229 4327; x_wconf 92' lang='lat' dir='ltr'>in</span> <span class='ocrx_word' id='word_1_552' title='bbox 1279 4270 1452 4325; x_wconf 91' lang='lat' dir='ltr'>corde</span> <span class='ocrx_word' id='word_1_553' title='bbox 1500 4283 1572 4323; x_wconf 90' lang='lat' dir='ltr'>ne</span> <span class='ocrx_word' id='word_1_554' title='bbox 1609 4265 1859 4322; x_wconf 88' lang='lat' dir='ltr'>dederis.</span> <span class='ocrx_word' id='word_1_555' title='bbox 1913 4266 2180 4321; x_wconf 88' lang='lat' dir='ltr'>Forsitan</span> 
     </span>
    </p>
   </div>
   <div class='ocr_carea' id='block_1_78' title="bbox 533 4354 2177 4436">
    <p class='ocr_par' dir='ltr' id='par_1_78' title="bbox 533 4354 2177 4436">
     <span class='ocr_line' id='line_1_78' title="bbox 533 4354 2177 4436; baseline -0.012 -7"><span class='ocrx_word' id='word_1_556' title='bbox 533 4370 691 4429; x_wconf 89' lang='lat' dir='ltr'>enim</span> <span class='ocrx_word' id='word_1_557' title='bbox 721 4368 814 4425; x_wconf 89' lang='lat' dir='ltr'>his</span> <span class='ocrx_word' id='word_1_558' title='bbox 844 4362 1121 4436; x_wconf 88' lang='lat' dir='ltr'>auspiciis</span> <span class='ocrx_word' id='word_1_559' title='bbox 1151 4362 1408 4426; x_wconf 81' lang='lat' dir='ltr'>evectus,</span> <span class='ocrx_word' id='word_1_560' title='bbox 1457 4356 1530 4412; x_wconf 90' lang='lat' dir='ltr'>ad</span> <span class='ocrx_word' id='word_1_561' title='bbox 1576 4354 1685 4410; x_wconf 93' lang='lat' dir='ltr'>hoc</span> <span class='ocrx_word' id='word_1_562' title='bbox 1731 4370 1793 4410; x_wconf 85' lang='lat' dir='ltr'>es</span> <span class='ocrx_word' id='word_1_563' title='bbox 1842 4355 2177 4427; x_wconf 85' lang='lat' dir='ltr'>perductus,</span> 
     </span>
    </p>
   </div>
   <div class='ocr_carea' id='block_1_79' title="bbox 534 4442 2180 4531">
    <p class='ocr_par' dir='ltr' id='par_1_79' title="bbox 534 4442 2180 4531">
     <span class='ocr_line' id='line_1_79' title="bbox 534 4442 2180 4531; baseline -0.011 -15"><span class='ocrx_word' id='word_1_564' title='bbox 534 4465 603 4515; x_wconf 91' lang='lat' dir='ltr'>ut</span> <span class='ocrx_word' id='word_1_565' title='bbox 641 4458 789 4531; x_wconf 87' lang='grc'>(319)</span> <span class='ocrx_word' id='word_1_566' title='bbox 847 4455 921 4511; x_wconf 89' lang='lat' dir='ltr'>ad</span> <span class='ocrx_word' id='word_1_567' title='bbox 971 4449 1136 4517; x_wconf 91' lang='lat' dir='ltr'>illud,</span> <span class='ocrx_word' id='word_1_568' title='bbox 1198 4463 1312 4519; x_wconf 92' lang='lat' dir='ltr'>quo</span> <span class='ocrx_word' id='word_1_569' title='bbox 1369 4444 1542 4501; x_wconf 91' lang='lat' dir='ltr'>modo</span> <span class='ocrx_word' id='word_1_570' title='bbox 1602 4443 1885 4516; x_wconf 74' lang='lat' dir='ltr'>iungeris,</span> <span class='ocrx_word' id='word_1_571' title='bbox 1942 4442 2180 4500; x_wconf 89' lang='lat' dir='ltr'>honoris</span> 
     </span>
    </p>
   </div>
   <div class='ocr_carea' id='block_1_80' title="bbox 535 4524 2259 4620">
    <p class='ocr_par' dir='ltr' id='par_1_80' title="bbox 535 4524 2259 4620">
     <span class='ocr_line' id='line_1_80' title="bbox 535 4524 2259 4620; baseline -0.012 -16"><span class='ocrx_word' id='word_1_572' title='bbox 535 4524 860 4619; x_wconf 83' lang='lat' dir='ltr'>fastigium,</span> <span class='ocrx_word' id='word_1_573' title='bbox 904 4539 1100 4610; x_wconf 91' lang='lat' dir='ltr'>aliquo</span> <span class='ocrx_word' id='word_1_574' title='bbox 1148 4533 1443 4591; x_wconf 82' lang='lat' dir='ltr'>saecularis</span> <span class='ocrx_word' id='word_1_575' title='bbox 1490 4531 1750 4605; x_wconf 77' lang='lat' dir='ltr'>suﬂ&#39;ragii</span> <span class='ocrx_word' id='word_1_576' title='bbox 1793 4530 2096 4603; x_wconf 85' lang='lat' dir='ltr'>juvamine</span> <span class='ocrx_word' id='word_1_577' title='bbox 2127 4524 2259 4620; x_wconf 45' lang='lat' dir='ltr'>te&#39;D</span> 
     </span>
    </p>
   </div>
   <div class='ocr_carea' id='block_1_81' title="bbox 536 4620 2184 4706">
    <p class='ocr_par' dir='ltr' id='par_1_81' title="bbox 536 4620 2184 4706">
     <span class='ocr_line' id='line_1_81' title="bbox 536 4620 2184 4706; baseline -0.012 -14"><span class='ocrx_word' id='word_1_578' title='bbox 536 4631 844 4706; x_wconf 77' lang='lat' dir='ltr'>contigerit</span> <span class='ocrx_word' id='word_1_579' title='bbox 868 4627 1221 4684; x_wconf 87' lang='lat' dir='ltr'>ascendisse.</span> <span class='ocrx_word' id='word_1_580' title='bbox 1271 4622 1433 4689; x_wconf 90' lang='lat' dir='ltr'>Quod</span> <span class='ocrx_word' id='word_1_581' title='bbox 1464 4621 1513 4678; x_wconf 91' lang='lat' dir='ltr'>si</span> <span class='ocrx_word' id='word_1_582' title='bbox 1558 4621 1642 4677; x_wconf 90' lang='lat' dir='ltr'>ita</span> <span class='ocrx_word' id='word_1_583' title='bbox 1669 4637 1733 4677; x_wconf 91' lang='lat' dir='ltr'>se</span> <span class='ocrx_word' id='word_1_584' title='bbox 1779 4620 1971 4687; x_wconf 88' lang='lat' dir='ltr'>habet,</span> <span class='ocrx_word' id='word_1_585' title='bbox 2002 4635 2184 4691; x_wconf 88' lang='lat' dir='ltr'>quan-</span> 
     </span>
    </p>
   </div>
   <div class='ocr_carea' id='block_1_82' title="bbox 533 4707 2178 4792">
    <p class='ocr_par' dir='ltr' id='par_1_82' title="bbox 533 4707 2178 4792">
     <span class='ocr_line' id='line_1_82' title="bbox 533 4707 2178 4792; baseline -0.011 -13"><span class='ocrx_word' id='word_1_586' title='bbox 533 4728 663 4779; x_wconf 88' lang='lat' dir='ltr'>tum</span> <span class='ocrx_word' id='word_1_587' title='bbox 722 4717 1015 4792; x_wconf 89' lang='lat' dir='ltr'>lugendus</span> <span class='ocrx_word' id='word_1_588' title='bbox 1063 4716 1167 4783; x_wconf 87' lang='lat' dir='ltr'>sis,</span> <span class='ocrx_word' id='word_1_589' title='bbox 1214 4727 1484 4771; x_wconf 86' lang='lat' dir='ltr'>enarrare</span> <span class='ocrx_word' id='word_1_590' title='bbox 1555 4726 1672 4765; x_wconf 92' lang='lat' dir='ltr'>non</span> <span class='ocrx_word' id='word_1_591' title='bbox 1731 4707 1957 4766; x_wconf 79' lang='lat' dir='ltr'>sufficio</span> <span class='ocrx_word' id='word_1_592' title='bbox 2015 4707 2178 4776; x_wconf 85' lang='lat' dir='ltr'>satis,</span> 
     </span>
    </p>
   </div>
   <div class='ocr_carea' id='block_1_83' title="bbox 534 4796 2180 4872">
    <p class='ocr_par' dir='ltr' id='par_1_83' title="bbox 534 4796 2180 4872">
     <span class='ocr_line' id='line_1_83' title="bbox 534 4796 2180 4872; baseline -0.01 -6"><span class='ocrx_word' id='word_1_593' title='bbox 534 4808 765 4867; x_wconf 86' lang='lat' dir='ltr'>etiamsi</span> <span class='ocrx_word' id='word_1_594' title='bbox 797 4805 996 4862; x_wconf 89' lang='lat' dir='ltr'>omnia</span> <span class='ocrx_word' id='word_1_595' title='bbox 1025 4804 1290 4859; x_wconf 89' lang='lat' dir='ltr'>membra</span> <span class='ocrx_word' id='word_1_596' title='bbox 1317 4799 1577 4872; x_wconf 90' lang='lat' dir='ltr'>corporis</span> <span class='ocrx_word' id='word_1_597' title='bbox 1624 4796 2014 4854; x_wconf 85' lang='lat' dir='ltr'>cunctimodis</span> <span class='ocrx_word' id='word_1_598' title='bbox 2043 4812 2180 4852; x_wconf 90' lang='lat' dir='ltr'>con-</span> 
     </span>
    </p>
   </div>
   <div class='ocr_carea' id='block_1_84' title="bbox 535 4885 2179 4970">
    <p class='ocr_par' dir='ltr' id='par_1_84' title="bbox 535 4885 2179 4970">
     <span class='ocr_line' id='line_1_84' title="bbox 535 4885 2179 4970; baseline -0.009 -15"><span class='ocrx_word' id='word_1_599' title='bbox 535 4899 774 4970; x_wconf 82' lang='lat' dir='ltr'>crepant</span> <span class='ocrx_word' id='word_1_600' title='bbox 801 4892 1260 4968; x_wconf 88' lang='lat' dir='ltr'>linguis.Verum</span> <span class='ocrx_word' id='word_1_601' title='bbox 1295 4907 1364 4946; x_wconf 91' lang='lat' dir='ltr'>ne</span> <span class='ocrx_word' id='word_1_602' title='bbox 1396 4893 1565 4962; x_wconf 91' lang='lat' dir='ltr'>putes</span> <span class='ocrx_word' id='word_1_603' title='bbox 1588 4903 1678 4942; x_wconf 90' lang='lat' dir='ltr'>me</span> <span class='ocrx_word' id='word_1_604' title='bbox 1691 4885 1799 4942; x_wconf 92' lang='lat' dir='ltr'>hoc</span> <span class='ocrx_word' id='word_1_605' title='bbox 1813 4885 1940 4941; x_wconf 89' lang='lat' dir='ltr'>ideo</span> <span class='ocrx_word' id='word_1_606' title='bbox 1970 4885 2179 4952; x_wconf 89' lang='lat' dir='ltr'>dicere,</span> 
     </span>
    </p>
   </div>
   <div class='ocr_carea' id='block_1_85' title="bbox 537 4971 2182 5061">
    <p class='ocr_par' dir='ltr' id='par_1_85' title="bbox 537 4971 2182 5061">
     <span class='ocr_line' id='line_1_85' title="bbox 537 4971 2182 5061; baseline -0.01 -17"><span class='ocrx_word' id='word_1_607' title='bbox 537 4986 694 5061; x_wconf 90' lang='lat' dir='ltr'>quod</span> <span class='ocrx_word' id='word_1_608' title='bbox 723 4990 779 5042; x_wconf 90' lang='lat' dir='ltr'>te</span> <span class='ocrx_word' id='word_1_609' title='bbox 805 4987 905 5042; x_wconf 89' lang='lat' dir='ltr'>aut</span> <span class='ocrx_word' id='word_1_610' title='bbox 932 4982 1180 5055; x_wconf 87' lang='lat' dir='ltr'>dejicere</span> <span class='ocrx_word' id='word_1_611' title='bbox 1202 4983 1302 5035; x_wconf 90' lang='lat' dir='ltr'>aut</span> <span class='ocrx_word' id='word_1_612' title='bbox 1321 4977 1495 5034; x_wconf 91' lang='lat' dir='ltr'>velim</span> <span class='ocrx_word' id='word_1_613' title='bbox 1524 4971 2182 5047; x_wconf 77' lang='lat' dir='ltr'>desperare.Consilium</span> 
     </span>
    </p>
   </div>
   <div class='ocr_carea' id='block_1_86' title="bbox 606 5240 2187 5324">
    <p class='ocr_par' dir='ltr' id='par_1_86' title="bbox 606 5240 2187 5324">
     <span class='ocr_line' id='line_1_86' title="bbox 606 5240 2187 5324; baseline -0.005 -21"><span class='ocrx_word' id='word_1_614' title='bbox 606 5253 753 5324; x_wconf 86' lang='grc'>(317)</span> <span class='ocrx_word' id='word_1_615' title='bbox 786 5253 969 5324; x_wconf 86' lang='lat' dir='ltr'>Locus</span> <span class='ocrx_word' id='word_1_616' title='bbox 1000 5251 1062 5324; x_wconf 89' lang='lat' dir='ltr'>i_n_</span> <span class='ocrx_word' id='word_1_617' title='bbox 1092 5245 1346 5324; x_wconf 86' lang='lat' dir='ltr'>vulgatis</span> <span class='ocrx_word' id='word_1_618' title='bbox 1372 5243 1809 5324; x_wconf 78' lang='lat' dir='ltr'>luxatu_s;quem</span> <span class='ocrx_word' id='word_1_619' title='bbox 1833 5257 2077 5324; x_wconf 80' lang='lat' dir='ltr'>sanasse</span> <span class='ocrx_word' id='word_1_620' title='bbox 2106 5240 2187 5296; x_wconf 84' lang='lat' dir='ltr'>vi-</span> 
     </span>
    </p>
   </div>
   <div class='ocr_carea' id='block_1_87' title="bbox 538 5311 1880 5389">
    <p class='ocr_par' dir='ltr' id='par_1_87' title="bbox 538 5311 1880 5389">
     <span class='ocr_line' id='line_1_87' title="bbox 538 5311 1880 5389; baseline -0.01 -8"><span class='ocrx_word' id='word_1_621' title='bbox 538 5311 750 5382; x_wconf 72' lang='lat' dir='ltr'>demur</span> <span class='ocrx_word' id='word_1_622' title='bbox 778 5322 979 5377; x_wconf 90' lang='lat' dir='ltr'>addita</span> <span class='ocrx_word' id='word_1_623' title='bbox 1006 5320 1101 5375; x_wconf 91' lang='lat' dir='ltr'>hic</span> <span class='ocrx_word' id='word_1_624' title='bbox 1132 5311 1429 5389; x_wconf 50' lang='lat' dir='ltr'>etvpostea</span> <span class='ocrx_word' id='word_1_625' title='bbox 1459 5311 1745 5389; x_wconf 80' lang='lat' dir='ltr'>particula</span> <span class='ocrx_word' id='word_1_626' title='bbox 1772 5312 1880 5368; x_wconf 82' lang='lat' dir='ltr'>sed.</span> 
     </span>
    </p>
   </div>
   <div class='ocr_carea' id='block_1_88' title="bbox 611 5382 2181 5466">
    <p class='ocr_par' dir='ltr' id='par_1_88' title="bbox 611 5382 2181 5466">
     <span class='ocr_line' id='line_1_88' title="bbox 611 5382 2181 5466; baseline -0.008 -16"><span class='ocrx_word' id='word_1_627' title='bbox 611 5396 754 5466; x_wconf 66' lang='grc'>(318)</span> <span class='ocrx_word' id='word_1_628' title='bbox 788 5394 1071 5466; x_wconf 80' lang='lat' dir='ltr'>Construc</span> <span class='ocrx_word' id='word_1_629' title='bbox 1107 5407 1118 5445; x_wconf 92' lang='lat'>:</span> <span class='ocrx_word' id='word_1_630' title='bbox 1144 5382 1283 5466; x_wconf 56' lang='lat' dir='ltr'>_du_&#39;m</span> <span class='ocrx_word' id='word_1_631' title='bbox 1311 5382 1478 5466; x_wconf 55' lang='lat' dir='ltr'>nulla</span> <span class='ocrx_word' id='word_1_632' title='bbox 1498 5402 1601 5441; x_wconf 82' lang='lat' dir='ltr'>sua</span> <span class='ocrx_word' id='word_1_633' title='bbox 1627 5386 1774 5465; x_wconf 40' lang='lat' dir='ltr'>bona.</span> <span class='ocrx_word' id='word_1_634' title='bbox 1813 5382 2181 5466; x_wconf 46' lang='lat' dir='ltr'>conside-rant,</span> 
     </span>
    </p>
   </div>
   <div class='ocr_carea' id='block_1_89' title="bbox 538 5454 2186 5536">
    <p class='ocr_par' dir='ltr' id='par_1_89' title="bbox 538 5454 2186 5536">
     <span class='ocr_line' id='line_1_89' title="bbox 538 5454 2186 5536; baseline -0.008 -13"><span class='ocrx_word' id='word_1_635' title='bbox 538 5454 647 5523; x_wconf 83' lang='lat' dir='ltr'>imo</span> <span class='ocrx_word' id='word_1_636' title='bbox 676 5454 874 5521; x_wconf 81' lang='lat' dir='ltr'>nolunt</span> <span class='ocrx_word' id='word_1_637' title='bbox 901 5464 1096 5536; x_wconf 85' lang='lat' dir='ltr'>(eum)_</span> <span class='ocrx_word' id='word_1_638' title='bbox 1137 5460 1335 5536; x_wconf 66' lang='lat' dir='ltr'>habere</span> <span class='ocrx_word' id='word_1_639' title='bbox 1373 5457 1500 5536; x_wconf 72' lang='lat' dir='ltr'>nlla</span> <span class='ocrx_word' id='word_1_640' title='bbox 1528 5472 1629 5511; x_wconf 83' lang='lat' dir='ltr'>sua</span> <span class='ocrx_word' id='word_1_641' title='bbox 1649 5471 1694 5536; x_wconf 49' lang='grc' dir='ltr'>,χ</span> <span class='ocrx_word' id='word_1_642' title='bbox 1723 5455 1774 5509; x_wconf 85' lang='lat' dir='ltr'>si</span> <span class='ocrx_word' id='word_1_643' title='bbox 1803 5470 1911 5525; x_wconf 86' lang='lat' dir='ltr'>qua</span> <span class='ocrx_word' id='word_1_644' title='bbox 1946 5454 2186 5510; x_wconf 83' lang='lat' dir='ltr'>viderint</span> 
     </span>
    </p>
   </div>
   <div class='ocr_carea' id='block_1_90' title="bbox 542 5528 1754 5603">
    <p class='ocr_par' dir='ltr' id='par_1_90' title="bbox 542 5528 1754 5603">
     <span class='ocr_line' id='line_1_90' title="bbox 542 5528 1754 5603; baseline -0.011 -10"><span class='ocrx_word' id='word_1_645' title='bbox 542 5540 679 5595; x_wconf 75' lang='lat' dir='ltr'>bona</span> <span class='ocrx_word' id='word_1_646' title='bbox 712 5542 829 5603; x_wconf 85' lang='lat' dir='ltr'>tua,</span> <span class='ocrx_word' id='word_1_647' title='bbox 860 5528 1045 5591; x_wconf 75' lang='lat' dir='ltr'>statim</span> <span class='ocrx_word' id='word_1_648' title='bbox 1076 5531 1346 5603; x_wconf 79' lang='lat' dir='ltr'>incipiant</span> <span class='ocrx_word' id='word_1_649' title='bbox 1367 5528 1614 5592; x_wconf 83' lang='lat' dir='ltr'>laudare,</span> <span class='ocrx_word' id='word_1_650' title='bbox 1646 5530 1754 5582; x_wconf 90' lang='lat' dir='ltr'>etc.</span> 
     </span>
    </p>
   </div>
   <div class='ocr_carea' id='block_1_91' title="bbox 612 5602 1614 5681">
    <p class='ocr_par' dir='ltr' id='par_1_91' title="bbox 612 5602 1614 5681">
     <span class='ocr_line' id='line_1_91' title="bbox 612 5602 1614 5681; baseline -0.01 -17"><span class='ocrx_word' id='word_1_651' title='bbox 612 5608 760 5681; x_wconf 86' lang='grc'>(319)</span> <span class='ocrx_word' id='word_1_652' title='bbox 790 5602 985 5679; x_wconf 70' lang='lat' dir='ltr'>Vulg,</span> <span class='ocrx_word' id='word_1_653' title='bbox 1019 5610 1069 5661; x_wconf 87' lang='lat' dir='ltr'>et</span> <span class='ocrx_word' id='word_1_654' title='bbox 1097 5602 1257 5672; x_wconf 79' lang='lat' dir='ltr'>illud,</span> <span class='ocrx_word' id='word_1_655' title='bbox 1290 5616 1614 5674; x_wconf 89' lang='lat' dir='ltr'>perperam,</span> 
     </span>
    </p>
   </div>
   <div class='ocr_carea' id='block_1_92' title="bbox 2288 3272 3875 3372">
    <p class='ocr_par' dir='ltr' id='par_1_92' title="bbox 2288 3272 3875 3372">
     <span class='ocr_line' id='line_1_92' title="bbox 2288 3272 3875 3372; baseline -0.018 -13"><span class='ocrx_word' id='word_1_656' title='bbox 2288 3272 2462 3360; x_wconf 74' lang='lat' dir='ltr'>batur</span> <span class='ocrx_word' id='word_1_657' title='bbox 2489 3302 2742 3372; x_wconf 62' lang='lat' dir='ltr'>aegrotus</span> <span class='ocrx_word' id='word_1_658' title='bbox 2775 3313 2788 3351; x_wconf 87' lang='lat'><strong>:</strong></span> <span class='ocrx_word' id='word_1_659' title='bbox 2820 3311 2953 3351; x_wconf 90' lang='lat' dir='ltr'>eum</span> <span class='ocrx_word' id='word_1_660' title='bbox 2987 3298 3045 3349; x_wconf 89' lang='lat' dir='ltr'>et</span> <span class='ocrx_word' id='word_1_661' title='bbox 3073 3272 3189 3365; x_wconf 77' lang='lat' dir='ltr'>quo</span> <span class='ocrx_word' id='word_1_662' title='bbox 3220 3286 3582 3362; x_wconf 84' lang='lat' dir='ltr'>desperatior</span> <span class='ocrx_word' id='word_1_663' title='bbox 3618 3282 3794 3372; x_wconf 65' lang='lat' dir='ltr'>animo</span> <span class='ocrx_word' id='word_1_664' title='bbox 3817 3272 3875 3328; x_wconf 78' lang='lat' dir='ltr'>sit</span> 
     </span>
    </p>
   </div>
   <div class='ocr_carea' id='block_1_93' title="bbox 2288 3371 3876 3454">
    <p class='ocr_par' dir='ltr' id='par_1_93' title="bbox 2288 3371 3876 3454">
     <span class='ocr_line' id='line_1_93' title="bbox 2288 3371 3876 3454; baseline -0.018 -8"><span class='ocrx_word' id='word_1_665' title='bbox 2288 3390 2495 3446; x_wconf 88' lang='lat' dir='ltr'>mortis</span> <span class='ocrx_word' id='word_1_666' title='bbox 2525 3371 2771 3450; x_wconf 88' lang='lat' dir='ltr'>occasio,</span> <span class='ocrx_word' id='word_1_667' title='bbox 2803 3387 2966 3439; x_wconf 90' lang='lat' dir='ltr'>tanto</span> <span class='ocrx_word' id='word_1_668' title='bbox 2997 3381 3196 3454; x_wconf 87' lang='lat' dir='ltr'>plures</span> <span class='ocrx_word' id='word_1_669' title='bbox 3223 3378 3577 3451; x_wconf 83' lang='lat' dir='ltr'>plerumque</span> <span class='ocrx_word' id='word_1_670' title='bbox 3590 3371 3769 3428; x_wconf 86' lang='lat' dir='ltr'>eodem</span> <span class='ocrx_word' id='word_1_671' title='bbox 3786 3377 3876 3419; x_wconf 70' lang='lat' dir='ltr'>cor</span> 
     </span>
    </p>
   </div>
   <div class='ocr_carea' id='block_1_94' title="bbox 2287 3461 3876 3552">
    <p class='ocr_par' dir='ltr' id='par_1_94' title="bbox 2287 3461 3876 3552">
     <span class='ocr_line' id='line_1_94' title="bbox 2287 3461 3876 3552; baseline -0.017 -18"><span class='ocrx_word' id='word_1_672' title='bbox 2287 3479 2555 3552; x_wconf 84' lang='lat' dir='ltr'>rigantur</span> <span class='ocrx_word' id='word_1_673' title='bbox 2581 3471 2887 3545; x_wconf 82' lang='lat' dir='ltr'>exemplo?</span> <span class='ocrx_word' id='word_1_674' title='bbox 2938 3470 3084 3525; x_wconf 90' lang='lat' dir='ltr'>Hinc</span> <span class='ocrx_word' id='word_1_675' title='bbox 3135 3468 3291 3524; x_wconf 88' lang='lat' dir='ltr'>enim</span> <span class='ocrx_word' id='word_1_676' title='bbox 3330 3466 3571 3541; x_wconf 89' lang='lat' dir='ltr'>quidam</span> <span class='ocrx_word' id='word_1_677' title='bbox 3603 3461 3876 3549; x_wconf 64' lang='lat' dir='ltr'>nostroqu</span> 
     </span>
    </p>
   </div>
   <div class='ocr_carea' id='block_1_95' title="bbox 2289 3538 3878 3630">
    <p class='ocr_par' dir='ltr' id='par_1_95' title="bbox 2289 3538 3878 3630">
     <span class='ocr_line' id='line_1_95' title="bbox 2289 3538 3878 3630; baseline -0.016 -7"><span class='ocrx_word' id='word_1_678' title='bbox 2289 3538 2430 3623; x_wconf 71' lang='lat' dir='ltr'>dicit</span> <span class='ocrx_word' id='word_1_679' title='bbox 2486 3566 2691 3622; x_wconf 90' lang='lat' dir='ltr'>eodem</span> <span class='ocrx_word' id='word_1_680' title='bbox 2751 3538 2927 3616; x_wconf 75' lang='lat' dir='ltr'>sensu</span> <span class='ocrx_word' id='word_1_681' title='bbox 2988 3556 3292 3630; x_wconf 60' lang='lat' dir='ltr'>praemisso</span> <span class='ocrx_word' id='word_1_682' title='bbox 3335 3538 3367 3613; x_wconf 60' lang='grc' dir='ltr'><em>ί</em></span> <span class='ocrx_word' id='word_1_683' title='bbox 3385 3554 3512 3611; x_wconf 79' lang='lat' dir='ltr'>Vide</span> <span class='ocrx_word' id='word_1_684' title='bbox 3538 3546 3714 3614; x_wconf 80' lang='lat' dir='ltr'>David,</span> <span class='ocrx_word' id='word_1_685' title='bbox 3739 3538 3878 3599; x_wconf 64' lang='lat' dir='ltr'>conti-</span> 
     </span>
    </p>
   </div>
   <div class='ocr_carea' id='block_1_96' title="bbox 2288 3639 3879 3722">
    <p class='ocr_par' dir='ltr' id='par_1_96' title="bbox 2288 3639 3879 3722">
     <span class='ocr_line' id='line_1_96' title="bbox 2288 3639 3879 3722; baseline -0.023 -8"><span class='ocrx_word' id='word_1_686' title='bbox 2288 3658 2419 3714; x_wconf 81' lang='lat' dir='ltr'>dera</span> <span class='ocrx_word' id='word_1_687' title='bbox 2451 3660 2694 3722; x_wconf 87' lang='lat' dir='ltr'>Petrum,</span> <span class='ocrx_word' id='word_1_688' title='bbox 2751 3665 2985 3722; x_wconf 82' lang='lat' dir='ltr'>quorum</span> <span class='ocrx_word' id='word_1_689' title='bbox 3038 3662 3142 3718; x_wconf 87' lang='lat' dir='ltr'>quo</span> <span class='ocrx_word' id='word_1_690' title='bbox 3198 3645 3408 3714; x_wconf 84' lang='lat' dir='ltr'>gradus</span> <span class='ocrx_word' id='word_1_691' title='bbox 3460 3643 3641 3704; x_wconf 78' lang='lat' dir='ltr'>altior,</span> <span class='ocrx_word' id='word_1_692' title='bbox 3680 3650 3733 3691; x_wconf 79' lang='lat' dir='ltr'>eo</span> <span class='ocrx_word' id='word_1_693' title='bbox 3757 3639 3879 3722; x_wconf 63' lang='lat' dir='ltr'>casti:</span> 
     </span>
    </p>
   </div>
   <div class='ocr_carea' id='block_1_97' title="bbox 2288 3714 3879 3817">
    <p class='ocr_par' dir='ltr' id='par_1_97' title="bbox 2288 3714 3879 3817">
     <span class='ocr_line' id='line_1_97' title="bbox 2288 3714 3879 3817; baseline -0.013 -15"><span class='ocrx_word' id='word_1_694' title='bbox 2288 3747 2511 3817; x_wconf 86' lang='lat' dir='ltr'>gravior</span> <span class='ocrx_word' id='word_1_695' title='bbox 2540 3760 2558 3797; x_wconf 89' lang='lat'><em>:</em></span> <span class='ocrx_word' id='word_1_696' title='bbox 2588 3757 2692 3814; x_wconf 86' lang='lat' dir='ltr'>quo</span> <span class='ocrx_word' id='word_1_697' title='bbox 2721 3746 2906 3794; x_wconf 82' lang='lat' dir='ltr'>autem</span> <span class='ocrx_word' id='word_1_698' title='bbox 2933 3751 3089 3791; x_wconf 83' lang='lat' dir='ltr'>casus</span> <span class='ocrx_word' id='word_1_699' title='bbox 3110 3735 3361 3804; x_wconf 86' lang='lat' dir='ltr'>gravior,</span> <span class='ocrx_word' id='word_1_700' title='bbox 3391 3748 3452 3789; x_wconf 84' lang='lat' dir='ltr'>eo</span> <span class='ocrx_word' id='word_1_701' title='bbox 3473 3731 3638 3802; x_wconf 74' lang='lat' dir='ltr'>pietas</span> 
     </span>
    </p>
   </div>
   <div class='ocr_carea' id='block_1_98' title="bbox 2288 3802 3879 3905">
    <p class='ocr_par' dir='ltr' id='par_1_98' title="bbox 2288 3802 3879 3905">
     <span class='ocr_line' id='line_1_98' title="bbox 2288 3802 3879 3905; baseline -0.02 -14"><span class='ocrx_word' id='word_1_702' title='bbox 2288 3802 2518 3905; x_wconf 69' lang='lat' dir='ltr'>gratior.</span> <span class='ocrx_word' id='word_1_703' title='bbox 2572 3802 2736 3887; x_wconf 66' lang='lat' dir='ltr'>Ilnde</span> <span class='ocrx_word' id='word_1_704' title='bbox 2789 3831 2847 3883; x_wconf 89' lang='lat' dir='ltr'>et</span> <span class='ocrx_word' id='word_1_705' title='bbox 2892 3826 3048 3881; x_wconf 89' lang='lat' dir='ltr'>idem</span> <span class='ocrx_word' id='word_1_706' title='bbox 3106 3802 3285 3878; x_wconf 85' lang='lat' dir='ltr'>nimis</span> <span class='ocrx_word' id='word_1_707' title='bbox 3343 3819 3581 3895; x_wconf 88' lang='lat' dir='ltr'>pulchre</span> <span class='ocrx_word' id='word_1_708' title='bbox 3634 3802 3879 3905; x_wconf 65' lang='lat' dir='ltr'>consuevit</span> 
     </span>
    </p>
   </div>
   <div class='ocr_carea' id='block_1_99' title="bbox 2289 3890 3878 3988">
    <p class='ocr_par' dir='ltr' id='par_1_99' title="bbox 2289 3890 3878 3988">
     <span class='ocr_line' id='line_1_99' title="bbox 2289 3890 3878 3988; baseline -0.015 -9"><span class='ocrx_word' id='word_1_709' title='bbox 2289 3890 2498 3979; x_wconf 67' lang='lat' dir='ltr'>orare:</span> <span class='ocrx_word' id='word_1_710' title='bbox 2560 3921 2721 3984; x_wconf 82' lang='lat' dir='ltr'>Deus,</span> <span class='ocrx_word' id='word_1_711' title='bbox 2780 3917 2879 3988; x_wconf 87' lang='lat' dir='ltr'>qui</span> <span class='ocrx_word' id='word_1_712' title='bbox 2932 3890 3393 3985; x_wconf 59' lang='lat' dir='ltr'>omnipotentiarn</span> <span class='ocrx_word' id='word_1_713' title='bbox 3465 3917 3615 3964; x_wconf 79' lang='lat' dir='ltr'>tuam</span> <span class='ocrx_word' id='word_1_714' title='bbox 3662 3890 3878 3974; x_wconf 69' lang='grc' dir='ltr'>ραπεπάο</span> 
     </span>
    </p>
   </div>
   <div class='ocr_carea' id='block_1_100' title="bbox 2288 3990 3882 4069">
    <p class='ocr_par' dir='ltr' id='par_1_100' title="bbox 2288 3990 3882 4069">
     <span class='ocr_line' id='line_1_100' title="bbox 2288 3990 3882 4069; baseline -0.016 -4"><span class='ocrx_word' id='word_1_715' title='bbox 2288 4010 2529 4064; x_wconf 73' lang='lat' dir='ltr'>maxime</span> <span class='ocrx_word' id='word_1_716' title='bbox 2563 4013 2615 4061; x_wconf 83' lang='lat' dir='ltr'>et</span> <span class='ocrx_word' id='word_1_717' title='bbox 2659 4001 2972 4059; x_wconf 83' lang='lat' dir='ltr'>miserando</span> <span class='ocrx_word' id='word_1_718' title='bbox 3025 4000 3375 4069; x_wconf 79' lang='lat' dir='ltr'>manifestas,</span> <span class='ocrx_word' id='word_1_719' title='bbox 3422 3990 3718 4065; x_wconf 73' lang='lat' dir='ltr'>multiplica</span> <span class='ocrx_word' id='word_1_720' title='bbox 3756 3991 3882 4052; x_wconf 59' lang='lat' dir='ltr'>super</span> 
     </span>
    </p>
   </div>
   <div class='ocr_carea' id='block_1_101' title="bbox 2287 4079 3881 4153">
    <p class='ocr_par' dir='ltr' id='par_1_101' title="bbox 2287 4079 3881 4153">
     <span class='ocr_line' id='line_1_101' title="bbox 2287 4079 3881 4153; baseline -0.017 -1"><span class='ocrx_word' id='word_1_721' title='bbox 2287 4113 2385 4152; x_wconf 78' lang='lat' dir='ltr'>nos</span> <span class='ocrx_word' id='word_1_722' title='bbox 2414 4091 2853 4150; x_wconf 74' lang='lat' dir='ltr'>misericordiam</span> <span class='ocrx_word' id='word_1_723' title='bbox 2891 4098 3064 4145; x_wconf 82' lang='lat' dir='ltr'>tuam.</span> <span class='ocrx_word' id='word_1_724' title='bbox 3113 4085 3260 4153; x_wconf 91' lang='lat' dir='ltr'>Quid</span> <span class='ocrx_word' id='word_1_725' title='bbox 3310 4085 3472 4140; x_wconf 87' lang='lat' dir='ltr'>enim</span> <span class='ocrx_word' id='word_1_726' title='bbox 3520 4080 3569 4138; x_wconf 93' lang='lat' dir='ltr'>si</span> <span class='ocrx_word' id='word_1_727' title='bbox 3621 4079 3730 4133; x_wconf 61' lang='lat' dir='ltr'>hac</span> <span class='ocrx_word' id='word_1_728' title='bbox 3770 4082 3881 4124; x_wconf 80' lang='lat' dir='ltr'>cun-</span> 
     </span>
    </p>
   </div>
   <div class='ocr_carea' id='block_1_102' title="bbox 2289 4153 3878 4252">
    <p class='ocr_par' dir='ltr' id='par_1_102' title="bbox 2289 4153 3878 4252">
     <span class='ocr_line' id='line_1_102' title="bbox 2289 4153 3878 4252; baseline -0.016 -12"><span class='ocrx_word' id='word_1_729' title='bbox 2289 4189 2383 4241; x_wconf 89' lang='lat' dir='ltr'>cta</span> <span class='ocrx_word' id='word_1_730' title='bbox 2435 4183 2566 4238; x_wconf 91' lang='lat' dir='ltr'>ideo</span> <span class='ocrx_word' id='word_1_731' title='bbox 2596 4181 2679 4235; x_wconf 89' lang='lat' dir='ltr'>ita</span> <span class='ocrx_word' id='word_1_732' title='bbox 2728 4178 2998 4252; x_wconf 87' lang='lat' dir='ltr'>permisit</span> <span class='ocrx_word' id='word_1_733' title='bbox 3053 4175 3333 4243; x_wconf 89' lang='lat' dir='ltr'>incidere,</span> <span class='ocrx_word' id='word_1_734' title='bbox 3390 4177 3455 4229; x_wconf 89' lang='lat' dir='ltr'>ut</span> <span class='ocrx_word' id='word_1_735' title='bbox 3482 4153 3878 4252; x_wconf 25' lang='lat' dir='ltr'>haberes-unde</span> 
     </span>
    </p>
   </div>
   <div class='ocr_carea' id='block_1_103' title="bbox 2289 4246 3879 4343">
    <p class='ocr_par' dir='ltr' id='par_1_103' title="bbox 2289 4246 3879 4343">
     <span class='ocr_line' id='line_1_103' title="bbox 2289 4246 3879 4343; baseline -0.02 -13"><span class='ocrx_word' id='word_1_736' title='bbox 2289 4289 2424 4330; x_wconf 91' lang='lat' dir='ltr'>eum</span> <span class='ocrx_word' id='word_1_737' title='bbox 2474 4269 2728 4343; x_wconf 89' lang='lat' dir='ltr'>amplius</span> <span class='ocrx_word' id='word_1_738' title='bbox 2774 4283 2979 4339; x_wconf 88' lang='lat' dir='ltr'>posses</span> <span class='ocrx_word' id='word_1_739' title='bbox 3034 4263 3295 4330; x_wconf 88' lang='lat' dir='ltr'>laudare,</span> <span class='ocrx_word' id='word_1_740' title='bbox 3348 4261 3547 4319; x_wconf 87' lang='lat' dir='ltr'>sinens</span> <span class='ocrx_word' id='word_1_741' title='bbox 3587 4246 3879 4343; x_wconf 56' lang='lat' dir='ltr'>videlicettg</span> 
     </span>
    </p>
   </div>
   <div class='ocr_carea' id='block_1_104' title="bbox 2289 4326 3880 4436">
    <p class='ocr_par' dir='ltr' id='par_1_104' title="bbox 2289 4326 3880 4436">
     <span class='ocr_line' id='line_1_104' title="bbox 2289 4326 3880 4436; baseline -0.018 -18"><span class='ocrx_word' id='word_1_742' title='bbox 2289 4326 2605 4436; x_wconf 72' lang='lat' dir='ltr'>periclitari</span> <span class='ocrx_word' id='word_1_743' title='bbox 2636 4357 2695 4411; x_wconf 92' lang='lat' dir='ltr'>in</span> <span class='ocrx_word' id='word_1_744' title='bbox 2729 4326 3019 4429; x_wconf 76' lang='lat' dir='ltr'>pluribus,</span> <span class='ocrx_word' id='word_1_745' title='bbox 3056 4357 3125 4408; x_wconf 92' lang='lat' dir='ltr'>ut</span> <span class='ocrx_word' id='word_1_746' title='bbox 3172 4326 3299 4407; x_wconf 80' lang='lat' dir='ltr'>sine</span> <span class='ocrx_word' id='word_1_747' title='bbox 3349 4350 3574 4406; x_wconf 78' lang='lat' dir='ltr'>defectu</span> <span class='ocrx_word' id='word_1_748' title='bbox 3603 4326 3880 4436; x_wconf 54' lang='lat' dir='ltr'>clamareSL?</span> 
     </span>
    </p>
   </div>
   <div class='ocr_carea' id='block_1_105' title="bbox 2290 4416 3876 4518">
    <p class='ocr_par' dir='ltr' id='par_1_105' title="bbox 2290 4416 3876 4518">
     <span class='ocr_line' id='line_1_105' title="bbox 2290 4416 3876 4518; baseline -0.011 -12"><span class='ocrx_word' id='word_1_749' title='bbox 2290 4416 2440 4518; x_wconf 62' lang='lat' dir='ltr'>eius</span> <span class='ocrx_word' id='word_1_750' title='bbox 2471 4448 2520 4504; x_wconf 89' lang='lat' dir='ltr'>si</span> <span class='ocrx_word' id='word_1_751' title='bbox 2546 4450 2603 4503; x_wconf 87' lang='lat' dir='ltr'>te</span> <span class='ocrx_word' id='word_1_752' title='bbox 2631 4416 3160 4517; x_wconf 67' lang='lat' dir='ltr'>exemplumvoluit</span> <span class='ocrx_word' id='word_1_753' title='bbox 3188 4455 3318 4496; x_wconf 87' lang='lat' dir='ltr'>esse</span> <span class='ocrx_word' id='word_1_754' title='bbox 3342 4437 3571 4503; x_wconf 85' lang='lat' dir='ltr'>talium,</span> <span class='ocrx_word' id='word_1_755' title='bbox 3618 4428 3707 4504; x_wconf 82' lang='lat' dir='ltr'>qui</span> <span class='ocrx_word' id='word_1_756' title='bbox 3749 4416 3876 4495; x_wconf 67' lang='lat' dir='ltr'>(th</span> 
     </span>
    </p>
   </div>
   <div class='ocr_carea' id='block_1_106' title="bbox 2290 4518 3876 4599">
    <p class='ocr_par' dir='ltr' id='par_1_106' title="bbox 2290 4518 3876 4599">
     <span class='ocr_line' id='line_1_106' title="bbox 2290 4518 3876 4599; baseline -0.016 -5"><span class='ocrx_word' id='word_1_757' title='bbox 2290 4538 2510 4599; x_wconf 84' lang='lat' dir='ltr'>dolor!)</span> <span class='ocrx_word' id='word_1_758' title='bbox 2537 4530 3045 4591; x_wconf 85' lang='lat' dir='ltr'>innumerabiliter</span> <span class='ocrx_word' id='word_1_759' title='bbox 3085 4529 3169 4584; x_wconf 90' lang='lat' dir='ltr'>ita</span> <span class='ocrx_word' id='word_1_760' title='bbox 3212 4527 3387 4583; x_wconf 88' lang='lat' dir='ltr'>hodie</span> <span class='ocrx_word' id='word_1_761' title='bbox 3443 4542 3545 4599; x_wconf 90' lang='lat' dir='ltr'>per</span> <span class='ocrx_word' id='word_1_762' title='bbox 3593 4518 3876 4577; x_wconf 77' lang='lat' dir='ltr'>universum</span> 
     </span>
    </p>
   </div>
   <div class='ocr_carea' id='block_1_107' title="bbox 2290 4605 3879 4688">
    <p class='ocr_par' dir='ltr' id='par_1_107' title="bbox 2290 4605 3879 4688">
     <span class='ocr_line' id='line_1_107' title="bbox 2290 4605 3879 4688; baseline -0.019 -5"><span class='ocrx_word' id='word_1_763' title='bbox 2290 4627 2681 4684; x_wconf 85' lang='lat' dir='ltr'>instituuntur</span> <span class='ocrx_word' id='word_1_764' title='bbox 2729 4619 3031 4686; x_wconf 71' lang='lat' dir='ltr'>saeculum,</span> <span class='ocrx_word' id='word_1_765' title='bbox 3081 4622 3147 4673; x_wconf 90' lang='lat' dir='ltr'>ut</span> <span class='ocrx_word' id='word_1_766' title='bbox 3175 4616 3411 4688; x_wconf 87' lang='lat' dir='ltr'>capiant</span> <span class='ocrx_word' id='word_1_767' title='bbox 3466 4605 3879 4688; x_wconf 44' lang='lat' dir='ltr'>aliquodcunqllé</span> 
     </span>
    </p>
   </div>
   <div class='ocr_carea' id='block_1_108' title="bbox 2290 4683 3882 4786">
    <p class='ocr_par' dir='ltr' id='par_1_108' title="bbox 2290 4683 3882 4786">
     <span class='ocr_line' id='line_1_108' title="bbox 2290 4683 3882 4786; baseline -0.021 -13"><span class='ocrx_word' id='word_1_768' title='bbox 2290 4683 2362 4773; x_wconf 89' lang='lat' dir='ltr'>de</span> <span class='ocrx_word' id='word_1_769' title='bbox 2420 4732 2482 4771; x_wconf 86' lang='lat' dir='ltr'>se</span> <span class='ocrx_word' id='word_1_770' title='bbox 2538 4727 2775 4786; x_wconf 89' lang='lat' dir='ltr'>quoque</span> <span class='ocrx_word' id='word_1_771' title='bbox 2829 4709 2941 4781; x_wconf 90' lang='lat' dir='ltr'>ipsi</span> <span class='ocrx_word' id='word_1_772' title='bbox 2995 4683 3329 4771; x_wconf 73' lang='lat' dir='ltr'>consilium,</span> <span class='ocrx_word' id='word_1_773' title='bbox 3384 4704 3526 4759; x_wconf 89' lang='lat' dir='ltr'>dum</span> <span class='ocrx_word' id='word_1_774' title='bbox 3580 4704 3635 4754; x_wconf 88' lang='lat' dir='ltr'>te</span> <span class='ocrx_word' id='word_1_775' title='bbox 3679 4683 3882 4748; x_wconf 65' lang='lat' dir='ltr'>viderint</span> 
     </span>
    </p>
   </div>
   <div class='ocr_carea' id='block_1_109' title="bbox 2292 4785 3879 4871">
    <p class='ocr_par' dir='ltr' id='par_1_109' title="bbox 2292 4785 3879 4871">
     <span class='ocr_line' id='line_1_109' title="bbox 2292 4785 3879 4871; baseline -0.013 -9"><span class='ocrx_word' id='word_1_776' title='bbox 2292 4785 2704 4861; x_wconf 83' lang='lat' dir='ltr'>resuscitatum</span> <span class='ocrx_word' id='word_1_777' title='bbox 2735 4814 2910 4871; x_wconf 88' lang='lat' dir='ltr'>quem</span> <span class='ocrx_word' id='word_1_778' title='bbox 2942 4798 3223 4851; x_wconf 85' lang='lat' dir='ltr'>noverant</span> <span class='ocrx_word' id='word_1_779' title='bbox 3250 4792 3621 4854; x_wconf 82' lang='lat' dir='ltr'>exstinctum,</span> <span class='ocrx_word' id='word_1_780' title='bbox 3643 4794 3745 4855; x_wconf 81' lang='lat' dir='ltr'>quo</span> <span class='ocrx_word' id='word_1_781' title='bbox 3770 4785 3879 4871; x_wconf 54' lang='grc' dir='ltr'>ξηιλ·</span> 
     </span>
    </p>
   </div>
   <div class='ocr_carea' id='block_1_110' title="bbox 2291 4861 3879 4956">
    <p class='ocr_par' dir='ltr' id='par_1_110' title="bbox 2291 4861 3879 4956">
     <span class='ocr_line' id='line_1_110' title="bbox 2291 4861 3879 4956; baseline -0.019 -7"><span class='ocrx_word' id='word_1_782' title='bbox 2291 4891 2567 4949; x_wconf 86' lang='lat' dir='ltr'>thematis</span> <span class='ocrx_word' id='word_1_783' title='bbox 2594 4861 2841 4954; x_wconf 65' lang='lat' dir='ltr'>lethuin,</span> <span class='ocrx_word' id='word_1_784' title='bbox 2875 4884 2925 4941; x_wconf 90' lang='lat' dir='ltr'>si</span> <span class='ocrx_word' id='word_1_785' title='bbox 2950 4883 3075 4940; x_wconf 82' lang='lat' dir='ltr'>ﬁeri</span> <span class='ocrx_word' id='word_1_786' title='bbox 3108 4880 3311 4956; x_wconf 89' lang='lat' dir='ltr'>possit,</span> <span class='ocrx_word' id='word_1_787' title='bbox 3341 4879 3586 4937; x_wconf 89' lang='lat' dir='ltr'>evadant</span> <span class='ocrx_word' id='word_1_788' title='bbox 3610 4861 3879 4956; x_wconf 35' lang='lat' dir='ltr'>cauom-bu?</span> 
     </span>
    </p>
   </div>
   <div class='ocr_carea' id='block_1_111' title="bbox 2292 4944 3881 5055">
    <p class='ocr_par' dir='ltr' id='par_1_111' title="bbox 2292 4944 3881 5055">
     <span class='ocr_line' id='line_1_111' title="bbox 2292 4944 3881 5055; baseline -0.02 -17"><span class='ocrx_word' id='word_1_789' title='bbox 2292 4944 2751 5055; x_wconf 59' lang='lat' dir='ltr'>promulgatum,</span> <span class='ocrx_word' id='word_1_790' title='bbox 2810 4944 3395 5044; x_wconf 76' lang='lat' dir='ltr'>maledictionemque</span> <span class='ocrx_word' id='word_1_791' title='bbox 3451 4985 3487 5024; x_wconf 90' lang='lat' dir='ltr'>a</span> <span class='ocrx_word' id='word_1_792' title='bbox 3539 4981 3598 5021; x_wconf 89' lang='lat' dir='ltr'>se</span> <span class='ocrx_word' id='word_1_793' title='bbox 3641 4944 3881 5029; x_wconf 66' lang='lat' dir='ltr'>expellat!t</span> 
     </span>
    </p>
   </div>
   <div class='ocr_carea' id='block_1_112' title="bbox 2365 5214 3880 5312">
    <p class='ocr_par' dir='ltr' id='par_1_112' title="bbox 2365 5214 3880 5312">
     <span class='ocr_line' id='line_1_112' title="bbox 2365 5214 3880 5312; baseline -0.014 -11"><span class='ocrx_word' id='word_1_794' title='bbox 2365 5247 2511 5312; x_wconf 86' lang='lat'>(320)</span> <span class='ocrx_word' id='word_1_795' title='bbox 2542 5244 2603 5300; x_wconf 91' lang='lat' dir='ltr'>Id</span> <span class='ocrx_word' id='word_1_796' title='bbox 2637 5244 2727 5298; x_wconf 88' lang='lat' dir='ltr'>est</span> <span class='ocrx_word' id='word_1_797' title='bbox 2757 5254 3007 5312; x_wconf 74' lang='lat' dir='ltr'>exercens</span> <span class='ocrx_word' id='word_1_798' title='bbox 3044 5238 3153 5312; x_wconf 86' lang='lat' dir='ltr'>pia_</span> <span class='ocrx_word' id='word_1_799' title='bbox 3167 5251 3350 5312; x_wconf 79' lang='lat' dir='ltr'>opera,</span> <span class='ocrx_word' id='word_1_800' title='bbox 3388 5224 3684 5312; x_wconf 59' lang='lat' dir='ltr'>nouguasi</span> <span class='ocrx_word' id='word_1_801' title='bbox 3705 5214 3880 5312; x_wconf 55' lang='grc' dir='ltr'>(ζιίξξζξς</span> 
     </span>
    </p>
   </div>
   <div class='ocr_carea' id='block_1_113' title="bbox 2292 5292 3881 5390">
    <p class='ocr_par' dir='ltr' id='par_1_113' title="bbox 2292 5292 3881 5390">
     <span class='ocr_line' id='line_1_113' title="bbox 2292 5292 3881 5390; baseline -0.022 -14"><span class='ocrx_word' id='word_1_802' title='bbox 2292 5292 2518 5390; x_wconf 42' lang='lat' dir='ltr'>ceperis</span> <span class='ocrx_word' id='word_1_803' title='bbox 2547 5317 2615 5390; x_wconf 77' lang='lat' dir='ltr'>ab</span> <span class='ocrx_word' id='word_1_804' title='bbox 2646 5312 2890 5390; x_wconf 70' lang='lat' dir='ltr'>infantia</span> <span class='ocrx_word' id='word_1_805' title='bbox 2918 5292 3693 5390; x_wconf 41' lang='lat' dir='ltr'>ipsazsed(hancl&#39;particiulpm</span> <span class='ocrx_word' id='word_1_806' title='bbox 3720 5292 3881 5390; x_wconf 45' lang='grc' dir='ltr'>δεδέξῗὲ</span> 
     </span>
    </p>
   </div>
   <div class='ocr_carea' id='block_1_114' title="bbox 2296 5362 3882 5453">
    <p class='ocr_par' dir='ltr' id='par_1_114' title="bbox 2296 5362 3882 5453">
     <span class='ocr_line' id='line_1_114' title="bbox 2296 5362 3882 5453; baseline -0.004 -7"><span class='ocrx_word' id='word_1_807' title='bbox 2296 5362 2684 5445; x_wconf 61' lang='lat' dir='ltr'>necessariam</span> <span class='ocrx_word' id='word_1_808' title='bbox 2709 5362 3140 5453; x_wconf 47' lang='lat' dir='ltr'>&#39;supplevim’us)</span> <span class='ocrx_word' id='word_1_809' title='bbox 3167 5362 3179 5377; x_wconf 29' lang='grc' dir='ltr'><strong>Χ</strong></span> <span class='ocrx_word' id='word_1_810' title='bbox 3202 5362 3382 5453; x_wconf 61' lang='grc' dir='ltr'>ᾴὴαηςί</span> 
     </span>
    </p>
   </div>
   <div class='ocr_carea' id='block_1_115' title="bbox 2295 5423 3879 5532">
    <p class='ocr_par' dir='ltr' id='par_1_115' title="bbox 2295 5423 3879 5532">
     <span class='ocr_line' id='line_1_115' title="bbox 2296 5423 3596 5445; baseline -0.015 0"><span class='ocrx_word' id='word_1_811' title='bbox 2296 5423 2684 5445; x_wconf 48' lang='lat' dir='ltr'>necessum.“</span> <span class='ocrx_word' id='word_1_812' title='bbox 2718 5423 2784 5438; x_wconf 75' lang='grc' dir='ltr'>υ..</span> <span class='ocrx_word' id='word_1_813' title='bbox 2873 5423 3120 5437; x_wconf 55' lang='lat' dir='ltr'>wn...“</span> <span class='ocrx_word' id='word_1_814' title='bbox 3237 5423 3357 5433; x_wconf 55' lang='lat' dir='ltr'>mm</span> <span class='ocrx_word' id='word_1_815' title='bbox 3451 5423 3502 5430; x_wconf 60' lang='grc' dir='ltr'>π,</span> 
     </span>
     <span class='ocr_line' id='line_1_116' title="bbox 2295 5423 3879 5532; baseline -0.016 -16"><span class='ocrx_word' id='word_1_816' title='bbox 2295 5466 2504 5532; x_wconf 78' lang='lat' dir='ltr'>tempus</span> <span class='ocrx_word' id='word_1_817' title='bbox 2532 5458 2663 5513; x_wconf 68' lang='lat' dir='ltr'>vita:</span> <span class='ocrx_word' id='word_1_818' title='bbox 2681 5423 2877 5532; x_wconf 36' lang='lat' dir='ltr'>daturin</span> <span class='ocrx_word' id='word_1_819' title='bbox 2899 5456 3059 5532; x_wconf 73' lang='lat' dir='ltr'>atque</span> <span class='ocrx_word' id='word_1_820' title='bbox 3085 5423 3461 5530; x_wconf 51' lang='grc' dir='ltr'>οίηλιδῖιπιρειιῇι</span> <span class='ocrx_word' id='word_1_821' title='bbox 3488 5423 3879 5532; x_wconf 47' lang='grc' dir='ltr'>ἀᾳιξείαξξοέίξχξ</span> 
     </span>
    </p>
   </div>
   <div class='ocr_carea' id='block_1_116' title="bbox 2289 5494 3882 5605">
    <p class='ocr_par' dir='ltr' id='par_1_116' title="bbox 2289 5494 3882 5605">
     <span class='ocr_line' id='line_1_117' title="bbox 2295 5494 3613 5532; baseline -0.014 -16"><span class='ocrx_word' id='word_1_822' title='bbox 2295 5494 2502 5532; x_wconf 71' lang='grc' dir='ltr'>ιιῠιημωο</span> <span class='ocrx_word' id='word_1_823' title='bbox 2537 5494 2658 5513; x_wconf 61' lang='lat' dir='ltr'>Illico</span> <span class='ocrx_word' id='word_1_824' title='bbox 2689 5494 2877 5509; x_wconf 62' lang='lat' dir='ltr'>meoun-</span> <span class='ocrx_word' id='word_1_825' title='bbox 2899 5494 2953 5507; x_wconf 67' lang='lat' dir='ltr'>ww</span> <span class='ocrx_word' id='word_1_826' title='bbox 2995 5494 3057 5507; x_wconf 80' lang='lat' dir='ltr'><strong><em>wv</em></strong></span> <span class='ocrx_word' id='word_1_827' title='bbox 3085 5494 3459 5521; x_wconf 63' lang='grc' dir='ltr'>νι---ιυυνηνιννπην</span> <span class='ocrx_word' id='word_1_828' title='bbox 3489 5494 3613 5500; x_wconf 39' lang='grc' dir='ltr'>πν-,κ</span> 
     </span>
     <span class='ocr_line' id='line_1_118' title="bbox 2289 5494 3882 5605; baseline -0.019 -18"><span class='ocrx_word' id='word_1_829' title='bbox 2289 5533 2497 5605; x_wconf 71' lang='lat' dir='ltr'>pravis,</span> <span class='ocrx_word' id='word_1_830' title='bbox 2522 5526 2839 5605; x_wconf 68' lang='lat' dir='ltr'>mineris</span> <span class='ocrx_word' id='word_1_831' title='bbox 2894 5494 3082 5605; x_wconf 40' lang='lat' dir='ltr'>d&#39;ezzqre</span> <span class='ocrx_word' id='word_1_832' title='bbox 3136 5529 3185 5577; x_wconf 80' lang='lat' dir='ltr'>te</span> <span class='ocrx_word' id='word_1_833' title='bbox 3231 5517 3538 5592; x_wconf 81' lang='lat' dir='ltr'>mancipari</span> <span class='ocrx_word' id='word_1_834' title='bbox 3589 5513 3780 5568; x_wconf 81' lang='lat' dir='ltr'>tantum</span> <span class='ocrx_word' id='word_1_835' title='bbox 3804 5494 3882 5549; x_wconf 70' lang='lat'>050</span> 
     </span>
    </p>
   </div>
   <div class='ocr_carea' id='block_1_117' title="bbox 2292 5593 3169 5671">
    <p class='ocr_par' dir='ltr' id='par_1_117' title="bbox 2292 5593 3169 5671">
     <span class='ocr_line' id='line_1_119' title="bbox 2292 5593 3169 5671; baseline -0.014 -11"><span class='ocrx_word' id='word_1_836' title='bbox 2292 5593 2510 5660; x_wconf 75' lang='lat' dir='ltr'>residuo</span> <span class='ocrx_word' id='word_1_837' title='bbox 2540 5598 2728 5671; x_wconf 82' lang='lat' dir='ltr'>spatii,</span> <span class='ocrx_word' id='word_1_838' title='bbox 2759 5596 2809 5651; x_wconf 83' lang='lat' dir='ltr'>si</span> <span class='ocrx_word' id='word_1_839' title='bbox 2837 5593 2969 5668; x_wconf 84' lang='lat' dir='ltr'>quid</span> <span class='ocrx_word' id='word_1_840' title='bbox 2987 5593 3169 5649; x_wconf 87' lang='lat' dir='ltr'>datur.</span> 
     </span>
    </p>
   </div>
  </div>
