4054 6190
271 252 386 319 309

1228 254 1875 331 PR/ELOQUIOBUM
1916 254 2127 323 LIBRI
2174 261 2347 326 SEX.
2378 296 2457 310 —
2486 262 2634 329 LIB.
2680 261 2755 331 ν.

3554 262 3671 334 310

267 387 548 464 principis
579 386 979 461 apostolorum
1011 405 1114 464 per
1155 390 1525 450 clementiam
1570 394 1671 450 Dei
1721 400 1780 451 et
1808 396 1915 453 Do-
1941 393 1998 459 Α
2026 394 2102 449 tis
2134 396 2253 452 tuis
2281 396 2390 452 hoc
2412 396 2516 454 tibi
2547 399 2847 467 accidisse,
2879 403 2936 457 et
2965 399 3196 458 minora
3240 398 3489 457 multum
3520 417 3672 471 esse,

268 478 410 537 mini
439 477 880 552 apostolorum?
910 480 1057 537 Nam
1089 485 1148 538 et
1175 500 1278 556 pro
1307 483 1477 540 nobis
1507 482 1604 540 ille
1634 485 1759 541 ﬁeri
1790 486 1913 561 dig-

266 573 438 627 natus
463 572 554 625 est
585 567 963 625 maledictum
1011 570 1150 635 (Gal.
1193 590 1278 641 III,
1329 574 1439 642 13),
1474 579 1540 629 ut
1587 592 1691 632 nos
1724 594 1757 633 a
1786 594 1910 633 ma-

262 658 472 717 ledicto
502 657 817 714 redimeret
863 676 976 715 non
1020 664 1250 717 tantum
1280 660 1446 734 legis,
1481 665 1581 720 sed
1635 670 1694 721 et
1735 666 1908 739 origi-

263 748 487 806 nalium
536 752 713 820 atque
759 748 1081 806 actualium
1131 750 1486 819 criminum;
1539 758 1771 810 tantum
1822 760 1910 812 est

261 855 334 895 ne
379 840 676 910 desperes,
725 853 797 892 ne
845 839 1098 909 segniter
1143 857 1302 913 agas,
1357 859 1429 896 ne
1486 843 1557 897 ad
1611 844 1906 900 dexteram

260 944 363 1001 per
390 926 729 992 elationem,
752 942 824 982 ne
851 927 923 982 ad
970 926 1271 984 sinistram
1324 931 1597 987 deﬂectas
1644 950 1747 1003 per
1775 934 1905 990 des-

259 1017 662 1090 perationem;
721 1032 792 1070 ne
844 1015 1126 1087 qualitate
1181 1018 1342 1084 boni,
1401 1023 1503 1074 aut
1557 1022 1903 1092 quantitate,

256 1109 326 1161 ut
369 1104 586 1161 assolet
629 1103 773 1169 ﬁeri,
820 1104 959 1160 mali
1008 1105 1371 1174 fallaris;ne
1416 1107 1661 1164 aliorum
1714 1127 1905 1167 mores

251 1194 513 1261 intuens,
542 1198 597 1248 te
626 1197 727 1248 aut
756 1198 1093 1267 arroganter
1132 1196 1343 1268 erigas,
1376 1201 1480 1252 aut
1526 1199 1907 1270 desperanter

248 1282 537 1339 humilies
562 1300 575 1347 ;
608 1298 748 1338 neve
779 1281 972 1339 locum
1003 1284 1330 1340 adversario
1354 1285 1411 1340 in
1432 1288 1741 1359 temetipso
1767 1289 1907 1345 ulte-

246 1372 383 1427 rius
412 1371 657 1437 tribuas,
692 1388 765 1427 ne
797 1372 955 1444 quod
1003 1372 1110 1429 tibi
1153 1373 1466 1447 contigisse
1515 1375 1696 1441 doles,
1729 1377 1904 1433 alicui

247 1459 514 1532 [mbaudi
587 1459 946 1531 contingere]
1034 1466 1345 1533 (quantum
1432 1462 1653 1521 scilicet
1735 1467 1906 1521 reniti

245 1546 588 1621 praevaleas)
645 1564 952 1619 nunquam
1012 1551 1320 1615 concedas,
1380 1569 1484 1608 nec
1515 1553 1631 1609 labi
1686 1559 1741 1610 te
1780 1572 1906 1611 am-

245 1635 410 1710 plius
467 1636 628 1691 sinas
686 1637 745 1692 in
802 1636 1019 1693 talibus
1072 1643 1176 1694 aut
1231 1640 1407 1695 etiam
1459 1641 1775 1711 similibus,
1810 1661 1902 1700 co-

2022 499 2201 555 quam
2261 484 2539 558 iniquitas
2588 491 2689 543 tua
2757 489 3111 556 merebatur,
3179 489 3446 562 proﬁtere
3506 489 3672 561 (3'25).

2023 571 2251 646 Rubigo
2282 576 2438 631 enim
2469 580 2765 634 tantorum
2799 577 3084 634 scelerum
3117 578 3387 634 consumi
3433 596 3548 633 non
3581 595 3678 650 po-

2018 661 2151 728 tuit,
2185 663 2293 720 nisi
2322 664 2454 737 igne
2477 665 2838 722 diversarum
2872 667 3449 739 pmnarum.Exsulta
3480 668 3676 739 itaque

2017 752 2283 823 gaudens
2314 754 2370 808 in
2404 754 2651 810 Domino
2684 756 3003 823 humiliter,
3039 756 3192 828 quod
3227 757 3284 810 in
3317 756 3425 811 hoc
3457 755 3674 812 saeculo

2017 840 2232 911 partim
2266 841 2368 897 tibi
2421 844 2665 916 contigit
2704 844 3169 900 vicissitudinem
3204 844 3495 899 malorum
3530 844 3672 899 reci-

2014 944 2170 999 pere,
2206 946 2333 1000 quae
2380 931 2437 985 in
2488 931 2585 987 illo
2619 932 2699 1002 [id
2748 941 2827 988 est
2876 932 2935 987 in
2988 934 3181 988 futuro
3224 932 3455 1007 saeculo]
3508 933 3673 990 valde

2015 1019 2397 1073 metuendum
2442 1024 2567 1075 erat
2612 1020 2789 1075 simul
2841 1021 3042 1076 omnia
3074 1022 3242 1088 ferre,
3284 1039 3416 1077 cum
3451 1022 3531 1077 nil
3566 1022 3671 1077 im-

2013 1107 2284 1177 punitum
2317 1112 2545 1163 constet
2574 1109 2759 1164 Deum
2793 1109 3120 1179 relinquere
3157 1126 3170 1166 :
3197 1127 3302 1165 suo
3329 1116 3521 1166 autem
3548 1128 3672 1182 pec-

2014 1199 2139 1249 cato
2171 1196 2426 1266 praedicti
2457 1197 2611 1261 (326l
2642 1196 2751 1251 hoc
2801 1198 2975 1253 modo
3030 1197 3220 1253 solent
3275 1199 3403 1268 ejus
3450 1199 3672 1254 miseri-

2015 1283 2211 1337 cordia
2238 1282 2490 1340 liberari.
2523 1285 2726 1340 Temet
2756 1285 2952 1357 itaque
2994 1284 3359 1340 incessanter
3407 1286 3461 1340 in
3499 1303 3666 1342 cons-

2014 1375 2185 1442 pectu
2210 1370 2366 1427 illius
2396 1375 2833 1445 accusa,sicque
2863 1390 2996 1429 cum
3029 1374 3316 1446 Propheta
3351 1373 3615 1430 declama
3647 1392 3660 1430 :

2013 1460 2199 1515 Justus
2228 1476 2301 1525 es,
2330 1461 2577 1527 Domine;
2610 1468 2660 1515 et
2702 1470 2909 1517 rectum
2950 1462 3227 1531 judicium
3279 1470 3433 1516 tuum
3492 1463 3660 1533 (Psal.

2014 1563 2205 1613 cxvm,
2258 1548 2420 1615 137);
2467 1554 2524 1604 et
2570 1564 2703 1604 cum
2754 1549 2865 1604 alio
2900 1567 2913 1605 :
2944 1554 3135 1605 Justus
3182 1567 3257 1615 es,
3307 1552 3553 1617 Domine,
3604 1554 3665 1606 in

2011 1636 2262 1691 omnibus
2319 1652 2446 1707 quae
2492 1637 2778 1693 reddidisti
2831 1638 2985 1693 nobis
3033 1640 3193 1706 (Dan.
3256 1656 3339 1705 III,
3394 1640 3661 1706 27);et:

244 1724 448 1798 gitana
518 1742 697 1798 quam
770 1725 1007 1782 difﬁcile
1071 1727 1254 1784 elisus
1306 1728 1448 1801 erigi
1520 1729 1715 1787 valeas
1772 1750 1901 1788 rur—
1932 1760 1981 1825 Β
2017 1724 2216 1780 Omnia
2261 1740 2388 1796 quae
2432 1725 2619 1797 fecisti
2666 1727 2839 1793 nobis,
2885 1728 3132 1794 Domine,
3181 1728 3239 1781 in
3295 1742 3418 1782 vero
3454 1728 3667 1798 judicio

244 1831 377 1871 8113.

317 1903 414 1958 26.
458 1902 704 1958 Pulchre
754 1906 952 1959 autem
1007 1907 1064 1960 te
1117 1905 1357 1976 quidam
1414 1906 1619 1980 tuique
1677 1909 1901 1966 similes

245 1991 518 2064 satisque
539 1990 780 2058 utiliter,
813 1991 949 2048 licet
979 1992 1152 2065 paulo
1184 1993 1386 2050 mitius
1416 2012 1593 2067 quam
1626 2013 1753 2053 sese
1794 2015 1897 2054 au-

242 2082 491 2139 ctoritas
522 2097 814 2137 canonum
845 2081 1079 2148 habeat,
1122 2089 1456 2140 commonet
1486 2085 1685 2142 dicens
1719 2105 1731 2143 :
1766 2088 1896 2156 Qui-

239 2187 464 2244 cunque
520 2171 654 2227 tales
681 2178 830 2234 sunt,
865 2172 919 2225 si
971 2171 1186 2239 nolunt,
1236 2175 1486 2229 veniente
1535 2175 1780 2238 Domino,
1835 2177 1900 2233 de

240 2262 491 2317 Ecclesia
520 2261 775 2331 auferri;
805 2262 1063 2331 auferant
1107 2268 1160 2316 et
1186 2262 1300 2331 ipsi
1344 2264 1453 2317 ista
1482 2263 1631 2332 (321)
1674 2264 1757 2325 (id
1810 2269 1900 2320 est

239 2365 312 2405 ea
347 2366 477 2420 qua:
528 2348 813 2404 Dominus
863 2348 922 2402 in
970 2348 1190 2420 templo
1233 2349 1327 2422 agi
1365 2351 1586 2415 videns,
1637 2353 1788 2407 facto
1827 2354 1898 2410 de

240 2435 544 2494 resticulis
572 2436 887 2492 vindicavit
920 2436 1171 2509 ﬂagello)
1214 2438 1282 2494 de
1322 2439 1578 2495 cordibus
1619 2443 1757 2507 suis,
1800 2457 1901 2497 nec

236 2528 461 2599 faciant
488 2527 710 2583 domum
743 2528 850 2582 Dei
875 2526 1096 2583 domum
1122 2530 1530 2596 negotiationis.
1566 2531 1780 2586 [lorum
1804 2548 1902 2587 au-

237 2619 366 2673 tem
405 2617 669 2672 omnium
703 2617 942 2682 (322)....
976 2617 1259 2673 saeratico
1289 2617 1389 2674 illo
1438 2619 1723 2690 exemplo,
1785 2637 1899 2692 quo

238 2705 389 2761 dicit
438 2723 452 2762 :
501 2706 636 2762 Sum
681 2705 901 2778 quidem
952 2706 1529 2774 libidinosus;meum
1585 2717 1665 2765 est
1720 2711 1900 2781 ipsam

237 2796 395 2851 101
434 2794 721 2851 libidinem
742 2810 1038 2866 superare:
1065 2799 1176 2850 tua
1221 2796 1444 2863 virtuti,
1478 2802 1588 2852 tua:
1637 2798 1894 2865 cautelaa,

234 2885 365 2941 tuis
398 2883 481 2938 nil
528 2883 863 2940 committas
900 2884 1126 2940 viribus
1156 2903 1169 2953 ;
1202 2883 1364 2941 illius
1409 2891 1569 2942 totus
1613 2889 1898 2944 contende

237 2988 398 3041 esse,
423 2976 600 3044 atque
632 2973 760 3043 ejus
802 2976 857 3028 te
900 2976 1089 3029 totum
1111 2974 1435 3038 committe,
1483 2975 1677 3031 nitens
1723 2977 1896 3031 corde

234 3066 291 3118 et
354 3061 651 3129 manibus,
712 3061 1008 3127 ουειοάἰω,
1070 3062 1164 3117 cui
1211 3066 1268 3118 te
1332 3079 1545 3130 creare,
1610 3064 1894 3120 redimere

2008 1815 2227 1885 fecisti;
2274 1816 2404 1884 quia
2437 1816 2784 1885 peccavimus
2828 1816 2932 1870 tibi
2973 1815 3157 1887 (Ibid.,
3207 1816 3338 1883 31);
3373 1820 3430 1870 et
3469 1832 3481 1869 :
3514 1818 3665 1871 Iram

2007 1904 2229 1958 Domini
2273 1904 2565 1971 sustinebo,
2614 1907 2878 1976 quoniam
2911 1907 3135 1976 peccavi
3190 1906 3244 1960 ei
3266 1948 3283 1970 ,
3327 1904 3497 1961 donec
3552 1908 3665 1976 ipse

1997 1992 2260 2064 justiﬁcet
2286 2009 2509 2048 causam
2538 2008 2715 2048 meam
2742 1994 2920 2064 (.lIich.
2952 2011 3053 2059 vn,
3078 1993 3155 2065 9).

2074 2083 2165 2136 27.
2198 2085 2263 2135 In
2314 2082 2443 2153 ipsa
2492 2084 2689 2136 autem
2730 2081 3107 2137 tribulatione
3159 2098 3265 2136 nec
3323 2085 3377 2137 te
3429 2082 3659 2138 dederis

2008 2169 2288 2241 segnitize,
2323 2170 2492 2242 quasi
2543 2174 2736 2225 certus
2779 2174 2935 2239 (cum
2968 2175 3024 2226 et
3072 2187 3141 2225 ex
3190 2170 3299 2225 hoc
3349 2171 3659 2243 desperare

2007 2274 2123 2313 non
2152 2259 2366 2313 debeas
2399 2258 2651 2330 penitus)
2686 2275 2789 2331 pro
2840 2258 2946 2314 hac
2996 2276 3167 2331 pmna
3197 2259 3394 2314 omnia
3431 2259 3536 2313 tibi
3570 2277 3659 2314 re-

2008 2346 2318 2412 missa,aut
2349 2353 2501 2401 certe
2533 2352 2757 2417 partem
2788 2346 3122 2418 graviorum
3152 2346 3257 2400 tibi
3292 2351 3659 2416 peccatorum

2008 2436 2162 2491 162
2209 2435 2505 2489 donatam.
2549 2433 2795 2506 Vigiliis,
2852 2433 3235 2501 orationibus,
3289 2438 3345 2487 et
3397 2433 3659 2503 jejuniis,

2007 2528 2217 2595 praeter
2246 2523 2366 2578 haec
2397 2539 2525 2594 quae
2557 2522 2877 2577 necessitas
2908 2537 3077 2592 agere
3105 2520 3278 2592 cogit,
3311 2519 3572 2575 crebrius
3606 2524 3663 2575 et

2007 2611 2315 2668 sollicitius
2350 2612 2573 2679 insiste,
2586 2610 2823 2682 ignarus
2836 2609 3101 2665 videlicet
3118 2626 3233 2681 quo
3247 2609 3328 2664 sis
3347 2626 3661 2681 percussus

2008 2700 2218 2773 ﬂagelli
2251 2704 2687 2773 genere,utrum
2740 2716 2807 2754 eo
2839 2716 2955 2772 quo
3003 2698 3378 2771 corriguntur
3426 2697 3552 2769 ﬁlii,
3585 2716 3659 2753 an

2006 2788 2103 2845 illo
2126 2806 2240 2861 quo
2274 2787 2644 2861 ﬂagellantur
2673 2788 2841 2857 servi,
2884 2792 2986 2843 aut
3014 2787 3341 2859 puniuntur
3384 2786 3654 2842 maleﬁci.

2005 2878 2150 2934 Cum
2177 2877 2665 2950 enim,Scriptura
2688 2877 3053 2944 teste,omnis
3075 2876 3230 2932 ﬁlius
3257 2876 3354 2948 qui
3382 2876 3660 2949 recipitur

2006 2967 2325 3040 castigatur
2356 2968 2533 3039 (Hebr.
2585 2984 2684 3033 xu,
2729 2968 2820 3033 6);
2852 2966 3039 3021 multa
3078 2964 3306 3037 ﬂagella
3338 2966 3656 3038 peccatoris

2003 3058 2175 3125 (Psal.
2210 3074 2363 3122 xxvr,
2397 3057 2507 3122 10),
2541 3054 2806 3126 laqueus,
2844 3055 3018 3127 ignis,
3052 3053 3386 3125 sulphur,et
3413 3053 3657 3125 spiritus

233 3150 484 3224 placuit,
517 3154 574 3204 et
609 3127 813 3205 vocare
869 3149 1035 3223 (323).
1096 3151 1225 3223 Ipse
1284 3156 1337 3209 te
1394 3127 1688 3209 ουειρἀινθ
1744 3154 1895 3210 valet
1924 3127 1968 3196 C
2008 3144 2391 3217 procellarum
2434 3144 2617 3216 (Psal.
2668 3162 2723 3208 x,
2752 3144 2824 3211 7),
2853 3148 2909 3199 et
2938 3160 3072 3198 cum
3103 3142 3412 3198 videantur
3468 3141 3656 3196 omni-

234 3237 421 3312 paulo
445 3237 831 3310 erectum,qui
862 3238 1044 3294 voluit
1067 3239 1288 3311 erigere
1310 3241 1544 3312 penitus
1569 3242 1891 3312 dejeetum;

236 3328 371 3401 ipse
403 3327 698 3382 continere
728 3344 962 3395 sanum,
995 3328 1093 3399 qui
1124 3345 1331 3384 sanare
1352 3329 1535 3385 voluit
1556 3331 1890 3398 contritum;

236 3416 370 3490 ipse
403 3417 689 3489 perpetim
738 3416 966 3472 efﬁcere
994 3414 1271 3488 spudiuin
1318 3418 1487 3490 (325),
1541 3420 1640 3491 qui
1694 3424 1897 3474 contra

240 3512 519 3561 naturam
568 3504 831 3576 citraque
887 3521 1123 3561 omnem
1180 3522 1344 3578 spem
1395 3506 1667 3579 colligere
1712 3507 1898 3563 voluit

241 3595 423 3651 etiam
458 3593 1114 3657 infatuatum.Quamvis
1147 3598 1343 3650 autem
1367 3594 1492 3650 sine
1514 3595 1614 3650 illo
1646 3595 1727 3650 nil
1759 3596 1896 3650 boni

243 3682 462 3756 possis,
520 3680 727 3738 saltem
781 3700 885 3739 nec
940 3681 1109 3749 velle,
1164 3683 1381 3739 nedum
1440 3684 1645 3751 facere,
1699 3688 1894 3739 tamen

242 3788 354 3827 nec
384 3771 513 3827 sine
566 3775 669 3826 tuo
722 3770 1024 3843 aliquanto
1072 3772 1379 3828 conamine
1427 3773 1630 3828 credas
1677 3777 1732 3828 te
1786 3771 1898 3829 sal-

240 3860 505 3915 vandum
536 3859 893 3916 omnimodis
927 3860 1066 3929 fore,
1095 3877 1230 3917 cum
1263 3861 1335 3917 ob
1376 3860 1434 3917 id
1487 3861 1896 3917 rationabilem

244 3952 300 4003 te
334 3964 368 4002 a
402 3951 514 4002 Deo
543 3952 803 4003 creatum
852 3949 1000 4004 scire
1053 3948 1244 4023 possis
1286 3949 1632 4019 certissime,
1667 3949 1898 4007 indulta

245 4034 473 4092 arbitrii
523 4035 812 4092 libertate.
862 4037 975 4109 Ipsi
1028 4054 1164 4109 ergo
1205 4055 1319 4093 non
1360 4038 1573 4110 raptim
1615 4044 1672 4095 et
1724 4040 1894 4112 quasi

244 4126 304 4181 in
330 4124 605 4195 transitu,
637 4125 1033 4181 indesinenter
1070 4127 1349 4184 inhaerere
1381 4128 1571 4193 stude,
1603 4145 1737 4183 cum
1782 4146 1894 4201 quo

244 4229 377 4270 esse
401 4213 516 4270 nisi
538 4213 784 4270 feliciter
811 4214 1133 4286 potes,sine
1160 4232 1276 4287 quo
1297 4232 1424 4271 esse
1453 4215 1566 4270 nisi
1591 4215 1898 4272 infeliciter

242 4303 427 4359 vales.
459 4303 623 4369 Quod
669 4303 720 4358 si
769 4304 923 4359 inter
962 4303 1103 4369 huic,
1129 4304 1295 4375 justo
1343 4303 1463 4359 imo
1508 4304 1774 4376 piissimo
1797 4306 1894 4374 ju-

244 4393 373 4448 dice
395 4391 855 4447 misericorditer
875 4392 1351 4464 disponente,tibi
1365 4390 1557 4463 aliqua
1576 4392 1898 4448 adversitas

2006 3235 2194 3289 modis
2226 3234 2344 3289 hmo
2376 3232 2782 3299 intolerabilia,
2819 3237 3012 3286 tamen
3048 3248 3164 3286 non
3197 3231 3377 3285 totius
3410 3246 3544 3301 pars
3569 3233 3659 3283 est

2004 3322 2199 3378 calicis
2253 3338 2456 3377 eorum
2487 3320 2668 3393 (Ibid,
2699 3321 2751 3386 8)
2781 3338 2793 3387 ;
2828 3325 2886 3375 et
2918 3337 2929 3374 :
2966 3320 3140 3388 Plaga
3185 3318 3488 3374 insanabili
3527 3334 3657 3388 pcr-

2005 3413 2147 3467 cussi
2172 3419 2220 3466 te
2246 3410 2605 3477 castigatione
2634 3408 2845 3463 crudeli
2875 3410 3004 3476 (Jer.
3030 3424 3161 3472 xxx,
3199 3409 3281 3465 10)
3308 3424 3320 3471 ;
3354 3406 3615 3476 itemque
3643 3422 3655 3460 :

2006 3500 2145 3568 Quid
2177 3502 2379 3553 clamas
2409 3498 2479 3552 ad
2506 3513 2592 3550 me
2610 3513 2774 3567 super
2800 3496 3126 3550 contritione
3156 3503 3250 3548 tua
3271 3498 3296 3546 .9
3323 3493 3657 3547 Insanabilis

2004 3597 2082 3643 est
2106 3588 2260 3642 dolor
2283 3595 2408 3641 tuus
2447 3585 2629 3648 (Ibid.,
2671 3585 2790 3650 I5);
2828 3598 3178 3654 poenamque
3228 3580 3565 3635 describens
3599 3580 3657 3633 in

2005 3680 2285 3731 aeternum
2318 3675 2751 3741 damnatorum,
2782 3671 3107 3737 lnduantur,
3141 3668 3353 3742 inquit,
3389 3670 3527 3723 sicut
3571 3668 3655 3723 di-

2000 3765 2185 3839 ploide
2211 3764 2525 3835 confusione
2545 3778 2644 3817 sua
2677 3762 2848 3829 (Psal.
2898 3777 3049 3829 cvm,
3096 3761 3225 3835 82);
3263 3758 3418 3814 unde
3465 3760 3521 3813 et
3564 3757 3656 3813 bis

2002 3854 2160 3910 idem
2193 3854 2250 3909 in
2278 3852 2503 3926 psalmo
2535 3856 2805 3923 precatur
2839 3868 2851 3906 :
2884 3850 3130 3916 Domine,
3160 3866 3231 3904 ne
3259 3850 3320 3903 in
3347 3849 3536 3919 furore
3566 3855 3655 3903 tuo

2003 3961 2205 4015 arguas
2235 3960 2320 3999 me
2349 3944 2518 4011 (Psal.
2554 3959 2628 4007 vn,
2664 3943 2776 4011 37.)
2808 3941 2971 3996 Alius
3002 3945 3195 3996 autem
3230 3956 3243 3995 :
3282 3939 3505 4011 Corripe
3548 3956 3656 4006 me,

2006 4033 2107 4099 ait,
2140 4034 2383 4098 Domine,
2421 4036 2824 4087 verumtamen
2886 4032 2945 4086 in
3000 4029 3379 4085 misericordia
3431 4033 3489 4083 et
3538 4045 3653 4083 non

2002 4125 2063 4180 in
2091 4127 2279 4195 furore
2311 4126 2421 4186 tuo,
2444 4137 2512 4176 ne
2540 4122 2679 4191 forte
2708 4120 2778 4174 ad
2808 4119 3050 4175 nihilum
3080 4119 3296 4187 redigas
3327 4135 3410 4172 mc
3437 4118 3566 4188 (Jer.
3600 4134 3655 4187 Χ,

2004 4212 2256 4280 44).Οι]ω
2289 4210 2486 4266 omnia
2516 4226 2650 4265 cum
2705 4209 2775 4263 ad
2826 4207 2970 4263 illud
3020 4206 3230 4279 ﬂagelli
3284 4221 3491 4276 genus,
3541 4221 3656 4275 quo

2004 4299 2268 4372 exemplo
2304 4297 2621 4353 Pharaonis
2651 4301 2709 4351 et
2738 4296 2982 4351 Herodis
3021 4300 3077 4350 et
3107 4295 3166 4347 in
3208 4292 3479 4364 praesenti
3510 4296 3566 4345 et
3594 4290 3655 4342 in

2008 4390 2204 4444 futuro
2233 4385 2399 4458 impii
2429 4381 3201 4457 ﬂagellantur;perpenderis
3229 4379 3657 4451 pertinere;no-

244 4479 525 4545 evenerit,
557 4484 658 4535 aut
686 4479 1044 4535 infirmitatis
1076 4478 1315 4547 scilicet,
1348 4482 1449 4534 aut
1468 4479 1667 4534 damni
1699 4495 1896 4534 rerum
1930 4491 1974 4555 ι)
2002 4477 2175 4543 veris,
2208 4479 2353 4530 teste
2398 4472 2695 4545 Gregorio,
2729 4471 2884 4528 solos
2930 4469 3179 4543 ﬂagellis
3231 4464 3657 4555 temporalibus

243 4568 653 4636 familiarium,
684 4568 772 4624 vel
804 4568 1106 4640 quodlibet
1156 4566 1313 4623 aliud
1354 4583 1539 4639 genus
1585 4566 1890 4635 vindictas;

246 4673 318 4713 ne
365 4656 736 4713 contristeris
789 4656 960 4729 quasi
1005 4657 1314 4728 despectus
1356 4653 1676 4723 humiliter,
1709 4656 1898 4728 gaude

246 4745 420 4819 quasi
462 4744 555 4819 pie
588 4749 905 4819 respectus,
942 4744 1133 4801 sciens
1163 4747 1221 4801 et
1250 4742 1533 4800 conﬁtens
1562 4760 1666 4816 pro
1696 4760 1898 4817 pecca-

318 4904 470 4977 (321)
502 4902 787 4960 Construe
821 4906 1115 4977 :auferant
1145 4908 1197 4959 et
1227 4904 1333 4975 ipsi
1381 4903 1448 4959 de
1487 4904 1740 4959 cordibus
1786 4906 1901 4960 suis

247 4975 438 5041 ista,id
468 4984 635 5040 est,ea
655 4991 782 5048 qua?
811 4975 1074 5031 Dominus
1116 4976 1302 5048 videns
1333 4977 1427 5043 agi
1456 4976 1515 5030 in
1546 4977 1899 5048 templo,vin-

245 5048 454 5103 dicavit
482 5052 625 5118 facto
652 5047 866 5118 ﬂagello
897 5047 960 5103 de
984 5047 1377 5118 resticulis,seu
1395 5048 1681 5118 funiculis.

320 5119 465 5189 (322)
495 5119 680 5174 Locus
711 5117 965 5184 laxatus,
1001 5118 1060 5173 in
1112 5134 1227 5189 quo
1257 5117 1478 5189 aliquid
1511 5118 1899 5174 desideratur.

248 5193 310 5245 et
334 5188 710 5269 forte.etiam_
737 5195 1066 5269 corruptus.
1119 5188 1182 5269 in
1212 5188 1599 5269 vulgatishpro
1638 5194 1903 5269 saeratico

248 5259 505 5334 margini
564 5261 885 5334 ascriptum
914 5259 1074 5333 'forte
1111 5259 1402 5315 Socratico.
1454 5259 1903 5334 Sicpmallemus

249 5332 527 5405 supplere
558 5338 614 5386 et
643 5332 947 5405 corrigere.
983 5334 1181 5405 Horum
1212 5339 1394 5386 autem
1417 5332 1683 5405 omnium
1702 5348 1907 5405 memor

250 5403 362 5529 get
384 5404 685 5466 exsecutor)
720 5403 997 5460 exJecrato
1030 5404 1185 5458 illius
1216 5403 1482 5473 exemplo,
1504 5404 1599 5473 qui
1626 5403 1906 5468 dicit,sum

288 5474 471 5529 itidem
501 5475 828 5529 libidinosus
851 5493 871 5529 :
900 5492 1078 5529 meum
1109 5478 1189 5529 est
1227 5476 1402 5529 insam
1433 5473 1719 5529 libidinem
1746 5490 1904 5529 suoc-

288 5474 471 5530 uidem
501 5475 828 5531 libidinosus
850 5493 871 5537 ;
900 5492 1078 5530 meum
1109 5478 1189 5529 est
1227 5476 1402 5544 ipsam
1433 5473 1719 5545 libidinem
1746 5490 1904 5545 supe-

251 5562 423 5608 rare;
448 5550 563 5604 tua?
592 5548 930 5614 virtuti,tuae
958 5546 1202 5613 cautelae,
1248 5546 1357 5600 tuis
1410 5544 1619 5599 viribus
1654 5545 1736 5599 nil
1762 5544 1906 5601 com-

2004 4567 2075 4624 ab
2098 4563 2329 4620 aeternis
2363 4560 2772 4631 liberari,quos
2805 4558 2900 4613 hic
2929 4559 3002 4613 ab
3034 4555 3446 4629 iniquitatibus
3469 4553 3659 4609 conti-

2007 4653 2158 4729 gerit
2204 4649 2437 4706 mutari.
2492 4648 2655 4704 Scias
2705 4647 2878 4703 etiam
2942 4650 2999 4702 te
3046 4662 3183 4702 cum
3232 4643 3565 4700 adversario
3598 4642 3658 4697 in

2008 4756 2193 4816 agone
2223 4738 2541 4795 consistere
2570 4740 2732 4792 tanto
2778 4735 2986 4791 saevius
3039 4734 3382 4802 bacchante,
3435 4736 3657 4804 quanto

2254 4903 2601 5024 egg’nstrue:
2647 4974 2806 5041 atque
2850 4969 3029 5023 nitens
3087 4965 3253 5041 corde
3295 4972 3348 5019 et
3375 4964 3659 5041 Δτηα-ηίῐηιτς

2009 5036 2280 5101 committe
2309 5051 2358 5096 te
2381 5045 2549 5095 totum
2579 5036 2838 5096 custodiw
2884 5041 3019 5111 ejus,
3061 5039 3152 5094 cui
3192 5036 3407 5108 placuit
3450 5051 3655 5101 creare,

2010 5116 2274 5172 redimere
2302 5120 2351 5167 et
2384 5127 2573 5167 vocare
2601 5119 2669 5165 te.

2084 5188 2228 5259 (324)
2260 5183 2577 5255 Spudius,id
2600 5187 2687 5237 est
2715 5181 3064 5253 industrius,
3080 5179 3443 5245 studiosus,a
3464 5176 3660 5233 Grmco

2013 5264 2265 5318 σπουδαῖος
2275 5296 2286 5308 .

2083 5329 2234 5395 (3‘25)
2267 5324 2435 5395 Vulg.
2464 5324 2728 5396 profiteri,
2764 5323 2934 5378 male.

2086 5389 2231 5473 (3'36)
2256 5389 2499 5473 Explica
2530 5389 3055 5473 :prgt‘dictiautem,
3076 5394 3175 5473 qui
3209 5391 3431 5473 scilicet
3458 5389 3516 5444 in
3550 5389 3658 5473 hqc

2015 5461 2226 5527 saeculo
2256 5461 2993 5523 humiliter-tribulationes
3023 5461 3373 5537 suscipiunt,
3389 5464 3486 5517 hoc
3504 5461 3658 5515 modo

2014 5544 2187 5601 solent
2221 5537 2599 5596 misericordia
2628 5539 2743 5609 eius
2776 5538 3005 5594 liberari
3028 5546 3244 5610 peccato
3272 5550 3385 5591 suo.
