4054 6190
235 340 347 410 3‘13

1174 334 1819 423 PRELOOUIORUM
1864 340 2072 405 LIBRI
2117 338 2294 405 sax.
2325 374 2404 389 -
2430 340 2578 405 LIB.
2624 338 2697 404 v.

3514 334 3669 404 31ιῖ

236 480 511 556 pendium
551 482 958 542 omnimodum
1006 483 1246 542 honoris
1287 501 1389 558 pro
1427 499 1601 557 grege
1631 484 1875 556 paratus
1904 479 1960 546 Α,
1990 497 2107 536 non
2134 484 2223 537 est
2253 481 2668 554 provocare.At
2694 482 2759 536 ut
2787 479 2932 537 forte
2953 494 3069 537 non
3090 475 3464 536 simulatione
3484 476 3629 535 illud

236 572 452 640 subire,
476 572 635 630 illius
657 575 905 631 dicentis
927 579 1090 631 utere
1111 591 1247 631 voce
1276 592 1289 630 :
1314 573 1376 629 Si
1397 577 1620 646 prapter
1647 589 1733 628 me
1761 571 1880 629 haec

236 666 518 733 tempestas
569 666 669 730 est,
704 664 876 719 tollite
924 680 1010 719 me
1051 668 1105 720 et
1148 665 1346 719 mittite
1394 665 1453 719 in
1500 679 1655 718 mare
1696 663 1874 733 (Joan.

237 767 273 817 1;
298 752 408 820 12),
431 756 744 807 tantumne
766 752 988 808 diutius
1012 752 1125 808 mei
1146 751 1498 808 causanavis
1518 750 1881 823 periclitetur

236 839 521 910 Ecclesiae,
545 845 665 896 tam
696 841 1057 907 innumeros,
1089 842 1202 897 heu
1233 840 1398 898 dolor
1419 840 1430 895 l
1454 841 1535 914 [id
1563 844 1637 896 est
1668 841 1882 895 obeun-

237 931 321 983 tes
352 928 480 984 sine
512 929 990 1002 baptismo]ﬁlios
1004 930 1178 986 morti
1209 931 1613 986 transmittens
1631 933 1876 984 aeternae.

238 1016 453 1074 Verum
483 1017 600 1074 ista
627 1019 798 1074 modo
827 1018 1098 1074 volumus
1124 1019 1411 1076 sufﬁcere.
1444 1019 1599 1075 Deus
1646 1018 1747 1074 illa
1774 1017 1879 1072 tibi

240 1108 520 1164 concedat
538 1108 813 1180 prodesse
835 1109 1004 1180 (337).
1036 1110 1241 1163 Amen.

309 1197 400 1251 29.
425 1195 683 1251 Clericus
712 1196 815 1251 es?
846 1196 1067 1268 Ipsum,
1102 1214 1317 1269 quaeso,
1342 1201 1398 1253 te
1436 1196 1740 1253 conveniat
1788 1212 1884 1251 vo-

241 1285 543 1351 cabulum,
574 1283 841 1340 videlicet
872 1291 936 1339 ut
956 1285 1027 1340 de
1058 1290 1211 1341 sorte
1242 1287 1607 1358 perpendens
1646 1292 1702 1342 te
1757 1302 1884 1341 esse

240 1372 458 1430 debere
488 1371 739 1440 Domini,
772 1373 925 1429 aliud
962 1379 1167 1445 praeter
1196 1375 1390 1446 ipsum
1423 1374 1707 1440 ambiens,
1740 1375 1888 1430 tanti

242 1462 386 1517 boni
418 1462 777 1519 consortium
810 1462 1049 1534 perdere
1100 1462 1363 1519 nonnibil
1419 1463 1668 1531 timeas;
1702 1464 1891 1535 magis

238 1549 345 1605 tali
402 1550 561 1606 socio
592 1554 648 1606 te
677 1550 924 1623 dignum
972 1551 1268 1607 exhibeas.
1304 1553 1629 1607 Canonicus
1660 1552 1708 1608 si
1733 1552 1894 1608 dice-

241 1638 327 1695 ris
357 1638 527 1710 (338),
559 1638 691 1695 vide
722 1656 793 1695 ne
822 1657 857 1695 a
882 1640 1205 1695 canonibus
1231 1639 1425 1695 devies
1465 1639 1705 1696 sanctis.
1731 1640 1893 1707 Quod

242 1728 294 1784 si
331 1728 475 1784 forte
504 1743 604 1783 eos
634 1728 885 1800 respuis,
903 1727 1166 1801 cogitain
1185 1727 1345 1800 quali
1371 1729 1575 1784 ordine
1600 1729 1896 1799 judicide—

1988 571 2143 643 agis:
2160 572 2417 643 quadam
2440 570 2795 645 negligentia
2815 571 3155 644 consopitus
3176 569 3433 642 segniter
3449 574 3636 642 torpe-

1989 660 2123 716 scis.
2150 660 2376 732 Repara
2420 660 2618 733 itaque
2648 661 2817 726 vires,
2839 676 3073 716 resume
3103 659 3517 725 constantiam,
3545 659 3635 714 in-

1989 750 2166 805 duere
2197 750 2618 817 fortitudinem,
2643 755 2709 806 ut
2753 750 2918 823 gigas
2961 768 3157 823 pugna
3188 750 3411 806 fortiter
3435 753 3636 805 contra

1989 856 2187 895 aereas
2214 839 2506 911 nequitias
2534 857 2547 907 ;
2582 856 2770 912 neque
2801 830 2963 896 enim
2987 840 3154 896 aliter
3179 857 3277 896 eas
3310 839 3635 905 devincere,

1990 944 2133 983 neve
2159 926 2272 983 alio
2305 929 2477 983 modo
2510 932 2629 983 tam
2661 929 2913 984 arduum
2946 928 3177 985 culmen
3197 929 3417 984 valebis
3440 945 3639 984 ascen—

1992 1017 2147 1072 dere.
2180 1016 2456 1072 Meditare
2500 1016 2785 1090 regulam,
2821 1018 2971 1074 vitas
3018 1025 3355 1075 sanctorum
3399 1019 3638 1074 Patrum

1991 1106 2253 1162 crebrius
2279 1104 2485 1177 relege,
2521 1106 2579 1162 in
2613 1106 2705 1161 his
2728 1112 2781 1163 te
2814 1108 2983 1178 quasi
3014 1108 3073 1162 in
3107 1108 3362 1180 quodam
3404 1105 3641 1179 speculo

1992 1195 2283 1267 conspice,
2315 1199 2372 1249 et
2398 1194 2578 1250 vitam
2601 1200 2762 1250 tuam
2796 1197 2867 1250 ad
2901 1195 3132 1251 illorum
3166 1212 3469 1269 compone.
3504 1195 3645 1251 Obe-

1994 1285 2274 1340 dientiam
2288 1286 2391 1340 tibi
2408 1286 2664 1357 primum
2678 1285 3263 1348 indicito,conventus
3276 1285 3541 1358 publicos
3553 1300 3646 1339 ca-

1996 1377 2149 1440 veto,
2172 1374 2555 1429 contubernia
2583 1374 2950 1431 saecularium
2999 1375 3182 1447 fugito
3209 1393 3222 1442 ;
3248 1376 3392 1430 scito
3420 1391 3456 1429 a
3506 1388 3646 1446 quo—

2000 1462 2136 1517 dam
2165 1462 2497 1517 verrissime
2518 1463 2763 1531 dictum,
2798 1464 2954 1535 quod
2985 1468 3041 1520 et
3072 1463 3219 1530 (342)
3253 1482 3287 1519 a
3316 1464 3506 1529 nobis,
3529 1462 3644 1519 heu

2003 1549 2222 1605 dolor!
2276 1550 2668 1622 experimento
2736 1568 2965 1624 quoque
3028 1558 3256 1609 constat
3310 1554 3643 1626 probatum,

2004 1638 2143 1711 quia
2165 1639 2288 1695 ovis
2321 1656 2451 1711 quae
2482 1640 2553 1695 de
2584 1637 2717 1695 ovili
2749 1640 3334 1713 egrediturluporum
3354 1642 3648 1700 morsibus

2004 1731 2182 1799 patet.
2217 1728 2274 1783 Si
2300 1729 2536 1800 quando
2564 1745 2698 1784 vero
2731 1729 3061 1785 obedientia
3106 1735 3208 1785 aut
3254 1729 3450 1803 aliqua
3485 1732 3653 1802 justa

242 1816 386 1872 beas
417 1814 775 1888 praesentari,
798 1815 901 1888 qui
932 1815 1154 1871 scilicet
1181 1814 1394 1870 laicum
1429 1815 1685 1883 [subaudi
1738 1815 1895 1870 ordi-
1923 1848 1973 1915 Β
2005 1816 2325 1873 necessitas
2353 1818 2457 1872 tibi
2478 1817 3044 1890 processumindicit
3063 1818 3391 1891 inpublico,
3411 1819 3651 1875 habitus

244 1905 405 1976 nem]
454 1903 761 1975 abjurasti,
812 1908 870 1958 et
922 1902 1385 1960 ecclesiasticum
1452 1921 1567 1959 non
1628 1904 1892 1961 servasti.

245 1993 558 2066 Presbyter
604 1992 1085 2048 es?Gravitatem
1130 2009 1309 2065 quam
1356 1992 1507 2048 terre
1538 1991 1753 2048 videris
1791 2009 1893 2048 no-

245 2081 432 2150 mine,
452 2097 730 2138 conserva
760 2081 1112 2153 operatione.
1132 2080 1420 2137 Diaconus
1432 2081 1534 2136 es?
1560 2080 1895 2137 Ministrum

244 2176 306 2229 te
340 2186 664 2245 agnoscens
680 2187 807 2226 esse
829 2173 1328 2226 sacramentorum
1349 2169 1691 2238 cmlestium,
1726 2170 1893 2243 pudi-

246 2278 388 2317 cum
413 2262 461 2329 (Ι
489 2261 624 2316 Tim.
657 2276 741 2326 111,
765 2261 821 2332 8)
860 2265 915 2315 te
948 2259 1274 2315 secundum
1324 2259 1666 2331 Apostolum
1708 2259 1898 2315 omni-

248 2336 449 2406 modis
480 2366 680 2422 agens,
712 2349 893 2404 tantis
924 2348 1166 2420 dignum
1199 2348 1428 2416 ofﬁciis,
1462 2349 1577 2404 Deo
1622 2349 1812 2404 cordis
1844 2351 1902 2403 et

246 2437 514 2511 corporis
545 2453 821 2493 conserva
850 2436 1197 2502 caelibatum,
1231 2436 1421 2493 sciens
1470 2436 1745 2492 manibus
1790 2437 1899 2491 im-

246 2527 495 2583 mundis
525 2530 646 2582 tam
677 2525 1151 2601 sacratissimum
1168 2526 1405 2581 tractari
1437 2542 1553 2580 non
1586 2526 1795 2581 debere
1817 2542 1903 2580 sa-

247 2616 565 2684 crificium,
599 2614 753 2688 quod
786 2614 1123 2670 institutum
1157 2615 1228 2669 ad
1272 2613 1483 2670 delicta
1530 2614 1905 2670 emundanda

246 2709 347 2763 est
392 2701 679 2761 omnium.
726 2704 1139 2761 Subdiaconus
1187 2704 1637 2760 es?Subditum
1676 2708 1734 2759 te
1775 2720 1904 2760 esse

246 2795 467 2851 debere
496 2810 612 2850 non
642 2792 833 2849 solum
862 2797 997 2859 Dco,
1026 2792 1126 2848 sed
1149 2793 1424 2849 omnibus
1450 2793 1602 2848 scias
1642 2792 1903 2849 Ecclesiae

247 2873 534 2957 praelatis,
557 2886 679 2938 uta
706 2881 955 2938 Domino
985 2885 1041 2937 et
1080 2880 1172 2937 hic
1204 2880 1462 2949 exaltari,
1495 2885 1553 2938 et
1600 2881 1658 2936 in
1707 2881 1904 2937 futuro

248 2970 620 3029 renumerari
667 2970 966 3026 merearis.
1004 2969 1301 3025 Exorcista
1330 2971 1435 3026 es?
1464 2971 1686 3043 Ipsum,
1726 2987 1903 3043 quem

247 3060 588 3132 adjurando
620 3076 653 3114 a
682 3059 1028 3131 corporibus
1049 3059 1297 3114 aliorum
1328 3058 1589 3131 expellis,
1613 3059 1903 3115 dominari

249 3166 376 3205 non
420 3148 726 3221 permittas
747 3148 1562 3205 sensibustuis.Ceroferarius
1578 3149 1669 3205 es?
1682 3148 1903 3205 Lumen

2005 1905 2150 1976 ipse,
2176 1920 2388 1971 sermo,
2421 1905 2733 1983 vel.potius
2764 1905 3019 1962 solitudo
3049 1906 3197 1979 ipsa,
3223 1907 3507 1974 incessus,
3530 1906 3655 1963 vul-

2004 1997 2120 2060 tus,
2173 1997 2230 2049 et
2266 1992 2425 2048 color
2471 1994 2548 2050 sit
2605 1993 2982 2050 admirationi
3028 1996 3279 2063 cunctis,
3323 1996 3543 2063 timori,
3594 2001 3653 2053 et

2004 2081 2475 2150 exemplo.Meam
2491 2087 2547 2138 et
2566 2087 2719 2139 tuum
2752 2084 2921 2156 quasi
2954 2085 3251 2156 quoddam
3278 2084 3395 2141 vita
3414 2084 3649 2141 sacrile-

2006 2171 2191 2243 gium,
2224 2171 2351 2227 sine
2382 2171 2597 2243 quibus
2627 2172 2998 2244 quietissima
3017 2174 3279 2229 omnium
3299 2174 3651 2248 generalitas

2005 2259 2191 2315 valuit
2216 2276 2364 2315 esse.
2402 2261 2487 2327 Et,
2521 2266 2832 2332 postquam
2859 2266 3071 2316 cuncta
3100 2262 3501 2334 compleveris,
3523 2281 3652 2335 quas

2008 2365 2140 2403 vero
2169 2347 2519 2403 conveniunt
2549 2348 2856 2413 monacho,
2892 2356 3184 2405 memento
3215 2355 3270 2405 te
3291 2351 3350 2405 in
3381 2351 3489 2407 hoc
3508 2353 3653 2423 peri-

2011 2436 2210 2492 culoso
2232 2437 2423 2492 adhuc
2445 2437 2715 2509 navigare
2745 2436 2888 2503 salo,
2923 2437 2982 2491 in
3014 2456 3130 2510 quo
3162 2439 3361 2493 omnia
3391 2456 3537 2510 pene
3564 2440 3655 2494 in-

2011 2529 2190 2590 certa,
2222 2525 2420 2580 omnia
2465 2524 2661 2591 dubia,
2694 2531 2816 2580 tam
2868 2526 3127 2580 secunda
3168 2542 3346 2597 quam
3391 2526 3653 2595 adversa,

2012 2618 2133 2668 tam
2167 2614 2449 2685 naufraga
2478 2629 2655 2684 quam
2688 2612 3024 2685 tranquilla.
3050 2614 3239 2669 Donec
3266 2614 3446 2684 igitur
3466 2631 3659 2687 perve-

2014 2701 2141 2758 nias
2172 2703 2241 2757 ad
2278 2706 2532 2773 portum,
2550 2719 2620 2757 ne
2637 2706 2692 2757 te
2710 2703 2919 2758 reddas
2942 2708 3233 2759 securum.
3249 2703 3394 2759 Audi
3420 2705 3659 2760 Ambro-

2013 2791 2168 2846 sium
2201 2810 2214 2847 :
2246 2791 2507 2847 Laudari
2527 2799 2659 2846 ante
2680 2794 3034 2862 gubernator
3059 2808 3171 2848 non
3195 2797 3400 2862 potest,
3414 2809 3582 2866 quam
3596 2792 3658 2849 in

2011 2887 2245 2950 portum
2273 2880 2464 2936 navim
2489 2880 2824 2938 deduxerit.

2083 3059 2171 3114 31.
2188 3059 2379 3114 Abbas
2406 3076 2468 3115 es
2489 3059 2517 3114 ‘?
2534 3061 2756 3116 Memor
2782 3064 2904 3116 esto
2935 3061 3089 3133 quod
3115 3060 3658 3135 diceris,quamque

2014 3146 2307 3203 difficilem
2343 3165 2466 3204 rem
2498 3156 2554 3203 et
2583 3150 2827 3204 arduam
2858 3150 3185 3222 susceperis
3210 3154 3426 3222 ;utque
3457 3151 3583 3206 inte
3598 3151 3658 3205 ﬁ-

250 3236 397 3293 aliis
428 3236 795 3304 ministrans,
824 3241 883 3291 te
911 3240 1282 3307 peccatorum
1300 3242 1355 3292 et
1378 3237 1715 3310 ignorantiae
1738 3241 1902 3294 tene-
1934 3218 1977 3287 (ἶ
2016 3254 2149 3292 nem
2181 3238 2351 3293 istius
2409 3237 2757 3293 claudamus
2809 3238 3120 3304 sermonis,
3153 3240 3405 3307 attende,
3435 3256 3652 3312 quaso,

249 3325 386 3381 bris
417 3323 720 3381 obscurari
750 3341 823 3379 ne
854 3324 1045 3380 sinas:
1068 3324 1256 3397 magis
1286 3330 1343 3381 et
1367 3325 1491 3398 ipse
1520 3325 1908 3382 intusillumi-

256 3414 416 3482 nari,
450 3418 507 3469 et
535 3413 666 3469 aliis
692 3412 893 3469 lumen
926 3413 1062 3469 boni
1087 3414 1332 3486 exempli
1367 3414 1643 3486 praebere,
1684 3431 1904 3486 quaeso,

257 3503 605 3560 contendas.
638 3502 843 3559 Lector
869 3519 930 3558 es
949 3501 978 3557 ?
1009 3503 1067 3557 ld
1095 3501 1403 3571 instanter,
1433 3503 1588 3559 unde
1617 3519 1908 3576 agnomen

255 3592 477 3659 trahis,
508 3592 1047 3665 agendo,stude,ne
1076 3591 1370 3663 discrepas
1401 3592 1474 3646 ab
1501 3591 1909 3648 oflicio.Ostia-

253 3681 383 3737 rius
437 3679 544 3736 es?
583 3684 692 3734 Cor
728 3684 898 3735 tuum
948 3679 1061 3735 Deo
1113 3680 1324 3751 pande,
1378 3678 1631 3734 venienti
1677 3677 1906 3735 diabolo

253 3770 470 3826 claude
498 3767 820 3825 insidianti.

322 3859 417 3914 30.
476 3857 796 3914 Monachus
854 3855 1172 3913 es?Nulla
1225 3855 1624 3913 admonitione
1678 3856 1906 3930 indiges

246 3948 311 4019 [Γ.
351 3945 484 4014 nisi]
519 3962 634 4002 non
664 3949 895 4001 tantum
955 3950 1022 4001 ut
1076 3944 1138 4000 in
1185 3962 1251 4001 eo
1299 3946 1451 4018 quod
1502 3946 1649 4001 bene
1679 3945 1905 4018 cepisti

246 4035 474 4109 optime
501 4050 854 4111 perseveres,
889 4035 939 4089 si
970 4038 1173 4091 tamen
1201 4052 1263 4091 es
1299 4035 1449 4107 quod
1479 4034 1710 4104 diceris,
1748 4035 1903 4106 quod

247 4124 505 4197 putaris,
537 4123 692 4195 quod
722 4123 782 4179 in
812 4123 1028 4179 habitu
1058 4124 1387 4196 praetendis.
1423 4124 1584 4190 Quod
1635 4123 1683 4179 si
1714 4123 1900 4192 aliter,

250 4213 417 4287 quod
443 4213 592 4269 165
616 4212 789 4279 absit,
814 4230 894 4268 vae
914 4212 1019 4268 tibi
1049 4214 1151 4285 qui
1176 4212 1381 4287 lupum
1411 4214 1520 4269 sub
1549 4213 1699 4286 pelle
1731 4213 1903 4269 ovina

243 4301 425 4375 tegis.
456 4300 598 4356 Vide
628 4304 824 4356 tamen
856 4317 927 4356 ne
953 4302 1226 4374 desperes
1266 4302 1429 4375 (339).
1451 4301 1682 4373 Expelle
1715 4300 1903 4373 magis

242 4389 462 4465 lupum
493 4406 527 4445 a
556 4390 749 4457 corde,
784 4394 841 4445 et
870 4390 1045 4446 redde
1075 4406 1238 4446 ovem
1282 4389 1416 4463 pelli
1448 4408 1587 4445 suae.
1615 4392 1900 4445 Memento

244 4479 805 4549 Dominum,utjam
825 4478 964 4534 alibi
985 4478 1263 4546 diximus,
1281 4480 1426 4548 (340)
1459 4494 1527 4534 ex
1556 4477 1694 4549 lupo
1711 4494 1898 4545 ovem,

2014 3326 2161 3380 tanti
2175 3326 2517 3400 dignitatem
2532 3328 2807 3395 nominis,
2823 3329 3108 3400 cujusque
3120 3328 3240 3384 vice
3254 3328 3513 3401 iungeris
3526 3346 3659 3383 ocu-

2017 3413 2089 3469 lis
2112 3416 2375 3487 perspice
2406 3416 2639 3470 mentis.
2670 3416 2993 3471 Monachus
3023 3417 3251 3487 est,qui
3285 3433 3347 3471 se
3372 3418 3455 3472 ita
3477 3417 3658 3471 inter-

2017 3507 2250 3574 ceptum
2283 3503 2572 3573 angustiis
2601 3503 2825 3569 videns,
2860 3520 3047 3574 usque
3078 3504 3148 3557 ad
3195 3502 3659 3575 desperationem

2018 3606 2163 3662 pene
2195 3590 2503 3656 adductus,
2524 3591 2626 3645 sed
2657 3588 3238 3662 omnipotentissimze
3267 3589 3662 3646 miserationis

2017 3678 2119 3734 Dei
2141 3678 2417 3741 anchora,
2435 3695 2503 3733 ne
2529 3678 2588 3733 in
2607 3679 2905 3750 carybdim
2929 3678 3114 3750 ipsius
3138 3677 3370 3750 penitus
3402 3683 3658 3751 proruat,

2016 3767 2573 3835 retentus,timorem
2603 3766 2771 3823 illum
2793 3768 2864 3823 de
2885 3767 3258 3823 miseratione
3286 3766 3388 3824 Dei
3417 3765 3664 3825 existere

2017 3860 2198 3925 ratus,
2234 3857 2305 3912 ad
2339 3874 2400 3913 se
2433 3857 2757 3926 revertitur,
2779 3855 3327 3930 laqueumque,quo
3358 3856 3662 3914 cumJuda

2014 3946 2496 4020 strangularetur,
2512 3946 2809 4019 imponere
2823 3946 2933 4002 sibi
2956 3946 3189 4015 devitat,
3208 3946 3664 4020 relinquensque

2013 4035 2211 4093 omnia
2235 4054 2361 4109 quae
2394 4036 2453 4091 in
2483 4035 2695 4092 saeculo
2726 4037 3084 4109 possederat,
3117 4036 3404 4092 ambitum
3441 4036 3663 4093 scilicet

2012 4125 2206 4198 ipsum
2235 4142 2370 4182 cum
2403 4142 2600 4191 sensu,
2625 4124 3045 4181 monasterium
3075 4125 3239 4197 petit,
3257 4130 3566 4197 totumque
3596 4142 3659 4182 se

2012 4215 2259 4271 Domino
2292 4214 2489 4281 tradit,
2507 4213 2651 4269 nihil
2684 4213 2796 4269 sibi
2830 4213 3033 4286 utique
3065 4230 3372 4269 reservans
3391 4230 3460 4268 ex
3477 4213 3661 4268 omni-

2012 4305 2144 4371 bus,
2169 4304 2384 4376 quippe
2408 4304 2507 4372 qni
2538 4319 2643 4358 nec
2671 4303 2866 4374 ipsum
2899 4318 3112 4372 corpus
3146 4301 3205 4355 in
3238 4301 3473 4373 propria
3519 4300 3660 4355 reti-

2012 4393 2272 4447 nendum
2307 4392 2529 4447 noverit
2557 4395 2732 4462 atque
2775 4390 3094 4446 decreverit
3142 4392 3465 4461 potestate;
3506 4389 3661 4442 160

2012 4480 2152 4553 quid
2168 4479 2679 4544 manducabimus,
2696 4483 2796 4533 aut
2817 4477 2954 4548 quid
2976 4477 3269 4542 bibemus,
3285 4479 3513 4545 autquo
3531 4490 3662 4546 ope-

242 4568 369 4625 imo
393 4567 725 4624 reddidisse
745 4573 1062 4641 pastorem.
1086 4568 1197 4623 Sed
1221 4572 1287 4622 ut
1318 4566 1484 4622 illum
1502 4567 1834 4622 excusando
1847 4570 1902 4621 te
1934 4582 1983 4647 D
2016 4569 2254 4634 riemur,
2275 4567 2493 4622 nedum
2520 4566 2729 4631 dicere,
2749 4565 3004 4636 cogitare
3027 4562 3235 4618 saltem
3267 4562 3380 4617 sibi
3414 4578 3660 4635 compu-

245 4656 443 4731 magis
463 4673 758 4725 accusem,
783 4656 940 4713 aliud
976 4660 1064 4712 est
1088 4658 1234 4728 (341)
1258 4656 1531 4728 ignarum
1553 4655 1691 4710 boni
1709 4658 1904 4727 aperte

243 4746 473 4815 saevire,
507 4745 666 4802 aliud
695 4746 806 4802 sub
836 4748 1112 4818 prmtexta
1140 4742 1437 4818 religionis
1468 4748 1525 4799 et
1568 4742 1714 4799 alios
1757 4742 1905 4798 dcci-

241 4836 465 4908 piendo
518 4835 736 4903 fallere,
768 4840 825 4890 et
863 4835 1014 4890 iram
1064 4835 1175 4891 sibi
1225 4834 1321 4890 Dci
1368 4832 1702 4890 simulando
1747 4832 1903 4905 quod

316 4950 472 5021 (337)
504 4950 655 5006 Editi
712 4951 1051 5022 perturbata
1106 4949 1351 5005 lectione
1402 4949 1506 5004 sic.
1536 4954 1750 5022 Verum
1789 4950 1901 5004 ista

242 5025 420 5078 modo
450 5020 729 5077 volumus.
741 5021 1006 5079 Clericus
1036 5038 1091 5077 es
1116 5024 1142 5076 ἲ
1162 5024 1596 5093 Ipsum,quaeso,
1613 5020 1900 5093 sufﬁcere.

243 5094 395 5150 Deus
418 5094 521 5150 illa
550 5095 652 5150 tibi
684 5096 958 5149 concedat
987 5093 1274 5161 prodesse,
1305 5110 1341 5147 α
1370 5092 1559 5148 mente
1602 5092 1901 5148 conveniat

239 5168 609 5221 vocabulum.
639 5165 850 5220 Veram
886 5164 1193 5220 lectionem
1244 5164 1441 5219 sensui
1483 5168 1901 5235 congruentem

241 5237 645 5363 rgatitnimilis.
672 5236 810 5292 Post
839 5252 1025 5308 pauca
1059 5244 1302 5310 propter
1346 5237 1534 5305 ipsum
1581 5235 1641 5289 in
1690 5234 1901 5290 iisdem

241 5323 274 5363 e
323 5326 341 5363 1
376 5326 424 5363 IS
458 5325 553 5363 ma
579 5325 631 5363 e.

240 5308 424 5364 editis
458 5308 631 5363 male.

320 5379 473 5451 (338)
495 5380 621 5435 Non
656 5378 740 5434 ait
772 5395 933 5435 more
963 5377 1133 5451 solito
1158 5394 1171 5433 :
1199 5378 1519 5451 Canonicus
1548 5380 1651 5451 es?
1680 5376 1777 5431 sed
1802 5393 1901 5430 ca-

239 5447 493 5507 nonieus
521 5453 577 5507 si
599 5451 815 5506 diceris
842 5475 857 5517 ;
889 5448 1102 5522 quiaiid
1128 5466 1337 5522 nomen
1364 5447 1761 5522 Ratheriiazvo
1785 5464 1900 5522 non

242 5521 438 5580 multo
469 5518 946 5599 anteinductuin
968 5521 1382 5599 allectabaturg
1410 5520 1564 5599 unde
1594 5520 1747 5599 idem
1780 5518 1900 5599 cpi-

240 5610 469 5678 s_c0pus
491 5593 551 5647 in
577 5592 772 5678 libello
796 5594 866 5678 de
889 5593 1125 5678 clericis
1150 5592 1263 5647 sibi
1291 5591 1601 5676 rebellibus
1628 5590 1897 5661 scripsit:

236 5662 377 5737 Qui
386 5680 519 5737 cum
548 5665 812 5737 canonici
840 5665 1099 5737 aﬂ'cctent
1133 5662 1349 5721 vocari.

322 5736 476 5808 (339)
490 5736 686 5810 Vulg.,
701 5731 990 5809 corrupte,
1012 5752 1083 5792 ne
1102 5737 1366 5806 desperes
1375 5733 1682 5805 expellere.
1697 5731 1902 5788 Emen-

2014 4660 2146 4712 tans
2171 4655 2567 4719 interdictum,
2602 4653 2801 4709 omnia
2834 4649 3160 4707 necessaria
3190 4668 3222 4705 a
3254 4654 3417 4723 patre
3464 4667 3661 4707 mona-

2013 4744 2174 4801 sterii
2197 4743 2307 4800 sibi
2320 4747 2673 4816 proventura
2695 4757 2958 4799 securus.
2974 4740 3053 4796 De
3069 4739 3378 4812 monacho,
3393 4740 3656 4812 inquam,

2013 4832 2379 4890 satisfactum
2408 4832 2677 4888 decerno.

2012 4950 2304 5006 dationem
2337 4951 2640 5004 contextus
2670 4947 2877 5019 exegit.

2084 5022 2228 5102 (340)
2319 5021 2564 5102 Paulum
2588 5016 2879 5102 intelligit,
2905 5018 3045 5102 quia
3073 5034 3142 5073 ex
3169 5016 3307 5102 lupo
3330 5035 3445 5074 non
3464 5019 3657 5078 solum

2012 5090 2153 5157 ovis,
2188 5090 2287 5146 sed
2320 5092 2492 5148 etiam
2528 5094 2725 5163 pastor
2749 5090 2849 5146 Dei
2879 5091 3068 5163 gratia
3089 5090 3290 5163 evasit.

2082 5165 2232 5231 (341)
2263 5163 2391 5218 Hmc
2412 5160 2851 5235 excusationem
2885 5160 3224 5235 praeferunt
3254 5162 3312 5218 S.
3336 5161 3522 5231 Pauli,
3558 5160 3658 5234 qui

2010 5234 2070 5289 in
2102 5235 2270 5306 epist.
2298 5235 2320 5289 Ι
2354 5234 2427 5290 ad
2472 5234 2868 5297 Timotheum,
2900 5233 2950 5288 ὸ.
2985 5252 3023 5297 1,
3060 5234 3145 5300 43,
3175 5233 3257 5288 ait
3288 5249 3301 5287 :
3335 5235 3445 5305 Qui
3491 5233 3657 5306 prius

2012 5305 2369 5374 blasphemus
2384 5306 2493 5375 fui,
2516 5312 2571 5359 et
2602 5313 2951 5373 persecutor,
2970 5311 3026 5360 et
3055 5307 3534 5361 contumeliosus:
3557 5305 3659 5360 sed

2010 5376 2468 5449 nitiericordiam
2487 5376 2586 5431 Dei
2597 5386 3084 5442 consecutussum,
3103 5377 3243 5448 quia
3258 5376 3532 5447 ignorans
3543 5375 3659 5449 feci

2010 5450 2069 5505 in
2103 5448 2527 5504 incredulitate.

2081 5521 2285 5587 (352M
2318 5518 3154 5589 nobis,inquit,e:cperimento
3184 5534 3400 5590 quoque
3428 5522 3655 5590 constat

2005 5594 2337 5662 probatum,
2362 5591 2499 5662 quia
2512 5592 2733 5646 ewovili
2756 5590 3092 5646 monasterii
3110 5589 3453 5662 egressus,e_t
3466 5589 3653 5662 factus

2010 5659 2343 5737 episcopus,
2357 5659 2625 5737 luporum
2654 5663 2956 5737 morsibus,
2971 5662 3030 5720 id
3044 5666 3133 5719 est
3147 5659 3652 5737 persecutionibus

2011 5733 2501 5803 adversariorum,
2531 5734 2733 5793 valuit.
