3988 6180
213 292 310 393 3n
1072 298 1758 383 .meLooUIoaUM
1798 294 2008 364 LIBRI
2051 245 2229 360 eux.
2263 330 2347 344 -.
2370 296 2520 360 LIB.
2567 294 2668 361 v1.
3544 309 3664 373 διε

216 463 366 520 lucem
387 451 574 514 cordis
597 467 752 522 esse,
775 452 835 507 et
855 446 1058 522 lapsus
1078 448 1307 502 tantum
1330 441 1504 513 (247,)
1536 444 1593 495 et
1611 438 1822 495 erectio
1853 438 1908 504 Α
1939 435 2199 491 noverim
2233 431 2375 503 quia
2406 434 2703 489 modicum
2740 430 3133 522 fermentum
3164 442 3352 496 totam
3391 460 3652 504 massam

215 518 429 626 quotidie
454 518 752 600 monstrat
778 518 1105 613 ιαρεὸτιιωι
1138 532 1323 626 Uide,
1357 535 1416 587 ει
1445 528 1824 626 (Infaustam,
1938 525 2268 626 ίῖοιτυιηρίτ
2324 526 2528 626 φουνδ
2670 522 2752 594 θ’)
2808 518 3000 626 ἔντη
3058 529 3286 626 ditt“
3312 548 3377 626 f
3417 532 3649 626 Ψ⁰⁰⁰δ⁰’

215 608 322 699 (ium
347 640 396 694 et
418 633 558 691 alibi
589 629 809 687 dixerit
832 608 982 698 ἶριιὶ
1008 628 1111 682 stat
1128 620 1311 678 videat
1340 636 1409 676 ne
1436 618 1598 675 cadat
1628 618 1675 689 (Ι
1705 615 1825 671 Cor.
1941 618 2269 686 Quicunque
2323 619 2497 670 totam
2558 614 2732 682 legem
2787 608 3202 685 observaverit,
3264 621 3499 690 o/fendat
3547 641 3648 679 au-

212 749 255 797 ι,
279 730 351 795 12,
381 723 515 780 dicit
558 716 929 793 Apostolus:
971 714 1170 770 Fuistis
1225 709 1528 783 aliquando
1564 706 1827 797 tenebrae,
1942 719 2057 771 tem
2084 715 2147 768 in
2197 728 2329 779 ωηο,
2376 713 2482 768 erit
2540 728 2666 767 reus
2694 710 2885 797 (Jac:
2920 728 2977 779 ῃ,
3027 716 3134 786 ιο.)
3190 715 3401 787 Legem
3447 725 3641 775 autem

214 795 333 875 nunc
362 821 535 870 autem
594 810 700 863 lux
729 808 792 862 in
829 806 1060 861 Domino
1091 798 1309 874 (Ephes.
1340 816 1399 865 v,
1430 800 1512 868 8.)
1563 795 1834 850 Peccator
1942 803 2102 859 hanc
2133 806 2332 856 utrum
2366 799 2663 872 Evangelii
2718 799 2833 852 aut
2866 796 3094 857 Veteris
3131 805 3515 873 Testamenti,
3564 825 3638 863 an

215 906 303 963 es?
325 902 460 961 Audi
484 898 647 954 unde
678 895 942 968 gaudeas
974 909 988 947 :
1021 888 1296 946 Gaudium
1319 891 1400 943 est
1425 888 1484 942 in
1514 885 1645 941 60310
1673 898 1836 953 ευμεν
1945 891 2128 949 simul
2165 895 2477 962 utramque
2509 890 2684 953 dicat,
2720 885 3018 944 studiosis
3066 888 3465 962 relinquimus
3516 896 3636 951 dis-

218 1011 302 1053 uno
317 998 581 1065 peccatore
603 984 993 1059 paenitentiam
1019 985 1229 1049 agente,
1268 993 1439 1048 quam
1457 991 1625 1065 supra
1653 987 1838 1065 mona-

217 1061 341 1157 σίνιιὰ
365 1094 554 1135 novem
574 1074 768 1148 justis,
797 1072 898 1143 qui
914 1086 1026 1126 non
1054 1066 1306 1157 indigent
1326 1064 1656 1157 paenitentia
1687 1061 1834 1157 (Luc.

217 1149 288 1239 iv,
316 1170 413 1231 10.)
442 1166 658 1223 Justus
687 1178 751 1217 es
772 1161 800 1216 ?
827 1158 980 1215 Audi
1011 1155 1150 1229 quid
1174 1170 1382 1209 caveas
1412 1169 1425 1207 :
1457 1151 1708 1239 Videbam
1738 1149 1838 1205 Sa-

1946 982 2205 1053 quirere,
2237 997 2374 1035 cum
2408 983 2464 1034 et
2518 979 2886 1049 interrogata
2916 977 2974 1033 in
3036 980 3280 1035 duobus
3334 986 3634 1057 praeceptis

1946 1083 2139 1134 totam
2167 1077 2396 1132 Veritas
2426 1076 2557 1147 ipsa
2586 1073 2773 1146 legem
2806 1076 2865 1128 et
2897 1075 3225 1147 prophetas
3255 1077 3463 1134 dixerit
3486 1098 3629 1152 pen-

1951 1169 2093 1224 dere
2127 1167 2332 1237 (Matth.
2367 1182 2507 1234 xxn,
2571 1163 2684 1234 40.)
2736 1166 2793 1217 et
2822 1164 3145 1235 Apostolus
3206 1167 3631 1239 plenitudinem

218 1267 358 1318 tutam
381 1258 521 1312 sicut
548 1252 752 1326 fulgur
776 1249 842 1304 dc
870 1248 1003 1304 caelo
1033 1244 1310 1302 cadentem
1344 1243 1493 1315 (Luc.
1528 1258 1583 1307 Χ,
1620 1238 1734 1299 13.)

1995 1256 2103 1328 agis
2155 1255 2529 1311 dilectionem
2598 1250 2849 1306 dixerit:
2901 1251 2957 1305 Si
3017 1254 3161 1324 quis
3216 1238 3405 1313 unum
3463 1277 3630 1315 man-

270 1352 315 1403 2·
343 1349 625 1402 (laterum
651 1357 761 1396 nec
783 1339 991 1410 jusms
1021 1334 1183 1408 μάθοι
1218 1347 1328 1387 nec
1353 1328 1844 1420 Ρθεοαίοῖθάθοξ
1954 1346 2162 1400 datum
2196 1343 2506 1409 custodiat,
2553 1340 2712 1395 aliud
2744 1341 3180 1410 praevericetur,
3240 1340 3439 1403 non'ei
3496 1365 3631 1420 pro-

218 1436 411 1494 medius
433 1432 688 1505 quidam
730 1428 886 1482 inter
912 1425 1035 1480 haac
1068 1423 1182 1478 duo
1234 1424 1293 1475 te
1332 1419 1585 1474 delectat
1632 1412 1845 1470 locus?
1956 1434 2110 1490 dest.
2147 1432 2415 1487 Custodit
2444 1448 2506 1486 se
2561 1429 2777 1500 aliquis
2818 1429 2890 1483 ab
2950 1432 3227 1503 avaritia,
3260 1451 3376 1490 ηοη
3435 1412 3634 1492 ουἐιο..

215 1527 366 1594 Time:
390 1539 555 1596 νοεο,
586 1521 787 1592 ipsum
805 1515 975 1570 Valde
996 1517 1273 1603 leporem!
1301 1524 1373 1563 ne
1397 1507 1468 1562 ab
1490 1506 1617 1603 {PSO
1634 1518 1847 1603 rursus
1958 1530 2047 1585 dit
2076 1530 2147 1584 ad
2177 1528 2462 1584 adulterio
2484 1528 2512 1582 ?
2536 1526 2746 1597 Utique
2776 1527 2832 1580 in
2893 1544 3012 1583 uno
3076 1533 3403 1603 convictus,
3465 1536 3632 1591 dam-

215 1592 398 1671 labaris
425 1592 504 1668 ad
538 1608 752 1681 frigus.
786 1604 941 1692 Nam
970 1602 1121 1692 sicut
1150 1617 1194 1692 ει-
1206 1603 1412 1692 tepore
1452 1595 1525 1692 ad
1550 1592 1841 1692 ‘cal’prem,
1960 1623 2137 1675 natur
2184 1619 2359 1673 etiam
2394 1614 2592 1672 meum
2644 1592 2912 1686 [egibum
2975 1634 3085 1673 nec
3148 1592 3465 1692 pmdest.ei
3497 1624 3636 1680 alte-

214 1703 281 1760 ita
304 1712 702 1774 sepenunzero
732 1694 808 1749 ab
838 1691 1044 1782 eodem
1075 1686 1423 1782 declinatur,
1453 1685 1602 1782 teste
1634 1681 1848 1782 grego-
1964 1707 2087 1764 rius
2119 1706 2385 1763 criminis
2417 1704 2794 1769 abstinentia,
2831 1704 2930 1775 qui
2965 1706 3024 1761 in
3077 1681 3263 1767 altero
3313 1712 3490 1768 fuerit
3533 1713 3636 1768 de-

218 1793 304 1859 ΐίο,
324 1770 393 1847 ad
418 1788 635 1860 ττίευεο
666 1782 824 1839 Audi
857 1777 1110 1874 (“illique
1165 1774 1333 1874 qnid_
1368 1771 1572 1874 {nise}?
1621 1770 1854 1824 dicatur
1883 1807 1931 1872 Β
1962 1797 2312 1873 prehensus.
2347 1795 2466 1849 Hoc
2499 1809 2677 1848 sensu
2708 1770 3143 1854 cum-terribile
3174 1800 3251 1855 sit
3278 1800 3446 1858 valde
3479 1803 3634 1874 quod

218 1878 467 1937 Ῑιδοάίθίδδ
509 1859 528 1931 ί
575 1874 800 1963 Ψίηξηπ
828 1866 1207 1963 σαζίάθδῖδδθδ
1233 1865 1336 1920 aut
1380 1859 1660 1933 frigidus;
1883 1859 1929 1872 υ
1962 1859 2231 1959 protulit,
2262 1884 2363 1939 sed
2398 1887 2597 1937 tamen
2630 1898 2807 1952 super
2854 1880 3008 1938 hanc
3057 1889 3328 1946 eamdem
3370 1859 3637 1963 Apostoli

217 1978 371 2025 autem
399 1965 539 2039 quia
568 1960 857 2034 tepiduses
887 1956 1156 2026 incipiam
1185 1962 1239 2009 te
1257 1965 1506 2007 evomere
1531 1964 1602 2003 ex
1628 1961 1856 2039 οῖς-ζηεο

218 2060 372 2132 (Apoc.
397 2034 485 2123 in,
511 2052 626 2121 t6.)
649 2049 747 2104 Vae
768 2050 970 2103 autem
994 2042 1095 2116 qui
1105 2060 1189 2132 "ex
1207 2057 1312 2132 ore
1330 2034 1860 2132 irrecuperabiliter

217 2123 473 2203 evomitur
506 2140 627 2198 Dei.
660 2139 789 2202 Quo
845 2137 1049 2190 contra
1096 2128 1413 2186 Psalmista
1459 2126 1530 2181 de
1587 2123 1855 2180 sanctis:

215 2237 369 2302 Ibunt,
397 2230 616 2305 inquit,
648 2228 716 2283 de
762 2226 969 2280 virtute
999 2223 1055 2276 in
1115 2221 1379 2275 virtutem
1408 2215 1584 2305 (Psal.
1627 2228 1857 2305 Lxxxin,

215 2327 323 2392 88);
350 2302 505 2395 quia—
513 2317 810 2379 videlicet,
832 2316 900 2367 ut
922 2312 1034 2366 Leo
1054 2310 1264 2365 beatus
1292 2305 1393 2395 ait,
1423 2302 1860 2395 scientes—urbe.

219 2389 384 2469 res
408 2426 547 2468 esse
583 2407 644 2462 in
672 2401 947 2461 Ecclesiae
975 2396 1273 2453 viridiario
1332 2392 1627 2466 plantatas
1662 2389 1864 2445 Domi-

218 2501 347 2568 nico,
369 2517 487 2556 non
532 2495 728 2553 solum
780 2491 990 2547 cavent
1009 2483 1370 2542 nedeﬁciant
1390 2481 1450 2535 in
1473 2480 1662 2551 pejus,
1682 2478 1862 2568 etiam

222 2565 343 2646 dant
363 2599 723 2662 magnopere
756 2578 1024 2637 studium
1058 2578 1122 2630 ut
1176 2570 1488 2662 proficiant
1535 2568 1593 2622 in
1628 2565 1863 2662 melius.

221 2679 345 2735 Cum
375 2655 1006 2745 aufem—pulcherrima
1026 2662 1338 2733 cuiusdam
1364 2655 1868 2745 nostrorum,~quia

223 2765 539 2832 mitissima,
572 2743 868 2818 habeatur
898 2751 1189 2809 sententia
1217 2747 1487 2810 dicentis,
1532 2760 1647 2799 non
1706 2743 1867 2798 futn-

222 2873 336 2911 rum
363 2858 533 2911 extra
551 2843 1048 2907 misericordiam,
1081 2838 1183 2912 qui
1205 2836 1291 2892 vel
1326 2838 1553 2908 partem
1575 2832 1868 2888 bonorum

220 2960 440 3017 operum
473 2939 657 2998 fuerit
680 2937 1014 2996 assecutus,
1048 2945 1165 2985 non
1212 2925 1410 2980 minus
1438 2927 1633 3017 tamen
1666 2937 1870 3017 recc-p-

218 3009 430 3089 tissima
458 3028 731 3090 alterius,
765 3021 911 3096 quia
938 3016 1268 3079 verissima,
1302 3015 1392 3068 est
1434 3009 1742 3065 retinenda
1771 3010 1871 3065 de-

224 3122 394 3178 ﬁnitio
424 3117 681 3175 dicentis
713 3130 727 3168 :
764 3112 875 3181 Qui
889 3123 1001 3164 non
1019 3105 1259 3178 proﬁcit,
1289 3099 1494 3165 deﬁcit,
1527 3106 1578 3153 et
1600 3100 1699 3168 qui
1725 3098 1875 3153 nihil

226 3212 462 3283 acquirit,
495 3203 762 3263 nonnihil
791 3199 998 3273 perdit,
1031 3193 1136 3250 Cui
1193 3188 1524 3247 assentiens
1581 3202 1687 3283 nec
1720 3186 1871 3283 infe—

230 3275 335 3355 rior
360 3298 527 3367 alter,
563 3293 778 3357 Omnis,
811 3288 895 3344 ait
923 3286 1164 3357 defectus
1191 3279 1261 3336 ad
1289 3277 1535 3367 nihilum
1555 3275 1883 3367 tendit._tlis

232 3387 413 3460 itaque
440 3363 525 3441 ita
556 3380 860 3446 connexis,
893 3372 1227 3429 timendum
1260 3384 1333 3422 ne
1363 3366 1503 3420 dum
1535 3380 1652 3418 non
1686 3363 1882 3419 inhias

232 3452 525 3548 proiectui,
552 3469 909 3529 succumbas
922 3459 1199 3523 defectui,
1222 3453 1499 3548 devenias
1512 3454 1551 3507 I
1564 3453 1664 3507 69
1688 3452 1852 3548 nibili
1866 3494 1879 3519 ,

234 3540 370 3621 .Sunt
386 3540 592 3621 autem
615 3558 877 3633 quidam,
908 3554 1057 3608 teste
1078 3545 1375 3618 Gregorio,
1409 3560 1442 3597 a
1458 3558 1714 3633 quorum
1740 3540 1882 3633 libe-

231 3654 332 3709 rari
362 3657 569 3725 satage
602 3629 917 3708 consertio,
970 3637 1073 3712 qui
1101 3641 1168 3692 ut
1195 3636 1467 3691 fruantur
1497 3629 1730 3725 seculo,
1764 3630 1883 3685 dis-

234 3717 551 3813 pensatorie
583 3735 846 3793 serviunt
880 3736 1015 3786 Deo.
1041 3728 1193 3783 Sunt
1233 3717 1585 3813 contra-alii,
1623 3734 1883 3813 quorum

231 3808 283 3885 in
321 3845 574 3886 numero
629 3815 799 3881 aude
857 3814 1129 3882 inveniri,
1161 3812 1262 3885 qui
1324 3813 1388 3865 ut
1442 3808 1713 3861 fruantur
1770 3810 1884 3862 Deo

232 3918 558 3975 transitoria
591 3912 856 3971 serviunt
886 3904 1133 3963 mundo.
1168 3901 1334 3957 Hunc
1362 3900 1559 3952 autem
1623 3895 1883 3950 medium

232 4023 344 4064 esse
363 4005 623 4080 jnstitiaa
652 4002 847 4057 locum
878 3994 1128 4052 azstimo.
1152 3988 1313 4082 Quod
1349 3986 1399 4041 si
1432 3982 1672 4038 omnino
1702 3983 1887 4082 tet-eri-

234 4070 499 4167 gerevnon
531 4090 696 4148 vales
718 4091 807 4158 (ut
831 4102 951 4142 non
993 4079 1176 4152 vales)
1210 4077 1281 4133 ad
1329 4088 1675 4167 supremum
1716 4070 1884 4167 illum

234 4159 334 4241 lJeo
366 4179 664 4258 placendi»
685 4176 952 4233 ordinem
985 4167 1303 4232 ullomodo,
1333 4161 1545 4258 saltem
1585 4159 1671 4214 vel
1707 4161 1778 4258 ad
1808 4160 1885 4216 is-

234 4250 435 4329 tumte
492 4266 803 4326 humiliter
854 4258 1315 4326 firmissimeque
1371 4256 1574 4307 teneas
1627 4250 1885 4305 medium

235 4360 476 4433 postulo,
514 4375 596 4415 ne
625 4355 860 4430 quando
890 4350 1116 4408 scilicet
1146 4362 1283 4401 ruas
1309 4343 1383 4399 ad
1415 4340 1584 4433 illum
1612 4340 1885 4433 infimum

233 4428 370 4517 i348)
387 4450 607 4507 ordine
634 4428 798 4501 devio
822 4460 837 4510 ;
871 4454 1062 4513 neque
1082 4434 1239 4491 enim
1262 4433 1392 4488 ideo
1417 4430 1594 4485 debes
1614 4428 1739 4517 ﬁeri
1765 4445 1885 4501 per-

238 4516 402 4607 ditus,
436 4537 589 4611 quia
618 4550 735 4589 non
764 4529 925 4587 vales
956 4543 1085 4583 esse
1108 4522 1424 4611 perfectus,
1478 4533 1581 4611 nec
1608 4516 1738 4611 ideo
1753 4534 1889 4611 pes-
1916 4538 1962 4601 Ι)

234 4605 431 4694 simus,
454 4605 732 4699 quianon
744 4623 909 4693 potes
930 4615 1178 4672 existere
1190 4609 1471 4699 optimus.
1487 4605 1619 4677 Ipsa
1633 4605 1886 4699 denique

235 4693 561 4782 humilitas,
578 4728 698 4784 qua
719 4710 792 4765 de
824 4712 879 4763 te
895 4704 1038 4759 vilia
1061 4700 1339 4763 aestimas,
1360 4696 1409 4752 si
1426 4693 1503 4750 sit
1523 4710 1679 4784 vera,
1693 4698 1752 4784 et
1771 4710 1885 4784 non

232 4805 415 4875 potius
447 4782 728 4875 segnitia,
775 4798 847 4852 de
900 4791 1255 4867 quandoque
1314 4785 1538 4875 erigere
1568 4782 1784 4875 valebit
1814 4782 1885 4837 ad

240 4872 551 4957 sublimia,
575 4893 722 4944 teste
746 4901 884 4941 voce
914 4878 1218 4938 Dominica
1243 4874 1467 4948 (Matth.
1500 4887 1663 4938 xxnl,
1702 4872 1814 4940 42).

300 4982 478 5037 3.Ne
540 4993 700 5044 vero,
753 4975 892 5031 dum
948 4970 1072 5026 haec
1117 4965 1323 5022 mitius
1379 4966 1575 5017 tecum
1634 4975 1762 5032 ago,
1798 4976 1891 5017 me

243 5069 343 5124 tibi
385 5069 645 5125 suadere
682 5067 871 5138 putes,
902 5059 991 5116 vel
1024 5057 1201 5114 etiam
1260 5052 1502 5110 forsitan
1557 5050 1890 5119 concedere,

245 5161 305 5215 nt
356 5159 431 5215 ab
497 5154 803 5227 aliquibus
832 5153 975 5207 dum
1034 5145 1312 5210 abstines,
1372 5138 1547 5196 alicui
1602 5138 1894 5227 deservias

248 5247 408 5318 quasi
450 5226 619 5303 cumi
653 5240 823 5298 venia
873 5236 1036 5304 vitio,
1099 5250 1254 5300 cum,
1309 5231 1552 5286 docente
1597 5226 1894 5298 Apostolo,

248 5385 416 5439 altum
448 5401 610 5440 mens
655 5383 896 5447 inchoat,
929 5377 1130 5450 nedum
1172 5369 1567 5450 perficit,du1_n
1595 5375 1778 5450 sextus

250 5392 416 5439 altum
448 5401 610 5440 mens
655 5392 896 5447 inchoat,
929 5392 1130 5434 nedum
1209 5392 1407 5443 enim,
1432 5392 1567 5424 aum
1595 5392 1778 5423 sextus
1810 5392 1898 5424 mc

250 5457 399 5511 sinus
432 5456 519 5526 (id
556 5460 645 5511 est
672 5452 767 5526 hic
790 5454 991 5526 sextus
1023 5392 1418 5526 liberfnititur
1444 5440 1652 5526 sulcari
1679 5456 1714 5526 ᾳ
1742 5442 1898 5521 nobis

246 5511 709 5598 praeminentibus
730 5525 798 5579 de
824 5531 897 5598 t_c_,
929 5511 1408 5598 Dea_li_tas'summa
1433 5511 1822 5598 gubernatrix.

315 5583 461 5666 (347)
498 5596 778 5654 Mendum
809 5583 1046 5666 aliquod
1076 5588 1217 5647 latet
1272 5586 1332 5641 in
1368 5598 1507 5640 voce
1556 5588 1786 5637 tamam-
1822 5583 1898 5639 EX

1966 1974 2321 2031 sententiam
2353 1972 2773 2043 Hieronymum
2799 1973 2927 2042 jam
2959 1977 3362 2047 consuluerit;
3402 1998 3510 2036 nec
3548 1982 3640 2040 in-

1968 2073 2276 2147 cognitum
2307 2070 2498 2135 nobis,
2561 2067 2749 2140 legem
2807 2072 2990 2127 totam
3054 2073 3382 2150 intelligere
3436 2079 3637 2140 decem

1967 2163 2069 2218 illa
2098 2160 2397 2235 generalia
2426 2162 2733 2231 praecepta,
2766 2159 2922 2216 unde
2969 2165 3241 2221 omnium
3301 2166 3639 2240 specialitas

1970 2252 2131 2307 velut
2161 2268 2192 2306 e
2224 2250 2481 2323 quodam
2526 2245 2647 2302 rivo
2680 2247 2894 2304 ﬁdibus
2949 2250 3299 2311 decachordi
3358 2257 3640 2319 distincta

1974 2339 2275 2396 derivatur
2307 2353 2319 2393 :
2347 2354 2473 2409 quae
2507 2336 2732 2407 [scilicet
2775 2335 2974 2394 decem
3020 2347 3329 2417 praecepta]
3360 2364 3495 2402 cum
3546 2350 3638 2407 in-

1974 2424 2631 2483 solubiliteraduobus
2662 2423 2777 2480 illis
2836 2428 3115 2485 maximis
3164 2437 3221 2486 et
3270 2435 3479 2504 primis
3537 2438 3635 2494 de-

1976 2517 2177 2579 ducta,
2214 2515 2414 2569 decem
2463 2513 2679 2569 faciant
2737 2514 2909 2580 rivos,
2967 2524 3196 2590 septem
3254 2522 3533 2579 videlicet
3563 2528 3635 2582 ad

1976 2611 2352 2670 dilectionem
2385 2611 2657 2684 proximi,
2691 2615 2808 2668 tres
2840 2612 3201 2685 pertinentes
3245 2619 3317 2673 ad
3367 2620 3639 2678 dilectio-

1979 2720 2113 2759 nem
2143 2701 2266 2769 Dei,
2303 2702 2386 2756 ita
2414 2718 2584 2756 suam
2644 2707 2875 2757 servant
2904 2704 3061 2760 unde
3117 2713 3476 2764 emerserunt
3533 2728 3637 2766 na-

1980 2798 2201 2860 turam,
2235 2795 2301 2846 ut
2343 2807 2528 2851 unum
2561 2789 2686 2845 sine
2733 2790 2936 2856 altero,
2970 2792 3124 2849 sicut
3170 2812 3277 2851 nec
3333 2803 3527 2870 caput,
3559 2798 3642 2854 ita

1982 2898 2088 2936 nec
2121 2879 2395 2952 amplecti
2423 2878 2703 2934 veraciter
2732 2882 3050 2954 respuique
3078 2883 3309 2940 valeant
3354 2887 3638 2943 membra.

1981 2971 2131 3027 Nam
2179 2971 2335 3027 sicut
2369 2972 2545 3026 Deum
2581 2987 2694 3025 non
2727 2970 2968 3045 diligere
3013 2975 3314 3045 probatur,
3350 2976 3449 3049 qui
3510 2994 3642 3050 pro-

1983 3059 2211 3115 ximum
2242 3077 2359 3115 non
2409 3059 2619 3131 diligit,
2678 3059 2902 3116 Joanne
2957 3061 3229 3118 dicente:
3264 3064 3329 3120 Si
3386 3067 3509 3138 quis
3556 3065 3618 3121 di

1904 3172 1948 3240 ρ
1983 3160 2134 3214 xerit
2165 3160 2431 3230 quoniam
2476 3157 2648 3227 diligo
2677 3159 2869 3223 Deum.
2919 3168 2971 3216 et
3004 3162 3240 3231 fratrem
3293 3178 3455 3218 suum
3501 3163 3640 3232 odit,

1992 3247 2234 3302 mendax
2257 3250 2334 3302 est
2364 3250 2414 3318 (1
2437 3247 2593 3302 Ιοαη.
2628 3263 2712 3313 ιιι,
2741 3246 2776 3300 9
2803 3252 2842 3315 ;ν)
2873 3252 2931 3303 et
2960 3264 3076 3303 non
3129 3253 3250 3304 tam
3286 3250 3644 3321 proximum,

1993 3351 2173 3406 quam
2205 3335 2379 3389 etiam
2420 3334 2748 3402 inimicum,
2808 3335 3056 3391 Domino
3111 3337 3381 3394 dicente:
3418 3338 3647 3407 Diligite

1992 3425 2249 3479 inimicos
2304 3427 2527 3486 vestros,
2577 3424 2710 3477 bene
2753 3426 2923 3495 facite
2979 3425 3067 3480 his
3102 3428 3199 3496 qui
3249 3427 3480 3481 oderunt
3535 3442 3643 3494 vos,

1993 3518 2055 3566 ut
2085 3515 2209 3567 sitis
2233 3514 2344 3583 filii
2394 3511 2579 3567 Patris
2637 3514 2799 3567 vestri
2842 3514 2940 3585 qui
2989 3513 3049 3566 in
3102 3514 3252 3568 ccelis
3303 3521 3381 3569 est
3438 3514 3643 3581 (Matth.

1993 3625 2048 3675 ν,
2082 3610 2149 3663 44
2174 3609 2211 3675 ;)
2245 3607 2404 3662 nulla
2434 3611 2629 3662 autem
2657 3608 2980 3663 evidentior
3000 3608 3321 3664 redamatio
3349 3625 3524 3680 quam
3551 3626 3650 3681 pa-

1993 3697 2101 3752 tris
2133 3698 2203 3753 ad
2236 3697 2444 3759 ﬁlium,
2475 3694 2578 3750 filii
2624 3697 2697 3751 ad
2748 3701 2992 3768 patrem,
3048 3713 3222 3769 quem
3273 3714 3388 3753 non
3448 3713 3649 3753 amare

1995 3786 2373 3853 convincitur,
2406 3786 2560 3841 I70
2592 3786 2693 3856 qui
2725 3787 2854 3856 ejus
2885 3785 3110 3857 spernit
3151 3785 3485 3857 jussionem
3513 3803 3526 3841 :
3570 3786 3651 3841 ita

1962 3874 2096 3930 .illa
2136 3875 2268 3941 tria,
2303 3890 2430 3946 quae
2472 3890 2505 3929 a
2559 3873 2750 3945 primo
2818 3875 3209 3942 deducuntur,
3275 3874 3473 3931 nullus
3549 3876 3651 3948 qui

1994 3972 2139 4027 illud
2171 3971 2452 4028 veraciter
2479 3972 2750 4028 observat
2776 3977 2971 4044 potest
3024 3973 3410 4043 praevaricari.
3469 3974 3650 4030 Nemo

1994 4062 2151 4117 enim
2183 4060 2435 4133 diligens
2459 4060 2645 4115 Deum
2671 4060 2852 4116 alium
2902 4060 3040 4117 colit
3094 4067 3305 4133 praeter
3361 4079 3517 4127 eum,
3550 4080 3650 4118 nc-

1994 4167 2108 4221 que
2139 4149 2348 4222 accipit
2393 4165 2606 4204 nomen
2656 4151 2786 4220 ejus
2842 4151 2903 4205 in
2961 4167 3202 4217 vanum,
3263 4167 3368 4207 nec
3427 4151 3646 4224 aliquid

1994 4239 2134 4295 facit
2165 4238 2298 4294 boni
2329 4237 2442 4292 nisi
2476 4242 2714 4310 propter
2755 4255 2955 4294 verum
3014 4238 3360 4303 Sabbatum,
3392 4239 3502 4295 hoc
3557 4246 3648 4296 est

1995 4334 2256 4407 requiem
2282 4334 2725 4406 sempiternam.
2761 4337 2830 4391 Et
2861 4335 3014 4390 sicut
3043 4335 3385 4406 proximum
3411 4353 3527 4391 non
3557 4336 3650 4390 di-

1994 4423 2176 4496 ligere
2206 4423 2620 4494 comprobatur
2665 4423 2763 4495 qui
2826 4424 3010 4478 Deum
3068 4438 3183 4477 non
3243 4422 3458 4496 diligit,
3509 4441 3648 4481 nam

1995 4529 2102 4569 nec
2159 4512 2422 4582 seipsum
2474 4510 2687 4582 diligit,
2723 4510 3037 4566 Psalmista
3085 4510 3358 4567 dicente:
3395 4514 3502 4582 Qui
3547 4530 3648 4569 au-

1995 4610 2103 4658 tem
2130 4600 2317 4669 diligit
2364 4600 2730 4671 iniquitatem,
2790 4600 2903 4655 odit
2958 4599 3208 4654 animam
3261 4616 3421 4657 suam
3475 4604 3646 4670 (Psal.

1995 4708 2052 4758 x,
2084 4691 2185 4756 5;)
2222 4689 2307 4743 ita
2362 4687 2461 4759 qui
2519 4686 2687 4742 illum
2742 4688 2935 4759 diligit
2981 4687 3283 4757 veraciter,
3340 4694 3552 4747 caetera
3582 4709 3652 4748 ex

1997 4780 2107 4835 hoc
2136 4778 2384 4833 deducta
2413 4793 2528 4831 non
2557 4775 2819 4849 negligit.
2855 4777 3000 4832 Nam
3031 4782 3088 4833 et
3144 4777 3396 4835 honorat
3434 4797 3644 4853 paren-

1997 4881 2106 4944 tes,
2161 4892 2266 4931 nec
2323 4873 2665 4940 moechatur,
2726 4889 2830 4928 nec
2910 4872 3140 4943 occidit,
3204 4892 3309 4931 ncc
3393 4876 3651 4933 furatur-

1999 4982 2106 5021 nec
2162 4962 2375 5019 falsum
2430 4961 2834 5018 testimonium
2889 4961 3052 5030 dicit,
3119 4980 3225 5019 nec
3291 4965 3655 5038 concupiscit

2002 5068 2241 5110 uxorem
2275 5051 2521 5124 proximi
2551 5049 2662 5116 sui,
2725 5067 2829 5106 nec
2857 5068 2978 5107 rem
3037 5051 3297 5124 aliquam
3358 5055 3507 5125 eius.
3542 5055 3651 5120 Qui

2000 5159 2134 5199 vero
2165 5140 2386 5214 aliquid
2409 5141 2619 5195 horum
2658 5141 3071 5210 praevaricatus
3130 5142 3323 5209 fuerit,
3386 5142 3653 5199 omnium

2003 5248 2138 5287 reus
2168 5229 2297 5286 ideo
2328 5232 2582 5295 tenetur,
2619 5228 2760 5299 quia
2788 5228 2847 5283 in
2902 5229 3100 5302 ipsum
3157 5230 3476 5288 excessisse
3533 5234 3657 5289 fon-

2005 5391 2182 5430 sensu
2204 5371 2513 5446 legendum
2533 5374 2622 5425 est
2639 5380 2969 5439 sanctorum,
2995 5389 3095 5428 seu
3110 5373 3408 5446 justorum,
3436 5374 3525 5430 vel
3548 5371 3655 5429 ali-

2006 5446 2142 5517 quid
2180 5443 2391 5517 simile.

2078 5517 2229 5588 (3/18)
2258 5513 2457 5587 Vulg,,
2491 5512 2802 5584 inﬁrmum,
2832 5514 3003 5571 male.
