4034 6172
350 289 470 352 319

1269 278 1644 347 RATHERII
1692 276 1939 342 EPISC.
1987 275 2277 340 VERON.
2324 278 2497 345 OPP.
2541 280 2740 345 PARS
2782 280 2831 345 Ι.

3640 275 3767 345 320

346 428 485 491 tem,
518 415 672 478 unde
702 418 914 476 cuncta
956 414 1296 492 procedunt,
1351 415 1600 484 videtur,
1662 431 1798 472 cum
1848 429 1990 470 neu-
2019 410 2080 480 Α
2107 420 2304 472 autem
2334 413 2395 472 in
2423 412 2619 489 aliquo
2649 412 2862 474 horum
2898 418 2957 473 te
3006 413 3504 492 prevaricatorem
3548 416 3767 492 depre-

345 517 502 569 trum
534 509 745 566 horum
778 526 906 582 quas
937 512 1077 575 sunt,
1106 505 1400 581 prohibita
1441 522 1610 580 agere
1661 504 1994 578 proximum

343 600 626 657 veraciter
654 598 906 671 diligens
934 599 1079 670 (349)
1112 597 1334 669 possit;
1380 596 1611 652 Ditectio
1658 595 1815 651 enim
1865 609 1993 665 pro—

341 692 486 747 ximi
507 692 720 764 malum
746 706 856 744 non
888 696 1146 760 operatur
1170 688 1342 758 (Rom.
1375 702 1411 739 Χ
1436 702 1497 750 ιι,
1524 686 1635 751 10.)
1684 684 1813 739 Hinc
1852 701 1995 739 cun-

346 786 436 837 cta
467 780 724 835 diximus
754 777 904 845 ideo,
940 780 1005 832 ut
1035 776 1083 831 si
1115 774 1319 831 saltem
1356 773 1522 828 illum
1575 774 1834 829 medium
1894 774 1992 827 bo-

345 868 550 925 nitatis
606 868 799 923 locum
859 865 946 920 vis
986 865 1267 931 obtinere,
1328 862 1489 918 omni
1548 861 1783 934 capitali
1853 861 1992 915 vitio

347 959 583 1015 studeas
610 972 755 1012 care:
774 972 824 1011 e.

416 1049 467 1101 4.
511 1045 792 1117 Capitalia
846 1060 980 1099 vero
1038 1060 1106 1098 ea
1163 1041 1391 1097 noveris
1457 1058 1606 1107 esse,
1660 1057 1785 1112 qua:
1846 1040 1991 1110 (350)

344 1134 774 1191 decachordum
802 1131 1019 1188 tabulis
1050 1130 1297 1203 lapideis
1358 1130 1628 1202 prohibet
1684 1129 1990 1200 scriptum.

345 1226 414 1280 Et
446 1229 510 1279 ut
535 1223 738 1279 eodem
766 1238 942 1276 sensu
969 1237 1036 1276 ea
1065 1220 1531 1285 dinumeremus,
1556 1219 1821 1289 quwjam
1856 1220 1995 1272 sunt

345 1314 577 1369 abeato
616 1311 944 1383 Augustino
1002 1309 1247 1381 digesta,
1299 1307 1602 1363 sciendum
1657 1310 1747 1363 est
1804 1306 1992 1378 primo

348 1401 485 1475 quia
535 1398 825 1456 idolorum
877 1402 967 1453 est
1022 1397 1285 1469 perfidia,
1330 1413 1363 1450 a
1419 1412 1536 1467 qua
1590 1399 1643 1451 te
1703 1394 1989 1467 prohibet,

347 1508 480 1547 cum
516 1489 701 1544 dicit:
745 1490 886 1542 Deus
943 1491 1088 1553 tuus,
1145 1487 1286 1540 Deus
1344 1501 1487 1540 unus
1539 1492 1616 1540 est
1676 1484 1858 1556 (Marc.
1890 1500 1991 1551 xu,

344 1580 458 1651 29.)
490 1578 650 1633 Hanc
680 1575 950 1647 sequitur
978 1591 1139 1630 error
1192 1574 1497 1640 haereseos,
1527 1578 1583 1628 et
1631 1573 1993 1627 diversarum

344 1665 850 1739 superstitionum,
886 1662 1368 1735 praecantatioues
1423 1661 1713 1731 videlicet,
1767 1665 1824 1717 et
1863 1678 1991 1733 qua:

342 1756 514 1828 vulgo
544 1755 822 1810 dicuntur
879 1751 1113 1807 facturae
1156 1751 1326 1820 (35|,)
1361 1754 1425 1805 ut
1483 1750 1583 1849 illa
1637 1767 1764 1849 quas
1823 1749 1987 1804 vani-
2021 1783 2071 1849 Β

345 1849 492 1900 tates
524 1848 582 1899 et
612 1842 853 1898 insaniae
888 1839 1044 1895 falsae
1086 1839 1364 1894 dicuntur
1394 1856 1428 1893 a
1458 1838 1771 1895 Psalmista
1820 1840 1989 1911 (Psai.

342 1951 532 1997 xxxu,
565 1933 661 2003 5);
696 1930 826 2002 ipsa
856 1944 1089 2000 quoque
1129 1944 1255 1999 quae
1301 1925 1615 1997 Apostolus
1658 1926 1995 1981 terribiliter

343 2023 651 2078 enumerat
680 2018 879 2073 dicens
912 2034 925 2071 :
959 2018 1081 2072 Dies
1109 2016 1405 2071 observatis
1436 2023 1488 2070 et
1542 2031 1749 2070 menses
1799 2020 1849 2070 et
1890 2033 1993 2071 an-

341 2127 458 2179 nos,
490 2112 652 2166 timeo
680 2124 749 2163 ne
774 2108 895 2162 sine
942 2121 1109 2160 causa
1140 2105 1511 2160 laboraverim
1544 2106 1599 2159 in
1660 2106 1809 2160 vobis
1846 2106 1989 2172 (Gal.

345 2214 420 2269 tv,
456 2197 567 2270 10),
599 2200 656 2252 et
684 2195 776 2250 his
809 2193 1046 2261 similia,
1079 2211 1113 2248 a
1155 2193 1370 2265 quibus
1431 2194 1706 2249 omnibus
1761 2210 1993 2265 compe-

344 2287 545 2353 sceris,
580 2302 714 2340 cum
765 2282 982 2338 audis:
1044 2284 1159 2339 Non
1214 2299 1455 2337 assumes
1511 2298 1707 2337 nomen
1757 2284 1857 2338 Dei
1910 2284 1995 2338 tui

345 2379 404 2432 in
436 2392 637 2431 vanum
667 2372 858 2445 (Exod.
892 2388 986 2438 xx,
1018 2370 1101 2442 7.)
1133 2370 1397 2441 Perjuria
1426 2386 1658 2442 quoque
1690 2376 1747 2426 et
1779 2371 1835 2425 in
1884 2370 1993 2426 hoc

344 2465 491 2521 mihi
548 2465 820 2519 videntur
875 2461 1188 2534 prohibita.
1255 2461 1399 2517 Hinc
1451 2461 1745 2533 superbia,
1798 2460 1992 2530 elatio,

344 2560 403 2610 et
441 2553 634 2609 inanis
665 2550 869 2625 gloria,
896 2549 983 2605 vel
1035 2567 1201 2605 amor
1256 2549 1477 2615 seaculi,
1539 2567 1645 2621 pro
1700 2567 1815 2621 quo
1870 2566 1993 2604 ma-

343 2644 497 2699 xime
527 2644 588 2697 in
632 2639 908 2697 omnibus
967 2639 1218 2709 negotiis
1272 2637 1573 2694 laboratur
1618 2639 1690 2693 ab
1746 2638 1839 2694 his
1893 2638 1993 2710 qui

344 2733 529 2789 Deum
588 2746 705 2784 non
761 2726 1037 2798 diligunt,
1092 2743 1127 2781 a
1181 2727 1400 2798 quibus
1462 2725 1795 2795 retraheris,
1857 2743 1990 2782 cum

344 2820 663 2875 Sabbatum
708 2831 938 2872 servare
990 2814 1242 2886 juberis,
1275 2815 1333 2869 id
1389 2819 1479 2869 est
1509 2819 1572 2869 ut
1630 2814 1929 2871 declinans
1960 2833 1995 2872 a

347 2907 501 2963 malo
535 2910 591 2962 et
620 2902 837 2960 faciens
893 2903 1116 2958 bonum
1147 2904 1319 2972 (Psal.
1371 2920 1561 2969 xxxvr,
1594 2904 1708 2969 27,)
1763 2919 1932 2960 vaces
1960 2922 1994 2960 a

348 2999 602 3070 peccato,
636 2998 692 3049 et
722 2991 942 3049 servias
975 2996 1087 3047 Deo
1122 3009 1135 3060 ;
1170 2991 1370 3047 omnia
1420 2995 1615 3046 autem
1670 2991 1990 3059 humiliter,

349 3102 465 3141 non
500 3082 769 3155 superbe,
814 3084 1052 3153 propter
1101 3080 1631 3135 remunerationem
1690 3086 1989 3148 aeternam,

349 3191 462 3229 non
496 3151 732 3246 propter
761 3151 994 3225 inanem
1028 3168 1222 3225 saeculi
1253 3168 1522 3240 gloriam.
1554 3169 1647 3224 HtB
1698 3174 1816 3225 tres
1847 3187 1990 3243 praa-
2023 3151 2067 3218 C

349 3267 652 3335 ceptorum
675 3258 1102 3325 distinctiones,
1127 3257 1533 3329 malorumque
1546 3258 1989 3330 prohibitiones.

349 3353 434 3407 Ad
465 3366 724 3406 amorem
753 3364 886 3404 vero
932 3346 1179 3419 proximi
1229 3345 1519 3418 pertinent
1578 3346 1697 3402 haec
1732 3365 1744 3403 :
1778 3350 1995 3404 Honora

344 3445 563 3514 patrem
589 3443 639 3495 et
681 3441 915 3493 matrem
948 3436 1137 3508 (Exod.
1197 3454 1269 3490 xx
1300 3436 1414 3504 12,)
1445 3436 1543 3490 ubi
1606 3440 1811 3507 praeter
1869 3454 1994 3493 car-

352 3531 543 3587 nalem
570 3528 891 3602 genitorem
913 3526 1091 3581 etiam
1128 3524 1223 3581 Dei
1254 3526 1444 3582 Patris
1475 3531 1531 3581 et
1562 3526 1827 3582 Ecclesiae
1871 3543 1996 3582 ma-

348 3621 454 3677 tris
476 3619 1038 3693 praepositorumque
1056 3614 1322 3671 Ecclesiae
1345 3614 1532 3671 honor
1556 3615 1867 3687 specialius
1889 3614 1997 3671 tibi

350 3708 648 3765 indicitur.
679 3709 792 3762 Non
826 3704 1181 3761 mazchaberis
1206 3704 1392 3771 (Ibid.,
1428 3705 1540 3769 14,)
1572 3704 1630 3758 in
1690 3721 1805 3776 quo
1837 3721 1995 3760 com-

351 3796 607 3871 pesceris
638 3795 710 3850 ab
741 3794 899 3849 omni
933 3792 1329 3848 libidine.Non
1359 3793 1562 3847 occiaes
1588 3792 1772 3863 (Ibid.,
1808 3792 1920 3862 13,)
1940 3792 1997 3847 in

354 3904 469 3961 quo
500 3882 827 3957 prohiberis
856 3882 928 3937 ab
959 3879 1299 3937 omnimoda
1327 3880 1692 3935 crudelitate.
1724 3881 1841 3936 Non
1882 3883 2000 3953 fur-

354 3982 470 4032 tum
492 3975 662 4044 facies
694 3970 876 4043 (Ibid.,
914 3971 1021 4035 15,)
1056 3968 1114 4022 in
1147 3984 1261 4039 quo
1311 3967 1680 4040 restringeris
1736 3970 1809 4024 ab
1867 3986 1999 4024 ava-

357 4065 491 4120 ritia
518 4065 577 4117 et
607 4058 943 4132 rapacitate.
1004 4062 1121 4114 Non
1180 4057 1385 4126 falsum
1442 4059 1810 4112 testimonium
1856 4058 2002 4114 dices

356 4150 542 4223 (Ibid,
574 4148 685 4217 i6),
744 4147 802 4202 in
864 4162 978 4218 quo
1035 4144 1362 4217 prohiberis
1392 4160 1428 4199 a
1476 4144 1747 4214 falsitate,
1807 4147 2001 4218 perju-

360 4242 466 4308 rio,
525 4235 938 4293 detrectatione
993 4235 1060 4305 [f.
1119 4233 1516 4303 detractione]
1573 4235 1688 4289 Non
1750 4237 2005 4307 concupi-

358 4346 470 4387 sces
510 4342 737 4383 acorem
791 4324 1038 4396 proximi
1093 4323 1177 4377 tui
1225 4322 1384 4394 (Ibid.
1414 4322 1528 4391 47,)
1558 4321 1618 4377 in
1676 4340 1793 4395 quo
1851 4341 2007 4380 revo-

360 4416 510 4476 caris
536 4416 711 4472 etiam
742 4414 814 4470 ab
843 4414 989 4470 171
1034 4410 1365 4467 adulterina
1394 4411 1760 4483 cogitatione.
1796 4412 1925 4468 Haec
1956 4413 2006 4469 si

2106 504 2383 570 hendero,
2416 522 2535 561 non
2567 513 2618 562 te
2675 506 2929 563 accendo
2988 508 3059 564 ad
3118 506 3379 577 meliora,
3439 506 3767 581 (corrigere

2105 611 2315 650 moneo
2344 594 2564 667 iniqua,
2599 611 2703 651 nec
2734 600 2800 651 ut
2846 596 3096 653 scandas
3128 598 3258 653 dico
3312 598 3382 653 de
3435 597 3656 653 virtute
3697 596 3765 652 in

2104 684 2401 751 virtutem)
2434 684 2536 739 sed
2570 688 2635 739 ut
2664 684 3018 741 convertaris
3047 703 3082 742 a
3125 685 3350 742 malitia
3399 686 3471 741 ad
3524 684 3765 741 bonita-

2106 777 2245 827 tem.
2279 773 2423 828 Nam
2458 790 2570 828 non
2604 777 2692 828 est
2719 774 2828 829 iste
2857 773 3023 829 locus
3056 779 3122 830 ut
3161 776 3411 847 putabas
3470 774 3770 831 bonitatis

2106 862 2357 927 medius,
2390 862 2507 917 imo
2540 866 2629 917 est
2660 862 2878 917 nullus.
2907 862 3015 927 Qui
3067 864 3227 919 enim
3281 880 3385 919 nec
3413 864 3601 919 Deum
3654 879 3772 919 nec

2103 949 2437 1022 proximum
2470 950 2711 1023 diligere
2743 951 2912 1023 (352),
2945 956 3146 1007 contra
3200 951 3323 1007 haec
3357 952 3557 1008 decem
3610 969 3772 1024 pras-

2104 1044 2272 1111 cepta
2300 1041 2627 1095 excedendo
2672 1040 2730 1095 in
2762 1039 2977 1112 aliquo,
3010 1041 3242 1097 etiamsi
3301 1041 3568 1114 quaedam
3627 1039 3770 1097 illo-

2104 1144 2235 1183 rum
2290 1129 2541 1185 videaris
2599 1128 2895 1200 implesse,
2952 1129 3255 1201 probaris;
3292 1146 3468 1203 quam
3529 1130 3773 1186 bonitas

2103 1221 2221 1273 tem
2252 1216 2479 1273 haebere
2508 1221 2564 1274 te
2597 1222 2787 1289 putas,
2849 1222 3166 1291 antequam
3223 1235 3292 1274 ea
3345 1217 3588 1286 scilicet,
3624 1234 3771 1291 qua

2103 1306 2302 1361 minus
2333 1306 2539 1361 fecisse
2569 1311 2625 1361 te
2658 1307 2983 1380 agnoveris,
3016 1307 3275 1381 corrigas
3300 1311 3323 1363 ?
3348 1307 3494 1363 Cum
3553 1313 3767 1365 autem

2101 1393 2189 1449 vel
2223 1411 2368 1451 usus
2397 1393 2696 1461 bonitatis,
2730 1394 2819 1449 vel
2866 1394 3265 1452 satisfactione
3320 1396 3767 1452 emendationis

2102 1482 2195 1538 his
2227 1487 2282 1537 te
2312 1482 2487 1552 vitiis,
2523 1499 2649 1555 quas
2709 1482 2831 1539 haec
2888 1483 3089 1540 decem
3148 1483 3477 1556 prohibent,
3536 1502 3767 1559 purga-

2104 1574 2269 1639 tum;
2331 1571 2425 1627 his
2473 1576 2529 1626 te
2592 1572 2928 1640 virtutibus,
2988 1589 3136 1644 quas
3190 1572 3339 1644 (354)
3398 1579 3660 1640 monent,
3697 1573 3765 1630 id

2103 1664 2193 1715 est
2220 1659 2527 1717 dilectione
2558 1660 2655 1715 Dei
2687 1665 2744 1716 et
2773 1661 3043 1733 proximi,
3077 1661 3189 1716 fide
3215 1665 3275 1716 et
3304 1678 3408 1734 spe
3461 1678 3764 1735 agnovere

2103 1753 2375 1805 ornatum
2413 1767 2425 1817 ;
2458 1754 2511 1805 te
2565 1747 2760 1805 locum
2817 1749 2988 1806 credo
3044 1748 3301 1805 subiisse
3353 1749 3639 1816 medium,
3702 1755 3769 1808 et

2106 1841 2173 1894 ut
2201 1839 2273 1893 ad
2306 1838 2609 1909 superiora
2638 1838 2922 1905 eveharis,
2975 1837 3177 1894 omnia
3228 1838 3454 1895 scilicet
3505 1840 3769 1896 venden-

2103 1927 2179 1981 do
2210 1932 2266 1982 et
2296 1925 2489 1981 dando
2523 1926 2901 1998 pauperibus,
2956 1926 3372 1999 Christumque
3430 1929 3764 2000 sequendo,

2103 2032 2312 2073 moneo
2348 2033 2361 2072 :
2394 2021 2496 2071 aut
2525 2021 2699 2081 certe,
2759 2021 2823 2071 ut
2878 2016 3212 2073 firmiterte
3272 2016 3482 2074 saltem
3536 2017 3598 2075 in
3658 2017 3766 2075 his

2102 2108 2324 2172 teneas,
2356 2120 2604 2177 suggero
2630 2122 2643 2173 ;
2675 2105 2817 2176 quia
2840 2103 2979 2161 solis
3012 2103 3106 2161 bis
3137 2109 3194 2160 te
3225 2120 3341 2161 non
3382 2105 3571 2162 solum
3635 2106 3765 2163 sal-

2101 2194 2381 2260 vandum,
2412 2192 2591 2248 etiam
2621 2193 3116 2249 remunerandum
3149 2192 3292 2259 scio,
3328 2194 3644 2252 Psalmista
3673 2195 3769 2251 di-

2104 2286 2314 2338 cente:
2368 2283 2746 2354 Imperfectum
2796 2298 2976 2337 meum
3032 2284 3291 2339 viderunt
3341 2284 3486 2340 oculi
3541 2286 3647 2353 tui,
3709 2289 3772 2342 et

2104 2374 2165 2425 in
2195 2371 2335 2427 libro
2365 2379 2455 2426 tuo
2492 2372 2681 2425 omnia
2734 2371 3040 2426 scribentur
3100 2372 3272 2439 (Psat.
3305 2388 3579 2438 cxxxvm,
3641 2374 3765 2444 16),

2103 2459 2212 2515 hoc
2239 2463 2327 2514 est
2353 2459 2605 2532 perfecta
2628 2464 2687 2515 et
2712 2459 3066 2531 imperfecta.
3089 2460 3350 2517 Perfecta
3375 2463 3572 2517 autem
3588 2466 3768 2527 sunt.

2103 2565 2252 2620 quas,
2287 2553 2353 2603 ut
2379 2548 2796 2620 praemisimus,
2860 2549 3148 2605 Dominus
3197 2549 3400 2621 juveni
3452 2550 3765 2621 offerebat,

2104 2637 2305 2693 dicens
2338 2656 2351 2694 :
2384 2639 2445 2694 Si
2482 2640 2565 2693 vis
2614 2641 2886 2709 perfectus
2942 2653 3074 2706 esse,
3135 2639 3288 2704 vade,
3340 2638 3511 2695 vende
3565 2642 3770 2697 omnia

2103 2742 2229 2798 quae
2285 2726 2470 2793 habes,
2501 2734 2555 2782 et
2596 2727 2665 2781 da
2719 2727 3077 2799 pauperibus,
3137 2735 3191 2783 et
3246 2728 3466 2785 habebis
3520 2727 3769 2789 thesau-

2103 2832 2229 2871 rum
2259 2818 2319 2871 in
2347 2816 2503 2887 aceto,
2534 2824 2586 2871 et
2617 2818 2759 2883 veni,
2810 2832 3033 2887 sequere
3087 2832 3177 2872 me
3228 2816 3436 2885 (Matth.
3468 2834 3587 2885 χιχ,
3637 2821 3765 2886 21).

2105 2904 2452 2977 Imperfecta
2479 2920 2632 2973 vero,
2668 2921 2795 2976 qua;
2817 2906 2945 2975 jam
2979 2905 3242 2961 medium
3276 2905 3528 2978 justitia
3556 2905 3768 2963 locum

2104 2993 2500 3049 describentes
2529 2992 2944 3066 praemisimus,
2975 2992 3193 3065 quibus
3236 2994 3413 3051 etiam
3444 2994 3770 3053 saeculares

2103 3081 2372 3154 pervalde
2426 3082 2541 3138 Deo
2568 3082 2795 3155 placere
2839 3082 3156 3149 credimus,
3189 3098 3405 3155 perque
3429 3083 3579 3156 (355)
3629 3102 3770 3158 pce-

2106 3170 2360 3226 nitentize
2373 3170 2580 3244 dignos
2606 3171 2829 3226 fructus
2844 3171 3406 3244 misericordissimij
3416 3172 3607 3229 udicis
3628 3189 3770 3246 gra-

2103 3260 2245 3315 tiam
2277 3276 2385 3316 nos
2417 3260 2647 3326 mereri,
2675 3260 2853 3315 etiam
2899 3264 3032 3332 post
3092 3260 3510 3317 multimodum
3562 3261 3768 3335 ipsius

2104 3353 2504 3422 contemptum
2518 3365 2846 3420 speramus,
2862 3347 3306 3422 nuptialemque
3324 3365 3504 3421 quam
3521 3354 3771 3407 terrena

2104 3437 2337 3494 laesione
2369 3437 2734 3510 perdidimus
2764 3441 3006 3505 vestem,
3036 3437 3146 3493 etsi
3177 3455 3292 3494 non
3323 3454 3459 3494 cum
3512 3454 3764 3512 corona,

2105 3526 2312 3583 saltem
2365 3543 2501 3582 cum
2557 3526 2744 3594 venia,
2792 3525 3196 3583 reconciliatos
3252 3543 3362 3583 nos
3417 3532 3767 3601 recepturos

2107 3616 2441 3682 credimus;
2474 3614 2676 3670 omnia
2703 3630 2839 3671 vero
2872 3614 2992 3670 haec
3029 3615 3180 3685 (356)
3213 3615 3286 3671 ad
3317 3615 3769 3688 reprimendam

2106 3702 2648 3775 praesumptionem,
2676 3706 2732 3757 et
2789 3703 3158 3759 excitandam
3215 3703 3603 3771 devotionem,
3636 3721 3767 3762 non

2108 3792 2486 3865 injiciendam
2510 3807 2644 3846 cum
2677 3790 2796 3847 sint
2826 3790 3049 3863 prolata
3078 3782 3538 3863 deperﬁionem.

2178 3883 2231 3937 5.
2265 3880 2579 3937 Sciendum
2602 3880 2778 3936 etiam
2800 3880 3046 3936 minima
3066 3896 3311 3953 quisque
3330 3897 3588 3953 persaepe
3609 3883 3774 3940 mul-

2109 3974 2235 4025 tum
2264 3967 2472 4036 valere,
2507 3985 2642 4024 cum
2673 3973 2730 4024 ct
2755 3968 3023 4041 largitate
3078 3967 3450 4025 solummodo
3505 3968 3776 4028 eleemo-

2110 4074 2391 4130 synarum
2423 4056 2679 4112 maxima
2709 4056 3327 4113 conversisdonentur
3354 4061 3613 4129 peccata.
3647 4060 3780 4116 Hoc

2116 4145 2211 4219 agi
2243 4146 2656 4202 tantummodo
2685 4145 2944 4218 gratuita
2971 4143 3072 4201 Dei
3102 4148 3335 4201 constat
3390 4146 3599 4219 gratia,
3634 4163 3780 4220 qum

2118 4235 2178 4290 id
2210 4234 2365 4307 quod
2399 4233 2732 4290 miserando
2770 4234 3036 4306 inspirat,
3090 4232 3424 4291 miserando
3480 4242 3542 4291 ut
3590 4239 3783 4308 perﬁ-

2114 4323 2304 4379 ciatur
2331 4322 2586 4394 adjuvat,
2610 4322 2941 4379 miserando
2963 4322 3283 4394 perfectum
3305 4322 3591 4395 recipiens
3612 4324 3783 4397 (357)

2115 4415 2372 4468 coronat.
2406 4411 2562 4466 Facit
2600 4416 2658 4467 et
2709 4411 2819 4467 hoc
2877 4410 3076 4466 omnia
3119 4410 3333 4467 delicta
3384 4410 3784 4484 exstinguens

353 4506 582 4576 jllibate
612 4501 962 4560 custodieris
986 4504 1200 4567 tecum,
1222 4505 1278 4556 te
1307 4499 1570 4572 exemplo
1596 4500 1827 4556 Domini
1861 4502 2010 4573 (352)
2041 4516 2089 4582 Ι)
2119 4500 2394 4568 charitas,
2430 4502 2621 4572 (nemo
2677 4499 2834 4556 enim
2886 4498 3169 4556 veraciter
3196 4498 3373 4555 alicui
3431 4498 3784 4573 miseretur,

352 4593 555 4668 juveni
586 4608 650 4648 se
678 4592 800 4647 haec
853 4591 1193 4647 observasse
1250 4589 1486 4655 dicenti,
1533 4593 1598 4643 ut
1651 4590 1723 4644 ad
1785 4592 2009 4662 majora

363 4681 728 4748 subvebaris,
784 4696 1025 4753 possum
1082 4694 1450 4734 commonere
1503 4680 1686 4751 (Marc.
1720 4696 1775 4747 x,
1808 4680 1922 4746 20.)
1953 4680 2011 4734 Si

435 4798 582 4873 (349)
610 4798 670 4851 In
702 4796 909 4851 iisdem
965 4792 1378 4873 vulgatisdum
1411 4796 1475 4873 _et
1506 4795 1840 4873 proximum.
1874 4794 2011 4873 Δνᾳ-

366 4864 462 4928 ces
491 4869 623 4924 dum
651 4876 703 4923 et
731 4883 971 4923 sensum
1004 4866 1307 4920 turbantes
1337 4864 1677 4932 delevimus,
1710 4865 1824 4920 nisi
1868 4866 2014 4921 forte

368 4943 558 5014 legere
584 4937 755 4994 malis
783 4938 912 5014 dum
935 4945 1029 4992 est.
1081 4937 1364 5014 Construe
1404 4952 1537 4991 vero
1570 4937 2014 5014 :__cum_d_itigens

368 5007 632 5070 veraciter
654 5012 996 5081 prae-imum,
1030 5024 1141 5081 non
1170 5010 1524 5081 possitqagere
1550 5007 1764 5079 aliquid
1794 5007 2013 5077 horum,

368 5079 947 5158 qumsuntiprohibita
980 5096 992 5135 :
1017 5079 1235 5158 dilectio
1264 5080 1430 5142 enim,
1460 5083 1569 5158 etc.

442 5155 587 5223 (350)
630 5149 1037 5208 Decachordum
1088 5150 1348 5219 scriptum
1409 5150 1612 5223 tabulis
1668 5149 1898 5223 lapideis
1928 5154 2018 5206 est

371 5219 717 5297 Decalogus,
743 5239 846 5280 seu
877 5223 1076 5297 decem
1111 5225 1393 5297 pracepta
1425 5219 1717 5297 Decalogi.

441 5292 864 5366 (351)'Factura
892 5293 1047 5348 idem
1094 5296 1197 5366 est
1227 5308 1292 5347 ac
1345 5292 1711 5366 veneficium,
1773 5307 1842 5346 ex
1900 5309 2016 5364 quo

374 5362 580 5422 Italicai
611 5367 765 5422 vocis
792 5367 1006 5437 fattura
1024 5363 1308 5436 originem
1332 5366 1388 5416 et
1408 5362 1815 5435 antiquitatem
1845 5362 2018 5436 agno-

374 5452 614 5493 SClmUS.

447 5510 594 5582 (352)
626 5509 729 5564 Hic
760 5507 1128 5582 desideratur
1158 5503 1547 5582 respondentis,
1574 5507 1676 5559 aut
1702 5507 2021 5582 przecipiem

447 5510 594 5635 (352)
626 5510 729 5564 llic
760 5510 1128 5563 desideratur
1158 5510 1547 5576 respondentis,
1574 5510 1676 5559 aut
1695 5510 2021 5632 praecipien-

376 5582 466 5650 tis,
497 5599 561 5636 ve
594 5579 835 5664 ‘ali‘quid
879 5577 1088 5664 simile.
1140 5581 1422 5664 Doustrue
1455 5592 1475 5664 τί
1500 5592 1689 5664 exemp
1715 5592 1745 5664 ρ
1771 5663 1780 5664 ί
1793 5578 2022 5664 Domini

377 5647 748 5727 respondentis
765 5652 958 5725 juveni
984 5649 1208 5717 dicenti,
1239 5664 1295 5705 se
1359 5647 1663 5705 observasse
1717 5648 1871 5716 haec;
1898 5665 2020 5721 pos-

2120 4589 2231 4646 nisi
2282 4589 2383 4644 Dei
2436 4593 2495 4645 et
2550 4588 2740 4660 ipsius
2808 4604 3008 4643 amore
3063 4587 3320 4656 [subaudi
3372 4587 3788 4665 misereatur,]

2120 4677 2214 4733 cui
2236 4676 2565 4748 miseretur)
2599 4679 2769 4749 cujus
2797 4676 3031 4732 virtutis
3063 4681 3227 4732 tanta
3250 4680 3340 4733 est
3366 4677 3789 4750 praarogativa,

2119 4811 2242 4850 sum
2270 4809 2606 4849 commonere
2634 4797 2707 4859 te,
2738 4801 2798 4849 ut
2825 4792 3144 4848 subveharis
3173 4791 3245 4847 ad
3274 4793 3506 4863 majora.

2194 4867 2343 4937 (353)
2381 4866 2442 4919 Id
2473 4869 2580 4930 est,
2617 4865 2723 4932 Qui
2750 4866 2899 4937 enim
2913 4865 3165 4937 probaris
3188 4879 3289 4919 nec
3313 4862 3792 4937 ditigereADeurn,

2120 4934 2220 4992 nec
2246 4934 2579 5008 proximum,
2610 4934 2925 5008 excedenda:
2963 4937 3018 4991 in
3050 4935 3237 5008 aliquo
3292 4942 3482 4990 contra
3512 4934 3654 5008 haec
3684 4935 3794 4993 de-

2122 5004 2560 5079 cem'przecepta,
2590 5008 2813 5062 etiamsi
2832 5007 3070 5062 videaris
3095 5004 3345 5079 implesse
3364 5004 3620 5077 quaedam
3652 5008 3801 5065 illo-

2125 5096 2249 5134 rum
2263 5076 2291 5143 }
2320 5076 2485 5149 quam
2514 5078 2808 5149 bonitatem
2834 5085 2997 5149 putas
3026 5081 3078 5133 te
3108 5076 3322 5149 habere,
3356 5076 3464 5131 etc.

2196 5145 2350 5219 (354)
2382 5148 2572 5221 Eulg.,
2606 5145 2884 5221 mendose
2907 5163 3034 5221 qum
3061 5166 3080 5203 :
3111 5153 3168 5203 et
3198 5147 3458 5221 deinAaut
3493 5145 3565 5201 ad
3617 5162 3800 5221 supe-

2125 5218 2435 5301 rio_ra,_ubi
2464 5218 2696 5301 probat
2726 5218 3039 5301 legendum
3068 5224 3158 5275 est
3186 5228 3248 5275 ut
3269 5218 3356 5274 vel
3512 5224 3592 5272 ut.

2199 5294 2349 5358 (355)
2379 5291 2442 5364 In
2464 5288 2967 5364 iisdem_vulgatis
2992 5308 3093 5364 per
3117 5307 3294 5364 quem,
3327 5288 3499 5364 male.

2198 5364 2348 5434 (356)
2380 5362 2642 5418 Subaudi
2671 5359 3007 5429 dicta'sunt,
3026 5359 3310 5434 nimirum
3357 5359 3429 5416 ad
3467 5360 3799 5431 reprimen-

2126 5434 2254 5490 dam
2278 5432 2768 5505 praesumptionem
2796 5437 2847 5489 et
2866 5433 3215 5505 excitandam
3261 5432 3623 5505 devotionem,
3655 5448 3805 5491 cum

2125 5522 2233 5562 non
2264 5503 2371 5560 sint
2397 5503 2612 5576 prolata
2641 5505 2712 5559 ad
2742 5504 3101 5576 injiciendum
3126 5503 3573 5576 desperationem.

2203 5577 2356 5649 (357)
2387 5572 2694 5649 Perfectum
2739 5572 3028 5649 recipiens,
3082 5572 3351 5634 videlicet
3405 5572 3701 5646 recipiens
3731 5575 3800 5633 id

2134 5648 2289 5721 quod
2322 5648 2645 5722 perfectum
2674 5652 2782 5703 est.
