4054 6190
296 358 407 424 321

1216 360 1861 438 PRELOQUIORUM
1906 357 2114 425 LIBRI
2159 364 2330 427 SEX.
2368 402 2443 412 ——
2474 364 2618 430 LIB.
2666 364 2767 431 Vl.
2845 428 2857 441 ,

3578 367 3694 433 322

295 499 362 551 ut
389 495 564 552 etiam
597 495 725 567 ejus
754 494 1096 569 imperfecta
1126 496 1379 554 multum
1394 498 1513 555 sint
1532 501 1937 570 accepta,cum
1969 499 2016 563 Α
2055 497 2749 570 ergastulum.Confortet
2779 501 3092 568 dolentem,
3128 501 3227 576 qui
3270 509 3551 559 aeternum
3581 522 3694 561 non

293 588 352 641 et
382 584 492 645 hac
522 584 657 656 [hac
686 587 894 643 scilicet
919 586 1223 659 charitate]
1252 604 1455 644 carens
1484 588 1690 656 virtus,
1714 584 1945 642 etiamsi

291 674 565 731 videatur
611 690 742 732 esse
790 674 1009 748 aliqua,
1042 676 1119 732 sit
1160 675 1322 731 nulla
1354 678 1404 747 (I
1445 678 1564 734 Cor.
1614 676 1757 747 xm),
1798 679 1946 730 teste

291 779 430 820 voce
453 762 792 836 apostolica.
836 764 982 820 Nam
1024 766 1176 822 I72
1211 770 1274 820 ut
1304 766 1570 821 dicamus
1593 766 1662 821 de
1678 765 1807 837 ipsa
1829 780 1946 836 qua

293 852 353 907 in
385 850 573 907 Deum
605 852 899 908 credimus
931 854 1062 917 fide,
1096 853 1145 908 si
1199 858 1435 926 propter
1468 854 1626 909 aliud
1659 853 1944 909 credendo

294 957 430 997 eum
461 939 632 1012 (358),
667 957 844 1012 quam
892 947 1128 1014 propter
1172 941 1332 998 illius
1375 947 1704 1015 nostraque
1734 942 1943 996 animae

295 1044 555 1085 amorem
579 1027 847 1099 colimus,
875 1028 958 1084 nil
992 1028 1261 1086 utilitatis
1291 1030 1672 1103 acquirimus.
1706 1036 1946 1103 Sperare

299 1120 499 1174 autem
548 1117 619 1173 de
660 1134 727 1173 eo
759 1118 898 1190 quid
932 1117 1093 1174 aliud
1127 1120 1380 1174 maxime
1410 1119 1799 1192 praecipimur,
1831 1119 1945 1175 nisi

297 1206 455 1277 quod
505 1206 635 1276 ejus
680 1211 877 1261 amatu
926 1206 1013 1262 vel
1056 1208 1384 1279 redamatu,
1415 1207 1635 1263 visione
1662 1212 1720 1263 et
1748 1207 1945 1280 cogni-

298 1294 458 1350 tione
489 1294 549 1349 in
579 1298 863 1351 aeternum
895 1295 1156 1351 fruemur
1175 1297 1202 1351 ?
1229 1296 1356 1352 Non
1399 1296 1677 1352 moechari
1727 1300 1945 1363 autem,

295 1399 418 1444 non
468 1381 749 1450 occidere,
786 1400 902 1439 non
951 1384 1173 1439 furtum
1222 1385 1430 1450 facere,
1461 1401 1577 1440 non
1619 1384 1833 1440 falsum
1863 1388 1949 1439 te-

302 1471 650 1527 stimonium
683 1471 896 1538 dicere,
946 1489 1061 1528 non
1088 1472 1496 1545 concupiscere
1538 1488 1661 1528 rem
1681 1471 1949 1545 proximi,

298 1574 406 1614 nec
434 1560 562 1630 ejus
608 1575 845 1616 uxorem
899 1560 1254 1631 desiderare,
1286 1560 1371 1616 vel
1423 1560 1604 1628 aliud,
1640 1560 1755 1616 nisi
1802 1562 1953 1633 [sub-

298 1647 439 1703 audi
467 1647 542 1703 ab
573 1645 666 1703 his
698 1647 1086 1720 abstineatur]
1106 1667 1208 1720 pro
1232 1649 1718 1720 Deifraternoque
1735 1666 1951 1719 amore,

299 1735 441 1807 quid
465 1736 989 1806 putamusjuvare‘?
1008 1736 1315 1803 Quodlibet
1330 1736 1525 1808 itaque
1543 1738 1758 1792 bonum
1775 1754 1954 1809 quan-

302 1841 482 1896 quam
536 1823 805 1892 nimium,
843 1824 892 1881 si
951 1830 1187 1897 propter
1234 1825 1577 1881 cbaritatem
1604 1826 1949 1892 facis,secu-
1982 1861 2028 1925 Β

298 1930 402 1968 rus
432 1915 575 1981 esto,
611 1929 743 1968 cum
778 1913 970 1969 fructu
1003 1914 1142 1969 facis
1170 1930 1184 1981 ;
1219 1914 1267 1969 si
1300 1918 1536 1987 propter
1566 1913 1721 1970 aliud
1785 1914 1948 1985 facis,

299 2018 373 2057 ne
400 2017 578 2068 erres,
610 2001 863 2057 inaniter
894 2001 1115 2057 facis.A
1130 2000 1390 2073 quolibet
1408 2001 1560 2057 malo
1579 2002 1626 2057 si
1650 2002 1949 2069 charitatis

301 2107 501 2146 amore
559 2091 970 2161 compesceris,
1021 2091 1286 2147 mercede
1332 2108 1447 2147 non
1498 2091 1739 2147 carebis.
1776 2090 1834 2146 Si
1878 2091 1951 2146 ob

301 2177 461 2233 aliud
492 2177 638 2251 agis,
673 2195 781 2233 nec
808 2178 994 2246 venia,
1030 2179 1246 2234 nedum
1267 2179 1476 2251 gratia,
1528 2179 1743 2252 dignus
1776 2180 1951 2234 habe-

302 2267 386 2323 ris
439 2266 719 2339 Quisquis
747 2282 883 2340 ergo
917 2267 1175 2323 medium
1206 2267 1399 2324 locum
1420 2267 1665 2340 justitize
1685 2268 1772 2323 vis
1803 2268 1952 2323 obti-

301 2372 460 2423 nere,
494 2355 616 2412 baec
642 2356 884 2412 observa
914 2357 1117 2413 decem
1148 2361 1456 2429 praecepta,
1490 2361 1547 2413 et
1577 2357 1685 2413 hoc
1718 2361 1957 2429 propter

303 2436 566 2515 duosilla,
590 2445 644 2500 id
695 2449 803 2511 est,
838 2445 1209 2501 dilectionem
1257 2446 1356 2501 Dei
1391 2451 1449 2501 et
1487 2446 1756 2518 proximi.
1793 2446 1950 2510 Quod

308 2533 359 2590 si
410 2533 712 2606 contingat
752 2535 825 2590 ab
875 2534 968 2590 bis
1014 2538 1069 2589 te
1117 2535 1358 2590 forsitan
1410 2533 1601 2603 elabi;
1635 2552 1751 2606 quo
1783 2534 1958 2589 citius

302 2626 492 2696 potes,
522 2639 829 2678 recurrens
861 2623 933 2678 ad
965 2622 1263 2695 pietatem,
1297 2638 1475 2694 quem
1506 2640 1691 2693 amas,
1727 2621 1955 2689 medici,

301 2714 359 2766 et
385 2713 782 2783 contemptum
817 2710 990 2782 paulo
1033 2710 1231 2767 minus
1277 2727 1536 2766 amorem
1586 2712 1782 2783 ipsum
1823 2728 1960 2766 con-

301 2799 497 2865 ﬁtens,
528 2800 903 2872 multumque
933 2799 1177 2868 deflens,
1203 2805 1303 2856 tuo
1335 2801 1505 2856 stude
1536 2800 1661 2857 loco
1708 2800 1956 2857 restitui.

300 2889 476 2943 Amat
520 2887 678 2942 enim
729 2905 852 2955 eos,
902 2905 935 2943 a
978 2887 1193 2960 quibus
1242 2905 1474 2961 quoque
1525 2906 1637 2944 non
1683 2893 1949 2957 amatur;

301 2977 521 3032 nedum
554 2980 611 3033 te
640 2977 943 3051 despiciet,
974 2995 1009 3033 a
1037 2995 1152 3050 quo
1171 2978 1495 3051 quamlibet
1523 2996 1732 3051 parum
1776 2978 1958 3051 negli-

299 3065 538 3138 gentius
563 3065 644 3137 [id
671 3074 751 3122 est
769 3066 966 3138 aliquo
982 3067 1180 3141 modo]
1196 3084 1264 3123 ex
1281 3067 1478 3139 aliquo
1499 3067 1780 3141 diligitur.
1813 3068 1959 3122 Cum

301 3169 442 3226 ergo
454 3156 618 3210 tanto
631 3153 818 3209 amico
834 3154 1046 3210 festina
1061 3155 1441 3224 reconciliari,
1456 3157 1728 3229 undeque
1741 3156 1961 3212 cecide-

2055 586 2247 641 videre
2279 588 2569 645 desiderat
2601 589 2877 647 dolorem.
2913 592 3176 664 Recipiat
3234 592 3486 664 hospitio
3538 610 3697 665 pere-

2055 674 2312 744 grinum,
2366 676 2467 748 qui
2535 678 2661 734 vult
2708 698 2742 733 a
2781 680 3025 735 Domino
3078 680 3248 751 recipi
3298 681 3355 734 in
3418 685 3697 737 aeternum

2056 760 2202 817 illud
2229 766 2487 834 paradisi
2519 766 2984 823 tabernaculum.
3020 771 3171 825 I13
3206 770 3476 824 Redimat
3519 771 3700 842 capti-

2054 866 2213 917 vum,
2250 853 2349 923 qui
2382 871 2415 908 a
2444 854 2661 911 diaboli
2688 855 2912 927 laqueis
2935 857 3097 928 cupit
3125 856 3380 912 liberari.
3406 858 3511 913 Per
3540 858 3700 913 Chri-

2056 941 2181 994 tum
2216 940 2523 997 solatietur
2553 943 2611 997 in
2644 944 2941 1016 aliquibus
2990 946 3436 1002 necessitatibus
3483 946 3700 1002 consti-

2056 1031 2271 1085 tutum.
2304 1030 2403 1100 qui
2437 1031 2506 1084 de
2538 1032 2988 1087 necessitatibus
3018 1032 3376 1088 diversarum
3409 1034 3532 1089 vult
3563 1034 3703 1092 libe-

2055 1115 2169 1170 rari
2219 1118 2648 1189 angustiarum.
2690 1119 2943 1193 Sepeliat
2988 1127 3309 1187 mortuum,
3360 1123 3457 1195 qui
3508 1124 3701 1196 perdi-

2055 1203 2233 1259 tionis
2264 1210 2488 1261 asternze
2520 1208 2682 1279 cupit
2728 1209 2968 1263 evadere
3012 1209 3258 1265 lethum.
3294 1211 3522 1267 Liberet
3567 1228 3703 1268 con-

2058 1293 2325 1347 strictum
2360 1310 2463 1363 pro
2496 1295 2729 1364 debitis,
2759 1298 2855 1368 qui
2886 1296 3117 1352 liberari
3149 1315 3181 1351 a
3213 1299 3338 1354 suis
3370 1300 3532 1371 cupit
3572 1317 3704 1373 pec-

2059 1379 2225 1434 catis.
2267 1378 2485 1453 Eripiat
2523 1400 2621 1439 eos
2673 1383 2770 1455 qui
2822 1385 3118 1439 ducuntur
3164 1386 3236 1439 ad
3288 1392 3559 1451 mortem,
3602 1388 3703 1461 qui

2059 1467 2184 1521 vult
2212 1467 2423 1523 inferni
2445 1471 2696 1543 effugere
2727 1488 3038 1527 carcerem.
3067 1474 3273 1529 Vincat
3302 1476 3567 1531 animum
3600 1477 3707 1532 im-

2061 1555 2404 1627 patientem,
2440 1559 2536 1628 qui
2571 1560 2693 1614 vult
2739 1560 3037 1615 diabolum
3088 1579 3365 1634 superare
3412 1565 3705 1621 bacchan-

2062 1648 2202 1699 tem.
2257 1646 2538 1716 Corripiat
2586 1646 2645 1702 in
2696 1647 3098 1704 misericordia
3154 1650 3564 1725 negligentem,
3606 1655 3707 1727 qui

2061 1735 2446 1805 castigantem
2475 1736 2698 1807 placere
2727 1738 2855 1791 vult
2886 1738 3066 1793 Deum
3100 1739 3350 1795 Patrem.

2130 1824 2183 1876 7.
2220 1823 2317 1877 Est
2347 1828 2541 1895 autem
2578 1830 2783 1896 prazter
2818 1826 2923 1880 bos
2956 1826 3107 1882 alius
3142 1827 3551 1886 misericordia:
3585 1848 3712 1903 pro-

2061 1908 2347 1963 merendaz
2362 1910 2551 1980 specie
2565 1910 2673 1965 lior
2684 1916 2984 1983 tantopere
2999 1930 3049 1967 Ir.
3062 1914 3457 1987 odus,quanto
3474 1919 3546 1972 ab
3562 1919 3707 1991 ipso,

2059 1996 2305 2051 Domino
2338 2013 2436 2053 ore
2467 1998 2700 2069 proprio
2752 1999 3084 2067 institutus,
3119 2000 3327 2075 hisque
3374 2006 3707 2075 adjunctus,

2060 2084 2176 2138 imo
2198 2085 2663 2151 ordine,natura,
2686 2093 2858 2158 atque
2879 2088 3127 2144 utilitate
3159 2090 3239 2144 ita
3271 2090 3546 2162 praelatus
3580 2112 3592 2150 :
3620 2097 3709 2151 Di-

2057 2175 2279 2239 mittite,
2312 2173 2524 2245 inquit,
2555 2175 2937 2231 etdimittetur
2986 2180 3151 2245 vobis,
3212 2180 3334 2236 date
3384 2190 3436 2237 et
3482 2182 3710 2240 dabitur

2059 2264 2207 2317 vobis
2236 2264 2387 2329 (Luc.
2423 2282 2500 2331 γι,
2542 2265 2631 2333 37)
2659 2283 2671 2332 ;
2703 2269 2759 2319 et
2791 2282 2804 2319 :
2839 2267 2960 2320 Nisi
3015 2266 3343 2324 dimiseritis
3398 2271 3712 2328 hominibus

2058 2355 2277 2422 peccata
2332 2368 2540 2420 eorum,
2570 2369 2669 2408 nec
2719 2355 2880 2409 Pater
2928 2359 3120 2421 vester,
3151 2359 3248 2426 qui
3304 2360 3366 2412 in
3419 2361 3572 2415 cwlis
3611 2370 3709 2431 est,

2063 2439 2310 2494 dimittet
2350 2441 2499 2495 vobis
2509 2449 2728 2512 peccata
2744 2443 3142 2512 vestra(lllatth.
3168 2461 3246 2505 γι,
3276 2446 3712 2519 l5).Tertioque

2067 2528 2222 2582 idem
2273 2529 2475 2583 eodem
2534 2529 2822 2601 replicans
2866 2545 3042 2585 sensu
3077 2548 3090 2585 :
3126 2531 3259 2586 Cum
3302 2536 3477 2600 statis,
3513 2536 3612 2598 ait,
3644 2538 3714 2592 ad

2067 2614 2632 2681 orandum,dimittite
2659 2619 2710 2673 si
2736 2618 2868 2690 quid
2888 2619 3100 2674 habetis
3137 2620 3395 2677 adversus
3450 2624 3709 2695 aliquem,

2069 2709 2129 2759 ut
2159 2712 2209 2759 et
2236 2706 2404 2759 Pater
2435 2714 2622 2771 vester,
2658 2708 2755 2779 qui
2782 2707 2843 2761 in
2864 2708 3015 2762 catlis
3044 2708 3399 2775 est,dimittat
3428 2714 3576 2767 vobis
3588 2730 3715 2785 pec-

2066 2802 2185 2848 cata
2214 2802 2387 2849 vestra
2416 2798 2614 2862 (Marc.
2648 2813 2726 2863 x1,
2752 2796 2868 2864 25).
2908 2798 3122 2861 Quarto
3166 2802 3360 2854 autem
3412 2802 3711 2873 parabola,

2069 2898 2194 2954 quae
2253 2887 2308 2936 et
2354 2883 2509 2939 idem
2568 2888 2943 2951 monstraret,
2972 2886 3277 2956 praemissa
3306 2888 3452 2960 (360)
3499 2891 3628 2946 :Sic
3663 2901 3714 2949 et

2067 2973 2233 3026 Pater
2280 2988 2431 3028 meus
2484 2974 2714 3029 caelestis
2760 2975 2928 3045 faciet
2968 2975 3137 3045 vobis,
3157 2977 3209 3031 si
3234 2992 3343 3031 non
3390 2981 3716 3037 remiseritis

2067 3062 2439 3133 unusquisque
2461 3064 2631 3133 fratri
2654 3079 2752 3119 suo
2771 3062 2835 3118 de
2854 3064 3112 3119 cordibus
3128 3067 3320 3120 vestris
3333 3066 3539 3135 (Matth.
3553 3086 3711 3137 ιιι-ιιι,

2070 3150 2183 3219 35),
2217 3149 2483 3205 videlicet
2541 3168 2612 3207 ne
2648 3168 2745 3207 ore
2795 3169 2857 3207 se
2889 3152 3022 3223 quis
3049 3152 3299 3208 aestimet
3330 3152 3512 3210 Deum
3542 3173 3714 3229 posse

299 3224 676 3310 raérestitui;
706 3244 940 3315 quando
964 3244 1200 3316 quidem
1224 3244 1526 3300 restitutos
1548 3224 1861 3300 nonnullos
1880 3243 1957 3298 vi-
1986 3224 2029 3291 Ο
2069 3236 2287 3305 fallere,
2320 3240 2419 3310 qui
2472 3239 2597 3311 ipso
2642 3241 2798 3295 videt
2847 3240 2907 3295 in
2957 3240 3147 3297 corde.
3181 3241 3391 3307 QUintO
3437 3224 3572 3301 verb
3606 3262 3619 3300 ε
3655 3247 3716 3304 Si

301 3331 412 3387 des
423 3330 600 3386 etiam
619 3331 691 3387 ad
711 3332 937 3404 potiora
950 3332 1424 3405 provectos.Vera
1435 3337 1629 3389 autem
1644 3333 1954 3401 restitutio,

301 3418 412 3475 ubi
493 3435 631 3475 vera
689 3421 977 3476 confessio
1023 3439 1036 3489 ;
1081 3438 1216 3477 vera
1259 3427 1451 3478 autem
1499 3421 1805 3488 confessio,
1856 3420 1957 3475 ubi

299 3524 445 3564 vera
473 3509 794 3575 conversio,
828 3509 927 3564 ubi
958 3514 1151 3565 autem
1180 3527 1314 3565 vera
1344 3511 1667 3577 conversio,
1702 3509 1783 3565 ibi
1824 3525 1960 3564 vera

299 3597 553 3653 curatio.
587 3596 733 3652 Nam
783 3597 923 3669 quid
973 3598 1225 3670 pertinet
1265 3598 1482 3653 vulnus
1532 3598 1756 3652 medico
1796 3614 1959 3651 mon-

304 3689 518 3753 strare,
572 3685 620 3741 si
665 3701 733 3741 eo
782 3703 899 3742 non
947 3687 1035 3741 vis
1085 3686 1277 3741 eurari
1330 3684 1517 3757 (359)?
1566 3684 1779 3757 saepius
1822 3703 1958 3741 vero

303 3778 656 3842 monstrata,
709 3792 813 3831 nec
863 3780 1064 3830 curata
1110 3773 1247 3846 plus
1294 3779 1521 3829 tument
1567 3773 1829 3842 vulnera,
1880 3776 1959 3830 ita

301 3870 371 3918 ut
407 3865 572 3937 ipsos
622 3864 715 3919 sui
764 3864 945 3920 fetore
993 3881 1028 3918 ιι
1076 3864 1295 3936 quibus
1342 3862 1612 3918 videntur
1673 3862 1954 3933 inficiunt,

301 3952 596 4024 frequenti
631 3955 848 4008 attactu
883 3950 1253 4008 deteriorata.

373 4043 428 4096 6.
463 4040 757 4097 Poenitens
806 4041 1005 4113 itaque
1035 4057 1119 4107 es,
1152 4044 1257 4096 aut
1304 4057 1432 4096 esse
1479 4040 1609 4097 vis?
1639 4040 1957 4098 Considera

301 4127 572 4202 regulam
620 4129 938 4202 pcenitendi
970 4129 1029 4184 in
1078 4128 1249 4186 dictis
1297 4146 1631 4201 expressam
1679 4129 1953 4203 Baptistae

300 4217 571 4274 Domini!
621 4220 823 4285 Facite,
875 4216 1086 4289 inquit,
1128 4219 1337 4289 fructus
1384 4218 1575 4289 dignos
1618 4221 1954 4291 paenitentiae

298 4307 513 4376 (Matth.
563 4324 648 4375 ιιι,
697 4309 807 4375 8);
860 4311 917 4361 et
963 4305 1138 4378 paulo
1201 4312 1333 4378 post
1384 4324 1397 4362 :
1443 4307 1549 4375 Qui
1609 4309 1768 4364 habet
1817 4308 1953 4364 duas

296 4397 540 4459 tunicas,
582 4394 672 4450 det
718 4410 829 4449 non
878 4395 1105 4450 habenti
1147 4396 1299 4461 (Luc.
1332 4412 1414 4461 ιιι,
1451 4396 1578 4462 11);
1629 4401 1953 4468 czeteraque

296 4498 628 4554 exsequens
657 4481 738 4556 [id
765 4490 846 4539 est
890 4486 1269 4555 prosequens]
1310 4482 1722 4538 misericordia
1754 4499 1950 4555 opera,

2065 3325 2253 3399 oﬁ‘ers,
2283 3327 2797 3399 inquiens,munus
2827 3336 2985 3384 tuam
3014 3330 3083 3384 ad
3112 3331 3375 3396 altare,et
3403 3334 3716 3391 recordatus

2065 3418 2242 3486 [neris
2271 3418 2403 3487 quia
2440 3418 2616 3486 frater
2674 3422 2800 3471 tuus
2855 3419 3018 3473 habet
3046 3419 3262 3489 aliquid
3306 3421 3593 3477 adversum
3621 3428 3673 3479 te
3690 3441 3713 3486 ;

2068 3504 2317 3574 relinque
2368 3505 2446 3558 ibi
2494 3521 2693 3558 manus
2742 3509 2899 3559 tuum
2929 3513 3055 3560 ante
3083 3507 3277 3571 altare,
3301 3513 3355 3563 et
3396 3510 3529 3565 vade
3551 3514 3715 3581 prius

2065 3593 2419 3646 reconciliari
2443 3593 2614 3662 fratri
2643 3601 2754 3656 tuo,
2779 3596 2829 3646 et
2858 3600 2988 3646 tunc
3018 3595 3236 3647 veniens
3266 3595 3455 3664 oﬂ‘eres
3512 3614 3714 3654 munus

2068 3688 2223 3734 tuum
2254 3680 2459 3750 (Matth.
2493 3696 2546 3745 v,
2581 3680 2696 3749 23).
2731 3679 2843 3734 Sed
2898 3684 2959 3733 tu
3012 3680 3254 3735 forsitan
3305 3682 3452 3738 dicis
3481 3700 3494 3738 :
3535 3686 3715 3744 Abest

2066 3766 2238 3837 longe
2269 3783 2441 3840 quem
2475 3766 2736 3833 laesi,nec
2767 3784 3006 3840 possum
3039 3785 3171 3824 eum
3208 3770 3711 3830 audire.Dicittibi

2066 3857 2312 3928 angelus
2347 3874 2358 3912 :
2397 3856 2583 3912 Gloria
2611 3858 2668 3912 in
2698 3859 2925 3913 excelsis
2954 3860 3079 3928 Deo,
3112 3867 3162 3915 et
3192 3862 3250 3915 in
3282 3868 3431 3917 terra
3473 3879 3586 3934 pax
3614 3864 3710 3920 ho-

2062 3946 2307 4001 minibus
2340 3948 2489 4001 bona:
2518 3948 2810 4002 voluntatis
2843 3949 2993 4013 (Luc.
3028 3965 3088 4013 ιι,
3124 3949 3234 4022 14).
3270 3951 3415 4006 Dicit
3450 3958 3509 4008 et
3551 3953 3711 4026 psal-

2065 4051 2200 4093 mus
2231 4053 2243 4091 :
2276 4037 2340 4090 In
2368 4052 2454 4090 me
2480 4044 2626 4105 sunt,
2660 4037 2822 4104 Deus,
2857 4045 2976 4093 vota
3003 4045 3117 4108 tua,
3148 4053 3276 4110 quae
3311 4041 3537 4097 reddam
3586 4044 3707 4099 lau-

2062 4123 2308 4181 dationes
2352 4126 2457 4181 tibi
2501 4126 2668 4197 (Psal.
2698 4144 2787 4192 Lv,
2820 4127 2931 4199 l5).
2960 4127 3107 4183 Dicit
3154 4132 3213 4184 et
3250 4130 3566 4202 Apostolus
3601 4149 3615 4187 :
3650 4131 3711 4188 Si

2060 4214 2187 4284 ﬁeri
2220 4218 2413 4285 potest,
2438 4223 2488 4269 et
2519 4223 2791 4289 utcunque
2832 4232 3023 4287 pacem
3069 4218 3131 4271 in
3176 4219 3453 4274 voluntate
3491 4222 3710 4285 retine;

2061 4304 2142 4360 ita
2172 4304 2325 4361 enim
2357 4309 2414 4360 et
2440 4304 2725 4359 Dominus
2759 4322 2771 4361 :
2806 4305 2866 4359 Si
2897 4306 2976 4360 ibi
3000 4308 3175 4377 fuerit
3232 4307 3381 4375 ﬁlius
3423 4309 3596 4377 pacis,
3618 4324 3709 4362 re-

2062 4395 2300 4464 quiescet
2321 4409 2483 4463 super
2516 4393 2679 4447 illum
2729 4410 2849 4463 pax
2902 4399 3120 4460 vestra;
3152 4396 3242 4447 sin
3284 4401 3486 4459 autem,
3519 4393 3588 4448 ad
3617 4410 3709 4450 vos
3756 4442 3760 4446 .

2060 4489 2361 4536 revertetur
2378 4482 2528 4544 (Luc.
2559 4498 2615 4547 ιι,
2647 4482 2726 4550 6),
2760 4481 2818 4534 id
2849 4484 2956 4547 est,
2984 4497 3099 4534 non
3132 4480 3316 4536 deerit
3346 4499 3379 4535 a
3404 4481 3707 4538 voluntate

298 4571 472 4627 docet
500 4571 1005 4643 perspicacissime
1045 4587 1243 4627 curam
1292 4570 1539 4626 aliorum
1588 4571 1951 4626 necessitati-
1982 4590 2028 4655 Ι)
2061 4572 2116 4623 et
2147 4568 2614 4623 renumeratione
2634 4572 2845 4633 vestra,
2871 4567 3104 4622 etiamsi
3135 4569 3207 4622 ab
3244 4568 3340 4623 illo
3373 4585 3488 4624 non
3534 4569 3709 4625 fuerit

296 4658 411 4715 bus
439 4657 650 4731 [supple
678 4661 835 4731 eum]
862 4658 1319 4716 misericorditer
1345 4658 1556 4715 debere
1596 4658 1951 4730 impendere,

297 4749 399 4821 qui
434 4752 501 4805 ut
529 4748 989 4805 misericordiam
1020 4752 1414 4820 consequatur
1457 4764 1490 4803 a
1527 4747 1795 4815 Domino,
1830 4746 1953 4802 cul-

296 4854 406 4910 pas
438 4838 801 4911 insequendo
834 4837 1187 4910 pcnnitentize
1217 4837 1461 4910 dignum
1494 4836 1656 4908 cupit
1693 4837 1949 4893 fructum

296 4926 593 4984 exhibere.
626 4926 849 4984 Vestiat
908 4927 1108 4999 itaque
1154 4942 1390 4981 necesse
1433 4931 1521 4981 est
1551 4925 1798 4993 nudum,
1849 4926 1950 4998 qui

297 5016 592 5072 amissum
645 5015 988 5073 innocentiae
1034 5014 1160 5069 vult
1208 5014 1463 5086 recipere
1513 5020 1944 5071 ornamentum.

296 5102 511 5160 Pascat
557 5105 940 5171 esurientem,
969 5103 1070 5176 qui
1113 5103 1475 5159 mortiferam
1534 5103 1741 5159 anime
1790 5103 1947 5159 desi-

296 5192 468 5250 derat
515 5194 757 5250 evadere
805 5193 1043 5249 famem.
1094 5192 1257 5247 Potet
1303 5192 1619 5260 sitientem,
1671 5192 1772 5263 qui
1827 5192 1953 5248 vult

295 5281 543 5337 evadere
590 5280 995 5354 aegritudinem
1044 5297 1297 5336 morum.
1329 5279 1677 5336 Consoletur
1723 5280 1783 5335 in
1825 5297 1949 5336 car-

294 5385 428 5426 cere
473 5370 879 5436 constitutum,
924 5369 1025 5442 qui
1093 5369 1304 5426 inferni
1372 5386 1487 5424 non
1556 5367 1685 5423 vult
1751 5369 1950 5426 subire

368 5495 517 5578 (358)
548 5495 832 5578 Construe
863 5511 876 5549 :
912 5495 973 5551 Si
1000 5494 1273 5578 credendo.
1289 5495 1520 5578 colimus
1560 5510 1686 5578 eum
1727 5498 1951 5578 propter

291 5565 650 5651 aliudnquain
672 5569 897 5651 propter
917 5583 1160 5624 amorem
1206 5567 1363 5625 illius
1389 5570 1444 5624 et
1471 5567 1681 5626 anima?
1722 5565 1945 5635 nostris,

290 5638 380 5698 nil
408 5638 681 5698 utilitatis
702 5639 1056 5716 acquirimus.

2064 4661 2311 4729 recepta.
2348 4655 2495 4711 Dicit
2518 4660 2575 4711 et
2603 4656 2918 4728 Gregorius
2952 4671 2965 4709 :
2998 4655 3257 4712 Debemus
3282 4659 3466 4730 itaque
3496 4658 3566 4714 ad
3585 4675 3708 4730 pro-

2059 4749 2277 4801 ximum
2304 4747 2554 4819 quamvis
2593 4745 2751 4813 longe
2779 4747 3022 4816 positum
3059 4746 3326 4818 longaque
3370 4747 3707 4819 disjunctum

2057 4842 2237 4890 mente
2270 4836 2369 4901 ire,
2395 4836 2553 4906 eique
2571 4835 2822 4889 animum
2841 4834 3088 4905 subdere,
3113 4836 3425 4892 humilitate
3452 4838 3615 4893 illum
3642 4854 3707 4895 ac

2061 4924 2430 4979 benevolentia
2454 4924 2696 4994 placare.
2712 4922 2882 4978 Sexto
2903 4923 3141 4978 demum
3169 4925 3476 4981 Dominus:
3493 4929 3552 4982 in
3574 4943 3701 4998 qua,

2057 5012 2267 5085 inquit,
2321 5028 2580 5067 mensura
2651 5013 2831 5066 mensi
2877 5014 3119 5083 fueritis,
3178 5015 3493 5070 remetietur
3555 5016 3706 5072 vobis

2057 5102 2265 5171 (Matth.
2297 5118 2398 5170 vn,
2429 5101 2506 5172 2).
2541 5100 2802 5171 Septimo
2834 5103 2989 5156 174
3032 5101 3231 5157 dicens
3275 5103 3348 5157 de
3397 5103 3700 5160 adultera:

2064 5192 2180 5263 ()ui
2204 5192 2325 5245 sine
2350 5197 2562 5261 peccato
2592 5197 2668 5245 est
2697 5193 2958 5256 vestrum,
2979 5190 3306 5261 ait,primus
3325 5192 3387 5245 in
3413 5192 3571 5247 illam
3620 5194 3703 5248 la-

2055 5279 2240 5351 pidem
2294 5281 2476 5334 mittat
2497 5278 2674 5347 (Joan.
2707 5294 2830 5342 vm,
2859 5280 2937 5350 7),
2966 5278 3073 5334 hoc
3103 5283 3210 5348 est,
3247 5278 3417 5335 feriat
3463 5280 3703 5335 alterius

2060 5369 2185 5424 sine
2200 5367 2601 5424 misericordia
2621 5366 2969 5434 admissum,
2986 5368 3083 5439 qui
3106 5366 3166 5423 in
3194 5383 3256 5423 se
3284 5367 3513 5424 nullum
3530 5369 3706 5426 habet

2131 5493 2275 5564 (359)
2305 5490 2500 5564 Vulg,
2523 5507 2726 5565 carere.
2758 5491 2838 5565 Ex
2868 5492 3171 5565 praemisso
3221 5497 3278 5549 et
3317 5492 3702 5565 subsequenti

2058 5562 2350 5638 contextu,
2383 5562 2498 5638 quo
2526 5564 2596 5618 de
2627 5562 2925 5638 curatione
2939 5564 3167 5638 _agitur,
3201 5562 3662 5625 emendavimus.

2129 5637 2276 5719 (360)
2304 5633 2491 5710 Vulg”
2516 5635 2805 5710 promissa,
2839 5633 3010 5697 male}
