4090 6180
365 327 483 388 323

1206 368 1217 377 -
1290 322 1661 389 BATHERII
1706 321 1948 388 EPISC.
1994 326 2286 389 VERON.
2331 326 2504 389 OPP.
2551 324 2757 387 PARS
2803 323 2850 387 l.

3654 318 3767 385 324

362 477 476 533 quo
507 459 661 515 feriri
693 460 879 532 possit
898 438 1385 532 peccatum.Hinc
1416 463 1632 514 Seneca
1663 475 1676 514 :
1723 458 1866 523 Vide,
1900 460 2001 526 ait,
2032 460 2089 526 Α
2119 459 2446 525 cacissime,
2466 458 2581 513 heu
2607 456 2801 513 dolor!
2832 454 3771 528 experimentonuperprobatum;

358 552 410 605 si
436 550 615 605 adhuc
638 550 817 604 malus
846 565 921 617 es,
955 554 1007 604 et
1034 549 1355 604 similitibus
1380 563 1541 619 parce
1576 565 1588 603 :
1624 564 1806 602 verum
1829 548 1878 602 si
1904 564 2015 603 esse

358 637 585 705 desiisti,
626 654 726 692 cur
772 639 903 693 aliis
954 640 1155 693 bonum
1202 636 1597 691 emendationis
1648 636 1912 703 abscidas,
1966 638 2016 691 si

358 734 543 782 tamen
591 726 817 797 hujusce
853 728 975 781 istic
1015 743 1125 781 non
1168 726 1406 781 dissonet
1442 729 1721 796 persona?
1751 724 1961 779 Octavo
1996 741 2010 792 ;

357 816 505 886 Ejice
532 817 776 886 primum
804 816 1011 870 trabem
1041 814 1105 870 de
1132 814 1285 869 oculo
1316 822 1435 882 tuo,
1469 822 1520 868 et
1550 822 1681 868 tunc
1720 814 2013 884 perspicies

357 912 419 959 ut
447 904 640 959 educas
657 907 920 975 festucam
948 903 1014 958 de
1043 904 1195 959 oculo
1224 905 1418 972 fratris
1447 904 1532 957 tui
1563 903 1763 969 (Matth.
1784 918 1881 965 v11,
1914 902 1969 973 3)
1996 918 2009 957 :

359 993 642 1047 festucam
674 993 819 1046 iram
849 993 1050 1047 dicens
1080 992 1339 1047 subitam
1364 997 1418 1046 et
1438 991 1653 1056 levem;
1681 991 1906 1045 trabem
1921 1007 2015 1044 su-

357 1081 640 1152 perbiam,
675 1080 873 1136 odium
907 1085 964 1135 et
995 1080 1315 1135 inimicitia:
1362 1079 1765 1134 retentionem.
1799 1079 1962 1132 Nono
1996 1094 2008 1133 :

356 1170 571 1236 Medice,
600 1186 735 1224 cura
777 1172 1010 1239 tcipsum
1057 1170 1206 1236 (Luc.
1236 1186 1312 1233 ιν,
1342 1169 1455 1235 23),
1504 1167 1560 1221 id
1605 1171 1714 1233 est,
1767 1167 2014 1222 emenda

361 1259 531 1331 prius
563 1258 620 1312 in
643 1263 699 1311 te
730 1258 877 1311 iram
908 1255 995 1310 vel
1027 1256 1228 1310 odium
1259 1259 1316 1309 et
1352 1255 1435 1309 ita
1481 1256 1721 1309 demum
1772 1254 2012 1311 alterius

360 1346 727 1418 insequendo
778 1362 918 1400 cura
949 1350 1247 1416 peccatum
1276 1361 1289 1412 ;
1321 1343 1582 1415 exemplo
1614 1342 1881 1399 videlicet
1918 1361 2016 1399 cu-

354 1435 595 1506 jusdam
630 1433 982 1505 philosophi,
1004 1432 1104 1505 qui
1137 1450 1268 1488 cum
1304 1432 1781 1499 adiracundiam,
1806 1431 2010 1503 utjam

358 1523 417 1577 in
450 1522 563 1578 alio
579 1521 2010 1592 volumine(36l)retulimus,concitaretur,eidem

358 1628 392 1666 a
420 1628 536 1682 quo
568 1611 925 1666 incitabatur
952 1610 1169 1666 dixisse
1201 1610 1549 1665 ferturzlam
1576 1614 1627 1665 te
1654 1617 2007 1682 percuterem,

354 1702 468 1755 nisi
486 1702 660 1756 iratus
689 1716 877 1755 essem.
906 1699 1069 1763 Quod
1100 1699 1151 1754 si
1180 1698 1353 1755 alicui
1376 1697 1639 1753 fidelium
1671 1698 2012 1769 contigisset

356 1790 594 1857 dixisse,
628 1789 768 1861 quid
792 1788 958 1890 aliud
1017 1787 1261 1885 ageret?
1293 1786 1750 1885 non.[legcndum
1796 1787 2013 1890 videtur
2037 1824 2086 1890 B

356 1878 571 1949 nonne]
604 1877 897 1932 custodita
954 1875 1198 1948 prOprize
1254 1874 1468 1930 mentis
1516 1875 1815 1946 sospitate,
1849 1873 2008 1929 illius

358 1965 433 2038 ph
443 1965 692 2021 renesim
705 1964 919 2019 haustu
934 1964 1223 2035 patientiae
1236 1962 1504 2019 curaret?
1522 1964 1668 2029 Quid
1682 1980 1814 2019 vero
1839 1963 2006 2019 nobis

358 2055 584 2109 trabem
634 2052 868 2125 proprio
912 2052 973 2107 in
1023 2050 1190 2107 oculo
1222 2052 1543 2107 ferentibus
1581 2056 1637 2107 et
1667 2052 1737 2107 de
1769 2051 2007 2108 alterius

358 2141 616 2213 [subaudi
646 2140 834 2211 oculo]
857 2141 1139 2196 festucam
1189 2139 1435 2195 avellere
1480 2140 1824 2207 nitentibus,
1860 2141 2006 2197 facto

359 2231 419 2285 in
444 2229 783 2301 hujusmodi
804 2228 1227 2301 gentilisidem,
1245 2246 1348 2301 pro
1364 2229 1543 2285 nefas!
1560 2229 1839 2285 clamaret
1855 2231 2006 2298 (363)

358 2319 472 2375 nisi
516 2318 670 2390 quod
731 2320 857 2389 jam
908 2319 1131 2373 dudum
1180 2317 1462 2389 propheta
1517 2335 1530 2373 :
1577 2319 1867 2383 Erubesce,
1916 2317 2006 2372 in-

290 2444 299 2453 κ
359 2408 590 2481 quiens,
623 2407 810 2474 Sidon,
843 2409 926 2462 ait
976 2409 1292 2480 mare(lsai.
1331 2423 1495 2471 XXIII,
1537 2408 1627 2478 54)
1655 2426 1667 2475 ;
1703 2423 1770 2462 ac
1800 2408 1847 2463 si
1880 2407 2006 2478 ipso

360 2496 625 2569 exemplo
656 2496 873 2551 diceret
904 2514 916 2551 :
952 2498 1075 2561 Qua
1114 2497 1303 2551 fronte
1349 2495 1717 2551 Christianus
1764 2494 2010 2567 quilibet

355 2603 490 2641 cum
522 2586 686 2640 trabe
709 2585 997 2655 superbiae
1022 2583 1264 2639 alterius
1297 2585 1369 2640 de
1399 2584 1570 2639 oculo
1601 2584 1884 2640 festucam
1900 2584 2006 2638 ali-

355 2676 525 2745 cujus
553 2673 679 2727 vitii
710 2679 1020 2728 conaretur
1061 2673 1313 2728 demere.
1349 2690 1481 2727 cum
1509 2689 1601 2727 me
1632 2672 2006 2728 academicus

358 2777 465 2817 nec
512 2762 699 2832 ipsam
750 2762 1033 2816 festucam
1083 2758 1184 2815 iraa
1223 2760 1390 2815 oculo
1422 2760 1614 2815 cordis
1640 2759 1785 2815 velle
1815 2761 2008 2815 videat

357 2849 752 2923 gestare,dum
789 2848 860 2902 de
878 2848 1118 2903 alterius
1139 2849 1368 2919 tignum
1400 2847 1667 2903 elationis
1695 2848 1898 2903 studeo
1918 2864 2005 2902 re-

354 2937 605 2993 vellere?
631 2936 859 2992 Decimo
882 2953 1014 2991 vero
1035 2936 1175 2991 item
1194 2935 1477 2991 Dominus
1493 2952 1504 2991 :
1520 2937 1763 3006 Diligite,
1791 2935 2001 3007 inquit,

359 3027 611 3083 inimicos
664 3034 882 3092 vestros,
918 3025 1215 3097 benefacite
1242 3026 1326 3079 his
1368 3026 1465 3096 qui
1519 3024 1747 3080 oderunt
1802 3040 1911 3090 vos,
1944 3033 2006 3080 ut

353 3118 474 3172 sitis
529 3117 638 3188 ﬁlii
684 3117 868 3170 Patris
915 3116 1099 3179 vestri,
1133 3116 1231 3185 qui
1275 3116 1335 3169 in
1376 3115 1529 3169 caelis
1580 3123 1678 3180 est,
1706 3115 1803 3186 qui
1838 3114 2005 3169 solem

2124 547 2262 620 quia
2308 546 2469 602 aliud
2527 550 2617 601 est
2672 545 2958 602 exhausta
3013 545 3214 618 pestis,
3248 543 3406 599 aliud
3448 543 3769 616 consopita.

2122 637 2341 692 Furens
2385 636 2540 690 enim
2584 634 2972 699 adversarius,
2998 650 3033 688 a
3080 634 3253 689 corde
3299 650 3362 689 se
3409 632 3627 688 docens
3672 649 3771 688 ex-

2123 724 2358 796 pulsum
2392 724 2661 795 alicujus,
2683 721 3078 795 propulsionis
3108 738 3227 777 sua:
3258 721 3551 776 vindicare
3581 721 3775 778 nitens

2123 813 2421 885 injuriam,
2456 817 2664 884 praeter
2690 811 2806 865 alia
2835 810 2995 866 mille
3047 810 3290 865 nocendi
3323 809 3575 882 ingenia,
3601 808 3773 864 illum

2124 902 2394 968 maxime,
2429 917 2544 972 quo
2576 899 2806 955 admitti
2846 898 3088 965 solebat,
3121 899 3394 954 observat
3441 897 3768 966 introitum,

2121 990 2212 1045 cui
2247 989 2361 1045 nisi
2390 988 2577 1043 virilis
2606 1005 2740 1044 cum
2772 988 2872 1043 Dei
2902 986 3118 1043 auxilio
3147 986 3413 1042 adhibita
3438 986 3613 1042 fuerit
3659 1003 3771 1041 cu-

2122 1079 2332 1145 stodia,
2359 1077 2646 1149 (exemplo
2664 1078 2821 1132 necis
2839 1075 3122 1143 Isboseth,
3143 1076 3312 1146 cujus
3334 1075 3660 1130 dormiente
3687 1092 3778 1130 os.

2120 1169 2292 1223 tiaria
2341 1166 2653 1238 improvise
2704 1165 2948 1237 contigit
3005 1164 3277 1219 interitus
3310 1164 3381 1235 (II
3422 1165 3550 1233 Reg.
3582 1181 3657 1228 ιν,
3691 1164 3774 1234 5),

2122 1274 2252 1312 cum
2274 1255 2597 1328 ininguine,
2614 1253 2824 1310 ablatis
2838 1253 3013 1309 etiam
3030 1252 3209 1324 spicis
3223 1253 3369 1325 (364)
3388 1253 3541 1324 quod
3563 1268 3779 1326 purga.

2122 1345 2294 1399 batur
2323 1343 2621 1403 frumenti.
2645 1360 2679 1397 a
2706 1341 3055 1398 latrunculis
3089 1342 3264 1397 fuerit
3289 1342 3628 1414 percussus)
3648 1340 3782 1414 ple-3

2119 1448 2369 1504 rumque
2401 1433 2622 1487 irruere
2642 1436 2804 1487 tanto
2827 1428 2977 1486 solet
2994 1430 3221 1497 saevius,
3256 1434 3477 1502 quanto
3510 1429 3782 1502 inopina-

2119 1522 2259 1587 tius,
2282 1522 2457 1591 juxta
2483 1520 2591 1575 hoc
2626 1520 2778 1591 quod
2804 1520 2885 1575 ait
2918 1519 3199 1575 Dominus
3225 1537 3238 1575 :
3265 1518 3400 1574 Cum
3453 1518 3780 1575 immundus

2118 1612 2347 1682 spiritus
2375 1611 2574 1665 exierit
2604 1610 2671 1664 ab
2703 1609 2945 1673 homine,
2963 1608 3208 1663 ambulat
3232 1624 3333 1679 per
3361 1608 3478 1663 loca
3507 1609 3782 1680 inaquosa

2120 1715 2373 1771 quaerens
2419 1700 2682 1770 requiem,
2716 1706 2768 1753 et
2807 1714 2918 1753 non
2967 1699 3273 1763 inveniens,
3303 1696 3441 1751 dicit
3470 1712 3485 1751 :
3520 1697 3782 1751 Revertar

2120 1789 2177 1842 in
2209 1788 2428 1842 domum
2456 1803 2635 1842 meam
2660 1785 2802 1841 unde
2830 1787 3001 1850 exivi,
3032 1789 3083 1840 et
3110 1786 3333 1841 veniens
3361 1784 3599 1853 domum,
3632 1789 3776 1854 etc.,

2118 1878 2257 1931 Tunc
2287 1876 2436 1931 vadit
2467 1884 2517 1932 et
2540 1877 2777 1931 assumit
2802 1883 3005 1946 septem
3028 1875 3168 1929 alios
3196 1875 3426 1945 spiritus
3461 1889 3643 1928 secum
3672 1890 3779 1929 ne-

2115 1968 2333 2037 quiores
2351 1982 2425 2032 se,
2450 1969 2503 2020 et
2533 1966 2773 2033 ingressi
2800 1963 3051 2018 habitant
3081 1964 3181 2028 ibi,
3216 1971 3267 2018 et
3294 1964 3435 2033 ﬁunt
3475 1964 3781 2018 novissima

2116 2054 2355 2109 hominis
2407 2053 2563 2109 illius
2604 2054 2795 2125 pejora
2842 2054 3122 2123 prioribus
3169 2053 3321 2124 (Luc.
3371 2068 3448 2118 x1,
3482 2050 3598 2119 24).
3631 2052 3782 2108 Ecce

2118 2145 2272 2216 quod
2323 2141 2543 2197 malum
2596 2142 2670 2198 de
2715 2140 3090 2215 negligentia,
3123 2139 3368 2206 desidia,
3398 2138 3487 2195 vel
3541 2144 3784 2211 torpore

2116 2238 2444 2305 generatur.
2490 2232 2652 2287 Unde
2703 2235 2761 2301 et
2811 2228 3144 2294 Psalmista,
3191 2229 3334 2283 dum
3384 2227 3775 2285 necessitates

2116 2319 2426 2375 carnaliter
2456 2319 2654 2392 populi
2685 2319 3060 2383 describeret,
3093 2333 3265 2372 casus
3309 2314 3610 2372 moraliter
3656 2332 3770 2372 no-

2116 2413 2269 2465 stros
2283 2409 2646 2477 ostendebat,
2663 2408 2864 2463 dicens
2886 2407 3138 2463 :0mncm
3158 2422 3333 2460 escam
3352 2406 3664 2465 abominatl
3696 2413 3776 2461 est

2115 2500 2305 2552 anima
2334 2514 2541 2563 eorum,
2574 2505 2626 2552 et
2649 2498 3228 2568 appropinquavcrunt
3265 2509 3434 2566 usque
3478 2494 3549 2549 ad
3586 2502 3775 2565 portas

2114 2588 2307 2641 mortis
2339 2585 2509 2653 (Psal.
2533 2584 2947 2649 cvr,18).Escze
2970 2587 3165 2639 autem
3196 2584 3769 2653 animarum,oratio,

2115 2673 2724 2747 psalmodia,jejunia,
2759 2671 3162 2744 eleemosynze,
3197 2676 3253 2725 et
3283 2670 3570 2726 continuae
3630 2674 3773 2726 sunt

2115 2764 2391 2818 lectiones
2426 2779 2593 2834 :quaa
2645 2761 2744 2833 qui
2794 2761 3187 2826 abominatur,
3222 2759 3335 2814 nisi
3366 2759 3419 2814 ei
3470 2759 3773 2831 contingat

2115 2853 2268 2925 quod
2304 2850 2667 2923 sequitur,id
2691 2855 2801 2919 est,
2830 2853 2897 2904 ut
2926 2847 3140 2904 clamet
3172 2848 3243 2902 ad
3272 2846 3589 2903 Dominum
3620 2846 3765 2902 dum

2112 2940 2430 2997 tribulatur
2457 2938 2636 3011 (Ibid.,
2673 2939 2780 3006 19),
2802 2942 2868 2993 ut
2901 2942 2957 2994 et
2987 2936 3439 3015 necessitatibus
3472 2938 3560 3007 [f.,
3593 2952 3625 2992 e
3662 2952 3768 2991 ne-

2114 3029 2508 3099 cessitatibus]
2542 3028 2666 3083 suis
2694 3028 2990 3090 liberetur,
3013 3025 3386 3081 mternzeeine
3411 3024 3592 3081 dubio
3608 3041 3771 3080 mor-

2114 3121 2213 3185 tis,
2242 3123 2390 3173 teste
2416 3116 2708 3189 Gregerio,
2744 3114 3069 3188 periculum
3104 3114 3401 3169 incurrere
3460 3113 3722 3169 creditur
3752 3130 3767 3169 :

350 3223 514 3262 suum
531 3187 681 3262 oriri
707 3206 842 3275 facit
866 3220 1029 3275 super
1075 3204 1237 3258 bonos
1266 3212 1317 3259 et
1345 3204 1535 3269 malos,
1568 3211 1619 3259 et
1641 3204 1786 3275 pluit
1832 3220 1998 3274 super
2029 3187 2073 3255 C
2111 3209 2456 3280 desperatur
2484 3187 2643 3260 enim
2674 3187 2804 3275 ejus
2834 3204 3011 3259 etiam
3053 3201 3454 3274 temporaliter
3492 3202 3634 3269 vita,
3667 3200 3770 3275 qui

344 3297 523 3368 justos
552 3304 603 3350 et
633 3296 862 3365 injustas
891 3294 1045 3360 (Luc,
1076 3309 1153 3357 v1,
1179 3292 1292 3362 27).
1318 3293 1586 3348 Facessat
1632 3308 1767 3364 ergo
1807 3292 2000 3347 omnis

354 3384 591 3458 indigne
608 3381 1036 3456 pcenitentium,
1056 3381 1175 3437 imo
1195 3381 1377 3437 Deum
1403 3380 1511 3436 hac
1526 3381 1900 3437 simulatione
1931 3382 2003 3436 ad

354 3471 718 3529 iracundiam
768 3470 1233 3543 provocantium,
1268 3469 1361 3524 his
1417 3469 1595 3524 divini
1640 3469 1771 3524 oris.
1799 3474 2006 3541 praeter

355 3560 808 3618 innumerabilia
836 3559 1113 3614 tonitruis
1141 3557 1409 3631 perculsa
1439 3557 1644 3614 saltem
1683 3556 1963 3614 dolositas
1987 3575 2001 3623 ;

356 3649 765 3707 aestimantium
800 3650 947 3721 (363)
969 3648 1199 3704 veniam
1260 3665 1322 3704 se
1374 3650 1581 3704 mereri
1630 3646 1791 3703 nullo
1833 3647 2005 3703 modo

359 3738 790 3812 peccaminum,
809 3736 1071 3809 quandiu
1091 3738 1147 3791 in
1162 3737 1333 3792 corde
1351 3735 1585 3808 aliquod
1602 3735 2006 3808 phreneticum

358 3827 611 3883 retinent
638 3826 858 3880 odium.

430 3915 486 3968 8.
515 3912 600 3967 Ad
634 3912 888 3967 fructum
920 3915 1118 3967 autem
1149 3911 1394 3984 dignum
1441 3910 1792 3984 paenitentia
1832 3911 2008 3967 etiam

357 4001 467 4057 hoc
498 4000 745 4074 pertinet
775 3999 1046 4067 maxime,
1076 4004 1140 4055 ut
1169 4000 1267 4071 qui
1299 4016 1361 4054 se
1400 3999 1602 4055 illicita
1634 4004 1999 4072 perpetrasse

360 4089 709 4155 considerat,
734 4104 862 4144 sese
895 4104 930 4142 a
960 4087 1138 4143 licitis
1169 4092 1336 4144 caute
1365 4088 1679 4159 restringat
1704 4106 1717 4155 ;
1747 4088 2008 4161 ipsarum

356 4180 537 4235 etiam
570 4193 765 4233 rerum
793 4176 1104 4244 illecebris,
1137 4193 1287 4248 quas
1340 4177 1453 4233 sibi
1490 4193 1727 4232 causam
1760 4177 2010 4248 alicujus

360 4266 719 4341 recognoscit
737 4267 917 4322 fuisse
935 4267 1220 4334 criminis,
1236 4284 1447 4339 corpus
1460 4283 1634 4322 suum
1650 4266 2011 4321 assuefacere

359 4357 608 4413 ulterius
629 4361 861 4423 caveat;
883 4356 1076 4412 sciens
1099 4374 1133 4412 a
1152 4356 1411 4428 quodam
1450 4354 1825 4411 veracissime
1864 4357 1897 4409 Ι
1912 4357 1947 4409 7
1963 4354 2008 4410 5

358 4447 603 4511 dictum,
633 4445 788 4518 quod
809 4448 864 4501 et
894 4462 928 4500 a
953 4445 1122 4501 nobis
1153 4445 1380 4500 utinam
1409 4460 1524 4499 non
1558 4444 1763 4499 fuisset
1783 4442 2012 4515 perspi-

2112 3294 2371 3353 carnalia
2401 3293 2623 3366 respuit
2647 3293 2945 3348 alimenta.

2180 3384 2235 3440 9.
2268 3383 2376 3440 Sed
2414 3388 2478 3438 ut
2502 3382 2792 3454 meipsum
2826 3381 2885 3436 in
2917 3380 3027 3437 hoc
3074 3381 3231 3452 quod
3258 3378 3402 3452 ccepi
3435 3379 3669 3436 traham
3704 3379 3765 3435 in

2112 3471 2465 3543 exemplum,
2493 3487 2625 3525 cum
2658 3467 2831 3542 paulo
2859 3467 3175 3524 resolutius
3193 3485 3371 3541 quam
3403 3471 3771 3540 competeret

2113 3562 2332 3617 nudius
2361 3560 2571 3615 tertius
2598 3575 2691 3614 me
2711 3556 3302 3630 agerem,sensi,proh
3325 3556 3516 3612 nefas!
3540 3556 3601 3612 in
3627 3571 3771 3629 par-

2112 3651 2356 3706 vissima
2375 3653 2462 3716 (ut
2491 3647 2635 3703 mihi
2657 3647 2984 3711 videbatur,
3008 3662 3124 3701 non
3162 3650 3225 3701 ut
3255 3649 3399 3713 erat)
3430 3645 3767 3714 occasione,

2114 3756 2293 3812 quam
2326 3755 2419 3793 me
2448 3736 2693 3792 titillans
2725 3734 3047 3790 amarailla
3086 3733 3451 3807 voluptatum
3483 3735 3766 3802 suavitas,

2115 3828 2293 3884 etiam
2316 3827 2375 3882 in
2406 3842 2634 3881 carcere
2657 3824 2937 3897 positum,
2966 3822 3163 3879 dolore
3194 3823 3545 3889 contectum,
3578 3839 3771 3895 pupu-

2118 3916 2286 3991 gerit,
2303 3915 2473 3988 longe
2496 3912 2731 3986 quidem
2760 3929 2938 3986 quam
2953 3912 3178 3968 solebat
3197 3912 3425 3977 mitius,
3445 3911 3546 3968 sed
3562 3927 3770 3967 rursus

2117 4006 2288 4078 longe
2320 4004 2487 4060 aliter
2505 4007 2680 4075 atque
2715 4007 3091 4075 putaveram:
3126 4001 3210 4056 ita
3237 4005 3304 4056 ut
3335 4000 3394 4056 in
3428 3999 3537 4056 hoc
3561 3999 3773 4055 saltem

2120 4108 2466 4165 cognoscere
2493 4091 2807 4164 potuerim,
2841 4107 2955 4146 non
2989 4088 3250 4156 mollem,
3284 4090 3383 4145 sed
3416 4088 3775 4145 omnimodis

2120 4183 2347 4248 fortem,
2381 4196 2497 4236 non
2524 4178 2894 4246 muliebrem,
2924 4179 3025 4235 sed
3059 4177 3291 4233 virilem
3341 4177 3534 4233 cordis
3567 4177 3774 4247 januis

2120 4288 2213 4326 me
2244 4269 2515 4325 debuisse
2528 4267 2855 4324 custodiam
2879 4266 3175 4322 adhibere.
3194 4266 3377 4333 Quod,
3393 4266 3587 4321 obone
3607 4264 3775 4336 Jesu,

2120 4360 2232 4433 pie,
2256 4356 2505 4415 ccelestis
2537 4374 2602 4412 ac
2632 4355 3235 4428 sapientissime,istic
3258 4353 3391 4428 poni
3426 4353 3622 4409 decuit
3651 4372 3774 4410 me-

2120 4449 2267 4514 dice,
2285 4463 2401 4502 non
2419 4449 2482 4500 ut
2504 4445 2607 4502 tibi
2628 4444 2895 4511 revelem,
2916 4444 3018 4516 qui
3057 4444 3259 4499 omnia
3278 4443 3430 4500 nosti
3452 4448 3773 4515 antequam

431 4560 576 4643 (351)
609 4560 747 4615 llinc
778 4564 1007 4642 constat
1065 4559 1406 4642 Batherium
1458 4558 1614 4615 aliud
1674 4576 1822 4631 opus
1877 4564 2011 4615 ante
2040 4552 2088 4618 D
2122 4567 2367 4636 inquam,
2395 4562 2656 4617 clamaret
2683 4560 2840 4616 nobis
2870 4561 2927 4615 in
2950 4561 3099 4686 [acto
3130 4557 3466 4631 hujusmodi,
3497 4559 3615 4613 nisi
3632 4558 3775 4629 quod

431 4648 805 4686 l‘lDSlSSB.CUl
843 4632 963 4686 haec
997 4631 1326 4686 DbllOSODhl
1358 4631 1666 4686 cuiusdam
1724 4632 2017 4686 sententia
2125 4634 2446 4686 iamdudum
2491 4633 2750 4686 clamavit
2813 4648 2947 4686 nron
2986 4640 3073 4686 eta
3117 4632 3376 4686 inquiens
3419 4648 3438 4684 :
3485 4629 3775 4685 Erubesce

361 4631 687 4703 scripsisse,
712 4632 805 4703 cui
843 4632 963 4686 haec
994 4631 1333 4703 philosophi,
1358 4631 1666 4703 cujusdam
1724 4632 2017 4687 sententia

361 4702 581 4785 inserta
602 4702 742 4785 fuit;
765 4702 1107 4785 Hpchtamen
1140 4702 1289 4785 Opus
1323 4702 1379 4785 i_n
1414 4702 1702 4785 desiderio
1735 4706 1841 4756 est.
1862 4703 2014 4783 Num

359 4788 493 4827 vero
515 4771 829 4843 idemillud
855 4772 1081 4842 sit,quo
1104 4771 1457 4843 quibusdam
1493 4772 2015 4829 Mcdiolanansium

405 4842 786 4897 uaastionibus
801 4842 1346 4915 anteepiscopatnm
1364 4842 1757 4898 Veronensem
1777 4860 2016 4915 respon-

362 4860 933 4969 guaasuomnusante
947 4860 1346 4914 episcopatum
1375 4860 1757 4898 veronensein
1777 4860 2016 4915 respon-

401 4918 545 4995 erat,
579 4929 651 4968 an
696 4928 830 4995 vero
888 4913 1201 4995 diversum,
1238 4915 1580 4995 ignoratum
1608 4915 1815 4995 Eadem
1846 4932 2016 4995 porro

362 4985 625 5055 ejusdem
661 4983 991 5055 philosophi
1046 4983 1395 5041 sententiam
1446 4985 1651 5040 recitat
1682 4983 1862 5040 etiam
1886 4989 2017 5042 Atto

358 5040 743 5128 Vercellensis
772 5040 1084 5128 episcopus
1107 5057 1163 5111 in
1189 5040 1360 5128 opere
1378 5058 1452 5111 De
1476 5058 1752 5127 prcssuris
1766 5040 2020 5115 Ecclesiae

361 5131 507 5201 part.
532 5126 701 5201 nbis
731 5126 956 5182 verbis:
982 5126 1249 5201 {lit-enim
1278 5126 1636 5201 Terentianus
1662 5128 2019 5199 philosophus

360 5198 429 5255 ad
462 5198 715 5272 villicum
744 5214 904 5253 suum
925 5216 945 5253 :
975 5198 1049 5255 0b
1071 5203 1121 5254 te
1152 5200 1450 5271 infelicem,
1480 5216 1641 5272 quem
1666 5198 2015 5270 afflictarem,

359 5271 474 5325 nisi
502 5272 680 5324 iratus
707 5286 893 5325 essem.

436 5342 602 5415 (362)
642 5341 969 5415 Legebatur
1010 5342 1288 5415 clamavit,
1340 5358 1451 5398 non
1501 5342 1661 5415 quod,
1713 5345 2015 5400 mendose.

358 5412 778 5490 Qorrectionem
900 5417 1121 5490 textum
1160 5413 1460 5490 inductam
1486 5412 1695 5472 sensus
1719 5416 2017 5490 efﬂagitat.

360 5488 639 5561 Construe
668 5484 862 5561 ggQuid
894 5501 1015 5561 vero
1057 5485 1199 5541 idem
1237 5487 1515 5561 gentilis!
1560 5502 1661 5558 pro
1697 5484 1883 5561 nefas,
1905 5488 2020 5543 cla-

359 5559 535 5633 maret
588 5557 743 5633 nobis
786 5558 1091 5633 ferentibus
1139 5557 1349 5633 trabem
1414 5558 1474 5612 in
1508 5628 1519 5633 Δ
1550 5557 1704 5633 Oculo
1737 5557 2018 5633 proprio,

360 5635 411 5687 et
438 5628 741 5689 nitentibus
767 5627 1005 5689 avellere
1020 5630 1286 5706 festucam
1305 5627 1369 5687 de
1397 5628 1551 5689 oculo
1580 5627 1830 5702 alterius,
1864 5627 2018 5712 quid,

2115 4629 2446 4714 jamdudum
2491 4633 2778 4714 clamavit.
2810 4629 3073 4714 propheta
3117 4629 3438 4714 inquiens
3463 4629 3776 4714 “Erubesce

2123 4702 2417 4769 Sidon,ait
2435 4721 2593 4759 mare
2610 4722 2620 4763 :
2636 4719 2700 4758 ac
2726 4704 2778 4758 si
2803 4702 2918 4774 ipso
2941 4702 3441 4774 cxcmplodiceret:
3456 4702 3575 4769 Qua
3593 4702 3779 4771 fronte

2128 4779 2475 4848 Chrsitianus
2521 4775 2749 4848 quilibet
2792 4791 2916 4848 cum
2963 4775 3118 4829 trabe
3161 4774 3441 4848 superbiae
3479 4781 3777 4848 conaretur

2125 4850 2337 4905 demere
2364 4847 2430 4901 de
2453 4843 2607 4917 oculo
2631 4845 2861 4901 alterius
2886 4847 3150 4917 festucam
3196 4843 3323 4899 vitii
3360 4843 3618 4914 alicujus,
3651 4859 3778 4899 cum

2126 4919 2464 4976 academicus
2496 4916 2773 4971 vidcatme
2790 4933 2889 4972 nec
2920 4916 3053 4972 velle
3076 4924 3291 4984 gestare
3314 4917 3487 4986 ipsam
3508 4917 3779 4986 festucam

2126 4993 2231 5048 irae
2258 4990 2412 5046 oculo
2442 4987 2637 5050 cordis,
2659 4988 2789 5043 dum
2804 4987 2988 5044 studeo
3001 4988 3260 5042 revellere
3279 4988 3493 5058 tignum
3520 4986 3778 5042 elationis

2125 5063 2191 5118 de
2220 5061 2372 5117 oculo
2405 5060 2633 5114 atterius
2652 5062 2677 5111 ?

2200 5134 2345 5204 (364)
2367 5130 2559 5202 Vulg.,
2590 5130 3021 5204 mstimamtium,
3057 5129 3352 5185 mendose.
3375 5128 3603 5204 _Sensus
3644 5144 3777 5183 cor-

2128 5200 2442 5260 rectionem
2461 5200 2871 5273 suppeditavit.
2888 5205 3174 5273 Construe
3189 5216 3319 5273 vero
3336 5219 3354 5254 :
3367 5202 3617 5273 Facessat
3645 5215 3774 5273 ergo

2127 5277 2304 5332 omnis
2324 5271 2594 5330 dolositas
2612 5272 2866 5344 perculsa
2898 5272 2977 5327 bis
3022 5272 3214 5328 saltem
3244 5271 3424 5344 diuini
3467 5272 3579 5325 oris
3630 5271 3777 5344 toni-

2130 5349 2270 5402 truis
2289 5349 2495 5418 praeter
2520 5340 2637 5400 alii;
2666 5344 3101 5418 innumerabilia
3123 5363 3149 5418 ,-
3174 5343 3371 5418 omnis,
3406 5340 3777 5418 inquam,_do-

2130 5414 2315 5475 lositas
2371 5415 2594 5487 indigne
2652 5416 3081 5487 plenitcntium,
3109 5417 3219 5471 imo
3265 5416 3368 5469 hac
3423 5414 3778 5487 simulatione

2123 5485 2539 5563 provocantium
2564 5487 2733 5563 Deum
2752 5486 2821 5540 ad
2839 5486 3197 5563 iracundiam
3229 5504 3245 5549 ;
3266 5486 3549 5563 mstimcnt
3565 5485 3707 5563 jam
3722 5499 3779 5541 se

2128 5556 2283 5618 nullo
2308 5559 2463 5632 modo
2493 5558 2693 5632 mereri
2721 5558 2939 5632 t'euiam
2949 5560 3348 5632 peccaminum,
3366 5556 3634 5632 quandiu,
3659 5560 3771 5617 etc.

2203 5633 2352 5715 (364)
2385 5630 2448 5693 Id
2477 5632 2566 5691 est
2590 5629 2756 5709 spicis
2781 5627 3073 5707 frumenti,
3104 5628 3243 5711 quod
3262 5627 3630 5707 purgabatur.
