4034 6172
447 324 553 384 331

1364 310 1743 377 ΒΑἸἮΕΒΙΙ
1784 311 2035 377 splsc.
2079 307 2373 375 vnaou.
2419 313 2842 377 omnes
2870 310 2937 391 _1.

3708 316 3814 385 332

447 454 555 522 15).
591 449 731 505 Volo
761 465 900 522 ergo
926 453 1004 518 te,
1034 452 1102 506 ut
1129 449 1201 505 de
1231 448 1486 522 quodam
1518 446 1663 519 (374)
1695 445 1841 503 satis
1880 445 2096 520 Grego-
2124 447 2185 514 Ᾱ
2211 462 2365 514 raro,
2401 451 2504 504 aut
2531 447 2776 504 forsitan
2805 462 3132 520 nunquam,
3163 462 3267 504 nec
3293 462 3394 520 pro
3419 448 3692 509 desiderio
3719 465 3817 510 ets-

443 540 567 594 rius
598 538 679 593 ait
707 536 920 610 lepide,
954 537 1205 594 scienter
1235 535 1501 594 nescium
1530 539 1587 592 et
1614 534 1908 608 sapienter
1937 535 2101 591 indo-

441 627 822 683 ctum.Laetus
854 626 956 684 es?
985 627 1217 684 Utinam
1247 626 1307 681 in
1338 624 1693 682 Deo.Tristis
1721 624 1826 680 es?
1863 623 2098 681 Utinam

440 732 602 773 esses
632 733 736 789 pro
766 715 1022 772 incolatu
1046 716 1366 772 tuo.Leetus
1396 714 1503 770 es?
1530 712 1681 771 Audi
1716 712 1776 769 in
1809 729 1925 786 quo
1954 729 2098 786 gau-

441 805 576 860 dere
602 806 815 862 debeas
852 823 865 862 :
901 805 1132 861 Gaudete
1162 806 1221 860 in
1248 805 1477 859 Domino
1523 818 1735 875 semper
1771 803 1984 875 (Ephes.
2018 819 2096 870 1v,

441 895 517 963 4).
550 894 759 950 Tristis
811 895 911 949 es?
954 893 1105 949 Audi
1155 891 1407 965 qualiter
1461 889 1610 947 afﬁci
1668 890 1929 947 debeas:
1966 889 2099 960 Qum

442 984 609 1049 enim,
661 982 740 1037 ait
782 983 1117 1054 Apostolus,
1164 981 1466 1038 secundum
1504 982 1672 1037 Deum
1721 981 1949 1036 tristitia
1998 986 2096 1046 est,

437 1073 816 1143 paenitentiam
862 1074 924 1127 in
973 1072 1209 1127 salutem
1252 1069 1505 1126 stabilem
1551 1076 1808 1142 operatur
1853 1070 1928 1137 (II
1976 1067 2096 1128 Car.

441 1176 542 1228 vn,
577 1161 685 1232 10).
719 1161 871 1216 Dicit
919 1160 1022 1217 tibi
1071 1159 1336 1232 psalmus
1369 1177 1382 1215 :
1416 1160 1717 1217 Laetamini
1762 1160 1823 1215 in
1873 1160 2100 1216 Domino

444 1250 618 1318 (Psal.
665 1267 818 1305 xxxx.
883 1249 995 1319 11).
1044 1249 1197 1305 Dicit
1251 1252 1308 1305 et
1360 1248 1472 1304 tibi
1528 1247 1888 1320 Apostolus:
1934 1248 2104 1304 Omne

444 1337 711 1409 gaudium
746 1341 1060 1395 existimate
1086 1341 1289 1410 fratres
1340 1339 1472 1405 mei,
1500 1354 1629 1392 cum
1674 1338 1736 1392 in
1781 1338 2101 1393 tentationes

445 1428 631 1483 varias
663 1427 968 1484 incideritis
1000 1426 1270 1498 (Jac.1,2).
1298 1424 1512 1481 Audiat
1540 1424 1689 1496 (375)
1724 1424 1906 1498 igitur
1933 1424 2102 1483 laetus

446 1532 520 1572 nc
549 1515 902 1573 insolescat:
943 1518 1023 1573 l'a:
1061 1516 1228 1582 vobis,
1260 1516 1358 1587 qui
1399 1513 1615 1579 ridetis,
1647 1515 1779 1586 quia
1810 1513 2103 1586 plorabitis

445 1614 496 1660 et
525 1606 723 1675 ﬂebitis
747 1607 897 1674 (Luc.
932 1621 1007 1673 v1,
1039 1603 1151 1675 21).
1183 1603 1398 1659 Audiat
1426 1602 1614 1659 tristis
1644 1620 1717 1659 nc
1746 1607 2098 1660 amarcscat:

443 1695 603 1751 Beati
628 1695 726 1766 qui
753 1711 900 1750 nunc
922 1695 1085 1764 fletis,
1123 1695 1255 1765 quia
1288 1692 1557 1749 ridebitis.
1598 1692 1789 1748 Laetus
1823 1709 1836 1748 :
1873 1691 2106 1749 Gaudete

443 1783 583 1854 quod
611 1784 837 1839 nomina
865 1790 1043 1839 vestra
1070 1783 1276 1853 scripta
1301 1789 1429 1837 sunt
1457 1782 1518 1835 in
1554 1781 1683 1836 caelo
1714 1781 1862 1852 (Luc.
1894 1798 1951 1846 x,
1982 1781 2098 1849 20).

441 1871 649 1927 Tristis
700 1888 712 1926 :
769 1873 972 1927 Iterum
1020 1878 1204 1926 autem
1248 1869 1435 1925 videbo
1480 1884 1590 1935 vos,
1621 1872 1673 1924 et
1709 1868 1970 1938 gaudebit
2009 1884 2105 1925 cor

441 1966 701 2026 vestrum,
753 1968 803 2014 et
848 1958 1113 2029 gaudium
1154 1966 1392 2013 vestrum
1447 1973 1605 2012 nemo
1658 1958 1809 2014 tollet
1864 1974 1899 2012 a
1954 1957 2103 2014 vobis

444 2048 633 2120 (Joan.
692 2051 808 2115 xvx,
856 2047 969 2119 22).
1024 2047 1214 2102 Laetus
1249 2064 1262 2102 :
1296 2046 1397 2117 Spe
1443 2046 1733 2117 gaudentes
1774 2048 1951 2110 (Rom.
1998 2063 2100 2116 xu,

444 2138 555 2208 12).
589 2136 800 2192 Tristis
851 2152 863 2190 :
918 2137 1087 2205 Quasi
1116 2136 1311 2202 tristes,
1343 2151 1555 2207 semper
1581 2139 1765 2191 autem
1808 2133 2103 2207 gaudentes

442 2225 519 2298 (Il
555 2227 681 2281 Cor.
741 2242 817 2294 v1,
869 2226 979 2294 40).
1027 2224 1243 2280 Audiat
1288 2223 1491 2296 utique
1544 2223 1733 2280 tristis
1790 2242 1803 2280 :
1865 2222 2101 2281 Gaudete

433 2315 574 2387 justi
602 2316 661 2370 in
694 2315 925 2371 Domino
956 2313 1126 2386 (Psal.
1161 2330 1294 2381 un,
1331 2313 1404 2381 l).
1438 2313 1629 2368 Laetus
1662 2331 1675 2370 :
1708 2314 1917 2384 Plange
1942 2315 2103 2385 quasi

440 2406 593 2475 virgo
626 2403 776 2475 (Joel.
812 2421 848 2468 ι,
883 2402 959 2475 8).
987 2401 1199 2458 Tristis
1230 2419 1242 2457 :
1281 2401 1462 2457 Gaude
1491 2410 1541 2458 et
1570 2401 1781 2472 latere,
1812 2403 1935 2474 ﬁlia
1967 2401 2101 2458 Sion

441 2493 624 2561 (Tren.
659 2509 736 2559 ιν,
766 2492 878 2553 21).
912 2491 1102 2547 Laetus
1156 2507 1168 2546 :
1223 2491 1498 2560 Quantum
1543 2490 1809 2547 exultavit
1843 2507 1918 2557 se,
1951 2491 2002 2547 et
2040 2492 2101 2547 in

440 2580 653 2645 deliciis
711 2584 763 2635 et
828 2581 1025 2637 lmtitia
1068 2580 1196 2650 fuit,
1248 2587 1464 2635 tantum
1511 2578 1641 2634 date
1686 2580 1738 2634 ei
1786 2579 1995 2635 luctum
2048 2583 2100 2636 et

434 2671 722 2743 planctum
759 2669 936 2739 .Apoc.
970 2684 1126 2735 xvm,
1175 2669 1251 2729 7).
1303 2667 1521 2723 Audiat
1557 2665 1745 2723 tristis
1786 2685 1800 2725 :
1836 2669 2101 2724 Tristalur

439 2760 642 2829 aliquis
672 2759 947 2813 vestrum?
977 2756 1100 2813 Oret
1127 2772 1278 2827 aequo
1307 2758 1495 2812 animo
1543 2764 1593 2811 et
1635 2756 1840 2827 psallat
1867 2755 2007 2827 (Jac.
2040 2773 2098 2828 ν,

441 2846 551 2914 13).
603 2844 816 2901 Audiat
864 2844 1032 2899 laetus
1085 2861 1097 2899 :
1145 2844 1392 2900 Hilarem
1438 2843 1682 2900 datorem
1726 2843 1911 2916 diligit
1961 2846 2099 2901 Deus

442 2935 516 3007 (II
547 2934 666 2990 Cor.
696 2950 773 3000 1x,
803 2933 877 2991 7).
908 2933 1037 2988 Haec
1069 2923 1266 3006 itaque
1308 2932 1424 2988 duo
1470 2932 1554 2987 ita
1601 2932 1887 3006 compegi,
1929 2937 1994 2989 ut
2040 2938 2099 2991 et

440 3023 626 3080 tristis
660 3038 966 3078 mmrorem
1000 3020 1455 3093 aequanimitate,
1481 3020 1824 3086 oratione,ct
1852 3021 2097 3091 crebris,

442 3113 491 3168 si
506 3112 576 3167 ad
591 3112 701 3167 hoc
728 3112 970 3167 idoneus
989 3109 1450 3182 est,psalmodiis
1464 3109 1732 3182 mitigare
1762 3110 2096 3179 contendat,
2116 3167 2121 3171 .

2208 534 2468 604 lestium,
2502 551 2608 593 nec
2638 553 2742 610 pro
2765 536 3000 608 jactura
3026 535 3408 606 terrestrium,
3439 554 3537 594 nec
3573 556 3670 612 pro
3710 541 3822 615 ipsa

2208 623 2585 680 mortalitatis
2604 624 3249 698 contemplatione,que
3269 630 3498 698 propter
3513 625 3696 699 ipsum
3714 630 3820 687 ine-

2206 711 2504 769 vitabilem
2535 729 2811 771 occasum
2864 717 2952 770 tot
2995 712 3253 787 quotidie
3302 714 3560 785 subjacet
3592 717 3823 788 casibus,

2209 805 2352 873 quot
2381 802 2559 859 servit
2573 802 3023 859 necessitatibus
3045 802 3247 860 fletum
3263 801 3512 874 aliquem
3531 805 3692 862 corde
3709 823 3825 879 pro-

2211 889 2378 957 ferre,
2410 896 2515 947 aut
2542 890 2727 948 oculis
2756 891 2910 949 valet
2940 891 3334 958 elicere.Quod
3364 891 3521 949 enim
3549 892 3830 967 aliquoties

2211 979 2414 1035 utilior
2441 996 2620 1053 quam
2650 979 2850 1037 laetitia
2879 981 2955 1038 sit
2982 980 3241 1048 tristitia,
3270 984 3520 1037 testatur
3545 982 3641 1055 qui
3668 983 3828 1042 dicit:

2212 1067 2316 1124 Cor
2341 1070 2637 1126 stultorum
2659 1071 2759 1126 ubi
2801 1071 3013 1137 laetitia,
3061 1074 3116 1126 et
3152 1071 3486 1143 sapientium
3513 1072 3605 1127 ubi
3626 1074 3834 1130 tristitia

2210 1158 2409 1230 (Eccle.
2441 1174 2541 1226 vn,
2571 1159 2650 1227 5).
2682 1158 2790 1216 Cui
2820 1157 2938 1227 ille,
2971 1158 3073 1232 qui
3100 1157 3394 1232 superius,
3427 1158 3568 1215 satis
3604 1160 3839 1217 concinit

2208 1245 2368 1303 laute
2400 1265 2414 1304 :
2450 1247 2668 1313 Utilior,
2701 1247 2996 1320 inquiens,
3027 1264 3166 1321 saepe
3210 1249 3439 1304 tristitia
3482 1251 3579 1314 est,
3607 1263 3726 1321 qua
3758 1265 3838 1307 eo-

2208 1338 2400 1392 mitem
2444 1336 2583 1392 solet
2626 1336 2826 1393 habere
2850 1338 3178 1408 gravitatem
3242 1336 3412 1393 Alius
3457 1335 3595 1394 item
3652 1355 3667 1393 :
3716 1339 3839 1410 Ipso,

2211 1423 2424 1496 inquit,
2454 1433 2639 1482 nostro
2666 1427 2809 1482 Deus
2835 1425 3037 1495 gaudet
3066 1426 3332 1494 lamenta;
3383 1425 3539 1482 unde
3583 1425 3789 1484 dicitur
3826 1443 3841 1483 :

2211 1513 2349 1569 Ante
2375 1515 2600 1569 ruinam
2630 1514 2937 1571 exaltatum
2965 1531 3062 1571 eor
3085 1515 3268 1587 (Prov.
3328 1531 3445 1583 xw,
3479 1514 3605 1584 18);
3634 1519 3691 1571 et
3715 1514 3845 1572 illud

2213 1602 2372 1672 quod
2421 1602 2656 1659 tametsi
2687 1602 2835 1675 (376)
2867 1603 2938 1659 de
2983 1602 3181 1660 futura
3228 1602 3555 1677 perditione
3595 1602 3846 1671 maxime,

2213 1693 2410 1746 tamen
2436 1694 2495 1747 et
2521 1690 2593 1746 de
2619 1691 2888 1765 presenti
2918 1695 3112 1765 potest
3134 1690 3387 1766 intelligi
3406 1694 3744 1748 eventurum
3764 1709 3850 1749 va-

2216 1778 2420 1837 rietate
2462 1797 2475 1836 :
2525 1780 2683 1837 Risus
2728 1779 2913 1838 dolore
2956 1780 3301 1848 miscebitur,
3326 1785 3381 1839 et
3408 1788 3652 1837 extr-em
3677 1780 3853 1851 gaudii

2215 1867 2394 1925 luctus
2421 1872 2646 1943 occupat
2672 1870 2856 1938 (Prov.
2887 1886 3003 1938 xxv,
3039 1871 3148 1940 13).
3191 1870 3499 1936 Quomodo
3541 1886 3677 1944 ergo
3719 1869 3857 1926 inter

2213 1956 2336 2013 haec
2367 1961 2616 2030 utraque
2648 1961 2866 2033 statum
2915 1958 3131 2015 mentis
3178 1958 3394 2015 debeat
3441 1958 3748 2028 moderari,
3778 1975 3856 2017 sa-

2213 2044 2442 2119 pienter
2469 2048 2524 2101 te
2553 2046 2723 2102 docet
2751 2045 2852 2118 qui
2883 2046 3059 2103 dicit:
3084 2048 3149 2103 In
3177 2046 3267 2102 die
3285 2047 3568 2103 malorum
3584 2061 3655 2102 ne
3681 2047 3855 2102 imme-

2212 2150 2332 2191 mor
2358 2135 2436 2189 sis
2466 2134 2747 2203 bonorum,
2778 2139 2832 2191 et
2861 2136 2919 2190 in
2946 2133 3036 2192 die
3065 2136 3333 2193 bonorum
3368 2151 3442 2193 ne
3487 2137 3768 2193 immemor
3789 2137 3860 2191 sis

2209 2223 2484 2278 malorum
2513 2223 2704 2293 (Eecli.
2735 2239 2813 2292 x1,
2845 2223 2961 2295 27).
2993 2223 3113 2280 Hoc
3143 2224 3304 2280 enim
3337 2224 3495 2281 facto
3525 2240 3633 2281 nec
3677 2222 3864 2281 laititia

2212 2310 2586 2377 dissolutum,
2615 2328 2720 2368 nec
2750 2311 2991 2369 tristitia
3037 2312 3211 2370 faciet
3256 2313 3642 2387 desperatum
3678 2330 3691 2370 :
3723 2312 3861 2386 quod

2210 2399 2632 2457 facundissime
2661 2399 2758 2457 ille
2786 2401 3268 2475 incomparabilis
3296 2401 3544 2476 eloquii,
3564 2419 3744 2477 supra
3773 2400 3866 2474 qui

2209 2488 2405 2560 paulo,
2436 2505 2535 2545 ore
2563 2489 2854 2561 depromit
2882 2490 3031 2563 (377)
3062 2507 3239 2547 aureo
3273 2508 3287 2547 :
3318 2492 3387 2548 Si
3415 2508 3551 2564 qua,
3584 2490 3866 2564 inquiens,

2208 2581 2290 2632 est
2314 2578 2602 2650 praesentis
2628 2579 2886 2650 temporis
2917 2578 3134 2646 laetitia,
3166 2580 3247 2635 ita
3271 2588 3354 2636 est
3379 2579 3623 2650 agenda,
3644 2587 3706 2636 ut
3730 2594 3869 2634 nun-

2210 2682 2375 2739 quam
2426 2666 2740 2723 amaritudo
2767 2667 3038 2739 sequentis
3063 2667 3330 2740 supplicii
3357 2669 3583 2726 recedat
3609 2686 3645 2725 a
3670 2683 3870 2725 "temo-

2206 2756 2314 2811 ria.
2350 2754 2453 2811 llis
2480 2754 2561 2811 ita
2589 2754 2886 2821 confectis,
2918 2756 3289 2828 pensandum
3321 2760 3418 2814 est
3459 2758 3699 2831 cuique,
3728 2755 3871 2812 unde

2206 2843 2267 2899 in
2297 2844 2566 2915 praesenti
2595 2845 2849 2917 gaudere
2875 2845 3183 2915 debeat,ne
3213 2845 3273 2902 in
3304 2846 3517 2904 futuro
3549 2846 3761 2915 doleat;
3790 2844 3870 2901 vel

2205 2932 2365 2988 unde
2387 2931 2633 3004 tristari,
2667 2948 2737 2989 ne
2768 2938 2969 2989 notam
3001 2934 3266 2991 rancoris
3296 2934 3577 2993 incurrat
3606 2952 3622 2992 :
3656 2952 3788 2992 nam
3817 2936 3871 2990 et

2205 3018 2400 3078 rident
2418 3019 2687 3077 homines
2710 3021 2769 3078 in
2791 3021 3065 3095 presenti
3084 3026 3142 3078 et
3157 3022 3400 3095 plorant
3415 3028 3500 3094 ;et
3519 3025 3683 3098 quod
3696 3023 3877 3081 rident

2208 3125 2361 3181 saepe
2390 3107 2742 3182 plorandum
2773 3115 2882 3179 est,
2914 3114 2973 3167 et
3017 3111 3174 3185 quod
3223 3110 3432 3170 dolent
3477 3113 3874 3187 gaudendum.

442 3217 516 3258 ne
548 3202 606 3256 in
640 3217 940 3255 rancorem
971 3181 1274 3267 incidat;et
1295 3197 1462 3254 laetus
1487 3181 1837 3254 hilaritatem
1860 3199 1955 3254 sui
1981 3216 2096 3255 non
2128 3181 2173 3250 C
2212 3181 2557 3255 Ridetenim
2587 3198 2721 3271 quis
2750 3200 2906 3273 quod
2938 3181 3289 3273 plorandum
3321 3206 3440 3270 est,
3475 3181 3634 3260 sicut
3661 3203 3735 3260 de
3755 3200 3879 3275 qui-

443 3290 558 3347 alio
592 3288 666 3356 [id
695 3296 772 3344 est
801 3286 989 3360 aliter]
1039 3304 1217 3359 quam
1266 3303 1401 3341 cum
1455 3284 1555 3343 Dei
1603 3286 1791 3359 gratia
1818 3286 1877 3344 in
1909 3288 2104 3361 operi-

441 3379 555 3434 bus
586 3377 754 3433 bonis
781 3377 896 3433 Deo
927 3376 1233 3432 ostendere
1263 3375 1417 3432 182
1450 3374 1750 3432 humiliter
1774 3380 2102 3450 satagat,ne

443 3467 727 3523 offensam
768 3482 872 3538 pro
920 3464 1122 3520 laetitia
1172 3464 1451 3531 incurrat,
1482 3466 1540 3519 et
1567 3464 1779 3537 [supple
1809 3466 1895 3538 ut]
1927 3466 2100 3521 meri-

438 3560 567 3612 tum
617 3571 720 3627 pro
770 3554 1049 3609 beneﬁcio
1096 3556 1402 3625 praeparet.
1457 3552 1688 3609 Dictum
1735 3557 1825 3610 est
1877 3554 2035 3611 enim
2067 3572 2103 3612 a

440 3645 717 3717 quodam,
747 3646 813 3698 ut
842 3643 1039 3713 credo,
1069 3641 1442 3699 veracissime
1470 3641 1643 3715 (hanc
1682 3641 1839 3699 enim
1889 3661 2098 3716 praero-

436 3733 690 3806 gativam
704 3730 1061 3788 sibidicendi
1083 3730 1800 3803 comparavitpuritatc,ut
1821 3732 1890 3788 de
1911 3731 2100 3806 ipsius

432 3820 768 3877 testimonio
815 3818 1016 3875 nullus
1066 3819 1274 3876 debeat
1333 3818 1625 3891 dubitare)
1674 3836 1688 3875 :
1743 3822 1850 3889 Qui
1895 3838 2100 3893 panem

434 3909 619 3979 agenti
667 3908 874 3964 tribuit
902 3909 1099 3974 tristis,
1151 3917 1201 3965 et
1241 3924 1443 3980 panem
1491 3913 1543 3963 et
1585 3911 1851 3964 meritum
1894 3909 2094 3981 perdit.

436 3997 584 4053 Hinc
614 4000 670 4051 et
698 3996 795 4052 ille
824 3997 924 4069 qui
957 3997 1250 4069 superius,
1283 3996 1341 4052 id
1373 4000 1460 4053 est
1490 3997 1876 4069 Augustinus,
1896 3998 2097 4070 saepis-

428 4086 578 4143 sime
609 4101 622 4140 :
656 4086 716 4141 Si
740 4104 865 4142 cum
908 4086 1211 4151 hilaritate,
1243 4084 1456 4157 inquit,
1492 4086 1689 4140 bonam
1728 4087 1888 4156 facis,
1920 4090 2093 4142 tecum

433 4177 611 4247 facis;
642 4177 693 4230 si
720 4180 903 4231 autem
931 4192 1057 4231 cum
1086 4174 1337 4240 tristitia,
1370 4174 1432 4242 ﬁt
1477 4171 1542 4229 de
1591 4181 1660 4241 te,
1690 4189 1801 4229 non
1843 4178 1904 4229 tu
1929 4176 2092 4247 facis.

428 4264 574 4320 Cum
600 4263 796 4335 itaque
830 4262 1229 4335 importunius
1262 4260 1581 4332 temporale
1610 4261 1893 4334 gaudium
1935 4263 2094 4319 cordi

429 4352 713 4423 subrepit,
750 4351 1101 4423 respondeat
1130 4348 1290 4403 intus
1321 4348 1659 4406 moderatus
1706 4349 1868 4424 vigor
1911 4352 2093 4408 animi

429 4441 634 4497 dolens
685 4440 755 4494 de
804 4438 1061 4493 caecitate
1110 4438 1412 4517 prqentis
1457 4437 1652 4494 seculi
1688 4454 1701 4493 :
1738 4440 1910 4509 Quale
1954 4439 2095 4497 milii

2210 3286 2463 3344 busdam
2502 3288 2718 3344 dicitur
2766 3304 2781 3346 :
2824 3290 3111 3347 Laetamur
3153 3305 3280 3345 cum
3323 3292 3482 3349 male
3535 3294 3790 3364 fecerint,
3834 3297 3882 3346 et

2208 3377 2488 3433 exsultant
2513 3379 2573 3433 in
2602 3376 2761 3433 rebus
2783 3379 3035 3449 pessimis
3064 3378 3248 3450 (Prov.
3281 3396 3346 3447 ιι,
3383 3380 3668 3454 14).Ιῐθω
3702 3378 3885 3453 plorat

2210 3464 2446 3538 aliquis,
2479 3482 2615 3522 cum
2644 3465 2697 3522 ei
2728 3465 2950 3538 aliquid
2982 3466 3211 3524 adversi
3240 3469 3602 3543 contigerit;
3630 3486 3767 3526 cum
3794 3484 3884 3541 po-

2209 3552 2328 3610 tius
2357 3555 2734 3628 gaudendum
2765 3559 2919 3612 esset
2947 3554 3199 3628 illi,quia
3231 3573 3245 3612 :
3281 3557 3462 3626 Quem
3492 3559 3687 3633 diligit
3706 3557 3882 3617 Domi-

2207 3658 2313 3699 nu:
2341 3644 2837 3716 corripit,ﬂagellat
2867 3651 3049 3700 autem
3076 3659 3291 3701 omnem
3322 3646 3522 3717 ﬁlium
3554 3664 3723 3720 quem
3752 3644 3883 3702 reci-

2202 3734 2291 3803 pit
2320 3732 2503 3801 (Hebr.
2525 3733 2743 3800 xu,l6).
2766 3731 2929 3788 Unde
2958 3731 3140 3804 igitur
3166 3738 3402 3807 oportet
3433 3736 3600 3793 188
3633 3735 3886 3810 gaudere

2209 3820 2321 3876 nisi
2353 3821 2425 3876 de
2455 3820 2716 3893 profectu
2746 3820 3023 3893 piorum?
3052 3820 3215 3878 Unde
3242 3821 3481 3880 tristari
3535 3825 3656 3881 nisi
3688 3826 3762 3881 de
3786 3824 3885 3880 de-

2206 3907 2358 3966 fectu
2409 3909 2651 3965 eorum?
2681 3910 2844 3966 Unde
2873 3909 3126 3983 gaudere
3174 3909 3287 3969 nisi
3319 3912 3395 3970 de
3445 3912 3741 3973 felicitate
3768 3927 3890 3986 pro-

2206 3996 2593 4055 missa?Unde
2620 3998 2842 4054 tristari
2875 3998 2988 4055 nisi
3011 3999 3080 4055 de
3102 4001 3594 4073 peregrinatione
3626 4003 3740 4060 hac
3769 4001 3889 4059 diu-

2203 4086 2417 4143 turns?
2447 4088 2594 4143 Leve
2621 4086 2780 4143 enim
2809 4094 2898 4145 est
2926 4088 3282 4145 desiderium
3317 4092 3560 4162 patriae,
3591 4092 3646 4149 si
3679 4091 3891 4148 desunt

2203 4175 2438 4248 penitus
2466 4175 2735 4248 lacrymas
2768 4175 2826 4233 in
2858 4176 3430 4250 peregrinatione;et
3462 4180 3695 4255 frigida
3718 4179 3894 4237 nimis

2201 4268 2392 4337 torpet
2436 4264 2692 4321 charitas
2742 4264 2801 4321 in
2851 4265 3043 4334 corde,
3077 4266 3129 4322 si
3179 4266 3265 4327 de
3297 4269 3583 4340 profectu
3638 4271 3893 4326 fraterno

2200 4355 2478 4427 gaudere,
2510 4358 2569 4409 et
2592 4369 2697 4426 pro
2731 4354 2959 4410 defectu
3004 4355 3192 4411 nescit
3234 4356 3622 4417 omnimodis
3654 4357 3895 4424 dolore;

2201 4443 2355 4499 unde
2384 4448 2441 4499 et
2468 4442 2841 4515 Augustinus
2873 4459 2886 4498 :
2922 4443 3066 4509 Odit,
3101 4444 3202 4512 ait,
3230 4446 3510 4517 patriam,
3544 4456 3601 4505 et
3632 4447 3799 4505 valde
3816 4448 3895 4504 vi-

428 4528 696 4597 gaudium
714 4528 953 4617 eritqui
982 4528 1042 4582 in
1064 4526 1308 4617 tenebris
1335 4527 1509 4596 sedeo,
1543 4536 1595 4585 et
1624 4528 1812 4584 lumen
1839 4530 1963 4587 caeli
1978 4546 2087 4587 non
2122 4552 2168 4617 ι)
2202 4518 2438 4605 inperat,
2459 4533 2557 4605 qui
2580 4535 2743 4604 putat
2765 4533 2879 4588 sibi
2907 4533 3040 4588 bene
3068 4548 3198 4600 esse,
3230 4549 3355 4589 cum
3382 4538 3828 4610 peregrinatur.

424 4617 625 4672 video?
657 4616 800 4686 (Tob.
833 4632 887 4683 v,
917 4616 1027 4688 l2).
1060 4616 1288 4672 Rursus
1320 4617 1462 4672 dum
1494 4633 1621 4673 sese
1651 4617 1892 4675 tristitia
1938 4619 2090 4676 into-

428 4703 753 4759 lerabiliter
782 4703 1211 4775 ingerit,erecta
1240 4704 1300 4761 in
1332 4721 1525 4761 arcem
1572 4706 1787 4763 mentis
1816 4713 2090 4765 constan-

428 4792 511 4847 tia
541 4793 694 4847 dicat
728 4808 741 4845 :
774 4794 906 4861 Quis
932 4809 1027 4849 nos
1056 4796 1333 4865 separabit
1362 4812 1397 4850 α
1425 4793 1693 4851 charitate
1723 4796 1961 4854 Christi?
1989 4800 2088 4854 tri-

432 4883 681 4937 bulatio?
710 4898 780 4936 an
805 4885 1100 4953 angustia?
1128 4883 1299 4953 (Rom.
1331 4900 1454 4949 vm,
1479 4882 1593 4955 35.)

507 4970 743 5025 18.Cum
766 4969 946 5044 igitur
968 4970 1231 5027 naturale
1251 4971 1687 5043 quodammodo
1718 4971 1795 5028 sit
1815 4974 2090 5031 omnibus

435 5058 625 5131 magis
656 5058 791 5115 ﬂere
822 5075 999 5131 quam
1032 5058 1239 5124 ridere,
1275 5058 1566 5130 siquidem
1616 5075 1651 5114 a
1698 5060 1836 5118 ﬂetu
1886 5079 2090 5120 omnes

429 5147 700 5203 videmus
730 5148 1022 5203 nascendo
1052 5145 1339 5218 incipere;
1372 5145 1737 5204 convincitur
1768 5148 1956 5223 legem
1987 5168 2089 5208 na-

430 5240 575 5292 tura:
608 5236 901 5305 excedere,
930 5236 1031 5309 qui
1064 5234 1406 5292 dissolutior
1435 5235 1493 5291 in
1525 5235 1766 5295 ridendo
1810 5239 2086 5312 existens,

504 5377 743 5452 (374)ῐᾴ
775 5379 1049 5452 estdes.
1084 5377 1492 5452 Benedicto,de
1515 5395 1638 5452 quo
1684 5398 1826 5438 sane
1857 5381 1916 5438 S.
1951 5381 2088 5439 Gre-

431 5448 634 5524 gorius
663 5448 764 5504 lib.
798 5467 837 5505 Il
869 5449 1090 5523 Dialog.
1124 5450 1290 5524 initio
1320 5448 1558 5524 scripsit
1588 5469 1602 5509 :
1636 5453 1871 5512 Recessit
1913 5456 2092 5523 igitur

430 5522 666 5595 sciepter
680 5524 919 5595 nescius,
942 5530 993 5579 et
1006 5522 1292 5595 sapienter
1320 5522 1588 5579 indoctus.

506 5590 653 5675 (375)
680 5591 877 5673 Vulg,
908 5594 1042 5652 audi
1069 5590 1167 5668 ait,
1208 5597 1266 5653 et
1310 5611 1380 5654 ne
1421 5594 1735 5657 insolescas.
1769 5596 2086 5657 Correctio-

2274 4621 2467 4677 19.Est
2493 4620 2670 4677 etiam
2702 4619 2817 4678 alia
2849 4636 2964 4676 non
2992 4619 3212 4678 usitata
3242 4622 3496 4695 quidem
3531 4627 3777 4692 multis,
3797 4625 3899 4683 sed

2197 4712 2397 4766 tamen
2422 4708 2747 4765 Dominicis
2777 4708 3058 4765 mandata
3079 4709 3385 4782 praeceptis
3407 4728 3614 4770 causa
3633 4713 3900 4773 exsulta-

2200 4797 2774 4855 tionis.Enumeratis
2788 4797 3142 4870 quibusdam
3161 4798 3376 4871 quippe
3393 4802 3473 4857 ad
3484 4808 3749 4861 ventum
3772 4805 3903 4875 ejus

2201 4885 2663 4959 praecedentibus
2694 4885 2993 4959 signis,ait
3021 4886 3329 4960 discipulis
3354 4905 3367 4945 :
3396 4892 3518 4947 His
3548 4897 3757 4950 autem
3778 4892 3904 4964 fieri

2199 4976 2608 5047 incipientibus,
2641 4976 2907 5047 respicite,
2959 4984 3011 5032 et
3057 4976 3229 5033 levate
3274 4979 3468 5049 capita
3520 4986 3725 5039 vestra
3767 4998 3903 5055 quo-

2197 5066 2354 5120 niam
2382 5065 2782 5136 appropinquat
2828 5064 3124 5137 redemptio
3172 5069 3351 5123 vestra
3394 5067 3569 5139 (Luc.
3618 5088 3753 5142 xxx,
3788 5072 3902 5141 i8);

2199 5153 2369 5224 quasi
2399 5152 2642 5209 dixisset
2673 5170 2686 5210 :
2719 5152 2871 5209 Dum
2900 5153 3153 5211 transire
3201 5171 3270 5211 ea
3314 5171 3450 5228 qum
3507 5175 3642 5216 non
3680 5160 3911 5217 amatis

2199 5241 2456 5310 cernitis,
2464 5257 2642 5315 prope
2661 5240 2806 5299 illud
2837 5241 3039 5299 scitote
3055 5259 3184 5301 esse
3205 5244 3359 5316 quod
3384 5243 3727 5307 inhianter
3746 5265 3909 5323 quaa-

2199 5400 2434 5462 Περι-εξ
2448 5387 2733 5462 _contextu
2759 5400 2826 5441 ac
2856 5401 3033 5462 sensu
3053 5402 3236 5462 nemo
3264 5386 3679 5462 improbabit.

2270 5456 2417 5530 (376)
2448 5455 2647 5530 γωδ..
2677 5464 2856 5530 tamen
2884 5457 2955 5528 si,
2973 5457 3189 5530 minus
3219 5455 3384 5516 bene.

2267 5528 2665 5611 t§77).1d.98t
2714 5529 2811 5609 qui
2848 5529 3247 5611 μαψυξαρνα,
3274 5531 3682 5611 deprompsit;
3728 5536 3916 5611 ciuus

2196 5597 2422 5662 scilicet
2449 5597 2864 5667 testimonium
2887 5599 3086 5661 attulit
3110 5597 3288 5678 paulo
3311 5597 3474 5662 ante.
