  <div class='ocr_page' id='page_1' title='image "/cluster/home/n/w/nwhite01/storage/ocr_20150623/136/hvd.32044054759964/174.png"; bbox 0 0 4054 6190; ppageno 0'>
   <div class='ocr_carea' id='block_1_1' title="bbox 327 320 444 386">
    <p class='ocr_par' dir='ltr' id='par_1_1' title="bbox 327 320 444 386">
     <span class='ocr_line' id='line_1_1' title="bbox 327 320 444 386; baseline -0.026 0"><span class='ocrx_word' id='word_1_1' title='bbox 327 320 444 386; x_wconf 73' lang='lat'><strong>333</strong></span> 
     </span>
    </p>
   </div>
   <div class='ocr_carea' id='block_1_2' title="bbox 1260 322 2798 397">
    <p class='ocr_par' dir='ltr' id='par_1_2' title="bbox 1260 322 2798 397">
     <span class='ocr_line' id='line_1_2' title="bbox 1260 322 2798 397; baseline 0.003 -11"><span class='ocrx_word' id='word_1_2' title='bbox 1260 323 1912 397; x_wconf 69' lang='lat' dir='ltr'><strong>PRAELOQUIORUM</strong></span> <span class='ocrx_word' id='word_1_3' title='bbox 1955 322 2163 386; x_wconf 80' lang='lat' dir='ltr'><strong>LIBRI</strong></span> <span class='ocrx_word' id='word_1_4' title='bbox 2206 325 2648 391; x_wconf 84' lang='lat' dir='ltr'><strong>SEX.-—LIB.</strong></span> <span class='ocrx_word' id='word_1_5' title='bbox 2694 331 2798 393; x_wconf 86' lang='lat' dir='ltr'><strong>VI.</strong></span> 
     </span>
    </p>
   </div>
   <div class='ocr_carea' id='block_1_3' title="bbox 3611 338 3728 399">
    <p class='ocr_par' dir='ltr' id='par_1_3' title="bbox 3611 338 3728 399">
     <span class='ocr_line' id='line_1_3' title="bbox 3611 338 3728 399; baseline 0.017 -2"><span class='ocrx_word' id='word_1_6' title='bbox 3611 338 3728 399; x_wconf 63' lang='lat'><strong>334</strong></span> 
     </span>
    </p>
   </div>
   <div class='ocr_carea' id='block_1_4' title="bbox 327 454 3732 539">
    <p class='ocr_par' dir='ltr' id='par_1_4' title="bbox 327 454 3732 539">
     <span class='ocr_line' id='line_1_4' title="bbox 327 454 3732 539; baseline 0.004 -28"><span class='ocrx_word' id='word_1_7' title='bbox 327 454 510 512; x_wconf 80' lang='lat' dir='ltr'><strong>sistis.</strong></span> <span class='ocrx_word' id='word_1_8' title='bbox 535 454 716 512; x_wconf 80' lang='lat' dir='ltr'><strong>Valde</strong></span> <span class='ocrx_word' id='word_1_9' title='bbox 757 460 954 513; x_wconf 89' lang='lat' dir='ltr'><strong>autem</strong></span> <span class='ocrx_word' id='word_1_10' title='bbox 1000 459 1379 514; x_wconf 87' lang='lat' dir='ltr'><strong>metuendum</strong></span> <span class='ocrx_word' id='word_1_11' title='bbox 1420 458 1528 514; x_wconf 88' lang='lat' dir='ltr'><strong>hoc</strong></span> <span class='ocrx_word' id='word_1_12' title='bbox 1557 458 1818 530; x_wconf 86' lang='lat' dir='ltr'><strong>exemplo</strong></span> <span class='ocrx_word' id='word_1_13' title='bbox 1850 457 1974 512; x_wconf 82' lang='lat' dir='ltr'><strong>cui-</strong></span> <span class='ocrx_word' id='word_1_14' title='bbox 2005 459 2056 525; x_wconf 82' lang='grc' dir='ltr'><strong>Α</strong></span> <span class='ocrx_word' id='word_1_15' title='bbox 2088 475 2192 530; x_wconf 89' lang='lat' dir='ltr'><strong>spe</strong></span> <span class='ocrx_word' id='word_1_16' title='bbox 2221 459 2403 516; x_wconf 84' lang='lat' dir='ltr'><strong>futuri</strong></span> <span class='ocrx_word' id='word_1_17' title='bbox 2435 461 2601 530; x_wconf 92' lang='lat' dir='ltr'><strong>boni;</strong></span> <span class='ocrx_word' id='word_1_18' title='bbox 2634 468 2691 520; x_wconf 90' lang='lat' dir='ltr'><strong>et</strong></span> <span class='ocrx_word' id='word_1_19' title='bbox 2721 465 2767 520; x_wconf 90' lang='lat' dir='ltr'><strong>si</strong></span> <span class='ocrx_word' id='word_1_20' title='bbox 2799 467 3022 538; x_wconf 80' lang='lat' dir='ltr'><strong>gaudes</strong></span> <span class='ocrx_word' id='word_1_21' title='bbox 3042 466 3114 522; x_wconf 89' lang='lat' dir='ltr'><strong>ad</strong></span> <span class='ocrx_word' id='word_1_22' title='bbox 3135 466 3452 539; x_wconf 81' lang='lat' dir='ltr'><strong>temporale</strong></span> <span class='ocrx_word' id='word_1_23' title='bbox 3481 484 3732 526; x_wconf 83' lang='lat' dir='ltr'><strong>commo-</strong></span> 
     </span>
    </p>
   </div>
   <div class='ocr_carea' id='block_1_5' title="bbox 327 543 1972 618">
    <p class='ocr_par' dir='ltr' id='par_1_5' title="bbox 327 543 1972 618">
     <span class='ocr_line' id='line_1_5' title="bbox 327 543 1972 618; baseline 0.001 -18"><span class='ocrx_word' id='word_1_24' title='bbox 327 559 505 617; x_wconf 89' lang='lat' dir='ltr'><strong>quam</strong></span> <span class='ocrx_word' id='word_1_25' title='bbox 537 543 868 601; x_wconf 87' lang='lat' dir='ltr'><strong>Christiano</strong></span> <span class='ocrx_word' id='word_1_26' title='bbox 892 545 963 602; x_wconf 92' lang='lat' dir='ltr'><strong>de</strong></span> <span class='ocrx_word' id='word_1_27' title='bbox 994 546 1369 618; x_wconf 83' lang='lat' dir='ltr'><strong>percussione</strong></span> <span class='ocrx_word' id='word_1_28' title='bbox 1400 547 1605 602; x_wconf 89' lang='lat' dir='ltr'><strong>mundi</strong></span> <span class='ocrx_word' id='word_1_29' title='bbox 1637 546 1853 609; x_wconf 87' lang='lat' dir='ltr'><strong>dolere,</strong></span> <span class='ocrx_word' id='word_1_30' title='bbox 1881 561 1972 612; x_wconf 93' lang='lat' dir='ltr'><strong>ne,</strong></span> 
     </span>
    </p>
   </div>
   <div class='ocr_carea' id='block_1_6' title="bbox 323 633 1974 708">
    <p class='ocr_par' dir='ltr' id='par_1_6' title="bbox 323 633 1974 708">
     <span class='ocr_line' id='line_1_6' title="bbox 323 633 1974 708; baseline 0.001 -19"><span class='ocrx_word' id='word_1_31' title='bbox 323 633 466 690; x_wconf 90' lang='lat' dir='ltr'><strong>dum</strong></span> <span class='ocrx_word' id='word_1_32' title='bbox 488 633 777 689; x_wconf 89' lang='lat' dir='ltr'><strong>mundum</strong></span> <span class='ocrx_word' id='word_1_33' title='bbox 799 635 1202 708; x_wconf 89' lang='lat' dir='ltr'><strong>compatiendo</strong></span> <span class='ocrx_word' id='word_1_34' title='bbox 1222 635 1274 691; x_wconf 90' lang='lat' dir='ltr'><strong>ei</strong></span> <span class='ocrx_word' id='word_1_35' title='bbox 1297 635 1755 708; x_wconf 81' lang='lat' dir='ltr'><strong>deprehenditur</strong></span> <span class='ocrx_word' id='word_1_36' title='bbox 1773 634 1974 706; x_wconf 90' lang='lat' dir='ltr'><strong>dilige-</strong></span> 
     </span>
    </p>
   </div>
   <div class='ocr_carea' id='block_1_7' title="bbox 321 721 1972 796">
    <p class='ocr_par' dir='ltr' id='par_1_7' title="bbox 321 721 1972 796">
     <span class='ocr_line' id='line_1_7' title="bbox 321 721 1972 796; baseline 0.001 -18"><span class='ocrx_word' id='word_1_37' title='bbox 321 739 403 791; x_wconf 94' lang='lat' dir='ltr'><strong>re,</strong></span> <span class='ocrx_word' id='word_1_38' title='bbox 418 721 758 778; x_wconf 76' lang='lat' dir='ltr'><strong>inimicitias</strong></span> <span class='ocrx_word' id='word_1_39' title='bbox 775 721 876 780; x_wconf 86' lang='lat' dir='ltr'><strong>Dei</strong></span> <span class='ocrx_word' id='word_1_40' title='bbox 896 722 1162 780; x_wconf 89' lang='lat' dir='ltr'><strong>videatur</strong></span> <span class='ocrx_word' id='word_1_41' title='bbox 1179 723 1495 792; x_wconf 87' lang='lat' dir='ltr'><strong>incurrere,</strong></span> <span class='ocrx_word' id='word_1_42' title='bbox 1511 729 1550 778; x_wconf 84' lang='lat' dir='ltr'><strong>A</strong></span> <span class='ocrx_word' id='word_1_43' title='bbox 1562 723 1788 796; x_wconf 81' lang='lat' dir='ltr'><strong>postolo</strong></span> <span class='ocrx_word' id='word_1_44' title='bbox 1803 723 1972 780; x_wconf 89' lang='lat' dir='ltr'><strong>terri-</strong></span> 
     </span>
    </p>
   </div>
   <div class='ocr_carea' id='block_1_8' title="bbox 322 811 1975 886">
    <p class='ocr_par' dir='ltr' id='par_1_8' title="bbox 322 811 1975 886">
     <span class='ocr_line' id='line_1_8' title="bbox 322 811 1975 886; baseline -0.001 -18"><span class='ocrx_word' id='word_1_45' title='bbox 322 811 520 869; x_wconf 79' lang='lat' dir='ltr'><strong>biliter</strong></span> <span class='ocrx_word' id='word_1_46' title='bbox 546 811 850 868; x_wconf 90' lang='lat' dir='ltr'><strong>intonante</strong></span> <span class='ocrx_word' id='word_1_47' title='bbox 877 828 891 868; x_wconf 91' lang='lat'><strong>:</strong></span> <span class='ocrx_word' id='word_1_48' title='bbox 914 812 1232 886; x_wconf 80' lang='lat' dir='ltr'><strong>Quicunque</strong></span> <span class='ocrx_word' id='word_1_49' title='bbox 1255 814 1489 869; x_wconf 85' lang='lat' dir='ltr'><strong>voluerit</strong></span> <span class='ocrx_word' id='word_1_50' title='bbox 1507 814 1718 868; x_wconf 85' lang='lat' dir='ltr'><strong>amicus</strong></span> <span class='ocrx_word' id='word_1_51' title='bbox 1739 828 1850 869; x_wconf 76' lang='lat' dir='ltr'><strong>esse</strong></span> <span class='ocrx_word' id='word_1_52' title='bbox 1877 829 1975 868; x_wconf 77' lang='grc' dir='ltr'><strong>δίε-</strong></span> 
     </span>
    </p>
   </div>
   <div class='ocr_carea' id='block_1_9' title="bbox 321 902 1972 975">
    <p class='ocr_par' dir='ltr' id='par_1_9' title="bbox 321 902 1972 975">
     <span class='ocr_line' id='line_1_9' title="bbox 321 902 1972 975; baseline -0.001 -15"><span class='ocrx_word' id='word_1_53' title='bbox 321 902 436 960; x_wconf 84' lang='lat' dir='ltr'><strong>euii</strong></span> <span class='ocrx_word' id='word_1_54' title='bbox 455 903 642 975; x_wconf 67' lang='lat' dir='ltr'><strong>hujus,</strong></span> <span class='ocrx_word' id='word_1_55' title='bbox 659 903 917 958; x_wconf 79' lang='lat' dir='ltr'><strong>inimicus</strong></span> <span class='ocrx_word' id='word_1_56' title='bbox 935 905 1035 959; x_wconf 87' lang='lat' dir='ltr'><strong>Dei</strong></span> <span class='ocrx_word' id='word_1_57' title='bbox 1050 905 1407 961; x_wconf 64' lang='lat' dir='ltr'><strong>constituitur</strong></span> <span class='ocrx_word' id='word_1_58' title='bbox 1423 904 1556 975; x_wconf 84' lang='lat' dir='ltr'><strong>(Jac.</strong></span> <span class='ocrx_word' id='word_1_59' title='bbox 1578 920 1653 968; x_wconf 80' lang='lat' dir='ltr'><strong>IV,</strong></span> <span class='ocrx_word' id='word_1_60' title='bbox 1671 902 1747 974; x_wconf 71' lang='grc'><strong>4).</strong></span> <span class='ocrx_word' id='word_1_61' title='bbox 1773 902 1972 974; x_wconf 83' lang='lat' dir='ltr'><strong>Neque</strong></span> 
     </span>
    </p>
   </div>
   <div class='ocr_carea' id='block_1_10' title="bbox 321 990 1974 1066">
    <p class='ocr_par' dir='ltr' id='par_1_10' title="bbox 321 990 1974 1066">
     <span class='ocr_line' id='line_1_10' title="bbox 321 990 1974 1066; baseline -0.001 -17"><span class='ocrx_word' id='word_1_62' title='bbox 321 992 479 1049; x_wconf 89' lang='lat' dir='ltr'><strong>enim</strong></span> <span class='ocrx_word' id='word_1_63' title='bbox 510 990 830 1064; x_wconf 85' lang='lat' dir='ltr'><strong>lugendum</strong></span> <span class='ocrx_word' id='word_1_64' title='bbox 851 992 1024 1048; x_wconf 88' lang='lat' dir='ltr'><strong>estin</strong></span> <span class='ocrx_word' id='word_1_65' title='bbox 1052 992 1323 1065; x_wconf 85' lang='lat' dir='ltr'><strong>precibus</strong></span> <span class='ocrx_word' id='word_1_66' title='bbox 1347 1008 1449 1066; x_wconf 89' lang='lat' dir='ltr'><strong>pro</strong></span> <span class='ocrx_word' id='word_1_67' title='bbox 1473 1008 1536 1048; x_wconf 91' lang='lat' dir='ltr'><strong>re</strong></span> <span class='ocrx_word' id='word_1_68' title='bbox 1561 994 1809 1060; x_wconf 90' lang='lat' dir='ltr'><strong>terrena,</strong></span> <span class='ocrx_word' id='word_1_69' title='bbox 1835 992 1974 1063; x_wconf 84' lang='lat' dir='ltr'><strong>quia</strong></span> 
     </span>
    </p>
   </div>
   <div class='ocr_carea' id='block_1_11' title="bbox 317 1079 1970 1154">
    <p class='ocr_par' dir='ltr' id='par_1_11' title="bbox 317 1079 1970 1154">
     <span class='ocr_line' id='line_1_11' title="bbox 317 1079 1970 1154; baseline -0.001 -17"><span class='ocrx_word' id='word_1_70' title='bbox 317 1080 590 1138; x_wconf 80' lang='lat' dir='ltr'><strong>videlicet</strong></span> <span class='ocrx_word' id='word_1_71' title='bbox 610 1079 779 1151; x_wconf 81' lang='lat' dir='ltr'><strong>juxta</strong></span> <span class='ocrx_word' id='word_1_72' title='bbox 797 1079 1018 1137; x_wconf 90' lang='lat' dir='ltr'><strong>dictum</strong></span> <span class='ocrx_word' id='word_1_73' title='bbox 1043 1081 1304 1154; x_wconf 82' lang='lat' dir='ltr'><strong>Gregorii</strong></span> <span class='ocrx_word' id='word_1_74' title='bbox 1327 1082 1582 1137; x_wconf 84' lang='lat' dir='ltr'><strong>fructum</strong></span> <span class='ocrx_word' id='word_1_75' title='bbox 1609 1080 1838 1136; x_wconf 92' lang='lat' dir='ltr'><strong>nullum</strong></span> <span class='ocrx_word' id='word_1_76' title='bbox 1863 1079 1970 1136; x_wconf 89' lang='lat' dir='ltr'><strong>ha-</strong></span> 
     </span>
    </p>
   </div>
   <div class='ocr_carea' id='block_1_12' title="bbox 318 1169 1972 1244">
    <p class='ocr_par' dir='ltr' id='par_1_12' title="bbox 318 1169 1972 1244">
     <span class='ocr_line' id='line_1_12' title="bbox 318 1169 1972 1244; baseline -0.002 -16"><span class='ocrx_word' id='word_1_77' title='bbox 318 1171 462 1228; x_wconf 91' lang='lat' dir='ltr'><strong>bent</strong></span> <span class='ocrx_word' id='word_1_78' title='bbox 489 1169 768 1235; x_wconf 89' lang='lat' dir='ltr'><strong>lamenta,</strong></span> <span class='ocrx_word' id='word_1_79' title='bbox 791 1186 918 1241; x_wconf 70' lang='lat' dir='ltr'><strong>quae</strong></span> <span class='ocrx_word' id='word_1_80' title='bbox 963 1186 1099 1227; x_wconf 89' lang='lat' dir='ltr'><strong>cum</strong></span> <span class='ocrx_word' id='word_1_81' title='bbox 1148 1169 1421 1244; x_wconf 82' lang='lat' dir='ltr'><strong>lacrymis</strong></span> <span class='ocrx_word' id='word_1_82' title='bbox 1453 1170 1690 1226; x_wconf 77' lang='lat' dir='ltr'><strong>student</strong></span> <span class='ocrx_word' id='word_1_83' title='bbox 1716 1185 1972 1242; x_wconf 65' lang='lat' dir='ltr'><strong>qurerere</strong></span> 
     </span>
    </p>
   </div>
   <div class='ocr_carea' id='block_1_13' title="bbox 321 1258 1970 1334">
    <p class='ocr_par' dir='ltr' id='par_1_13' title="bbox 321 1258 1970 1334">
     <span class='ocr_line' id='line_1_13' title="bbox 321 1258 1970 1334; baseline -0.002 -17"><span class='ocrx_word' id='word_1_84' title='bbox 321 1259 604 1334; x_wconf 88' lang='lat' dir='ltr'><strong>peritura,</strong></span> <span class='ocrx_word' id='word_1_85' title='bbox 627 1258 781 1330; x_wconf 90' lang='lat' dir='ltr'><strong>quod</strong></span> <span class='ocrx_word' id='word_1_86' title='bbox 811 1262 868 1315; x_wconf 90' lang='lat' dir='ltr'><strong>et</strong></span> <span class='ocrx_word' id='word_1_87' title='bbox 891 1258 1043 1317; x_wconf 88' lang='lat' dir='ltr'><strong>Esau</strong></span> <span class='ocrx_word' id='word_1_88' title='bbox 1065 1260 1348 1333; x_wconf 84' lang='lat' dir='ltr'><strong>approbat</strong></span> <span class='ocrx_word' id='word_1_89' title='bbox 1368 1258 1760 1316; x_wconf 86' lang='lat' dir='ltr'><strong>consternatio</strong></span> <span class='ocrx_word' id='word_1_90' title='bbox 1781 1275 1970 1314; x_wconf 89' lang='lat' dir='ltr'><strong>cassa.</strong></span> 
     </span>
    </p>
   </div>
   <div class='ocr_carea' id='block_1_14' title="bbox 324 1345 1974 1420">
    <p class='ocr_par' dir='ltr' id='par_1_14' title="bbox 324 1345 1974 1420">
     <span class='ocr_line' id='line_1_14' title="bbox 324 1345 1974 1420; baseline -0.001 -16"><span class='ocrx_word' id='word_1_91' title='bbox 324 1349 695 1420; x_wconf 84' lang='lat' dir='ltr'><strong>Quanquam,</strong></span> <span class='ocrx_word' id='word_1_92' title='bbox 718 1345 852 1403; x_wconf 88' lang='lat' dir='ltr'><strong>licet</strong></span> <span class='ocrx_word' id='word_1_93' title='bbox 879 1348 1193 1416; x_wconf 79' lang='lat' dir='ltr'><strong>moderate,</strong></span> <span class='ocrx_word' id='word_1_94' title='bbox 1216 1348 1393 1404; x_wconf 90' lang='lat' dir='ltr'><strong>etiam</strong></span> <span class='ocrx_word' id='word_1_95' title='bbox 1415 1348 1485 1402; x_wconf 91' lang='lat' dir='ltr'><strong>de</strong></span> <span class='ocrx_word' id='word_1_96' title='bbox 1508 1347 1683 1404; x_wconf 87' lang='lat' dir='ltr'><strong>rebus</strong></span> <span class='ocrx_word' id='word_1_97' title='bbox 1714 1346 1974 1402; x_wconf 86' lang='lat' dir='ltr'><strong>minimis</strong></span> 
     </span>
    </p>
   </div>
   <div class='ocr_carea' id='block_1_15' title="bbox 319 1433 1978 1506">
    <p class='ocr_par' dir='ltr' id='par_1_15' title="bbox 319 1433 1978 1506">
     <span class='ocr_line' id='line_1_15' title="bbox 319 1433 1978 1506; baseline -0.001 -16"><span class='ocrx_word' id='word_1_98' title='bbox 319 1433 478 1491; x_wconf 88' lang='lat' dir='ltr'><strong>Deus</strong></span> <span class='ocrx_word' id='word_1_99' title='bbox 517 1437 779 1506; x_wconf 85' lang='lat' dir='ltr'><strong>oporteat</strong></span> <span class='ocrx_word' id='word_1_100' title='bbox 827 1435 1072 1506; x_wconf 88' lang='lat' dir='ltr'><strong>precari,</strong></span> <span class='ocrx_word' id='word_1_101' title='bbox 1104 1433 1214 1502; x_wconf 90' lang='lat' dir='ltr'><strong>vel,</strong></span> <span class='ocrx_word' id='word_1_102' title='bbox 1264 1435 1418 1490; x_wconf 88' lang='lat' dir='ltr'><strong>sicut</strong></span> <span class='ocrx_word' id='word_1_103' title='bbox 1467 1435 1526 1489; x_wconf 90' lang='lat' dir='ltr'><strong>in</strong></span> <span class='ocrx_word' id='word_1_104' title='bbox 1577 1434 1778 1490; x_wconf 90' lang='lat' dir='ltr'><strong>Timeo</strong></span> <span class='ocrx_word' id='word_1_105' title='bbox 1837 1433 1978 1490; x_wconf 91' lang='lat' dir='ltr'><strong>dicit</strong></span> 
     </span>
    </p>
   </div>
   <div class='ocr_carea' id='block_1_16' title="bbox 315 1521 1980 1594">
    <p class='ocr_par' dir='ltr' id='par_1_16' title="bbox 315 1521 1980 1594">
     <span class='ocr_line' id='line_1_16' title="bbox 315 1521 1980 1594; baseline 0 -16"><span class='ocrx_word' id='word_1_106' title='bbox 315 1521 497 1590; x_wconf 86' lang='lat' dir='ltr'><strong>Plato,</strong></span> <span class='ocrx_word' id='word_1_107' title='bbox 532 1521 634 1578; x_wconf 92' lang='lat' dir='ltr'><strong>Dei</strong></span> <span class='ocrx_word' id='word_1_108' title='bbox 667 1522 1008 1594; x_wconf 70' lang='lat' dir='ltr'><strong>praesidium</strong></span> <span class='ocrx_word' id='word_1_109' title='bbox 1044 1521 1368 1594; x_wconf 86' lang='lat' dir='ltr'><strong>implorari.</strong></span> <span class='ocrx_word' id='word_1_110' title='bbox 1399 1522 1549 1588; x_wconf 88' lang='lat' dir='ltr'><strong>Quid</strong></span> <span class='ocrx_word' id='word_1_111' title='bbox 1581 1527 1776 1578; x_wconf 90' lang='lat' dir='ltr'><strong>autem</strong></span> <span class='ocrx_word' id='word_1_112' title='bbox 1808 1521 1866 1576; x_wconf 94' lang='lat' dir='ltr'><strong>in</strong></span> <span class='ocrx_word' id='word_1_113' title='bbox 1898 1526 1980 1578; x_wconf 90' lang='lat' dir='ltr'><strong>ta-</strong></span> 
     </span>
    </p>
   </div>
   <div class='ocr_carea' id='block_1_17' title="bbox 311 1609 1980 1684">
    <p class='ocr_par' dir='ltr' id='par_1_17' title="bbox 311 1609 1980 1684">
     <span class='ocr_line' id='line_1_17' title="bbox 311 1609 1980 1684; baseline 0.001 -19"><span class='ocrx_word' id='word_1_114' title='bbox 311 1609 469 1666; x_wconf 86' lang='lat' dir='ltr'><strong>libus</strong></span> <span class='ocrx_word' id='word_1_115' title='bbox 492 1610 573 1666; x_wconf 91' lang='lat' dir='ltr'><strong>sit</strong></span> <span class='ocrx_word' id='word_1_116' title='bbox 593 1610 909 1684; x_wconf 86' lang='lat' dir='ltr'><strong>agendum,</strong></span> <span class='ocrx_word' id='word_1_117' title='bbox 929 1615 1221 1667; x_wconf 84' lang='lat' dir='ltr'><strong>monstrat</strong></span> <span class='ocrx_word' id='word_1_118' title='bbox 1241 1610 1512 1666; x_wconf 88' lang='lat' dir='ltr'><strong>Habacuc</strong></span> <span class='ocrx_word' id='word_1_119' title='bbox 1535 1611 1836 1683; x_wconf 66' lang='lat' dir='ltr'><strong>propheta:</strong></span> <span class='ocrx_word' id='word_1_120' title='bbox 1856 1627 1980 1668; x_wconf 89' lang='lat' dir='ltr'><strong>ora-</strong></span> 
     </span>
    </p>
   </div>
   <div class='ocr_carea' id='block_1_18' title="bbox 312 1697 1976 1773">
    <p class='ocr_par' dir='ltr' id='par_1_18' title="bbox 312 1697 1976 1773">
     <span class='ocr_line' id='line_1_18' title="bbox 312 1697 1976 1773; baseline -0.001 -15"><span class='ocrx_word' id='word_1_121' title='bbox 312 1697 653 1772; x_wconf 89' lang='lat' dir='ltr'><strong>culum,qui</strong></span> <span class='ocrx_word' id='word_1_122' title='bbox 687 1699 828 1756; x_wconf 87' lang='lat' dir='ltr'><strong>dum</strong></span> <span class='ocrx_word' id='word_1_123' title='bbox 853 1701 1138 1773; x_wconf 90' lang='lat' dir='ltr'><strong>quasdam</strong></span> <span class='ocrx_word' id='word_1_124' title='bbox 1171 1699 1367 1756; x_wconf 61' lang='lat' dir='ltr'><strong>saeculi</strong></span> <span class='ocrx_word' id='word_1_125' title='bbox 1391 1700 1824 1756; x_wconf 90' lang='lat' dir='ltr'><strong>dinumerasset</strong></span> <span class='ocrx_word' id='word_1_126' title='bbox 1852 1699 1976 1756; x_wconf 92' lang='lat' dir='ltr'><strong>cla-</strong></span> 
     </span>
    </p>
   </div>
   <div class='ocr_carea' id='block_1_19' title="bbox 310 1787 1976 1860">
    <p class='ocr_par' dir='ltr' id='par_1_19' title="bbox 310 1787 1976 1860">
     <span class='ocr_line' id='line_1_19' title="bbox 310 1787 1976 1860; baseline 0 -14"><span class='ocrx_word' id='word_1_127' title='bbox 310 1789 433 1858; x_wconf 88' lang='lat' dir='ltr'><strong>des,</strong></span> <span class='ocrx_word' id='word_1_128' title='bbox 459 1787 817 1846; x_wconf 87' lang='lat' dir='ltr'><strong>concludens</strong></span> <span class='ocrx_word' id='word_1_129' title='bbox 841 1789 1110 1860; x_wconf 84' lang='lat' dir='ltr'><strong>adjunxit</strong></span> <span class='ocrx_word' id='word_1_130' title='bbox 1132 1805 1144 1842; x_wconf 91' lang='lat'><strong>:</strong></span> <span class='ocrx_word' id='word_1_131' title='bbox 1172 1791 1280 1860; x_wconf 83' lang='lat' dir='ltr'><strong>Ego</strong></span> <span class='ocrx_word' id='word_1_132' title='bbox 1300 1797 1486 1845; x_wconf 76' lang='lat' dir='ltr'><strong>autem</strong></span> <span class='ocrx_word' id='word_1_133' title='bbox 1512 1790 1571 1843; x_wconf 86' lang='lat' dir='ltr'><strong>in</strong></span> <span class='ocrx_word' id='word_1_134' title='bbox 1592 1789 1821 1844; x_wconf 88' lang='lat' dir='ltr'><strong>Domino</strong></span> <span class='ocrx_word' id='word_1_135' title='bbox 1839 1805 1976 1858; x_wconf 86' lang='lat' dir='ltr'><strong>gau-</strong></span> 
     </span>
    </p>
   </div>
   <div class='ocr_carea' id='block_1_20' title="bbox 308 1877 1996 1952">
    <p class='ocr_par' dir='ltr' id='par_1_20' title="bbox 308 1877 1996 1952">
     <span class='ocr_line' id='line_1_20' title="bbox 308 1877 1996 1952; baseline -0.002 -16"><span class='ocrx_word' id='word_1_136' title='bbox 308 1879 440 1936; x_wconf 82' lang='lat' dir='ltr'><strong>debo</strong></span> <span class='ocrx_word' id='word_1_137' title='bbox 465 1877 756 1952; x_wconf 83' lang='lat' dir='ltr'><strong>(Habacue.</strong></span> <span class='ocrx_word' id='word_1_138' title='bbox 785 1894 870 1944; x_wconf 82' lang='grc' dir='ltr'>ιιι,</span> <span class='ocrx_word' id='word_1_139' title='bbox 896 1879 1005 1944; x_wconf 87' lang='grc'><strong>18).</strong></span> <span class='ocrx_word' id='word_1_140' title='bbox 1029 1878 1097 1934; x_wconf 88' lang='lat' dir='ltr'><strong>Et</strong></span> <span class='ocrx_word' id='word_1_141' title='bbox 1124 1877 1440 1934; x_wconf 86' lang='lat' dir='ltr'><strong>Psalmista</strong></span> <span class='ocrx_word' id='word_1_142' title='bbox 1472 1894 1485 1933; x_wconf 93' lang='lat'><strong>:</strong></span> <span class='ocrx_word' id='word_1_143' title='bbox 1517 1877 1844 1947; x_wconf 52' lang='lat' dir='ltr'><strong>Lmtabitur,</strong></span> <span class='ocrx_word' id='word_1_144' title='bbox 1872 1877 1996 1933; x_wconf 67' lang='lat' dir='ltr'><strong>in-.</strong></span> 
     </span>
    </p>
   </div>
   <div class='ocr_carea' id='block_1_21' title="bbox 310 1965 1969 2043">
    <p class='ocr_par' dir='ltr' id='par_1_21' title="bbox 310 1965 1969 2043">
     <span class='ocr_line' id='line_1_21' title="bbox 310 1965 1969 2043; baseline -0.002 -18"><span class='ocrx_word' id='word_1_145' title='bbox 310 1969 462 2043; x_wconf 85' lang='lat' dir='ltr'><strong>quit,</strong></span> <span class='ocrx_word' id='word_1_146' title='bbox 475 1970 680 2041; x_wconf 69' lang='lat' dir='ltr'><strong>justus,</strong></span> <span class='ocrx_word' id='word_1_147' title='bbox 702 1983 828 2023; x_wconf 86' lang='lat' dir='ltr'><strong>cum</strong></span> <span class='ocrx_word' id='word_1_148' title='bbox 851 1965 1050 2022; x_wconf 81' lang='lat' dir='ltr'><strong>viderit</strong></span> <span class='ocrx_word' id='word_1_149' title='bbox 1068 1965 1368 2022; x_wconf 83' lang='lat' dir='ltr'><strong>vindictam</strong></span> <span class='ocrx_word' id='word_1_150' title='bbox 1389 1966 1564 2038; x_wconf 79' lang='lat' dir='ltr'><strong>(Psal.</strong></span> <span class='ocrx_word' id='word_1_151' title='bbox 1589 1983 1722 2037; x_wconf 82' lang='lat' dir='ltr'><strong>Lvn,</strong></span> <span class='ocrx_word' id='word_1_152' title='bbox 1746 1966 1854 2037; x_wconf 76' lang='lat' dir='ltr'><strong>tl);</strong></span> <span class='ocrx_word' id='word_1_153' title='bbox 1881 1965 1969 2022; x_wconf 90' lang='lat' dir='ltr'><strong>vi-</strong></span> 
     </span>
    </p>
   </div>
   <div class='ocr_carea' id='block_1_22' title="bbox 311 2054 1966 2127">
    <p class='ocr_par' dir='ltr' id='par_1_22' title="bbox 311 2054 1966 2127">
     <span class='ocr_line' id='line_1_22' title="bbox 311 2054 1966 2127; baseline -0.002 -12"><span class='ocrx_word' id='word_1_154' title='bbox 311 2056 522 2115; x_wconf 89' lang='lat' dir='ltr'><strong>delicet</strong></span> <span class='ocrx_word' id='word_1_155' title='bbox 551 2057 743 2113; x_wconf 87' lang='lat' dir='ltr'><strong>sciens</strong></span> <span class='ocrx_word' id='word_1_156' title='bbox 772 2056 980 2112; x_wconf 85' lang='lat' dir='ltr'><strong>adesse</strong></span> <span class='ocrx_word' id='word_1_157' title='bbox 1020 2054 1078 2110; x_wconf 93' lang='lat' dir='ltr'><strong>in</strong></span> <span class='ocrx_word' id='word_1_158' title='bbox 1118 2054 1385 2127; x_wconf 80' lang='lat' dir='ltr'><strong>proximo</strong></span> <span class='ocrx_word' id='word_1_159' title='bbox 1435 2054 1966 2112; x_wconf 88' lang='lat' dir='ltr'><strong>remunerationem</strong></span> 
     </span>
    </p>
   </div>
   <div class='ocr_carea' id='block_1_23' title="bbox 309 2143 1968 2215">
    <p class='ocr_par' dir='ltr' id='par_1_23' title="bbox 309 2143 1968 2215">
     <span class='ocr_line' id='line_1_23' title="bbox 309 2143 1968 2215; baseline -0.002 -12"><span class='ocrx_word' id='word_1_160' title='bbox 309 2147 762 2215; x_wconf 89' lang='lat' dir='ltr'><strong>bonorum,cum</strong></span> <span class='ocrx_word' id='word_1_161' title='bbox 785 2145 1244 2201; x_wconf 88' lang='lat' dir='ltr'><strong>crebrescentem</strong></span> <span class='ocrx_word' id='word_1_162' title='bbox 1270 2143 1584 2200; x_wconf 86' lang='lat' dir='ltr'><strong>vindictam</strong></span> <span class='ocrx_word' id='word_1_163' title='bbox 1608 2143 1817 2200; x_wconf 92' lang='lat' dir='ltr'><strong>viderit</strong></span> <span class='ocrx_word' id='word_1_164' title='bbox 1839 2159 1968 2200; x_wconf 58' lang='lat' dir='ltr'><strong>ma.</strong></span> 
     </span>
    </p>
   </div>
   <div class='ocr_carea' id='block_1_24' title="bbox 309 2233 1961 2307">
    <p class='ocr_par' dir='ltr' id='par_1_24' title="bbox 309 2233 1961 2307">
     <span class='ocr_line' id='line_1_24' title="bbox 309 2233 1961 2307; baseline -0.002 -15"><span class='ocrx_word' id='word_1_165' title='bbox 309 2234 525 2292; x_wconf 89' lang='lat' dir='ltr'><strong>lorum.</strong></span> <span class='ocrx_word' id='word_1_166' title='bbox 559 2236 821 2307; x_wconf 80' lang='lat' dir='ltr'><strong>Itemque</strong></span> <span class='ocrx_word' id='word_1_167' title='bbox 855 2234 1094 2290; x_wconf 80' lang='lat' dir='ltr'><strong>:Renuit</strong></span> <span class='ocrx_word' id='word_1_168' title='bbox 1128 2233 1402 2288; x_wconf 76' lang='lat' dir='ltr'><strong>consolari</strong></span> <span class='ocrx_word' id='word_1_169' title='bbox 1429 2235 1622 2288; x_wconf 89' lang='lat' dir='ltr'><strong>anima</strong></span> <span class='ocrx_word' id='word_1_170' title='bbox 1645 2249 1769 2289; x_wconf 86' lang='lat' dir='ltr'><strong>mea</strong></span> <span class='ocrx_word' id='word_1_171' title='bbox 1792 2233 1961 2301; x_wconf 78' lang='lat' dir='ltr'><strong>(Psal.</strong></span> 
     </span>
    </p>
   </div>
   <div class='ocr_carea' id='block_1_25' title="bbox 312 2319 1968 2397">
    <p class='ocr_par' dir='ltr' id='par_1_25' title="bbox 312 2319 1968 2397">
     <span class='ocr_line' id='line_1_25' title="bbox 312 2319 1968 2397; baseline -0.003 -16"><span class='ocrx_word' id='word_1_172' title='bbox 312 2342 422 2394; x_wconf 74' lang='lat' dir='ltr'><strong>va,</strong></span> <span class='ocrx_word' id='word_1_173' title='bbox 455 2325 534 2397; x_wconf 91' lang='lat'><strong>3).</strong></span> <span class='ocrx_word' id='word_1_174' title='bbox 561 2323 687 2380; x_wconf 77' lang='lat' dir='ltr'><strong>Hoc</strong></span> <span class='ocrx_word' id='word_1_175' title='bbox 717 2323 914 2395; x_wconf 87' lang='lat' dir='ltr'><strong>itaque</strong></span> <span class='ocrx_word' id='word_1_176' title='bbox 943 2327 1032 2378; x_wconf 92' lang='lat' dir='ltr'><strong>est</strong></span> <span class='ocrx_word' id='word_1_177' title='bbox 1059 2322 1343 2394; x_wconf 82' lang='lat' dir='ltr'><strong>gaudium</strong></span> <span class='ocrx_word' id='word_1_178' title='bbox 1393 2321 1565 2378; x_wconf 90' lang='lat' dir='ltr'><strong>bonis</strong></span> <span class='ocrx_word' id='word_1_179' title='bbox 1613 2319 1968 2394; x_wconf 90' lang='lat' dir='ltr'><strong>specialissi-</strong></span> 
     </span>
    </p>
   </div>
   <div class='ocr_carea' id='block_1_26' title="bbox 312 2409 1970 2483">
    <p class='ocr_par' dir='ltr' id='par_1_26' title="bbox 312 2409 1970 2483">
     <span class='ocr_line' id='line_1_26' title="bbox 312 2409 1970 2483; baseline -0.002 -14"><span class='ocrx_word' id='word_1_180' title='bbox 312 2430 500 2481; x_wconf 89' lang='lat' dir='ltr'><strong>mum,</strong></span> <span class='ocrx_word' id='word_1_181' title='bbox 533 2412 672 2469; x_wconf 87' lang='lat' dir='ltr'><strong>huic</strong></span> <span class='ocrx_word' id='word_1_182' title='bbox 717 2410 918 2466; x_wconf 88' lang='lat' dir='ltr'><strong>nullus</strong></span> <span class='ocrx_word' id='word_1_183' title='bbox 949 2410 1345 2467; x_wconf 88' lang='lat' dir='ltr'><strong>communicat</strong></span> <span class='ocrx_word' id='word_1_184' title='bbox 1392 2409 1730 2483; x_wconf 89' lang='lat' dir='ltr'><strong>impiorum.</strong></span> <span class='ocrx_word' id='word_1_185' title='bbox 1763 2414 1829 2466; x_wconf 87' lang='lat' dir='ltr'><strong>In</strong></span> <span class='ocrx_word' id='word_1_186' title='bbox 1860 2409 1970 2466; x_wconf 88' lang='lat' dir='ltr'><strong>hoc</strong></span> 
     </span>
    </p>
   </div>
   <div class='ocr_carea' id='block_1_27' title="bbox 309 2498 1973 2574">
    <p class='ocr_par' dir='ltr' id='par_1_27' title="bbox 309 2498 1973 2574">
     <span class='ocr_line' id='line_1_27' title="bbox 309 2498 1973 2574; baseline -0.004 -14"><span class='ocrx_word' id='word_1_187' title='bbox 309 2503 470 2560; x_wconf 91' lang='lat' dir='ltr'><strong>enim</strong></span> <span class='ocrx_word' id='word_1_188' title='bbox 496 2501 708 2559; x_wconf 68' lang='lat' dir='ltr'><strong>saeculo</strong></span> <span class='ocrx_word' id='word_1_189' title='bbox 730 2499 898 2574; x_wconf 89' lang='lat' dir='ltr'><strong>impii</strong></span> <span class='ocrx_word' id='word_1_190' title='bbox 920 2516 1082 2572; x_wconf 69' lang='lat' dir='ltr'><strong>teque</strong></span> <span class='ocrx_word' id='word_1_191' title='bbox 1103 2503 1167 2556; x_wconf 90' lang='lat' dir='ltr'><strong>ut</strong></span> <span class='ocrx_word' id='word_1_192' title='bbox 1180 2498 1331 2571; x_wconf 85' lang='lat' dir='ltr'><strong>justi</strong></span> <span class='ocrx_word' id='word_1_193' title='bbox 1356 2503 1412 2555; x_wconf 90' lang='lat' dir='ltr'><strong>et</strong></span> <span class='ocrx_word' id='word_1_194' title='bbox 1427 2500 1681 2571; x_wconf 88' lang='lat' dir='ltr'><strong>gaudere</strong></span> <span class='ocrx_word' id='word_1_195' title='bbox 1700 2499 1973 2555; x_wconf 87' lang='lat' dir='ltr'><strong>videntur</strong></span> 
     </span>
    </p>
   </div>
   <div class='ocr_carea' id='block_1_28' title="bbox 309 2587 1970 2660">
    <p class='ocr_par' dir='ltr' id='par_1_28' title="bbox 309 2587 1970 2660">
     <span class='ocr_line' id='line_1_28' title="bbox 309 2587 1970 2660; baseline -0.003 -12"><span class='ocrx_word' id='word_1_196' title='bbox 309 2596 368 2648; x_wconf 91' lang='lat' dir='ltr'><strong>et</strong></span> <span class='ocrx_word' id='word_1_197' title='bbox 389 2590 568 2646; x_wconf 85' lang='lat' dir='ltr'><strong>afﬁci.</strong></span> <span class='ocrx_word' id='word_1_198' title='bbox 588 2590 855 2646; x_wconf 89' lang='lat' dir='ltr'><strong>Gaudent</strong></span> <span class='ocrx_word' id='word_1_199' title='bbox 875 2587 1031 2646; x_wconf 91' lang='lat' dir='ltr'><strong>enim</strong></span> <span class='ocrx_word' id='word_1_200' title='bbox 1055 2604 1188 2644; x_wconf 84' lang='lat' dir='ltr'><strong>eum</strong></span> <span class='ocrx_word' id='word_1_201' title='bbox 1213 2587 1547 2660; x_wconf 88' lang='lat' dir='ltr'><strong>acquirunt,</strong></span> <span class='ocrx_word' id='word_1_202' title='bbox 1573 2590 1817 2660; x_wconf 89' lang='lat' dir='ltr'><strong>gemunt</strong></span> <span class='ocrx_word' id='word_1_203' title='bbox 1836 2602 1970 2643; x_wconf 88' lang='lat' dir='ltr'><strong>cum</strong></span> 
     </span>
    </p>
   </div>
   <div class='ocr_carea' id='block_1_29' title="bbox 308 2675 1974 2755">
    <p class='ocr_par' dir='ltr' id='par_1_29' title="bbox 308 2675 1974 2755">
     <span class='ocr_line' id='line_1_29' title="bbox 308 2675 1974 2755; baseline -0.002 -18"><span class='ocrx_word' id='word_1_204' title='bbox 308 2680 582 2755; x_wconf 90' lang='lat' dir='ltr'><strong>perdunt.</strong></span> <span class='ocrx_word' id='word_1_205' title='bbox 616 2677 907 2736; x_wconf 89' lang='lat' dir='ltr'><strong>Similiter</strong></span> <span class='ocrx_word' id='word_1_206' title='bbox 934 2677 1144 2744; x_wconf 89' lang='lat' dir='ltr'><strong>sancti,</strong></span> <span class='ocrx_word' id='word_1_207' title='bbox 1169 2681 1226 2733; x_wconf 91' lang='lat' dir='ltr'><strong>et</strong></span> <span class='ocrx_word' id='word_1_208' title='bbox 1256 2693 1372 2731; x_wconf 91' lang='lat' dir='ltr'><strong>non</strong></span> <span class='ocrx_word' id='word_1_209' title='bbox 1413 2675 1703 2744; x_wconf 88' lang='lat' dir='ltr'><strong>similiter,</strong></span> <span class='ocrx_word' id='word_1_210' title='bbox 1737 2675 1875 2747; x_wconf 89' lang='lat' dir='ltr'><strong>quia</strong></span> <span class='ocrx_word' id='word_1_211' title='bbox 1903 2691 1974 2734; x_wconf 80' lang='lat' dir='ltr'><strong>ex</strong></span> 
     </span>
    </p>
   </div>
   <div class='ocr_carea' id='block_1_30' title="bbox 310 2762 1972 2836">
    <p class='ocr_par' dir='ltr' id='par_1_30' title="bbox 310 2762 1972 2836">
     <span class='ocr_line' id='line_1_30' title="bbox 310 2762 1972 2836; baseline -0.002 -11"><span class='ocrx_word' id='word_1_212' title='bbox 310 2769 485 2825; x_wconf 87' lang='lat' dir='ltr'><strong>rebus</strong></span> <span class='ocrx_word' id='word_1_213' title='bbox 530 2767 708 2824; x_wconf 89' lang='lat' dir='ltr'><strong>etiam</strong></span> <span class='ocrx_word' id='word_1_214' title='bbox 759 2764 1202 2821; x_wconf 70' lang='lat' dir='ltr'><strong>differentibus:</strong></span> <span class='ocrx_word' id='word_1_215' title='bbox 1237 2781 1373 2819; x_wconf 90' lang='lat' dir='ltr'><strong>nam</strong></span> <span class='ocrx_word' id='word_1_216' title='bbox 1434 2762 1519 2818; x_wconf 91' lang='lat' dir='ltr'><strong>illi</strong></span> <span class='ocrx_word' id='word_1_217' title='bbox 1577 2780 1680 2836; x_wconf 86' lang='lat' dir='ltr'><strong>pro</strong></span> <span class='ocrx_word' id='word_1_218' title='bbox 1737 2763 1972 2822; x_wconf 86' lang='lat' dir='ltr'><strong>damnis</strong></span> 
     </span>
    </p>
   </div>
   <div class='ocr_carea' id='block_1_31' title="bbox 303 2851 1968 2931">
    <p class='ocr_par' dir='ltr' id='par_1_31' title="bbox 303 2851 1968 2931">
     <span class='ocr_line' id='line_1_31' title="bbox 303 2851 1968 2931; baseline -0.004 -17"><span class='ocrx_word' id='word_1_219' title='bbox 303 2857 580 2926; x_wconf 83' lang='lat' dir='ltr'><strong>terrenis,</strong></span> <span class='ocrx_word' id='word_1_220' title='bbox 613 2856 711 2912; x_wconf 90' lang='lat' dir='ltr'><strong>isti</strong></span> <span class='ocrx_word' id='word_1_221' title='bbox 742 2872 847 2931; x_wconf 57' lang='lat' dir='ltr'><strong>pro</strong></span> <span class='ocrx_word' id='word_1_222' title='bbox 899 2853 1236 2910; x_wconf 76' lang='lat' dir='ltr'><strong>ccelestibus</strong></span> <span class='ocrx_word' id='word_1_223' title='bbox 1285 2851 1620 2921; x_wconf 85' lang='lat' dir='ltr'><strong>desideriis;</strong></span> <span class='ocrx_word' id='word_1_224' title='bbox 1669 2855 1726 2909; x_wconf 90' lang='lat' dir='ltr'><strong>et</strong></span> <span class='ocrx_word' id='word_1_225' title='bbox 1771 2856 1968 2909; x_wconf 89' lang='lat' dir='ltr'><strong>tamen</strong></span> 
     </span>
    </p>
   </div>
   <div class='ocr_carea' id='block_1_32' title="bbox 306 2940 1970 3021">
    <p class='ocr_par' dir='ltr' id='par_1_32' title="bbox 306 2940 1970 3021">
     <span class='ocr_line' id='line_1_32' title="bbox 306 2940 1970 3021; baseline -0.003 -18"><span class='ocrx_word' id='word_1_226' title='bbox 306 2948 566 3021; x_wconf 85' lang='lat' dir='ltr'><strong>gaudent</strong></span> <span class='ocrx_word' id='word_1_227' title='bbox 590 2945 776 3002; x_wconf 90' lang='lat' dir='ltr'><strong>sancti</strong></span> <span class='ocrx_word' id='word_1_228' title='bbox 801 2961 935 3000; x_wconf 91' lang='lat' dir='ltr'><strong>cum</strong></span> <span class='ocrx_word' id='word_1_229' title='bbox 959 2943 1274 3015; x_wconf 89' lang='lat' dir='ltr'><strong>acquirunt</strong></span> <span class='ocrx_word' id='word_1_230' title='bbox 1299 2942 1502 3014; x_wconf 90' lang='lat' dir='ltr'><strong>utique</strong></span> <span class='ocrx_word' id='word_1_231' title='bbox 1523 2943 1778 2998; x_wconf 85' lang='lat' dir='ltr'><strong>fructum</strong></span> <span class='ocrx_word' id='word_1_232' title='bbox 1811 2940 1970 2998; x_wconf 87' lang='lat' dir='ltr'><strong>labo-</strong></span> 
     </span>
    </p>
   </div>
   <div class='ocr_carea' id='block_1_33' title="bbox 307 3029 1968 3104">
    <p class='ocr_par' dir='ltr' id='par_1_33' title="bbox 307 3029 1968 3104">
     <span class='ocr_line' id='line_1_33' title="bbox 307 3029 1968 3104; baseline -0.004 -12"><span class='ocrx_word' id='word_1_233' title='bbox 307 3053 472 3104; x_wconf 85' lang='lat' dir='ltr'><strong>rum;</strong></span> <span class='ocrx_word' id='word_1_234' title='bbox 507 3037 756 3090; x_wconf 80' lang='lat' dir='ltr'><strong>mcerent</strong></span> <span class='ocrx_word' id='word_1_235' title='bbox 784 3037 979 3089; x_wconf 90' lang='lat' dir='ltr'><strong>autem</strong></span> <span class='ocrx_word' id='word_1_236' title='bbox 1004 3049 1139 3088; x_wconf 92' lang='lat' dir='ltr'><strong>cum</strong></span> <span class='ocrx_word' id='word_1_237' title='bbox 1183 3032 1454 3104; x_wconf 88' lang='lat' dir='ltr'><strong>perdunt,</strong></span> <span class='ocrx_word' id='word_1_238' title='bbox 1480 3031 1537 3086; x_wconf 90' lang='lat' dir='ltr'><strong>id</strong></span> <span class='ocrx_word' id='word_1_239' title='bbox 1569 3035 1661 3087; x_wconf 86' lang='lat' dir='ltr'><strong>est</strong></span> <span class='ocrx_word' id='word_1_240' title='bbox 1689 3047 1824 3087; x_wconf 90' lang='lat' dir='ltr'><strong>cum</strong></span> <span class='ocrx_word' id='word_1_241' title='bbox 1859 3029 1968 3087; x_wconf 86' lang='lat' dir='ltr'><strong>ali-</strong></span> 
     </span>
    </p>
   </div>
   <div class='ocr_carea' id='block_1_34' title="bbox 308 3120 1968 3197">
    <p class='ocr_par' dir='ltr' id='par_1_34' title="bbox 308 3120 1968 3197">
     <span class='ocr_line' id='line_1_34' title="bbox 308 3120 1968 3197; baseline -0.003 -17"><span class='ocrx_word' id='word_1_242' title='bbox 308 3142 460 3197; x_wconf 90' lang='lat' dir='ltr'><strong>quos</strong></span> <span class='ocrx_word' id='word_1_243' title='bbox 491 3125 562 3180; x_wconf 94' lang='lat' dir='ltr'><strong>de</strong></span> <span class='ocrx_word' id='word_1_244' title='bbox 594 3123 886 3180; x_wconf 89' lang='lat' dir='ltr'><strong>consortio</strong></span> <span class='ocrx_word' id='word_1_245' title='bbox 907 3121 997 3178; x_wconf 92' lang='lat' dir='ltr'><strong>sui</strong></span> <span class='ocrx_word' id='word_1_246' title='bbox 1023 3120 1283 3178; x_wconf 85' lang='lat' dir='ltr'><strong>excidere</strong></span> <span class='ocrx_word' id='word_1_247' title='bbox 1303 3120 1691 3192; x_wconf 89' lang='lat' dir='ltr'><strong>conspiciunt.</strong></span> <span class='ocrx_word' id='word_1_248' title='bbox 1717 3120 1968 3175; x_wconf 89' lang='lat' dir='ltr'><strong>Irrident</strong></span> 
     </span>
    </p>
   </div>
   <div class='ocr_carea' id='block_1_35' title="bbox 2084 549 3730 626">
    <p class='ocr_par' dir='ltr' id='par_1_35' title="bbox 2084 549 3730 626">
     <span class='ocr_line' id='line_1_35' title="bbox 2084 549 3730 626; baseline 0.007 -24"><span class='ocrx_word' id='word_1_249' title='bbox 2084 549 2249 615; x_wconf 90' lang='lat' dir='ltr'><strong>dum,</strong></span> <span class='ocrx_word' id='word_1_250' title='bbox 2273 549 2414 605; x_wconf 85' lang='lat' dir='ltr'><strong>time</strong></span> <span class='ocrx_word' id='word_1_251' title='bbox 2445 555 2722 608; x_wconf 84' lang='lat' dir='ltr'><strong>aeternum</strong></span> <span class='ocrx_word' id='word_1_252' title='bbox 2749 553 3062 625; x_wconf 92' lang='lat' dir='ltr'><strong>judicium.</strong></span> <span class='ocrx_word' id='word_1_253' title='bbox 3085 555 3529 613; x_wconf 89' lang='lat' dir='ltr'><strong>Consiliatorem</strong></span> <span class='ocrx_word' id='word_1_254' title='bbox 3551 558 3730 626; x_wconf 89' lang='lat' dir='ltr'><strong>enim,</strong></span> 
     </span>
    </p>
   </div>
   <div class='ocr_carea' id='block_1_36' title="bbox 2083 639 3736 720">
    <p class='ocr_par' dir='ltr' id='par_1_36' title="bbox 2083 639 3736 720">
     <span class='ocr_line' id='line_1_36' title="bbox 2083 639 3736 720; baseline 0.007 -28"><span class='ocrx_word' id='word_1_255' title='bbox 2083 641 2149 692; x_wconf 90' lang='lat' dir='ltr'><strong>ut</strong></span> <span class='ocrx_word' id='word_1_256' title='bbox 2179 639 2262 694; x_wconf 83' lang='lat' dir='ltr'><strong>ait</strong></span> <span class='ocrx_word' id='word_1_257' title='bbox 2291 640 2626 712; x_wconf 88' lang='lat' dir='ltr'><strong>Gregorius,</strong></span> <span class='ocrx_word' id='word_1_258' title='bbox 2659 643 2923 699; x_wconf 87' lang='lat' dir='ltr'><strong>animum</strong></span> <span class='ocrx_word' id='word_1_259' title='bbox 2964 643 3274 714; x_wconf 89' lang='lat' dir='ltr'><strong>inhabitat,</strong></span> <span class='ocrx_word' id='word_1_260' title='bbox 3299 646 3398 720; x_wconf 90' lang='lat' dir='ltr'><strong>qui</strong></span> <span class='ocrx_word' id='word_1_261' title='bbox 3429 645 3635 703; x_wconf 92' lang='lat' dir='ltr'><strong>dolens</strong></span> <span class='ocrx_word' id='word_1_262' title='bbox 3664 647 3736 703; x_wconf 93' lang='lat' dir='ltr'><strong>de</strong></span> 
     </span>
    </p>
   </div>
   <div class='ocr_carea' id='block_1_37' title="bbox 2082 727 3103 800">
    <p class='ocr_par' dir='ltr' id='par_1_37' title="bbox 2082 727 3103 800">
     <span class='ocr_line' id='line_1_37' title="bbox 2082 727 3103 800; baseline 0.008 -18"><span class='ocrx_word' id='word_1_263' title='bbox 2082 727 2471 800; x_wconf 82' lang='lat' dir='ltr'><strong>praesentibus</strong></span> <span class='ocrx_word' id='word_1_264' title='bbox 2503 731 2572 785; x_wconf 90' lang='lat' dir='ltr'><strong>ad</strong></span> <span class='ocrx_word' id='word_1_265' title='bbox 2607 735 2822 787; x_wconf 66' lang='lat' dir='ltr'><strong>aeterna</strong></span> <span class='ocrx_word' id='word_1_266' title='bbox 2851 732 3103 789; x_wconf 85' lang='lat' dir='ltr'><strong>festinat.</strong></span> 
     </span>
    </p>
   </div>
   <div class='ocr_carea' id='block_1_38' title="bbox 2151 815 3736 892">
    <p class='ocr_par' dir='ltr' id='par_1_38' title="bbox 2151 815 3736 892">
     <span class='ocr_line' id='line_1_38' title="bbox 2151 815 3736 892; baseline 0.006 -22"><span class='ocrx_word' id='word_1_267' title='bbox 2151 816 2241 870; x_wconf 85' lang='lat'><strong>20.</strong></span> <span class='ocrx_word' id='word_1_268' title='bbox 2265 815 2480 873; x_wconf 88' lang='lat' dir='ltr'><strong>Verum</strong></span> <span class='ocrx_word' id='word_1_269' title='bbox 2524 818 2663 891; x_wconf 89' lang='lat' dir='ltr'><strong>quia</strong></span> <span class='ocrx_word' id='word_1_270' title='bbox 2712 821 2784 876; x_wconf 91' lang='lat' dir='ltr'><strong>ad</strong></span> <span class='ocrx_word' id='word_1_271' title='bbox 2833 821 3051 877; x_wconf 89' lang='lat' dir='ltr'><strong>calcem</strong></span> <span class='ocrx_word' id='word_1_272' title='bbox 3103 838 3228 891; x_wconf 92' lang='lat' dir='ltr'><strong>nos,</strong></span> <span class='ocrx_word' id='word_1_273' title='bbox 3256 827 3368 879; x_wconf 91' lang='lat' dir='ltr'><strong>Deo</strong></span> <span class='ocrx_word' id='word_1_274' title='bbox 3417 828 3736 892; x_wconf 86' lang='lat' dir='ltr'><strong>annuente,</strong></span> 
     </span>
    </p>
   </div>
   <div class='ocr_carea' id='block_1_39' title="bbox 2079 903 3738 982">
    <p class='ocr_par' dir='ltr' id='par_1_39' title="bbox 2079 903 3738 982">
     <span class='ocr_line' id='line_1_39' title="bbox 2079 903 3738 982; baseline 0.007 -24"><span class='ocrx_word' id='word_1_275' title='bbox 2079 903 2349 960; x_wconf 89' lang='lat' dir='ltr'><strong>videmur</strong></span> <span class='ocrx_word' id='word_1_276' title='bbox 2397 907 2791 980; x_wconf 89' lang='lat' dir='ltr'><strong>propinquare</strong></span> <span class='ocrx_word' id='word_1_277' title='bbox 2837 909 3160 982; x_wconf 66' lang='lat' dir='ltr'><strong>praeloquii,</strong></span> <span class='ocrx_word' id='word_1_278' title='bbox 3193 913 3512 968; x_wconf 91' lang='lat' dir='ltr'><strong>cavendum</strong></span> <span class='ocrx_word' id='word_1_279' title='bbox 3545 917 3635 968; x_wconf 89' lang='lat' dir='ltr'><strong>est</strong></span> <span class='ocrx_word' id='word_1_280' title='bbox 3662 930 3738 970; x_wconf 90' lang='lat' dir='ltr'><strong>ne</strong></span> 
     </span>
    </p>
   </div>
   <div class='ocr_carea' id='block_1_40' title="bbox 2081 993 3737 1074">
    <p class='ocr_par' dir='ltr' id='par_1_40' title="bbox 2081 993 3737 1074">
     <span class='ocr_line' id='line_1_40' title="bbox 2081 993 3737 1074; baseline 0.008 -28"><span class='ocrx_word' id='word_1_281' title='bbox 2081 993 2492 1065; x_wconf 88' lang='lat' dir='ltr'><strong>properantius</strong></span> <span class='ocrx_word' id='word_1_282' title='bbox 2522 1014 2698 1068; x_wconf 90' lang='lat' dir='ltr'><strong>quam</strong></span> <span class='ocrx_word' id='word_1_283' title='bbox 2731 998 2962 1070; x_wconf 89' lang='lat' dir='ltr'><strong>expedit</strong></span> <span class='ocrx_word' id='word_1_284' title='bbox 2989 1000 3356 1066; x_wconf 84' lang='lat' dir='ltr'><strong>festinantes,</strong></span> <span class='ocrx_word' id='word_1_285' title='bbox 3386 1002 3525 1074; x_wconf 89' lang='lat' dir='ltr'><strong>quia</strong></span> <span class='ocrx_word' id='word_1_286' title='bbox 3555 1001 3737 1059; x_wconf 88' lang='lat' dir='ltr'><strong>semel</strong></span> 
     </span>
    </p>
   </div>
   <div class='ocr_carea' id='block_1_41' title="bbox 2080 1082 3733 1163">
    <p class='ocr_par' dir='ltr' id='par_1_41' title="bbox 2080 1082 3733 1163">
     <span class='ocr_line' id='line_1_41' title="bbox 2080 1082 3733 1163; baseline 0.007 -28"><span class='ocrx_word' id='word_1_287' title='bbox 2080 1082 2365 1154; x_wconf 69' lang='lat' dir='ltr'><strong>cmpimus</strong></span> <span class='ocrx_word' id='word_1_288' title='bbox 2405 1101 2610 1140; x_wconf 90' lang='lat' dir='ltr'><strong>omnes</strong></span> <span class='ocrx_word' id='word_1_289' title='bbox 2648 1086 2984 1154; x_wconf 90' lang='lat' dir='ltr'><strong>admonere,</strong></span> <span class='ocrx_word' id='word_1_290' title='bbox 3017 1087 3274 1160; x_wconf 89' lang='lat' dir='ltr'><strong>aliquem</strong></span> <span class='ocrx_word' id='word_1_291' title='bbox 3307 1090 3733 1163; x_wconf 87' lang='lat' dir='ltr'><strong>relinquamus,</strong></span> 
     </span>
    </p>
   </div>
   <div class='ocr_carea' id='block_1_42' title="bbox 2080 1169 3738 1248">
    <p class='ocr_par' dir='ltr' id='par_1_42' title="bbox 2080 1169 3738 1248">
     <span class='ocr_line' id='line_1_42' title="bbox 2080 1169 3738 1248; baseline 0.007 -23"><span class='ocrx_word' id='word_1_292' title='bbox 2080 1169 2336 1243; x_wconf 88' lang='lat' dir='ltr'><strong>aliquem</strong></span> <span class='ocrx_word' id='word_1_293' title='bbox 2369 1172 2738 1246; x_wconf 83' lang='lat' dir='ltr'><strong>negligamus</strong></span> <span class='ocrx_word' id='word_1_294' title='bbox 2764 1192 2776 1230; x_wconf 87' lang='lat'><strong>:</strong></span> <span class='ocrx_word' id='word_1_295' title='bbox 2807 1177 2962 1248; x_wconf 93' lang='lat' dir='ltr'><strong>quod</strong></span> <span class='ocrx_word' id='word_1_296' title='bbox 2994 1194 3066 1233; x_wconf 92' lang='lat' dir='ltr'><strong>ne</strong></span> <span class='ocrx_word' id='word_1_297' title='bbox 3090 1179 3209 1245; x_wconf 85' lang='lat' dir='ltr'><strong>fiat,</strong></span> <span class='ocrx_word' id='word_1_298' title='bbox 3234 1178 3436 1235; x_wconf 91' lang='lat' dir='ltr'><strong>hortor</strong></span> <span class='ocrx_word' id='word_1_299' title='bbox 3462 1184 3518 1235; x_wconf 92' lang='lat' dir='ltr'><strong>et</strong></span> <span class='ocrx_word' id='word_1_300' title='bbox 3537 1180 3738 1236; x_wconf 64' lang='lat' dir='ltr'><strong>admoo</strong></span> 
     </span>
    </p>
   </div>
   <div class='ocr_carea' id='block_1_43' title="bbox 2081 1263 3733 1339">
    <p class='ocr_par' dir='ltr' id='par_1_43' title="bbox 2081 1263 3733 1339">
     <span class='ocr_line' id='line_1_43' title="bbox 2081 1263 3733 1339; baseline 0.006 -25"><span class='ocrx_word' id='word_1_301' title='bbox 2081 1273 2189 1314; x_wconf 92' lang='lat' dir='ltr'><strong>neo</strong></span> <span class='ocrx_word' id='word_1_302' title='bbox 2229 1265 2295 1315; x_wconf 90' lang='lat' dir='ltr'><strong>ut</strong></span> <span class='ocrx_word' id='word_1_303' title='bbox 2341 1279 2545 1318; x_wconf 90' lang='lat' dir='ltr'><strong>omnes</strong></span> <span class='ocrx_word' id='word_1_304' title='bbox 2589 1263 2923 1331; x_wconf 85' lang='lat' dir='ltr'><strong>Christiani,</strong></span> <span class='ocrx_word' id='word_1_305' title='bbox 2957 1281 3162 1322; x_wconf 88' lang='lat' dir='ltr'><strong>omnes</strong></span> <span class='ocrx_word' id='word_1_306' title='bbox 3208 1266 3506 1339; x_wconf 90' lang='lat' dir='ltr'><strong>baptizati,</strong></span> <span class='ocrx_word' id='word_1_307' title='bbox 3538 1268 3733 1325; x_wconf 91' lang='lat' dir='ltr'><strong>omnis</strong></span> 
     </span>
    </p>
   </div>
   <div class='ocr_carea' id='block_1_44' title="bbox 2083 1347 3731 1427">
    <p class='ocr_par' dir='ltr' id='par_1_44' title="bbox 2083 1347 3731 1427">
     <span class='ocr_line' id='line_1_44' title="bbox 2083 1347 3731 1427; baseline 0.006 -25"><span class='ocrx_word' id='word_1_308' title='bbox 2083 1347 2244 1413; x_wconf 91' lang='lat' dir='ltr'><strong>ordo,</strong></span> <span class='ocrx_word' id='word_1_309' title='bbox 2286 1349 2561 1418; x_wconf 87' lang='lat' dir='ltr'><strong>conditio,</strong></span> <span class='ocrx_word' id='word_1_310' title='bbox 2613 1367 2807 1419; x_wconf 85' lang='lat' dir='ltr'><strong>sexus,</strong></span> <span class='ocrx_word' id='word_1_311' title='bbox 2839 1357 2998 1421; x_wconf 67' lang='lat' dir='ltr'><strong>aetas,</strong></span> <span class='ocrx_word' id='word_1_312' title='bbox 3054 1359 3111 1409; x_wconf 90' lang='lat' dir='ltr'><strong>et</strong></span> <span class='ocrx_word' id='word_1_313' title='bbox 3165 1354 3471 1427; x_wconf 88' lang='lat' dir='ltr'><strong>professio,</strong></span> <span class='ocrx_word' id='word_1_314' title='bbox 3501 1355 3731 1425; x_wconf 86' lang='lat' dir='ltr'><strong>divites,</strong></span> 
     </span>
    </p>
   </div>
   <div class='ocr_carea' id='block_1_45' title="bbox 2085 1433 3734 1515">
    <p class='ocr_par' dir='ltr' id='par_1_45' title="bbox 2085 1433 3734 1515">
     <span class='ocr_line' id='line_1_45' title="bbox 2085 1433 3734 1515; baseline 0.008 -27"><span class='ocrx_word' id='word_1_315' title='bbox 2085 1433 2428 1504; x_wconf 88' lang='lat' dir='ltr'><strong>mediocres,</strong></span> <span class='ocrx_word' id='word_1_316' title='bbox 2462 1442 2518 1492; x_wconf 92' lang='lat' dir='ltr'><strong>et</strong></span> <span class='ocrx_word' id='word_1_317' title='bbox 2548 1455 2856 1511; x_wconf 87' lang='lat' dir='ltr'><strong>pauperes,</strong></span> <span class='ocrx_word' id='word_1_318' title='bbox 2884 1441 3012 1496; x_wconf 88' lang='lat' dir='ltr'><strong>sani</strong></span> <span class='ocrx_word' id='word_1_319' title='bbox 3044 1445 3102 1497; x_wconf 91' lang='lat' dir='ltr'><strong>et</strong></span> <span class='ocrx_word' id='word_1_320' title='bbox 3131 1442 3370 1512; x_wconf 82' lang='lat' dir='ltr'><strong>infirmi,</strong></span> <span class='ocrx_word' id='word_1_321' title='bbox 3398 1444 3646 1515; x_wconf 78' lang='lat' dir='ltr'><strong>juvenes</strong></span> <span class='ocrx_word' id='word_1_322' title='bbox 3675 1449 3734 1501; x_wconf 87' lang='lat' dir='ltr'><strong>et</strong></span> 
     </span>
    </p>
   </div>
   <div class='ocr_carea' id='block_1_46' title="bbox 2087 1523 3732 1602">
    <p class='ocr_par' dir='ltr' id='par_1_46' title="bbox 2087 1523 3732 1602">
     <span class='ocr_line' id='line_1_46' title="bbox 2087 1523 3732 1602; baseline 0.008 -26"><span class='ocrx_word' id='word_1_323' title='bbox 2087 1537 2276 1590; x_wconf 91' lang='lat' dir='ltr'><strong>senes,</strong></span> <span class='ocrx_word' id='word_1_324' title='bbox 2310 1523 2539 1596; x_wconf 90' lang='lat' dir='ltr'><strong>ipsique</strong></span> <span class='ocrx_word' id='word_1_325' title='bbox 2585 1526 2856 1594; x_wconf 81' lang='lat' dir='ltr'><strong>infantes,</strong></span> <span class='ocrx_word' id='word_1_326' title='bbox 2899 1533 3229 1600; x_wconf 90' lang='lat' dir='ltr'><strong>peccatores</strong></span> <span class='ocrx_word' id='word_1_327' title='bbox 3259 1536 3316 1586; x_wconf 87' lang='lat' dir='ltr'><strong>et</strong></span> <span class='ocrx_word' id='word_1_328' title='bbox 3337 1531 3509 1602; x_wconf 89' lang='lat' dir='ltr'><strong>justi,</strong></span> <span class='ocrx_word' id='word_1_329' title='bbox 3540 1533 3732 1590; x_wconf 89' lang='lat' dir='ltr'><strong>clerici</strong></span> 
     </span>
    </p>
   </div>
   <div class='ocr_carea' id='block_1_47' title="bbox 2085 1609 3732 1695">
    <p class='ocr_par' dir='ltr' id='par_1_47' title="bbox 2085 1609 3732 1695">
     <span class='ocr_line' id='line_1_47' title="bbox 2085 1609 3732 1695; baseline 0.01 -32"><span class='ocrx_word' id='word_1_330' title='bbox 2085 1615 2143 1664; x_wconf 90' lang='lat' dir='ltr'><strong>et</strong></span> <span class='ocrx_word' id='word_1_331' title='bbox 2163 1609 2315 1679; x_wconf 90' lang='lat' dir='ltr'><strong>laici,</strong></span> <span class='ocrx_word' id='word_1_332' title='bbox 2335 1629 2561 1679; x_wconf 90' lang='lat' dir='ltr'><strong>omnes,</strong></span> <span class='ocrx_word' id='word_1_333' title='bbox 2586 1614 2850 1687; x_wconf 88' lang='lat' dir='ltr'><strong>inquam,</strong></span> <span class='ocrx_word' id='word_1_334' title='bbox 2870 1616 3030 1674; x_wconf 91' lang='lat' dir='ltr'><strong>nullo</strong></span> <span class='ocrx_word' id='word_1_335' title='bbox 3051 1617 3269 1686; x_wconf 89' lang='lat' dir='ltr'><strong>relicto,</strong></span> <span class='ocrx_word' id='word_1_336' title='bbox 3294 1619 3454 1676; x_wconf 93' lang='lat' dir='ltr'><strong>nullo</strong></span> <span class='ocrx_word' id='word_1_337' title='bbox 3473 1627 3732 1695; x_wconf 88' lang='lat' dir='ltr'><strong>excepto,</strong></span> 
     </span>
    </p>
   </div>
   <div class='ocr_carea' id='block_1_48' title="bbox 2085 1698 3736 1780">
    <p class='ocr_par' dir='ltr' id='par_1_48' title="bbox 2085 1698 3736 1780">
     <span class='ocr_line' id='line_1_48' title="bbox 2085 1698 3736 1780; baseline 0.008 -28"><span class='ocrx_word' id='word_1_338' title='bbox 2085 1698 2185 1770; x_wconf 89' lang='lat' dir='ltr'><strong>qui</strong></span> <span class='ocrx_word' id='word_1_339' title='bbox 2217 1705 2440 1772; x_wconf 88' lang='lat' dir='ltr'><strong>partem</strong></span> <span class='ocrx_word' id='word_1_340' title='bbox 2483 1702 2687 1759; x_wconf 91' lang='lat' dir='ltr'><strong>volunt</strong></span> <span class='ocrx_word' id='word_1_341' title='bbox 2729 1704 2942 1762; x_wconf 89' lang='lat' dir='ltr'><strong>habere</strong></span> <span class='ocrx_word' id='word_1_342' title='bbox 2971 1706 3030 1761; x_wconf 90' lang='lat' dir='ltr'><strong>in</strong></span> <span class='ocrx_word' id='word_1_343' title='bbox 3063 1706 3276 1762; x_wconf 88' lang='lat' dir='ltr'><strong>Christi</strong></span> <span class='ocrx_word' id='word_1_344' title='bbox 3307 1724 3508 1780; x_wconf 93' lang='lat' dir='ltr'><strong>regno,</strong></span> <span class='ocrx_word' id='word_1_345' title='bbox 3530 1726 3736 1767; x_wconf 85' lang='lat' dir='ltr'><strong>omnes</strong></span> 
     </span>
    </p>
   </div>
   <div class='ocr_carea' id='block_1_49' title="bbox 2083 1786 3736 1866">
    <p class='ocr_par' dir='ltr' id='par_1_49' title="bbox 2083 1786 3736 1866">
     <span class='ocr_line' id='line_1_49' title="bbox 2083 1786 3736 1866; baseline 0.008 -25"><span class='ocrx_word' id='word_1_346' title='bbox 2083 1786 2308 1859; x_wconf 91' lang='lat' dir='ltr'><strong>seipsos</strong></span> <span class='ocrx_word' id='word_1_347' title='bbox 2340 1790 2608 1856; x_wconf 88' lang='lat' dir='ltr'><strong>excitent,</strong></span> <span class='ocrx_word' id='word_1_348' title='bbox 2651 1792 2877 1865; x_wconf 89' lang='lat' dir='ltr'><strong>seipsos</strong></span> <span class='ocrx_word' id='word_1_349' title='bbox 2920 1794 3294 1866; x_wconf 86' lang='lat' dir='ltr'><strong>admoneant,</strong></span> <span class='ocrx_word' id='word_1_350' title='bbox 3321 1813 3526 1854; x_wconf 89' lang='lat' dir='ltr'><strong>omnes</strong></span> <span class='ocrx_word' id='word_1_351' title='bbox 3564 1813 3736 1854; x_wconf 88' lang='lat' dir='ltr'><strong>aures</strong></span> 
     </span>
    </p>
   </div>
   <div class='ocr_carea' id='block_1_50' title="bbox 2079 1875 3733 1957">
    <p class='ocr_par' dir='ltr' id='par_1_50' title="bbox 2079 1875 3733 1957">
     <span class='ocr_line' id='line_1_50' title="bbox 2079 1875 3733 1957; baseline 0.007 -27"><span class='ocrx_word' id='word_1_352' title='bbox 2079 1875 2269 1930; x_wconf 90' lang='lat' dir='ltr'><strong>cordis</strong></span> <span class='ocrx_word' id='word_1_353' title='bbox 2291 1877 2606 1934; x_wconf 86' lang='lat' dir='ltr'><strong>adhibeant</strong></span> <span class='ocrx_word' id='word_1_354' title='bbox 2636 1879 2717 1934; x_wconf 92' lang='lat' dir='ltr'><strong>illi</strong></span> <span class='ocrx_word' id='word_1_355' title='bbox 2753 1881 3247 1954; x_wconf 69' lang='lat' dir='ltr'><strong>parabolae,quam</strong></span> <span class='ocrx_word' id='word_1_356' title='bbox 3271 1885 3343 1940; x_wconf 92' lang='lat' dir='ltr'><strong>de</strong></span> <span class='ocrx_word' id='word_1_357' title='bbox 3365 1901 3498 1957; x_wconf 91' lang='lat' dir='ltr'><strong>rege</strong></span> <span class='ocrx_word' id='word_1_358' title='bbox 3527 1889 3584 1941; x_wconf 92' lang='lat' dir='ltr'><strong>et</strong></span> <span class='ocrx_word' id='word_1_359' title='bbox 3611 1902 3733 1943; x_wconf 91' lang='lat' dir='ltr'><strong>ser-</strong></span> 
     </span>
    </p>
   </div>
   <div class='ocr_carea' id='block_1_51' title="bbox 2073 1962 3732 2046">
    <p class='ocr_par' dir='ltr' id='par_1_51' title="bbox 2073 1962 3732 2046">
     <span class='ocr_line' id='line_1_51' title="bbox 2073 1962 3732 2046; baseline 0.007 -29"><span class='ocrx_word' id='word_1_360' title='bbox 2073 1962 2180 2031; x_wconf 85' lang='lat' dir='ltr'><strong>vis,</strong></span> <span class='ocrx_word' id='word_1_361' title='bbox 2196 1964 2348 2020; x_wconf 93' lang='lat' dir='ltr'><strong>bono</strong></span> <span class='ocrx_word' id='word_1_362' title='bbox 2364 1969 2420 2021; x_wconf 90' lang='lat' dir='ltr'><strong>et</strong></span> <span class='ocrx_word' id='word_1_363' title='bbox 2440 1966 2594 2023; x_wconf 89' lang='lat' dir='ltr'><strong>malo</strong></span> <span class='ocrx_word' id='word_1_364' title='bbox 2613 1968 2820 2039; x_wconf 75' lang='lat' dir='ltr'><strong>(Matth.</strong></span> <span class='ocrx_word' id='word_1_365' title='bbox 2839 1987 2970 2036; x_wconf 84' lang='lat' dir='ltr'><strong>xxv,</strong></span> <span class='ocrx_word' id='word_1_366' title='bbox 2988 1971 3098 2043; x_wconf 81' lang='grc'><strong>15),</strong></span> <span class='ocrx_word' id='word_1_367' title='bbox 3114 1987 3366 2044; x_wconf 89' lang='lat' dir='ltr'><strong>quorum</strong></span> <span class='ocrx_word' id='word_1_368' title='bbox 3385 1990 3541 2029; x_wconf 91' lang='lat' dir='ltr'><strong>unus</strong></span> <span class='ocrx_word' id='word_1_369' title='bbox 3561 1975 3732 2046; x_wconf 88' lang='lat' dir='ltr'><strong>quin-</strong></span> 
     </span>
    </p>
   </div>
   <div class='ocr_carea' id='block_1_52' title="bbox 2075 2051 3732 2135">
    <p class='ocr_par' dir='ltr' id='par_1_52' title="bbox 2075 2051 3732 2135">
     <span class='ocr_line' id='line_1_52' title="bbox 2075 2051 3732 2135; baseline 0.008 -29"><span class='ocrx_word' id='word_1_370' title='bbox 2075 2067 2206 2123; x_wconf 88' lang='lat' dir='ltr'><strong>que,</strong></span> <span class='ocrx_word' id='word_1_371' title='bbox 2221 2051 2371 2109; x_wconf 91' lang='lat' dir='ltr'><strong>alius</strong></span> <span class='ocrx_word' id='word_1_372' title='bbox 2394 2055 2529 2122; x_wconf 93' lang='lat' dir='ltr'><strong>duo,</strong></span> <span class='ocrx_word' id='word_1_373' title='bbox 2546 2056 2752 2112; x_wconf 90' lang='lat' dir='ltr'><strong>tertius</strong></span> <span class='ocrx_word' id='word_1_374' title='bbox 2773 2074 2958 2114; x_wconf 90' lang='lat' dir='ltr'><strong>unum</strong></span> <span class='ocrx_word' id='word_1_375' title='bbox 2981 2061 3339 2134; x_wconf 91' lang='lat' dir='ltr'><strong>erogandum</strong></span> <span class='ocrx_word' id='word_1_376' title='bbox 3364 2063 3627 2135; x_wconf 91' lang='lat' dir='ltr'><strong>suscepit</strong></span> <span class='ocrx_word' id='word_1_377' title='bbox 3648 2067 3732 2119; x_wconf 85' lang='lat' dir='ltr'><strong>ta-</strong></span> 
     </span>
    </p>
   </div>
   <div class='ocr_carea' id='block_1_53' title="bbox 2075 2139 3729 2226">
    <p class='ocr_par' dir='ltr' id='par_1_53' title="bbox 2075 2139 3729 2226">
     <span class='ocr_line' id='line_1_53' title="bbox 2075 2139 3729 2226; baseline 0.008 -31"><span class='ocrx_word' id='word_1_378' title='bbox 2075 2139 2634 2216; x_wconf 88' lang='lat' dir='ltr'><strong>lentum,proposuit</strong></span> <span class='ocrx_word' id='word_1_379' title='bbox 2662 2146 2944 2202; x_wconf 89' lang='lat' dir='ltr'><strong>Dominus</strong></span> <span class='ocrx_word' id='word_1_380' title='bbox 2975 2147 3256 2221; x_wconf 90' lang='lat' dir='ltr'><strong>ipse.Hoc</strong></span> <span class='ocrx_word' id='word_1_381' title='bbox 3287 2151 3627 2226; x_wconf 91' lang='lat' dir='ltr'><strong>enim,quod</strong></span> <span class='ocrx_word' id='word_1_382' title='bbox 3659 2151 3729 2208; x_wconf 85' lang='lat' dir='ltr'><strong>il-</strong></span> 
     </span>
    </p>
   </div>
   <div class='ocr_carea' id='block_1_54' title="bbox 2075 2227 3725 2313">
    <p class='ocr_par' dir='ltr' id='par_1_54' title="bbox 2075 2227 3725 2313">
     <span class='ocr_line' id='line_1_54' title="bbox 2075 2227 3725 2313; baseline 0.009 -31"><span class='ocrx_word' id='word_1_383' title='bbox 2075 2227 2199 2285; x_wconf 91' lang='lat' dir='ltr'><strong>lum</strong></span> <span class='ocrx_word' id='word_1_384' title='bbox 2213 2231 2356 2286; x_wconf 88' lang='lat' dir='ltr'><strong>dicit</strong></span> <span class='ocrx_word' id='word_1_385' title='bbox 2371 2231 2580 2304; x_wconf 84' lang='lat' dir='ltr'><strong>egisse,</strong></span> <span class='ocrx_word' id='word_1_386' title='bbox 2596 2233 2719 2304; x_wconf 89' lang='lat' dir='ltr'><strong>ipse</strong></span> <span class='ocrx_word' id='word_1_387' title='bbox 2736 2234 2996 2306; x_wconf 87' lang='lat' dir='ltr'><strong>quotidie</strong></span> <span class='ocrx_word' id='word_1_388' title='bbox 3016 2253 3130 2292; x_wconf 92' lang='lat' dir='ltr'><strong>non</strong></span> <span class='ocrx_word' id='word_1_389' title='bbox 3149 2238 3366 2294; x_wconf 91' lang='lat' dir='ltr'><strong>desinit</strong></span> <span class='ocrx_word' id='word_1_390' title='bbox 3382 2257 3580 2313; x_wconf 88' lang='lat' dir='ltr'><strong>agere;</strong></span> <span class='ocrx_word' id='word_1_391' title='bbox 3603 2240 3725 2310; x_wconf 91' lang='lat' dir='ltr'><strong>illa,</strong></span> 
     </span>
    </p>
   </div>
   <div class='ocr_carea' id='block_1_55' title="bbox 2079 2319 3729 2399">
    <p class='ocr_par' dir='ltr' id='par_1_55' title="bbox 2079 2319 3729 2399">
     <span class='ocr_line' id='line_1_55' title="bbox 2079 2319 3729 2399; baseline 0.007 -28"><span class='ocrx_word' id='word_1_392' title='bbox 2079 2333 2204 2388; x_wconf 73' lang='lat' dir='ltr'><strong>quae</strong></span> <span class='ocrx_word' id='word_1_393' title='bbox 2236 2319 2382 2390; x_wconf 91' lang='lat' dir='ltr'><strong>ipsis</strong></span> <span class='ocrx_word' id='word_1_394' title='bbox 2431 2321 2745 2393; x_wconf 85' lang='lat' dir='ltr'><strong>contigisse</strong></span> <span class='ocrx_word' id='word_1_395' title='bbox 2776 2327 2996 2390; x_wconf 87' lang='lat' dir='ltr'><strong>narrat,</strong></span> <span class='ocrx_word' id='word_1_396' title='bbox 3037 2325 3324 2382; x_wconf 89' lang='lat' dir='ltr'><strong>universis</strong></span> <span class='ocrx_word' id='word_1_397' title='bbox 3353 2327 3414 2382; x_wconf 89' lang='lat' dir='ltr'><strong>in</strong></span> <span class='ocrx_word' id='word_1_398' title='bbox 3445 2328 3539 2383; x_wconf 93' lang='lat' dir='ltr'><strong>die</strong></span> <span class='ocrx_word' id='word_1_399' title='bbox 3561 2328 3729 2399; x_wconf 82' lang='lat' dir='ltr'><strong>judi-</strong></span> 
     </span>
    </p>
   </div>
   <div class='ocr_carea' id='block_1_56' title="bbox 2079 2404 3730 2485">
    <p class='ocr_par' dir='ltr' id='par_1_56' title="bbox 2079 2404 3730 2485">
     <span class='ocr_line' id='line_1_56' title="bbox 2079 2404 3730 2485; baseline 0.007 -25"><span class='ocrx_word' id='word_1_400' title='bbox 2079 2404 2148 2460; x_wconf 90' lang='lat' dir='ltr'><strong>cii</strong></span> <span class='ocrx_word' id='word_1_401' title='bbox 2184 2423 2288 2477; x_wconf 92' lang='lat' dir='ltr'><strong>pro</strong></span> <span class='ocrx_word' id='word_1_402' title='bbox 2319 2406 2653 2463; x_wconf 87' lang='lat' dir='ltr'><strong>diversitate</strong></span> <span class='ocrx_word' id='word_1_403' title='bbox 2678 2426 2920 2480; x_wconf 90' lang='lat' dir='ltr'><strong>operum</strong></span> <span class='ocrx_word' id='word_1_404' title='bbox 2951 2412 3287 2484; x_wconf 89' lang='lat' dir='ltr'><strong>contingere</strong></span> <span class='ocrx_word' id='word_1_405' title='bbox 3307 2415 3423 2485; x_wconf 84' lang='lat' dir='ltr'><strong>(qui</strong></span> <span class='ocrx_word' id='word_1_406' title='bbox 3453 2415 3612 2470; x_wconf 82' lang='lat' dir='ltr'><strong>habet</strong></span> <span class='ocrx_word' id='word_1_407' title='bbox 3635 2432 3730 2470; x_wconf 56' lang='lat' dir='ltr'><strong>aup</strong></span> 
     </span>
    </p>
   </div>
   <div class='ocr_carea' id='block_1_57' title="bbox 2078 2494 3732 2574">
    <p class='ocr_par' dir='ltr' id='par_1_57' title="bbox 2078 2494 3732 2574">
     <span class='ocr_line' id='line_1_57' title="bbox 2078 2494 3732 2574; baseline 0.007 -26"><span class='ocrx_word' id='word_1_408' title='bbox 2078 2509 2163 2549; x_wconf 78' lang='lat' dir='ltr'><strong>res</strong></span> <span class='ocrx_word' id='word_1_409' title='bbox 2209 2494 2472 2550; x_wconf 79' lang='lat' dir='ltr'><strong>audiendi</strong></span> <span class='ocrx_word' id='word_1_410' title='bbox 2519 2495 2712 2551; x_wconf 79' lang='lat' dir='ltr'><strong>audiat</strong></span> <span class='ocrx_word' id='word_1_411' title='bbox 2741 2498 2948 2567; x_wconf 78' lang='lat' dir='ltr'><strong>(Matth.</strong></span> <span class='ocrx_word' id='word_1_412' title='bbox 2972 2515 3049 2565; x_wconf 81' lang='lat' dir='ltr'><strong>x1,</strong></span> <span class='ocrx_word' id='word_1_413' title='bbox 3085 2499 3173 2572; x_wconf 87' lang='grc'><strong>15)</strong></span> <span class='ocrx_word' id='word_1_414' title='bbox 3205 2499 3492 2574; x_wconf 89' lang='lat' dir='ltr'><strong>intelligat</strong></span> <span class='ocrx_word' id='word_1_415' title='bbox 3537 2507 3595 2558; x_wconf 89' lang='lat' dir='ltr'><strong>et</strong></span> <span class='ocrx_word' id='word_1_416' title='bbox 3639 2503 3732 2559; x_wconf 89' lang='lat' dir='ltr'><strong>in-</strong></span> 
     </span>
    </p>
   </div>
   <div class='ocr_carea' id='block_1_58' title="bbox 2081 2586 3733 2660">
    <p class='ocr_par' dir='ltr' id='par_1_58' title="bbox 2081 2586 3733 2660">
     <span class='ocr_line' id='line_1_58' title="bbox 2081 2586 3733 2660; baseline 0.006 -23"><span class='ocrx_word' id='word_1_417' title='bbox 2081 2586 2423 2638; x_wconf 88' lang='lat' dir='ltr'><strong>cunctanter</strong></span> <span class='ocrx_word' id='word_1_418' title='bbox 2445 2589 2744 2656; x_wconf 88' lang='lat' dir='ltr'><strong>agnoscat.</strong></span> <span class='ocrx_word' id='word_1_419' title='bbox 2769 2586 2948 2642; x_wconf 91' lang='lat' dir='ltr'><strong>Nemo</strong></span> <span class='ocrx_word' id='word_1_420' title='bbox 2975 2603 3037 2642; x_wconf 89' lang='lat' dir='ltr'><strong>se</strong></span> <span class='ocrx_word' id='word_1_421' title='bbox 3067 2593 3261 2660; x_wconf 90' lang='lat' dir='ltr'><strong>potest</strong></span> <span class='ocrx_word' id='word_1_422' title='bbox 3279 2605 3578 2658; x_wconf 83' lang='lat' dir='ltr'><strong>excusare,</strong></span> <span class='ocrx_word' id='word_1_423' title='bbox 3607 2590 3733 2646; x_wconf 84' lang='lat' dir='ltr'><strong>nul-</strong></span> 
     </span>
    </p>
   </div>
   <div class='ocr_carea' id='block_1_59' title="bbox 2081 2671 3734 2746">
    <p class='ocr_par' dir='ltr' id='par_1_59' title="bbox 2081 2671 3734 2746">
     <span class='ocr_line' id='line_1_59' title="bbox 2081 2671 3734 2746; baseline 0.005 -19"><span class='ocrx_word' id='word_1_424' title='bbox 2081 2672 2202 2727; x_wconf 90' lang='lat' dir='ltr'><strong>lum</strong></span> <span class='ocrx_word' id='word_1_425' title='bbox 2237 2671 2520 2728; x_wconf 86' lang='lat' dir='ltr'><strong>talentum</strong></span> <span class='ocrx_word' id='word_1_426' title='bbox 2547 2675 2863 2746; x_wconf 83' lang='lat' dir='ltr'><strong>accepisse,</strong></span> <span class='ocrx_word' id='word_1_427' title='bbox 2891 2675 3121 2732; x_wconf 87' lang='lat' dir='ltr'><strong>etiamsi</strong></span> <span class='ocrx_word' id='word_1_428' title='bbox 3151 2678 3392 2734; x_wconf 91' lang='lat' dir='ltr'><strong>omnino</strong></span> <span class='ocrx_word' id='word_1_429' title='bbox 3421 2679 3634 2737; x_wconf 89' lang='lat' dir='ltr'><strong>debilis</strong></span> <span class='ocrx_word' id='word_1_430' title='bbox 3653 2679 3734 2736; x_wconf 89' lang='lat' dir='ltr'><strong>vi-</strong></span> 
     </span>
    </p>
   </div>
   <div class='ocr_carea' id='block_1_60' title="bbox 2079 2760 3730 2842">
    <p class='ocr_par' dir='ltr' id='par_1_60' title="bbox 2079 2760 3730 2842">
     <span class='ocr_line' id='line_1_60' title="bbox 2079 2760 3730 2842; baseline 0.007 -27"><span class='ocrx_word' id='word_1_431' title='bbox 2079 2760 2286 2816; x_wconf 87' lang='lat' dir='ltr'><strong>deatur</strong></span> <span class='ocrx_word' id='word_1_432' title='bbox 2313 2777 2464 2829; x_wconf 89' lang='lat' dir='ltr'><strong>esse,</strong></span> <span class='ocrx_word' id='word_1_433' title='bbox 2486 2777 2619 2816; x_wconf 89' lang='lat' dir='ltr'><strong>cum</strong></span> <span class='ocrx_word' id='word_1_434' title='bbox 2651 2767 2710 2817; x_wconf 85' lang='lat' dir='ltr'><strong>et</strong></span> <span class='ocrx_word' id='word_1_435' title='bbox 2746 2762 2876 2835; x_wconf 89' lang='lat' dir='ltr'><strong>ipsa</strong></span> <span class='ocrx_word' id='word_1_436' title='bbox 2905 2764 3217 2822; x_wconf 84' lang='lat' dir='ltr'><strong>inﬁrmitas</strong></span> <span class='ocrx_word' id='word_1_437' title='bbox 3249 2783 3398 2839; x_wconf 70' lang='lat' dir='ltr'><strong>saepe</strong></span> <span class='ocrx_word' id='word_1_438' title='bbox 3429 2769 3599 2825; x_wconf 89' lang='lat' dir='ltr'><strong>detur</strong></span> <span class='ocrx_word' id='word_1_439' title='bbox 3628 2786 3730 2842; x_wconf 90' lang='lat' dir='ltr'><strong>pro</strong></span> 
     </span>
    </p>
   </div>
   <div class='ocr_carea' id='block_1_61' title="bbox 2080 2849 3730 2924">
    <p class='ocr_par' dir='ltr' id='par_1_61' title="bbox 2080 2849 3730 2924">
     <span class='ocr_line' id='line_1_61' title="bbox 2080 2849 3730 2924; baseline 0.007 -20"><span class='ocrx_word' id='word_1_440' title='bbox 2080 2866 2340 2906; x_wconf 92' lang='lat' dir='ltr'><strong>munere.</strong></span> <span class='ocrx_word' id='word_1_441' title='bbox 2374 2850 2558 2906; x_wconf 87' lang='lat' dir='ltr'><strong>Habet</strong></span> <span class='ocrx_word' id='word_1_442' title='bbox 2587 2849 2799 2923; x_wconf 92' lang='lat' dir='ltr'><strong>aliquis</strong></span> <span class='ocrx_word' id='word_1_443' title='bbox 2838 2853 3234 2924; x_wconf 83' lang='lat' dir='ltr'><strong>sapientiam?</strong></span> <span class='ocrx_word' id='word_1_444' title='bbox 3271 2857 3589 2914; x_wconf 85' lang='lat' dir='ltr'><strong>Maximum</strong></span> <span class='ocrx_word' id='word_1_445' title='bbox 3621 2858 3730 2915; x_wconf 88' lang='lat' dir='ltr'><strong>hoc</strong></span> 
     </span>
    </p>
   </div>
   <div class='ocr_carea' id='block_1_62' title="bbox 2076 2938 3732 3016">
    <p class='ocr_par' dir='ltr' id='par_1_62' title="bbox 2076 2938 3732 3016">
     <span class='ocr_line' id='line_1_62' title="bbox 2076 2938 3732 3016; baseline 0.005 -21"><span class='ocrx_word' id='word_1_446' title='bbox 2076 2943 2166 2995; x_wconf 92' lang='lat' dir='ltr'><strong>est</strong></span> <span class='ocrx_word' id='word_1_447' title='bbox 2194 2938 2500 3006; x_wconf 90' lang='lat' dir='ltr'><strong>talentum,</strong></span> <span class='ocrx_word' id='word_1_448' title='bbox 2527 2939 2757 2996; x_wconf 90' lang='lat' dir='ltr'><strong>nullum</strong></span> <span class='ocrx_word' id='word_1_449' title='bbox 2803 2941 2958 2997; x_wconf 90' lang='lat' dir='ltr'><strong>enim</strong></span> <span class='ocrx_word' id='word_1_450' title='bbox 2992 2944 3205 3016; x_wconf 91' lang='lat' dir='ltr'><strong>majus.</strong></span> <span class='ocrx_word' id='word_1_451' title='bbox 3240 2946 3426 3001; x_wconf 86' lang='lat' dir='ltr'><strong>Habet</strong></span> <span class='ocrx_word' id='word_1_452' title='bbox 3456 2946 3732 3003; x_wconf 83' lang='lat' dir='ltr'><strong>divitias?</strong></span> 
     </span>
    </p>
   </div>
   <div class='ocr_carea' id='block_1_63' title="bbox 2077 3027 3732 3105">
    <p class='ocr_par' dir='ltr' id='par_1_63' title="bbox 2077 3027 3732 3105">
     <span class='ocr_line' id='line_1_63' title="bbox 2077 3027 3732 3105; baseline 0.004 -21"><span class='ocrx_word' id='word_1_453' title='bbox 2077 3032 2166 3084; x_wconf 88' lang='lat' dir='ltr'><strong>est</strong></span> <span class='ocrx_word' id='word_1_454' title='bbox 2195 3027 2431 3100; x_wconf 91' lang='lat' dir='ltr'><strong>quidem</strong></span> <span class='ocrx_word' id='word_1_455' title='bbox 2465 3027 2681 3092; x_wconf 89' lang='lat' dir='ltr'><strong>minus,</strong></span> <span class='ocrx_word' id='word_1_456' title='bbox 2708 3030 2780 3084; x_wconf 89' lang='lat' dir='ltr'><strong>ad</strong></span> <span class='ocrx_word' id='word_1_457' title='bbox 2803 3032 3161 3104; x_wconf 89' lang='lat' dir='ltr'><strong>erogandum</strong></span> <span class='ocrx_word' id='word_1_458' title='bbox 3190 3033 3586 3105; x_wconf 88' lang='lat' dir='ltr'><strong>aptissimum.</strong></span> <span class='ocrx_word' id='word_1_459' title='bbox 3606 3035 3732 3091; x_wconf 87' lang='lat' dir='ltr'><strong>Uti-</strong></span> 
     </span>
    </p>
   </div>
   <div class='ocr_carea' id='block_1_64' title="bbox 2075 3117 3728 3194">
    <p class='ocr_par' dir='ltr' id='par_1_64' title="bbox 2075 3117 3728 3194">
     <span class='ocr_line' id='line_1_64' title="bbox 2075 3117 3728 3194; baseline 0.005 -23"><span class='ocrx_word' id='word_1_460' title='bbox 2075 3121 2173 3172; x_wconf 86' lang='lat' dir='ltr'><strong>tur</strong></span> <span class='ocrx_word' id='word_1_461' title='bbox 2197 3117 2457 3190; x_wconf 90' lang='lat' dir='ltr'><strong>qualibet</strong></span> <span class='ocrx_word' id='word_1_462' title='bbox 2477 3117 2637 3173; x_wconf 82' lang='lat' dir='ltr'><strong>arte?</strong></span> <span class='ocrx_word' id='word_1_463' title='bbox 2656 3117 2822 3174; x_wconf 89' lang='lat' dir='ltr'><strong>Valet</strong></span> <span class='ocrx_word' id='word_1_464' title='bbox 2841 3135 2910 3174; x_wconf 88' lang='lat' dir='ltr'><strong>ex</strong></span> <span class='ocrx_word' id='word_1_465' title='bbox 2939 3137 3007 3175; x_wconf 90' lang='lat' dir='ltr'><strong>ea</strong></span> <span class='ocrx_word' id='word_1_466' title='bbox 3027 3121 3420 3194; x_wconf 88' lang='lat' dir='ltr'><strong>multiplicare</strong></span> <span class='ocrx_word' id='word_1_467' title='bbox 3441 3123 3728 3180; x_wconf 88' lang='lat' dir='ltr'><strong>talentum</strong></span> 
     </span>
    </p>
   </div>
   <div class='ocr_carea' id='block_1_65' title="bbox 304 3191 3731 3286">
    <p class='ocr_par' dir='ltr' id='par_1_65' title="bbox 304 3191 3731 3286">
     <span class='ocr_line' id='line_1_65' title="bbox 304 3191 3731 3286; baseline -0 -16"><span class='ocrx_word' id='word_1_468' title='bbox 304 3191 393 3270; x_wconf 83' lang='lat' dir='ltr'><strong>illi</strong></span> <span class='ocrx_word' id='word_1_469' title='bbox 417 3212 509 3286; x_wconf 92' lang='lat' dir='ltr'><strong>pie</strong></span> <span class='ocrx_word' id='word_1_470' title='bbox 530 3212 849 3286; x_wconf 88' lang='lat' dir='ltr'><strong>plorantes,</strong></span> <span class='ocrx_word' id='word_1_471' title='bbox 875 3211 1091 3267; x_wconf 77' lang='lat' dir='ltr'><strong>deflent</strong></span> <span class='ocrx_word' id='word_1_472' title='bbox 1121 3209 1219 3265; x_wconf 89' lang='lat' dir='ltr'><strong>isti</strong></span> <span class='ocrx_word' id='word_1_473' title='bbox 1253 3209 1505 3264; x_wconf 89' lang='lat' dir='ltr'><strong>inaniter</strong></span> <span class='ocrx_word' id='word_1_474' title='bbox 1534 3209 1812 3277; x_wconf 90' lang='lat' dir='ltr'><strong>ridentes,</strong></span> <span class='ocrx_word' id='word_1_475' title='bbox 1842 3208 1964 3264; x_wconf 89' lang='lat' dir='ltr'><strong>ina-</strong></span> <span class='ocrx_word' id='word_1_476' title='bbox 1993 3191 2037 3258; x_wconf 86' lang='lat' dir='ltr'>C</span> <span class='ocrx_word' id='word_1_477' title='bbox 2079 3206 2344 3282; x_wconf 75' lang='lat' dir='ltr'><strong>perutile.</strong></span> <span class='ocrx_word' id='word_1_478' title='bbox 2365 3207 2549 3261; x_wconf 88' lang='lat' dir='ltr'><strong>Habet</strong></span> <span class='ocrx_word' id='word_1_479' title='bbox 2569 3206 2760 3263; x_wconf 89' lang='lat' dir='ltr'><strong>locum</strong></span> <span class='ocrx_word' id='word_1_480' title='bbox 2787 3209 2942 3278; x_wconf 88' lang='lat' dir='ltr'><strong>apud</strong></span> <span class='ocrx_word' id='word_1_481' title='bbox 2972 3191 3294 3282; x_wconf 79' lang='lat' dir='ltr'><strong>principem</strong></span> <span class='ocrx_word' id='word_1_482' title='bbox 3320 3211 3408 3268; x_wconf 90' lang='lat' dir='ltr'><strong>vel</strong></span> <span class='ocrx_word' id='word_1_483' title='bbox 3431 3211 3731 3268; x_wconf 83' lang='lat' dir='ltr'><strong>amicum?</strong></span> 
     </span>
    </p>
   </div>
   <div class='ocr_carea' id='block_1_66' title="bbox 305 3297 1968 3373">
    <p class='ocr_par' dir='ltr' id='par_1_66' title="bbox 305 3297 1968 3373">
     <span class='ocr_line' id='line_1_66' title="bbox 305 3297 1968 3373; baseline -0.004 -15"><span class='ocrx_word' id='word_1_484' title='bbox 305 3306 466 3359; x_wconf 88' lang='lat' dir='ltr'><strong>niter</strong></span> <span class='ocrx_word' id='word_1_485' title='bbox 484 3302 660 3358; x_wconf 86' lang='lat' dir='ltr'><strong>etiam</strong></span> <span class='ocrx_word' id='word_1_486' title='bbox 687 3301 982 3373; x_wconf 84' lang='lat' dir='ltr'><strong>lugentes;</strong></span> <span class='ocrx_word' id='word_1_487' title='bbox 1009 3317 1044 3356; x_wconf 90' lang='lat' dir='ltr'><strong>a</strong></span> <span class='ocrx_word' id='word_1_488' title='bbox 1061 3298 1189 3355; x_wconf 89' lang='lat' dir='ltr'><strong>visu</strong></span> <span class='ocrx_word' id='word_1_489' title='bbox 1213 3297 1366 3354; x_wconf 90' lang='lat' dir='ltr'><strong>enim</strong></span> <span class='ocrx_word' id='word_1_490' title='bbox 1401 3299 1469 3353; x_wconf 90' lang='lat' dir='ltr'><strong>ad</strong></span> <span class='ocrx_word' id='word_1_491' title='bbox 1494 3297 1740 3365; x_wconf 89' lang='lat' dir='ltr'><strong>luctum,</strong></span> <span class='ocrx_word' id='word_1_492' title='bbox 1765 3314 1798 3352; x_wconf 93' lang='lat' dir='ltr'><strong>a</strong></span> <span class='ocrx_word' id='word_1_493' title='bbox 1815 3298 1968 3352; x_wconf 71' lang='lat' dir='ltr'><strong>ﬂetu</strong></span> 
     </span>
    </p>
   </div>
   <div class='ocr_carea' id='block_1_67' title="bbox 301 3386 1970 3464">
    <p class='ocr_par' dir='ltr' id='par_1_67' title="bbox 301 3386 1970 3464">
     <span class='ocr_line' id='line_1_67' title="bbox 301 3386 1970 3464; baseline -0.005 -16"><span class='ocrx_word' id='word_1_494' title='bbox 301 3393 490 3449; x_wconf 85' lang='lat' dir='ltr'><strong>etiam</strong></span> <span class='ocrx_word' id='word_1_495' title='bbox 515 3393 766 3464; x_wconf 87' lang='lat' dir='ltr'><strong>pergunt</strong></span> <span class='ocrx_word' id='word_1_496' title='bbox 787 3389 859 3444; x_wconf 89' lang='lat' dir='ltr'><strong>ad</strong></span> <span class='ocrx_word' id='word_1_497' title='bbox 882 3389 1106 3457; x_wconf 81' lang='lat' dir='ltr'><strong>fletum,</strong></span> <span class='ocrx_word' id='word_1_498' title='bbox 1131 3404 1164 3442; x_wconf 92' lang='lat' dir='ltr'><strong>a</strong></span> <span class='ocrx_word' id='word_1_499' title='bbox 1185 3387 1320 3442; x_wconf 86' lang='lat' dir='ltr'><strong>ﬂetu</strong></span> <span class='ocrx_word' id='word_1_500' title='bbox 1346 3404 1479 3442; x_wconf 91' lang='lat' dir='ltr'><strong>cum</strong></span> <span class='ocrx_word' id='word_1_501' title='bbox 1504 3386 1647 3452; x_wconf 82' lang='lat' dir='ltr'><strong>risu,</strong></span> <span class='ocrx_word' id='word_1_502' title='bbox 1672 3387 1743 3442; x_wconf 90' lang='lat' dir='ltr'><strong>ad</strong></span> <span class='ocrx_word' id='word_1_503' title='bbox 1768 3386 1970 3440; x_wconf 85' lang='lat' dir='ltr'><strong>ﬂetum</strong></span> 
     </span>
    </p>
   </div>
   <div class='ocr_carea' id='block_1_68' title="bbox 301 3474 1970 3551">
    <p class='ocr_par' dir='ltr' id='par_1_68' title="bbox 301 3474 1970 3551">
     <span class='ocr_line' id='line_1_68' title="bbox 301 3474 1970 3551; baseline -0.006 -13"><span class='ocrx_word' id='word_1_504' title='bbox 301 3483 442 3539; x_wconf 88' lang='lat' dir='ltr'><strong>sine</strong></span> <span class='ocrx_word' id='word_1_505' title='bbox 474 3480 635 3535; x_wconf 87' lang='lat' dir='ltr'><strong>risu:</strong></span> <span class='ocrx_word' id='word_1_506' title='bbox 669 3477 830 3551; x_wconf 88' lang='lat' dir='ltr'><strong>luget</strong></span> <span class='ocrx_word' id='word_1_507' title='bbox 858 3476 1076 3550; x_wconf 90' lang='lat' dir='ltr'><strong>quippe</strong></span> <span class='ocrx_word' id='word_1_508' title='bbox 1116 3475 1365 3549; x_wconf 89' lang='lat' dir='ltr'><strong>quilibet</strong></span> <span class='ocrx_word' id='word_1_509' title='bbox 1403 3491 1605 3532; x_wconf 90' lang='lat' dir='ltr'><strong>eorum</strong></span> <span class='ocrx_word' id='word_1_510' title='bbox 1639 3474 1970 3546; x_wconf 87' lang='lat' dir='ltr'><strong>proximum</strong></span> 
     </span>
    </p>
   </div>
   <div class='ocr_carea' id='block_1_69' title="bbox 300 3561 1972 3640">
    <p class='ocr_par' dir='ltr' id='par_1_69' title="bbox 300 3561 1972 3640">
     <span class='ocr_line' id='line_1_69' title="bbox 300 3561 1972 3640; baseline -0.006 -14"><span class='ocrx_word' id='word_1_511' title='bbox 300 3575 548 3627; x_wconf 87' lang='lat' dir='ltr'><strong>euntem</strong></span> <span class='ocrx_word' id='word_1_512' title='bbox 576 3568 648 3624; x_wconf 92' lang='lat' dir='ltr'><strong>ad</strong></span> <span class='ocrx_word' id='word_1_513' title='bbox 681 3583 950 3640; x_wconf 89' lang='lat' dir='ltr'><strong>regnum,</strong></span> <span class='ocrx_word' id='word_1_514' title='bbox 983 3582 1117 3622; x_wconf 91' lang='lat' dir='ltr'><strong>cum</strong></span> <span class='ocrx_word' id='word_1_515' title='bbox 1147 3564 1342 3638; x_wconf 90' lang='lat' dir='ltr'><strong>potius</strong></span> <span class='ocrx_word' id='word_1_516' title='bbox 1374 3565 1609 3620; x_wconf 91' lang='lat' dir='ltr'><strong>deberet</strong></span> <span class='ocrx_word' id='word_1_517' title='bbox 1637 3562 1836 3635; x_wconf 83' lang='lat' dir='ltr'><strong>lugere</strong></span> <span class='ocrx_word' id='word_1_518' title='bbox 1859 3561 1972 3617; x_wconf 88' lang='lat' dir='ltr'><strong>sei-</strong></span> 
     </span>
    </p>
   </div>
   <div class='ocr_carea' id='block_1_70' title="bbox 303 3649 1974 3734">
    <p class='ocr_par' dir='ltr' id='par_1_70' title="bbox 303 3649 1974 3734">
     <span class='ocr_line' id='line_1_70' title="bbox 303 3649 1974 3734; baseline -0.006 -19"><span class='ocrx_word' id='word_1_519' title='bbox 303 3675 489 3734; x_wconf 91' lang='lat' dir='ltr'><strong>psum</strong></span> <span class='ocrx_word' id='word_1_520' title='bbox 520 3657 896 3714; x_wconf 83' lang='lat' dir='ltr'><strong>festinantem</strong></span> <span class='ocrx_word' id='word_1_521' title='bbox 919 3654 990 3710; x_wconf 91' lang='lat' dir='ltr'><strong>ad</strong></span> <span class='ocrx_word' id='word_1_522' title='bbox 1013 3654 1338 3709; x_wconf 89' lang='lat' dir='ltr'><strong>interitum.</strong></span> <span class='ocrx_word' id='word_1_523' title='bbox 1361 3654 1446 3708; x_wconf 91' lang='lat' dir='ltr'><strong>Tu</strong></span> <span class='ocrx_word' id='word_1_524' title='bbox 1468 3669 1605 3724; x_wconf 86' lang='lat' dir='ltr'><strong>ergo</strong></span> <span class='ocrx_word' id='word_1_525' title='bbox 1627 3668 1696 3707; x_wconf 89' lang='lat' dir='ltr'><strong>ne</strong></span> <span class='ocrx_word' id='word_1_526' title='bbox 1723 3649 1974 3706; x_wconf 88' lang='lat' dir='ltr'><strong>insolen-</strong></span> 
     </span>
    </p>
   </div>
   <div class='ocr_carea' id='block_1_71' title="bbox 301 3738 1969 3820">
    <p class='ocr_par' dir='ltr' id='par_1_71' title="bbox 301 3738 1969 3820">
     <span class='ocr_line' id='line_1_71' title="bbox 301 3738 1969 3820; baseline -0.007 -15"><span class='ocrx_word' id='word_1_527' title='bbox 301 3755 398 3806; x_wconf 85' lang='lat' dir='ltr'><strong>ter</strong></span> <span class='ocrx_word' id='word_1_528' title='bbox 432 3747 714 3820; x_wconf 89' lang='lat' dir='ltr'><strong>gaudeas,</strong></span> <span class='ocrx_word' id='word_1_529' title='bbox 738 3761 810 3800; x_wconf 89' lang='lat' dir='ltr'><strong>ne</strong></span> <span class='ocrx_word' id='word_1_530' title='bbox 837 3743 1094 3799; x_wconf 89' lang='lat' dir='ltr'><strong>inaniter</strong></span> <span class='ocrx_word' id='word_1_531' title='bbox 1121 3741 1355 3814; x_wconf 86' lang='lat' dir='ltr'><strong>lugeas;</strong></span> <span class='ocrx_word' id='word_1_532' title='bbox 1389 3741 1578 3813; x_wconf 90' lang='lat' dir='ltr'><strong>gaude</strong></span> <span class='ocrx_word' id='word_1_533' title='bbox 1608 3739 1668 3794; x_wconf 93' lang='lat' dir='ltr'><strong>in</strong></span> <span class='ocrx_word' id='word_1_534' title='bbox 1704 3738 1969 3806; x_wconf 88' lang='lat' dir='ltr'><strong>Domino,</strong></span> 
     </span>
    </p>
   </div>
   <div class='ocr_carea' id='block_1_72' title="bbox 301 3826 1974 3902">
    <p class='ocr_par' dir='ltr' id='par_1_72' title="bbox 301 3826 1974 3902">
     <span class='ocr_line' id='line_1_72' title="bbox 301 3826 1974 3902; baseline -0.007 -8"><span class='ocrx_word' id='word_1_535' title='bbox 301 3838 511 3894; x_wconf 69' lang='lat' dir='ltr'><strong>laetare</strong></span> <span class='ocrx_word' id='word_1_536' title='bbox 542 3835 600 3891; x_wconf 91' lang='lat' dir='ltr'><strong>in</strong></span> <span class='ocrx_word' id='word_1_537' title='bbox 637 3835 748 3890; x_wconf 91' lang='lat' dir='ltr'><strong>Deo</strong></span> <span class='ocrx_word' id='word_1_538' title='bbox 791 3831 1032 3889; x_wconf 88' lang='lat' dir='ltr'><strong>salutari</strong></span> <span class='ocrx_word' id='word_1_539' title='bbox 1081 3835 1212 3899; x_wconf 89' lang='lat' dir='ltr'><strong>tuo;</strong></span> <span class='ocrx_word' id='word_1_540' title='bbox 1253 3829 1387 3902; x_wconf 91' lang='lat' dir='ltr'><strong>luge</strong></span> <span class='ocrx_word' id='word_1_541' title='bbox 1437 3829 1495 3884; x_wconf 90' lang='lat' dir='ltr'><strong>in</strong></span> <span class='ocrx_word' id='word_1_542' title='bbox 1542 3826 1775 3896; x_wconf 83' lang='lat' dir='ltr'><strong>saeculo,</strong></span> <span class='ocrx_word' id='word_1_543' title='bbox 1807 3843 1974 3900; x_wconf 87' lang='lat' dir='ltr'><strong>geme</strong></span> 
     </span>
    </p>
   </div>
   <div class='ocr_carea' id='block_1_73' title="bbox 302 3916 1972 4002">
    <p class='ocr_par' dir='ltr' id='par_1_73' title="bbox 302 3916 1972 4002">
     <span class='ocr_line' id='line_1_73' title="bbox 302 3916 1972 4002; baseline -0.007 -20"><span class='ocrx_word' id='word_1_544' title='bbox 302 3943 415 4002; x_wconf 91' lang='lat' dir='ltr'><strong>pro</strong></span> <span class='ocrx_word' id='word_1_545' title='bbox 447 3923 668 3981; x_wconf 83' lang='lat' dir='ltr'><strong>ccelesti</strong></span> <span class='ocrx_word' id='word_1_546' title='bbox 721 3920 1041 3989; x_wconf 90' lang='lat' dir='ltr'><strong>desiderio;</strong></span> <span class='ocrx_word' id='word_1_547' title='bbox 1075 3921 1284 3993; x_wconf 91' lang='lat' dir='ltr'><strong>plange</strong></span> <span class='ocrx_word' id='word_1_548' title='bbox 1316 3935 1418 3991; x_wconf 90' lang='lat' dir='ltr'><strong>pro</strong></span> <span class='ocrx_word' id='word_1_549' title='bbox 1464 3921 1564 3974; x_wconf 89' lang='lat' dir='ltr'><strong>tuo</strong></span> <span class='ocrx_word' id='word_1_550' title='bbox 1613 3921 1670 3973; x_wconf 92' lang='lat' dir='ltr'><strong>et</strong></span> <span class='ocrx_word' id='word_1_551' title='bbox 1721 3916 1972 3989; x_wconf 85' lang='lat' dir='ltr'><strong>proximi</strong></span> 
     </span>
    </p>
   </div>
   <div class='ocr_carea' id='block_1_74' title="bbox 306 4003 1974 4089">
    <p class='ocr_par' dir='ltr' id='par_1_74' title="bbox 306 4003 1974 4089">
     <span class='ocr_line' id='line_1_74' title="bbox 306 4003 1974 4089; baseline -0.008 -18"><span class='ocrx_word' id='word_1_552' title='bbox 306 4016 573 4089; x_wconf 88' lang='lat' dir='ltr'><strong>peccato,</strong></span> <span class='ocrx_word' id='word_1_553' title='bbox 601 4010 836 4083; x_wconf 88' lang='lat' dir='ltr'><strong>suspira</strong></span> <span class='ocrx_word' id='word_1_554' title='bbox 856 4013 912 4065; x_wconf 90' lang='lat' dir='ltr'><strong>et</strong></span> <span class='ocrx_word' id='word_1_555' title='bbox 929 4008 1164 4064; x_wconf 89' lang='lat' dir='ltr'><strong>tristare</strong></span> <span class='ocrx_word' id='word_1_556' title='bbox 1188 4023 1290 4078; x_wconf 90' lang='lat' dir='ltr'><strong>pro</strong></span> <span class='ocrx_word' id='word_1_557' title='bbox 1322 4004 1578 4061; x_wconf 84' lang='lat' dir='ltr'><strong>incolatu</strong></span> <span class='ocrx_word' id='word_1_558' title='bbox 1613 4003 1721 4059; x_wconf 89' lang='lat' dir='ltr'><strong>hoc</strong></span> <span class='ocrx_word' id='word_1_559' title='bbox 1752 4003 1974 4058; x_wconf 89' lang='lat' dir='ltr'><strong>diutur-</strong></span> 
     </span>
    </p>
   </div>
   <div class='ocr_carea' id='block_1_75' title="bbox 301 4091 1971 4170">
    <p class='ocr_par' dir='ltr' id='par_1_75' title="bbox 301 4091 1971 4170">
     <span class='ocr_line' id='line_1_75' title="bbox 301 4091 1971 4170; baseline -0.008 -10"><span class='ocrx_word' id='word_1_560' title='bbox 301 4121 409 4164; x_wconf 86' lang='lat' dir='ltr'><strong>no.</strong></span> <span class='ocrx_word' id='word_1_561' title='bbox 445 4101 618 4158; x_wconf 89' lang='lat' dir='ltr'><strong>Dabit</strong></span> <span class='ocrx_word' id='word_1_562' title='bbox 646 4100 753 4155; x_wconf 88' lang='lat' dir='ltr'><strong>tibi</strong></span> <span class='ocrx_word' id='word_1_563' title='bbox 783 4097 880 4154; x_wconf 91' lang='lat' dir='ltr'><strong>ille</strong></span> <span class='ocrx_word' id='word_1_564' title='bbox 915 4113 1019 4170; x_wconf 91' lang='lat' dir='ltr'><strong>pro</strong></span> <span class='ocrx_word' id='word_1_565' title='bbox 1066 4095 1228 4152; x_wconf 90' lang='lat' dir='ltr'><strong>luctu</strong></span> <span class='ocrx_word' id='word_1_566' title='bbox 1278 4094 1583 4168; x_wconf 91' lang='lat' dir='ltr'><strong>gaudium,</strong></span> <span class='ocrx_word' id='word_1_567' title='bbox 1617 4109 1720 4165; x_wconf 91' lang='lat' dir='ltr'><strong>pro</strong></span> <span class='ocrx_word' id='word_1_568' title='bbox 1750 4091 1971 4166; x_wconf 91' lang='lat' dir='ltr'><strong>gemitu</strong></span> 
     </span>
    </p>
   </div>
   <div class='ocr_carea' id='block_1_76' title="bbox 303 4183 1971 4260">
    <p class='ocr_par' dir='ltr' id='par_1_76' title="bbox 303 4183 1971 4260">
     <span class='ocr_line' id='line_1_76' title="bbox 303 4183 1971 4260; baseline -0.009 -10"><span class='ocrx_word' id='word_1_569' title='bbox 303 4191 789 4257; x_wconf 84' lang='lat' dir='ltr'><strong>exsultationem,</strong></span> <span class='ocrx_word' id='word_1_570' title='bbox 821 4204 926 4260; x_wconf 88' lang='lat' dir='ltr'><strong>pro</strong></span> <span class='ocrx_word' id='word_1_571' title='bbox 957 4186 1195 4260; x_wconf 89' lang='lat' dir='ltr'><strong>planctu</strong></span> <span class='ocrx_word' id='word_1_572' title='bbox 1216 4184 1499 4256; x_wconf 90' lang='lat' dir='ltr'><strong>jubilum,</strong></span> <span class='ocrx_word' id='word_1_573' title='bbox 1520 4183 1620 4254; x_wconf 90' lang='lat' dir='ltr'><strong>qui</strong></span> <span class='ocrx_word' id='word_1_574' title='bbox 1649 4185 1738 4237; x_wconf 88' lang='lat' dir='ltr'><strong>est</strong></span> <span class='ocrx_word' id='word_1_575' title='bbox 1766 4197 1971 4237; x_wconf 88' lang='lat' dir='ltr'><strong>conso-</strong></span> 
     </span>
    </p>
   </div>
   <div class='ocr_carea' id='block_1_77' title="bbox 303 4269 1972 4348">
    <p class='ocr_par' dir='ltr' id='par_1_77' title="bbox 303 4269 1972 4348">
     <span class='ocr_line' id='line_1_77' title="bbox 303 4269 1972 4348; baseline -0.009 -10"><span class='ocrx_word' id='word_1_576' title='bbox 303 4283 453 4338; x_wconf 87' lang='lat' dir='ltr'><strong>latio</strong></span> <span class='ocrx_word' id='word_1_577' title='bbox 486 4283 857 4344; x_wconf 60' lang='lat' dir='ltr'><strong>moratorum,</strong></span> <span class='ocrx_word' id='word_1_578' title='bbox 889 4293 1024 4348; x_wconf 89' lang='lat' dir='ltr'><strong>spes</strong></span> <span class='ocrx_word' id='word_1_579' title='bbox 1056 4273 1472 4339; x_wconf 89' lang='lat' dir='ltr'><strong>laborantium,</strong></span> <span class='ocrx_word' id='word_1_580' title='bbox 1505 4272 1660 4327; x_wconf 76' lang='lat'><strong>184</strong></span> <span class='ocrx_word' id='word_1_581' title='bbox 1690 4269 1972 4325; x_wconf 86' lang='lat' dir='ltr'><strong>auxilium</strong></span> 
     </span>
    </p>
   </div>
   <div class='ocr_carea' id='block_1_78' title="bbox 303 4361 1975 4446">
    <p class='ocr_par' dir='ltr' id='par_1_78' title="bbox 303 4361 1975 4446">
     <span class='ocr_line' id='line_1_78' title="bbox 303 4361 1975 4446; baseline -0.01 -17"><span class='ocrx_word' id='word_1_582' title='bbox 303 4369 720 4446; x_wconf 89' lang='lat' dir='ltr'><strong>pereuntium;</strong></span> <span class='ocrx_word' id='word_1_583' title='bbox 753 4366 854 4438; x_wconf 89' lang='lat' dir='ltr'><strong>qui</strong></span> <span class='ocrx_word' id='word_1_584' title='bbox 885 4364 1146 4437; x_wconf 87' lang='lat' dir='ltr'><strong>loquitur</strong></span> <span class='ocrx_word' id='word_1_585' title='bbox 1181 4379 1285 4435; x_wconf 90' lang='lat' dir='ltr'><strong>per</strong></span> <span class='ocrx_word' id='word_1_586' title='bbox 1313 4361 1688 4433; x_wconf 89' lang='lat' dir='ltr'><strong>Evangelium</strong></span> <span class='ocrx_word' id='word_1_587' title='bbox 1723 4377 1735 4413; x_wconf 90' lang='lat'>:</span> <span class='ocrx_word' id='word_1_588' title='bbox 1770 4361 1975 4414; x_wconf 84' lang='lat' dir='ltr'><strong>Iterum</strong></span> 
     </span>
    </p>
   </div>
   <div class='ocr_carea' id='block_1_79' title="bbox 305 4446 1976 4527">
    <p class='ocr_par' dir='ltr' id='par_1_79' title="bbox 305 4446 1976 4527">
     <span class='ocr_line' id='line_1_79' title="bbox 305 4446 1976 4527; baseline -0.01 -10"><span class='ocrx_word' id='word_1_589' title='bbox 305 4465 501 4517; x_wconf 78' lang='lat' dir='ltr'><strong>autem</strong></span> <span class='ocrx_word' id='word_1_590' title='bbox 521 4457 709 4514; x_wconf 83' lang='lat' dir='ltr'><strong>videbo</strong></span> <span class='ocrx_word' id='word_1_591' title='bbox 730 4472 841 4524; x_wconf 76' lang='lat' dir='ltr'><strong>vos,</strong></span> <span class='ocrx_word' id='word_1_592' title='bbox 864 4462 918 4510; x_wconf 81' lang='lat' dir='ltr'><strong>et</strong></span> <span class='ocrx_word' id='word_1_593' title='bbox 938 4452 1194 4527; x_wconf 83' lang='lat' dir='ltr'><strong>gaudebit</strong></span> <span class='ocrx_word' id='word_1_594' title='bbox 1221 4467 1314 4506; x_wconf 86' lang='lat' dir='ltr'><strong>cor</strong></span> <span class='ocrx_word' id='word_1_595' title='bbox 1333 4453 1589 4512; x_wconf 78' lang='lat' dir='ltr'><strong>vestrum,</strong></span> <span class='ocrx_word' id='word_1_596' title='bbox 1612 4456 1663 4504; x_wconf 83' lang='lat' dir='ltr'><strong>et</strong></span> <span class='ocrx_word' id='word_1_597' title='bbox 1706 4446 1976 4517; x_wconf 86' lang='lat' dir='ltr'><strong>gaudium</strong></span> 
     </span>
    </p>
   </div>
   <div class='ocr_carea' id='block_1_80' title="bbox 2078 3294 3728 3373">
    <p class='ocr_par' dir='ltr' id='par_1_80' title="bbox 2078 3294 3728 3373">
     <span class='ocr_line' id='line_1_80' title="bbox 2078 3294 3728 3373; baseline 0.004 -25"><span class='ocrx_word' id='word_1_598' title='bbox 2078 3294 2146 3348; x_wconf 89' lang='lat' dir='ltr'><strong>Et</strong></span> <span class='ocrx_word' id='word_1_599' title='bbox 2174 3295 2329 3365; x_wconf 91' lang='lat' dir='ltr'><strong>quod</strong></span> <span class='ocrx_word' id='word_1_600' title='bbox 2363 3312 2478 3349; x_wconf 90' lang='lat' dir='ltr'><strong>non</strong></span> <span class='ocrx_word' id='word_1_601' title='bbox 2519 3294 2671 3350; x_wconf 90' lang='lat' dir='ltr'><strong>valet</strong></span> <span class='ocrx_word' id='word_1_602' title='bbox 2699 3312 2768 3350; x_wconf 86' lang='lat' dir='ltr'><strong>ex</strong></span> <span class='ocrx_word' id='word_1_603' title='bbox 2815 3313 2942 3362; x_wconf 91' lang='lat' dir='ltr'><strong>suo,</strong></span> <span class='ocrx_word' id='word_1_604' title='bbox 2977 3314 3046 3352; x_wconf 87' lang='lat' dir='ltr'><strong>ex</strong></span> <span class='ocrx_word' id='word_1_605' title='bbox 3096 3298 3256 3355; x_wconf 90' lang='lat' dir='ltr'><strong>illius</strong></span> <span class='ocrx_word' id='word_1_606' title='bbox 3287 3303 3477 3372; x_wconf 90' lang='lat' dir='ltr'><strong>potest</strong></span> <span class='ocrx_word' id='word_1_607' title='bbox 3501 3299 3728 3373; x_wconf 87' lang='lat' dir='ltr'><strong>operari</strong></span> 
     </span>
    </p>
   </div>
   <div class='ocr_carea' id='block_1_81' title="bbox 2078 3380 3732 3456">
    <p class='ocr_par' dir='ltr' id='par_1_81' title="bbox 2078 3380 3732 3456">
     <span class='ocr_line' id='line_1_81' title="bbox 2078 3380 3732 3456; baseline 0.004 -20"><span class='ocrx_word' id='word_1_608' title='bbox 2078 3380 2318 3437; x_wconf 88' lang='lat' dir='ltr'><strong>talento.</strong></span> <span class='ocrx_word' id='word_1_609' title='bbox 2340 3382 2562 3438; x_wconf 87' lang='lat' dir='ltr'><strong>Desunt</strong></span> <span class='ocrx_word' id='word_1_610' title='bbox 2592 3383 2808 3438; x_wconf 90' lang='lat' dir='ltr'><strong>omnia.</strong></span> <span class='ocrx_word' id='word_1_611' title='bbox 2833 3385 2943 3438; x_wconf 93' lang='lat' dir='ltr'><strong>Sed</strong></span> <span class='ocrx_word' id='word_1_612' title='bbox 2976 3388 3173 3440; x_wconf 87' lang='lat' dir='ltr'><strong>tamen</strong></span> <span class='ocrx_word' id='word_1_613' title='bbox 3207 3387 3371 3442; x_wconf 87' lang='lat' dir='ltr'><strong>adest</strong></span> <span class='ocrx_word' id='word_1_614' title='bbox 3397 3388 3545 3456; x_wconf 89' lang='lat' dir='ltr'><strong>vita;</strong></span> <span class='ocrx_word' id='word_1_615' title='bbox 3576 3387 3732 3443; x_wconf 84' lang='lat' dir='ltr'><strong>adsit</strong></span> 
     </span>
    </p>
   </div>
   <div class='ocr_carea' id='block_1_82' title="bbox 2080 3469 3538 3544">
    <p class='ocr_par' dir='ltr' id='par_1_82' title="bbox 2080 3469 3538 3544">
     <span class='ocr_line' id='line_1_82' title="bbox 2080 3469 3538 3544; baseline 0.003 -20"><span class='ocrx_word' id='word_1_616' title='bbox 2080 3475 2137 3524; x_wconf 89' lang='lat' dir='ltr'><strong>et</strong></span> <span class='ocrx_word' id='word_1_617' title='bbox 2164 3469 2432 3526; x_wconf 89' lang='lat' dir='ltr'><strong>voluntas</strong></span> <span class='ocrx_word' id='word_1_618' title='bbox 2462 3471 2636 3536; x_wconf 89' lang='lat' dir='ltr'><strong>bona,</strong></span> <span class='ocrx_word' id='word_1_619' title='bbox 2669 3487 2775 3524; x_wconf 90' lang='lat' dir='ltr'><strong>nec</strong></span> <span class='ocrx_word' id='word_1_620' title='bbox 2808 3470 3036 3525; x_wconf 89' lang='lat' dir='ltr'><strong>minora</strong></span> <span class='ocrx_word' id='word_1_621' title='bbox 3066 3473 3327 3544; x_wconf 89' lang='lat' dir='ltr'><strong>congerit</strong></span> <span class='ocrx_word' id='word_1_622' title='bbox 3355 3473 3538 3529; x_wconf 89' lang='lat' dir='ltr'><strong>lucra.</strong></span> 
     </span>
    </p>
   </div>
   <div class='ocr_carea' id='block_1_83' title="bbox 2151 3557 3734 3631">
    <p class='ocr_par' dir='ltr' id='par_1_83' title="bbox 2151 3557 3734 3631">
     <span class='ocr_line' id='line_1_83' title="bbox 2151 3557 3734 3631; baseline 0.003 -19"><span class='ocrx_word' id='word_1_623' title='bbox 2151 3558 2239 3613; x_wconf 74' lang='lat' dir='ltr'><strong>2t.</strong></span> <span class='ocrx_word' id='word_1_624' title='bbox 2269 3557 2369 3612; x_wconf 77' lang='lat' dir='ltr'><strong>llis</strong></span> <span class='ocrx_word' id='word_1_625' title='bbox 2401 3557 2581 3628; x_wconf 90' lang='lat' dir='ltr'><strong>igitur</strong></span> <span class='ocrx_word' id='word_1_626' title='bbox 2601 3558 2864 3612; x_wconf 89' lang='lat' dir='ltr'><strong>districte</strong></span> <span class='ocrx_word' id='word_1_627' title='bbox 2895 3562 2952 3612; x_wconf 89' lang='lat' dir='ltr'><strong>ct</strong></span> <span class='ocrx_word' id='word_1_628' title='bbox 2980 3559 3366 3631; x_wconf 87' lang='lat' dir='ltr'><strong>capitulatim,</strong></span> <span class='ocrx_word' id='word_1_629' title='bbox 3389 3561 3524 3616; x_wconf 90' lang='lat' dir='ltr'><strong>licet</strong></span> <span class='ocrx_word' id='word_1_630' title='bbox 3552 3561 3734 3617; x_wconf 88' lang='lat' dir='ltr'><strong>veluti</strong></span> 
     </span>
    </p>
   </div>
   <div class='ocr_carea' id='block_1_84' title="bbox 2082 3645 3736 3718">
    <p class='ocr_par' dir='ltr' id='par_1_84' title="bbox 2082 3645 3736 3718">
     <span class='ocr_line' id='line_1_84' title="bbox 2082 3645 3736 3718; baseline 0.002 -16"><span class='ocrx_word' id='word_1_631' title='bbox 2082 3664 2150 3702; x_wconf 88' lang='lat' dir='ltr'><strong>ex</strong></span> <span class='ocrx_word' id='word_1_632' title='bbox 2181 3645 2498 3718; x_wconf 85' lang='lat' dir='ltr'><strong>superﬂuo,</strong></span> <span class='ocrx_word' id='word_1_633' title='bbox 2523 3645 2660 3716; x_wconf 90' lang='lat' dir='ltr'><strong>quia</strong></span> <span class='ocrx_word' id='word_1_634' title='bbox 2685 3663 2790 3701; x_wconf 91' lang='lat' dir='ltr'><strong>nec</strong></span> <span class='ocrx_word' id='word_1_635' title='bbox 2820 3645 3116 3718; x_wconf 89' lang='lat' dir='ltr'><strong>proposita</strong></span> <span class='ocrx_word' id='word_1_636' title='bbox 3145 3648 3377 3705; x_wconf 77' lang='lat' dir='ltr'><strong>fuerant</strong></span> <span class='ocrx_word' id='word_1_637' title='bbox 3406 3649 3625 3718; x_wconf 88' lang='lat' dir='ltr'><strong>animo,</strong></span> <span class='ocrx_word' id='word_1_638' title='bbox 3645 3666 3736 3706; x_wconf 87' lang='lat' dir='ltr'><strong>ve-</strong></span> 
     </span>
    </p>
   </div>
   <div class='ocr_carea' id='block_1_85' title="bbox 2084 3733 3736 3813">
    <p class='ocr_par' dir='ltr' id='par_1_85' title="bbox 2084 3733 3736 3813">
     <span class='ocr_line' id='line_1_85' title="bbox 2084 3733 3736 3813; baseline 0.004 -23"><span class='ocrx_word' id='word_1_639' title='bbox 2084 3752 2212 3790; x_wconf 90' lang='lat' dir='ltr'><strong>rum</strong></span> <span class='ocrx_word' id='word_1_640' title='bbox 2248 3751 2360 3789; x_wconf 93' lang='lat' dir='ltr'><strong>non</strong></span> <span class='ocrx_word' id='word_1_641' title='bbox 2394 3733 2677 3790; x_wconf 88' lang='lat' dir='ltr'><strong>inutiliter</strong></span> <span class='ocrx_word' id='word_1_642' title='bbox 2720 3736 3098 3802; x_wconf 87' lang='lat' dir='ltr'><strong>transcursis,</strong></span> <span class='ocrx_word' id='word_1_643' title='bbox 3133 3740 3198 3792; x_wconf 89' lang='lat' dir='ltr'><strong>ut</strong></span> <span class='ocrx_word' id='word_1_644' title='bbox 3227 3741 3388 3810; x_wconf 89' lang='lat' dir='ltr'><strong>puto,</strong></span> <span class='ocrx_word' id='word_1_645' title='bbox 3421 3743 3736 3813; x_wconf 90' lang='lat' dir='ltr'><strong>postquam</strong></span> 
     </span>
    </p>
   </div>
   <div class='ocr_carea' id='block_1_86' title="bbox 2080 3823 3738 3896">
    <p class='ocr_par' dir='ltr' id='par_1_86' title="bbox 2080 3823 3738 3896">
     <span class='ocr_line' id='line_1_86' title="bbox 2080 3823 3738 3896; baseline 0.004 -17"><span class='ocrx_word' id='word_1_646' title='bbox 2080 3823 2305 3896; x_wconf 88' lang='lat' dir='ltr'><strong>paucis,</strong></span> <span class='ocrx_word' id='word_1_647' title='bbox 2336 3823 2626 3895; x_wconf 92' lang='lat' dir='ltr'><strong>quomodo</strong></span> <span class='ocrx_word' id='word_1_648' title='bbox 2676 3823 2873 3880; x_wconf 90' lang='lat' dir='ltr'><strong>divina</strong></span> <span class='ocrx_word' id='word_1_649' title='bbox 2921 3824 3309 3883; x_wconf 89' lang='lat' dir='ltr'><strong>medicamina</strong></span> <span class='ocrx_word' id='word_1_650' title='bbox 3357 3832 3413 3884; x_wconf 91' lang='lat' dir='ltr'><strong>et</strong></span> <span class='ocrx_word' id='word_1_651' title='bbox 3459 3829 3738 3886; x_wconf 92' lang='lat' dir='ltr'><strong>omnibus</strong></span> 
     </span>
    </p>
   </div>
   <div class='ocr_carea' id='block_1_87' title="bbox 2082 3912 3736 3991">
    <p class='ocr_par' dir='ltr' id='par_1_87' title="bbox 2082 3912 3736 3991">
     <span class='ocr_line' id='line_1_87' title="bbox 2082 3912 3736 3991; baseline 0.004 -22"><span class='ocrx_word' id='word_1_652' title='bbox 2082 3913 2300 3982; x_wconf 91' lang='lat' dir='ltr'><strong>omnia,</strong></span> <span class='ocrx_word' id='word_1_653' title='bbox 2325 3917 2382 3968; x_wconf 91' lang='lat' dir='ltr'><strong>et</strong></span> <span class='ocrx_word' id='word_1_654' title='bbox 2412 3912 2660 3986; x_wconf 91' lang='lat' dir='ltr'><strong>singulis</strong></span> <span class='ocrx_word' id='word_1_655' title='bbox 2693 3919 3021 3985; x_wconf 88' lang='lat' dir='ltr'><strong>congruant</strong></span> <span class='ocrx_word' id='word_1_656' title='bbox 3045 3915 3298 3989; x_wconf 89' lang='lat' dir='ltr'><strong>singula,</strong></span> <span class='ocrx_word' id='word_1_657' title='bbox 3326 3923 3736 3991; x_wconf 69' lang='lat' dir='ltr'><strong>praemonstra-</strong></span> 
     </span>
    </p>
   </div>
   <div class='ocr_carea' id='block_1_88' title="bbox 2079 4003 3738 4082">
    <p class='ocr_par' dir='ltr' id='par_1_88' title="bbox 2079 4003 3738 4082">
     <span class='ocr_line' id='line_1_88' title="bbox 2079 4003 3738 4082; baseline 0.004 -25"><span class='ocrx_word' id='word_1_658' title='bbox 2079 4003 2302 4071; x_wconf 90' lang='lat' dir='ltr'><strong>vimus;</strong></span> <span class='ocrx_word' id='word_1_659' title='bbox 2335 4005 2605 4074; x_wconf 88' lang='lat' dir='ltr'><strong>superest</strong></span> <span class='ocrx_word' id='word_1_660' title='bbox 2629 4007 2694 4057; x_wconf 89' lang='lat' dir='ltr'><strong>ut</strong></span> <span class='ocrx_word' id='word_1_661' title='bbox 2721 4003 2892 4058; x_wconf 89' lang='lat' dir='ltr'><strong>modo</strong></span> <span class='ocrx_word' id='word_1_662' title='bbox 2925 4003 3112 4075; x_wconf 90' lang='lat' dir='ltr'><strong>illum,</strong></span> <span class='ocrx_word' id='word_1_663' title='bbox 3140 4005 3232 4060; x_wconf 92' lang='lat' dir='ltr'><strong>cui</strong></span> <span class='ocrx_word' id='word_1_664' title='bbox 3267 4006 3462 4079; x_wconf 91' lang='lat' dir='ltr'><strong>ipsum</strong></span> <span class='ocrx_word' id='word_1_665' title='bbox 3497 4008 3738 4082; x_wconf 86' lang='lat' dir='ltr'><strong>porrigi-</strong></span> 
     </span>
    </p>
   </div>
   <div class='ocr_carea' id='block_1_89' title="bbox 2082 4090 3738 4168">
    <p class='ocr_par' dir='ltr' id='par_1_89' title="bbox 2082 4090 3738 4168">
     <span class='ocr_line' id='line_1_89' title="bbox 2082 4090 3738 4168; baseline 0.004 -22"><span class='ocrx_word' id='word_1_666' title='bbox 2082 4108 2216 4147; x_wconf 89' lang='lat' dir='ltr'><strong>mus</strong></span> <span class='ocrx_word' id='word_1_667' title='bbox 2237 4090 2626 4163; x_wconf 87' lang='lat' dir='ltr'><strong>agonisticum</strong></span> <span class='ocrx_word' id='word_1_668' title='bbox 2664 4091 3049 4164; x_wconf 88' lang='lat' dir='ltr'><strong>alloquentes,</strong></span> <span class='ocrx_word' id='word_1_669' title='bbox 3069 4093 3150 4148; x_wconf 85' lang='lat' dir='ltr'><strong>ita</strong></span> <span class='ocrx_word' id='word_1_670' title='bbox 3170 4095 3406 4151; x_wconf 90' lang='lat' dir='ltr'><strong>demum</strong></span> <span class='ocrx_word' id='word_1_671' title='bbox 3424 4096 3568 4167; x_wconf 88' lang='lat'><strong>(378)</strong></span> <span class='ocrx_word' id='word_1_672' title='bbox 3585 4113 3738 4168; x_wconf 66' lang='lat' dir='ltr'><strong>quai-</strong></span> 
     </span>
    </p>
   </div>
   <div class='ocr_carea' id='block_1_90' title="bbox 2082 4179 3734 4257">
    <p class='ocr_par' dir='ltr' id='par_1_90' title="bbox 2082 4179 3734 4257">
     <span class='ocr_line' id='line_1_90' title="bbox 2082 4179 3734 4257; baseline 0.002 -21"><span class='ocrx_word' id='word_1_673' title='bbox 2082 4181 2215 4236; x_wconf 89' lang='lat' dir='ltr'><strong>dam</strong></span> <span class='ocrx_word' id='word_1_674' title='bbox 2239 4179 2392 4235; x_wconf 88' lang='lat' dir='ltr'><strong>beati</strong></span> <span class='ocrx_word' id='word_1_675' title='bbox 2414 4180 2726 4252; x_wconf 87' lang='lat' dir='ltr'><strong>Augustini</strong></span> <span class='ocrx_word' id='word_1_676' title='bbox 2754 4180 3202 4253; x_wconf 88' lang='lat' dir='ltr'><strong>interponamus</strong></span> <span class='ocrx_word' id='word_1_677' title='bbox 3224 4183 3294 4239; x_wconf 89' lang='lat' dir='ltr'><strong>de</strong></span> <span class='ocrx_word' id='word_1_678' title='bbox 3316 4185 3569 4240; x_wconf 85' lang='lat' dir='ltr'><strong>utilitate</strong></span> <span class='ocrx_word' id='word_1_679' title='bbox 3589 4184 3734 4257; x_wconf 88' lang='lat' dir='ltr'><strong>vigi-</strong></span> 
     </span>
    </p>
   </div>
   <div class='ocr_carea' id='block_1_91' title="bbox 2079 4268 3731 4342">
    <p class='ocr_par' dir='ltr' id='par_1_91' title="bbox 2079 4268 3731 4342">
     <span class='ocr_line' id='line_1_91' title="bbox 2079 4268 3731 4342; baseline 0.002 -18"><span class='ocrx_word' id='word_1_680' title='bbox 2079 4269 2315 4337; x_wconf 90' lang='lat' dir='ltr'><strong>liarum,</strong></span> <span class='ocrx_word' id='word_1_681' title='bbox 2338 4274 2396 4323; x_wconf 90' lang='lat' dir='ltr'><strong>et</strong></span> <span class='ocrx_word' id='word_1_682' title='bbox 2419 4268 2504 4324; x_wconf 93' lang='lat' dir='ltr'><strong>sic</strong></span> <span class='ocrx_word' id='word_1_683' title='bbox 2536 4269 2873 4324; x_wconf 89' lang='lat' dir='ltr'><strong>adoriamur</strong></span> <span class='ocrx_word' id='word_1_684' title='bbox 2902 4269 2960 4324; x_wconf 91' lang='lat' dir='ltr'><strong>in</strong></span> <span class='ocrx_word' id='word_1_685' title='bbox 2992 4271 3228 4325; x_wconf 90' lang='lat' dir='ltr'><strong>nomine</strong></span> <span class='ocrx_word' id='word_1_686' title='bbox 3255 4271 3483 4325; x_wconf 90' lang='lat' dir='ltr'><strong>Domini</strong></span> <span class='ocrx_word' id='word_1_687' title='bbox 3514 4271 3731 4342; x_wconf 90' lang='lat' dir='ltr'><strong>ipsum.</strong></span> 
     </span>
    </p>
   </div>
   <div class='ocr_carea' id='block_1_92' title="bbox 2080 4357 3733 4429">
    <p class='ocr_par' dir='ltr' id='par_1_92' title="bbox 2080 4357 3733 4429">
     <span class='ocr_line' id='line_1_92' title="bbox 2080 4357 3733 4429; baseline 0.002 -17"><span class='ocrx_word' id='word_1_688' title='bbox 2080 4357 2294 4412; x_wconf 86' lang='lat' dir='ltr'><strong>Adesto</strong></span> <span class='ocrx_word' id='word_1_689' title='bbox 2317 4357 2515 4428; x_wconf 89' lang='lat' dir='ltr'><strong>itaque</strong></span> <span class='ocrx_word' id='word_1_690' title='bbox 2536 4361 2714 4423; x_wconf 88' lang='lat' dir='ltr'><strong>totus,</strong></span> <span class='ocrx_word' id='word_1_691' title='bbox 2731 4363 2787 4412; x_wconf 90' lang='lat' dir='ltr'><strong>et</strong></span> <span class='ocrx_word' id='word_1_692' title='bbox 2809 4357 2931 4411; x_wconf 69' lang='lat' dir='ltr'><strong>haec</strong></span> <span class='ocrx_word' id='word_1_693' title='bbox 2951 4374 3078 4429; x_wconf 69' lang='lat' dir='ltr'><strong>quae</strong></span> <span class='ocrx_word' id='word_1_694' title='bbox 3101 4357 3379 4413; x_wconf 90' lang='lat' dir='ltr'><strong>dicuntur</strong></span> <span class='ocrx_word' id='word_1_695' title='bbox 3397 4358 3733 4415; x_wconf 87' lang='lat' dir='ltr'><strong>fenestratis</strong></span> 
     </span>
    </p>
   </div>
   <div class='ocr_carea' id='block_1_93' title="bbox 2084 4443 3735 4515">
    <p class='ocr_par' dir='ltr' id='par_1_93' title="bbox 2084 4443 3735 4515">
     <span class='ocr_line' id='line_1_93' title="bbox 2084 4443 3735 4515; baseline 0.002 -17"><span class='ocrx_word' id='word_1_696' title='bbox 2084 4444 2162 4515; x_wconf 84' lang='lat' dir='ltr'><strong>[id</strong></span> <span class='ocrx_word' id='word_1_697' title='bbox 2181 4452 2257 4499; x_wconf 83' lang='lat' dir='ltr'><strong>est</strong></span> <span class='ocrx_word' id='word_1_698' title='bbox 2281 4443 2724 4515; x_wconf 68' lang='lat' dir='ltr'><strong>apertis]’animi</strong></span> <span class='ocrx_word' id='word_1_699' title='bbox 2751 4444 2983 4515; x_wconf 91' lang='lat' dir='ltr'><strong>percipe</strong></span> <span class='ocrx_word' id='word_1_700' title='bbox 3013 4444 3304 4500; x_wconf 90' lang='lat' dir='ltr'><strong>sensibus.</strong></span> <span class='ocrx_word' id='word_1_701' title='bbox 3330 4445 3591 4501; x_wconf 89' lang='lat' dir='ltr'><strong>Primum</strong></span> <span class='ocrx_word' id='word_1_702' title='bbox 3615 4463 3735 4502; x_wconf 92' lang='lat' dir='ltr'><strong>om-</strong></span> 
     </span>
    </p>
   </div>
   <div class='ocr_carea' id='block_1_94' title="bbox 305 4530 3734 4616">
    <p class='ocr_par' dir='ltr' id='par_1_94' title="bbox 305 4530 3734 4616">
     <span class='ocr_line' id='line_1_94' title="bbox 305 4530 3734 4616; baseline -0.005 -9"><span class='ocrx_word' id='word_1_703' title='bbox 305 4553 560 4608; x_wconf 74' lang='lat' dir='ltr'><strong>vestrum</strong></span> <span class='ocrx_word' id='word_1_704' title='bbox 586 4561 745 4601; x_wconf 84' lang='lat' dir='ltr'><strong>nemo</strong></span> <span class='ocrx_word' id='word_1_705' title='bbox 775 4543 924 4600; x_wconf 82' lang='lat' dir='ltr'><strong>tollet</strong></span> <span class='ocrx_word' id='word_1_706' title='bbox 952 4559 987 4598; x_wconf 79' lang='grc' dir='ltr'>α</span> <span class='ocrx_word' id='word_1_707' title='bbox 1011 4543 1161 4598; x_wconf 76' lang='lat' dir='ltr'><strong>vobis</strong></span> <span class='ocrx_word' id='word_1_708' title='bbox 1183 4541 1360 4611; x_wconf 85' lang='lat' dir='ltr'><strong>(Joan.</strong></span> <span class='ocrx_word' id='word_1_709' title='bbox 1379 4555 1494 4603; x_wconf 81' lang='lat' dir='ltr'><strong>xv1,</strong></span> <span class='ocrx_word' id='word_1_710' title='bbox 1518 4537 1631 4607; x_wconf 92' lang='lat'><strong>33).</strong></span> <span class='ocrx_word' id='word_1_711' title='bbox 1654 4536 1784 4591; x_wconf 85' lang='lat' dir='ltr'><strong>Jam</strong></span> <span class='ocrx_word' id='word_1_712' title='bbox 1817 4533 1974 4590; x_wconf 89' lang='lat' dir='ltr'><strong>enim</strong></span> <span class='ocrx_word' id='word_1_713' title='bbox 2004 4551 2052 4616; x_wconf 82' lang='lat' dir='ltr'>D</span> <span class='ocrx_word' id='word_1_714' title='bbox 2084 4531 2340 4587; x_wconf 89' lang='lat' dir='ltr'><strong>nimodis</strong></span> <span class='ocrx_word' id='word_1_715' title='bbox 2361 4548 2394 4585; x_wconf 94' lang='lat' dir='ltr'><strong>a</strong></span> <span class='ocrx_word' id='word_1_716' title='bbox 2419 4536 2476 4586; x_wconf 90' lang='lat' dir='ltr'><strong>te</strong></span> <span class='ocrx_word' id='word_1_717' title='bbox 2496 4530 2623 4585; x_wconf 90' lang='lat' dir='ltr'><strong>volo</strong></span> <span class='ocrx_word' id='word_1_718' title='bbox 2653 4532 3010 4602; x_wconf 90' lang='lat' dir='ltr'><strong>perquirere,</strong></span> <span class='ocrx_word' id='word_1_719' title='bbox 3035 4537 3232 4586; x_wconf 91' lang='lat' dir='ltr'><strong>utrum</strong></span> <span class='ocrx_word' id='word_1_720' title='bbox 3260 4533 3496 4605; x_wconf 90' lang='lat' dir='ltr'><strong>propria</strong></span> <span class='ocrx_word' id='word_1_721' title='bbox 3527 4539 3734 4607; x_wconf 89' lang='lat' dir='ltr'><strong>sponte</strong></span> 
     </span>
    </p>
   </div>
   <div class='ocr_carea' id='block_1_95' title="bbox 305 4621 1973 4706">
    <p class='ocr_par' dir='ltr' id='par_1_95' title="bbox 305 4621 1973 4706">
     <span class='ocr_line' id='line_1_95' title="bbox 305 4621 1973 4706; baseline -0.011 -11"><span class='ocrx_word' id='word_1_722' title='bbox 305 4640 455 4697; x_wconf 85' lang='lat' dir='ltr'><strong>olim</strong></span> <span class='ocrx_word' id='word_1_723' title='bbox 489 4641 548 4693; x_wconf 89' lang='lat' dir='ltr'><strong>et</strong></span> <span class='ocrx_word' id='word_1_724' title='bbox 576 4634 686 4691; x_wconf 88' lang='lat' dir='ltr'><strong>hoc</strong></span> <span class='ocrx_word' id='word_1_725' title='bbox 725 4631 1011 4706; x_wconf 88' lang='lat' dir='ltr'><strong>propheta</strong></span> <span class='ocrx_word' id='word_1_726' title='bbox 1053 4629 1442 4703; x_wconf 87' lang='lat' dir='ltr'><strong>promiserat:</strong></span> <span class='ocrx_word' id='word_1_727' title='bbox 1467 4627 1530 4680; x_wconf 83' lang='lat' dir='ltr'><strong>Et</strong></span> <span class='ocrx_word' id='word_1_728' title='bbox 1558 4625 1728 4689; x_wconf 88' lang='lat' dir='ltr'><strong>dabit,</strong></span> <span class='ocrx_word' id='word_1_729' title='bbox 1763 4621 1973 4694; x_wconf 81' lang='lat' dir='ltr'><strong>inquit,</strong></span> 
     </span>
    </p>
   </div>
   <div class='ocr_carea' id='block_1_96' title="bbox 307 4712 1973 4794">
    <p class='ocr_par' dir='ltr' id='par_1_96' title="bbox 307 4712 1973 4794">
     <span class='ocr_line' id='line_1_96' title="bbox 307 4712 1973 4794; baseline -0.011 -9"><span class='ocrx_word' id='word_1_730' title='bbox 307 4730 418 4787; x_wconf 78' lang='lat' dir='ltr'><strong>tibi</strong></span> <span class='ocrx_word' id='word_1_731' title='bbox 446 4726 714 4783; x_wconf 76' lang='lat' dir='ltr'><strong>Dominus</strong></span> <span class='ocrx_word' id='word_1_732' title='bbox 744 4737 1001 4778; x_wconf 82' lang='lat' dir='ltr'><strong>coronam</strong></span> <span class='ocrx_word' id='word_1_733' title='bbox 1026 4735 1128 4794; x_wconf 84' lang='lat' dir='ltr'><strong>pro</strong></span> <span class='ocrx_word' id='word_1_734' title='bbox 1164 4721 1367 4783; x_wconf 83' lang='lat' dir='ltr'><strong>cinere,</strong></span> <span class='ocrx_word' id='word_1_735' title='bbox 1397 4715 1635 4788; x_wconf 82' lang='lat' dir='ltr'><strong>pallium</strong></span> <span class='ocrx_word' id='word_1_736' title='bbox 1667 4712 1848 4768; x_wconf 76' lang='lat' dir='ltr'><strong>laudis</strong></span> <span class='ocrx_word' id='word_1_737' title='bbox 1871 4727 1973 4783; x_wconf 86' lang='lat' dir='ltr'><strong>pro</strong></span> 
     </span>
    </p>
   </div>
   <div class='ocr_carea' id='block_1_97' title="bbox 309 4801 1973 4891">
    <p class='ocr_par' dir='ltr' id='par_1_97' title="bbox 309 4801 1973 4891">
     <span class='ocr_line' id='line_1_97' title="bbox 309 4801 1973 4891; baseline -0.012 -17"><span class='ocrx_word' id='word_1_738' title='bbox 309 4818 522 4891; x_wconf 68' lang='lat' dir='ltr'><strong>spiritu</strong></span> <span class='ocrx_word' id='word_1_739' title='bbox 548 4812 800 4870; x_wconf 58' lang='lat' dir='ltr'><strong>nixi-oris</strong></span> <span class='ocrx_word' id='word_1_740' title='bbox 830 4811 958 4878; x_wconf 72' lang='lat' dir='ltr'><strong>(Isa.</strong></span> <span class='ocrx_word' id='word_1_741' title='bbox 990 4826 1101 4874; x_wconf 83' lang='lat' dir='ltr'><strong>LXI,</strong></span> <span class='ocrx_word' id='word_1_742' title='bbox 1123 4807 1200 4879; x_wconf 92' lang='lat'><strong>3).</strong></span> <span class='ocrx_word' id='word_1_743' title='bbox 1233 4807 1489 4863; x_wconf 84' lang='lat' dir='ltr'><strong>Securus</strong></span> <span class='ocrx_word' id='word_1_744' title='bbox 1537 4820 1672 4876; x_wconf 87' lang='lat' dir='ltr'><strong>ergo</strong></span> <span class='ocrx_word' id='word_1_745' title='bbox 1718 4801 1973 4856; x_wconf 91' lang='lat' dir='ltr'><strong>cinerem</strong></span> 
     </span>
    </p>
   </div>
   <div class='ocr_carea' id='block_1_98' title="bbox 306 4891 1976 4981">
    <p class='ocr_par' dir='ltr' id='par_1_98' title="bbox 306 4891 1976 4981">
     <span class='ocr_line' id='line_1_98' title="bbox 306 4891 1976 4981; baseline -0.013 -17"><span class='ocrx_word' id='word_1_746' title='bbox 306 4911 508 4981; x_wconf 87' lang='lat' dir='ltr'><strong>porta,</strong></span> <span class='ocrx_word' id='word_1_747' title='bbox 533 4901 626 4958; x_wconf 93' lang='lat' dir='ltr'><strong>cui</strong></span> <span class='ocrx_word' id='word_1_748' title='bbox 661 4895 1023 4973; x_wconf 86' lang='lat' dir='ltr'><strong>promittitur</strong></span> <span class='ocrx_word' id='word_1_749' title='bbox 1047 4911 1288 4963; x_wconf 89' lang='lat' dir='ltr'><strong>corona;</strong></span> <span class='ocrx_word' id='word_1_750' title='bbox 1322 4897 1486 4967; x_wconf 85' lang='lat' dir='ltr'><strong>gesta</strong></span> <span class='ocrx_word' id='word_1_751' title='bbox 1507 4891 1771 4947; x_wconf 72' lang='lat' dir='ltr'><strong>mmroris</strong></span> <span class='ocrx_word' id='word_1_752' title='bbox 1789 4894 1976 4945; x_wconf 90' lang='lat' dir='ltr'><strong>trans-</strong></span> 
     </span>
    </p>
   </div>
   <div class='ocr_carea' id='block_1_99' title="bbox 306 4979 1970 5065">
    <p class='ocr_par' dir='ltr' id='par_1_99' title="bbox 306 4979 1970 5065">
     <span class='ocr_line' id='line_1_99' title="bbox 306 4979 1970 5065; baseline -0.012 -13"><span class='ocrx_word' id='word_1_753' title='bbox 306 4979 490 5054; x_wconf 77' lang='lat' dir='ltr'><strong>itorie</strong></span> <span class='ocrx_word' id='word_1_754' title='bbox 521 4990 821 5065; x_wconf 86' lang='lat' dir='ltr'><strong>spiritum,</strong></span> <span class='ocrx_word' id='word_1_755' title='bbox 843 4987 936 5044; x_wconf 91' lang='lat' dir='ltr'><strong>cui</strong></span> <span class='ocrx_word' id='word_1_756' title='bbox 967 4991 1165 5042; x_wconf 87' lang='lat' dir='ltr'><strong>manet</strong></span> <span class='ocrx_word' id='word_1_757' title='bbox 1189 4985 1313 5040; x_wconf 91' lang='lat' dir='ltr'><strong>sine</strong></span> <span class='ocrx_word' id='word_1_758' title='bbox 1337 4984 1451 5038; x_wconf 83' lang='lat' dir='ltr'><strong>{ine</strong></span> <span class='ocrx_word' id='word_1_759' title='bbox 1485 4981 1673 5038; x_wconf 90' lang='lat' dir='ltr'><strong>laudis</strong></span> <span class='ocrx_word' id='word_1_760' title='bbox 1706 4979 1970 5052; x_wconf 89' lang='lat' dir='ltr'><strong>pallium.</strong></span> 
     </span>
    </p>
   </div>
   <div class='ocr_carea' id='block_1_100' title="bbox 307 5069 1978 5155">
    <p class='ocr_par' dir='ltr' id='par_1_100' title="bbox 307 5069 1978 5155">
     <span class='ocr_line' id='line_1_100' title="bbox 307 5069 1978 5155; baseline -0.013 -14"><span class='ocrx_word' id='word_1_761' title='bbox 307 5086 675 5155; x_wconf 88' lang='lat' dir='ltr'><strong>Obtempora</strong></span> <span class='ocrx_word' id='word_1_762' title='bbox 699 5076 1052 5152; x_wconf 74' lang='lat' dir='ltr'><strong>praecipienti</strong></span> <span class='ocrx_word' id='word_1_763' title='bbox 1083 5073 1344 5138; x_wconf 90' lang='lat' dir='ltr'><strong>sedulus,</strong></span> <span class='ocrx_word' id='word_1_764' title='bbox 1367 5071 1485 5126; x_wconf 93' lang='lat' dir='ltr'><strong>imo</strong></span> <span class='ocrx_word' id='word_1_765' title='bbox 1516 5069 1864 5141; x_wconf 89' lang='lat' dir='ltr'><strong>amplectere</strong></span> <span class='ocrx_word' id='word_1_766' title='bbox 1893 5083 1978 5120; x_wconf 84' lang='lat' dir='ltr'><strong>re-</strong></span> 
     </span>
    </p>
   </div>
   <div class='ocr_carea' id='block_1_101' title="bbox 305 5160 1975 5242">
    <p class='ocr_par' dir='ltr' id='par_1_101' title="bbox 305 5160 1975 5242">
     <span class='ocr_line' id='line_1_101' title="bbox 305 5160 1975 5242; baseline -0.013 -11"><span class='ocrx_word' id='word_1_767' title='bbox 305 5175 611 5232; x_wconf 83' lang='lat' dir='ltr'><strong>foventem</strong></span> <span class='ocrx_word' id='word_1_768' title='bbox 655 5167 1080 5242; x_wconf 84' lang='lat' dir='ltr'><strong>gratissimum.</strong></span> <span class='ocrx_word' id='word_1_769' title='bbox 1106 5164 1212 5232; x_wconf 86' lang='lat' dir='ltr'><strong>Qui</strong></span> <span class='ocrx_word' id='word_1_770' title='bbox 1255 5163 1406 5233; x_wconf 84' lang='lat' dir='ltr'><strong>ﬂent,</strong></span> <span class='ocrx_word' id='word_1_771' title='bbox 1442 5160 1542 5225; x_wconf 91' lang='lat' dir='ltr'><strong>ait,</strong></span> <span class='ocrx_word' id='word_1_772' title='bbox 1571 5163 1835 5230; x_wconf 86' lang='lat' dir='ltr'><strong>tanquam</strong></span> <span class='ocrx_word' id='word_1_773' title='bbox 1864 5172 1975 5210; x_wconf 85' lang='lat' dir='ltr'><strong>non</strong></span> 
     </span>
    </p>
   </div>
   <div class='ocr_carea' id='block_1_102' title="bbox 305 5244 1972 5338">
    <p class='ocr_par' dir='ltr' id='par_1_102' title="bbox 305 5244 1972 5338">
     <span class='ocr_line' id='line_1_102' title="bbox 305 5244 1972 5338; baseline -0.012 -20"><span class='ocrx_word' id='word_1_774' title='bbox 305 5264 535 5338; x_wconf 76' lang='lat' dir='ltr'><strong>ﬂentes,</strong></span> <span class='ocrx_word' id='word_1_775' title='bbox 557 5266 612 5315; x_wconf 81' lang='lat' dir='ltr'><strong>et</strong></span> <span class='ocrx_word' id='word_1_776' title='bbox 637 5258 734 5330; x_wconf 88' lang='lat' dir='ltr'><strong>qui</strong></span> <span class='ocrx_word' id='word_1_777' title='bbox 761 5255 1001 5326; x_wconf 84' lang='lat' dir='ltr'><strong>gaudent</strong></span> <span class='ocrx_word' id='word_1_778' title='bbox 1029 5257 1294 5324; x_wconf 87' lang='lat' dir='ltr'><strong>tanquam</strong></span> <span class='ocrx_word' id='word_1_779' title='bbox 1321 5265 1432 5304; x_wconf 84' lang='lat' dir='ltr'><strong>non</strong></span> <span class='ocrx_word' id='word_1_780' title='bbox 1460 5247 1750 5338; x_wconf 66' lang='lat' dir='ltr'><strong>gaudentes</strong></span> <span class='ocrx_word' id='word_1_781' title='bbox 1776 5247 1823 5311; x_wconf 89' lang='grc' dir='ltr'><strong>(Ι</strong></span> <span class='ocrx_word' id='word_1_782' title='bbox 1851 5244 1972 5338; x_wconf 64' lang='lat' dir='ltr'><strong>Cor.</strong></span> 
     </span>
    </p>
   </div>
   <div class='ocr_carea' id='block_1_103' title="bbox 304 5333 1976 5423">
    <p class='ocr_par' dir='ltr' id='par_1_103' title="bbox 304 5333 1976 5423">
     <span class='ocr_line' id='line_1_103' title="bbox 304 5333 1976 5423; baseline -0.014 -12"><span class='ocrx_word' id='word_1_783' title='bbox 304 5333 421 5423; x_wconf 57' lang='lat' dir='ltr'><strong>vn,</strong></span> <span class='ocrx_word' id='word_1_784' title='bbox 453 5351 510 5423; x_wconf 89' lang='lat'><strong>3)</strong></span> <span class='ocrx_word' id='word_1_785' title='bbox 536 5368 550 5406; x_wconf 88' lang='lat'><strong>:</strong></span> <span class='ocrx_word' id='word_1_786' title='bbox 575 5348 634 5404; x_wconf 86' lang='lat' dir='ltr'><strong>id</strong></span> <span class='ocrx_word' id='word_1_787' title='bbox 665 5349 774 5414; x_wconf 81' lang='lat' dir='ltr'><strong>est,</strong></span> <span class='ocrx_word' id='word_1_788' title='bbox 799 5345 848 5402; x_wconf 92' lang='lat' dir='ltr'><strong>si</strong></span> <span class='ocrx_word' id='word_1_789' title='bbox 871 5344 976 5399; x_wconf 88' lang='lat' dir='ltr'><strong>ﬂes</strong></span> <span class='ocrx_word' id='word_1_790' title='bbox 1000 5341 1236 5398; x_wconf 85' lang='lat' dir='ltr'><strong>tristitia</strong></span> <span class='ocrx_word' id='word_1_791' title='bbox 1267 5337 1569 5412; x_wconf 72' lang='lat' dir='ltr'><strong>praesentis</strong></span> <span class='ocrx_word' id='word_1_792' title='bbox 1600 5334 1762 5402; x_wconf 90' lang='lat' dir='ltr'><strong>mali,</strong></span> <span class='ocrx_word' id='word_1_793' title='bbox 1788 5333 1976 5407; x_wconf 89' lang='lat' dir='ltr'><strong>gaude</strong></span> 
     </span>
    </p>
   </div>
   <div class='ocr_carea' id='block_1_104' title="bbox 395 5455 1975 5550">
    <p class='ocr_par' dir='ltr' id='par_1_104' title="bbox 395 5455 1975 5550">
     <span class='ocr_line' id='line_1_104' title="bbox 395 5455 1975 5550; baseline -0.014 -17"><span class='ocrx_word' id='word_1_794' title='bbox 395 5468 888 5550; x_wconf 61' lang='lat' dir='ltr'><strong>(3’78)_Au_gus_tin_i</strong></span> <span class='ocrx_word' id='word_1_795' title='bbox 933 5470 1382 5550; x_wconf 31' lang='lat' dir='ltr'><strong>textumhquem</strong></span> <span class='ocrx_word' id='word_1_796' title='bbox 1428 5459 1524 5518; x_wconf 90' lang='lat' dir='ltr'><strong>hic</strong></span> <span class='ocrx_word' id='word_1_797' title='bbox 1572 5456 1882 5533; x_wconf 88' lang='lat' dir='ltr'><strong>promittit,</strong></span> <span class='ocrx_word' id='word_1_798' title='bbox 1915 5455 1975 5512; x_wconf 89' lang='lat' dir='ltr'><strong>in</strong></span> 
     </span>
    </p>
   </div>
   <div class='ocr_carea' id='block_1_105' title="bbox 305 5543 1296 5614">
    <p class='ocr_par' dir='ltr' id='par_1_105' title="bbox 305 5543 1296 5614">
     <span class='ocr_line' id='line_1_105' title="bbox 305 5543 1296 5614; baseline -0.018 -5"><span class='ocrx_word' id='word_1_799' title='bbox 305 5543 503 5609; x_wconf 75' lang='lat' dir='ltr'><strong>linem</strong></span> <span class='ocrx_word' id='word_1_800' title='bbox 529 5543 982 5614; x_wconf 59' lang='lat' dir='ltr'><strong>&#39;libri&#39;rejectum</strong></span> <span class='ocrx_word' id='word_1_801' title='bbox 1015 5543 1296 5614; x_wconf 76' lang='lat' dir='ltr'><strong>invenies.</strong></span> 
     </span>
    </p>
   </div>
   <div class='ocr_carea' id='block_1_106' title="bbox 398 5598 1979 5703">
    <p class='ocr_par' dir='ltr' id='par_1_106' title="bbox 398 5598 1979 5703">
     <span class='ocr_line' id='line_1_106' title="bbox 398 5598 1979 5703; baseline -0.015 -20"><span class='ocrx_word' id='word_1_802' title='bbox 398 5598 909 5703; x_wconf 51' lang='grc' dir='ltr'><strong>ζῗῆθγῐᾷὲεθὸὶιωιν</strong></span> <span class='ocrx_word' id='word_1_803' title='bbox 935 5609 1213 5684; x_wconf 74' lang='lat' dir='ltr'><strong>mendose</strong></span> <span class='ocrx_word' id='word_1_804' title='bbox 1248 5621 1342 5683; x_wconf 81' lang='lat' dir='ltr'><strong>ego</strong></span> <span class='ocrx_word' id='word_1_805' title='bbox 1384 5622 1488 5684; x_wconf 88' lang='lat' dir='ltr'><strong>pro</strong></span> <span class='ocrx_word' id='word_1_806' title='bbox 1515 5619 1662 5683; x_wconf 79' lang='lat' dir='ltr'><strong>ergo,</strong></span> <span class='ocrx_word' id='word_1_807' title='bbox 1693 5604 1750 5661; x_wconf 90' lang='lat' dir='ltr'><strong>et</strong></span> <span class='ocrx_word' id='word_1_808' title='bbox 1779 5598 1979 5664; x_wconf 84' lang='lat' dir='ltr'><strong>deerat</strong></span> 
     </span>
    </p>
   </div>
   <div class='ocr_carea' id='block_1_107' title="bbox 2085 4617 3731 4691">
    <p class='ocr_par' dir='ltr' id='par_1_107' title="bbox 2085 4617 3731 4691">
     <span class='ocr_line' id='line_1_107' title="bbox 2085 4617 3731 4691; baseline 0.004 -17"><span class='ocrx_word' id='word_1_809' title='bbox 2085 4620 2194 4676; x_wconf 91' lang='lat' dir='ltr'><strong>hoc</strong></span> <span class='ocrx_word' id='word_1_810' title='bbox 2238 4625 2359 4674; x_wconf 89' lang='lat' dir='ltr'><strong>tam</strong></span> <span class='ocrx_word' id='word_1_811' title='bbox 2408 4617 2707 4691; x_wconf 86' lang='lat' dir='ltr'><strong>singulare</strong></span> <span class='ocrx_word' id='word_1_812' title='bbox 2754 4619 2897 4674; x_wconf 86' lang='lat' dir='ltr'><strong>velis</strong></span> <span class='ocrx_word' id='word_1_813' title='bbox 2945 4624 3237 4675; x_wconf 81' lang='lat' dir='ltr'><strong>certamen</strong></span> <span class='ocrx_word' id='word_1_814' title='bbox 3297 4621 3476 4678; x_wconf 90' lang='lat' dir='ltr'><strong>adire.</strong></span> <span class='ocrx_word' id='word_1_815' title='bbox 3509 4622 3593 4679; x_wconf 88' lang='lat' dir='ltr'><strong>Ita</strong></span> <span class='ocrx_word' id='word_1_816' title='bbox 3621 4628 3731 4691; x_wconf 89' lang='lat' dir='ltr'><strong>est,</strong></span> 
     </span>
    </p>
   </div>
   <div class='ocr_carea' id='block_1_108' title="bbox 2083 4707 3731 4784">
    <p class='ocr_par' dir='ltr' id='par_1_108' title="bbox 2083 4707 3731 4784">
     <span class='ocr_line' id='line_1_108' title="bbox 2083 4707 3731 4784; baseline 0.003 -21"><span class='ocrx_word' id='word_1_817' title='bbox 2083 4707 2301 4781; x_wconf 90' lang='lat' dir='ltr'><strong>inquis.</strong></span> <span class='ocrx_word' id='word_1_818' title='bbox 2329 4708 2386 4761; x_wconf 91' lang='lat' dir='ltr'><strong>Si</strong></span> <span class='ocrx_word' id='word_1_819' title='bbox 2438 4707 2620 4780; x_wconf 87' lang='lat' dir='ltr'><strong>igitur</strong></span> <span class='ocrx_word' id='word_1_820' title='bbox 2663 4707 2816 4764; x_wconf 73' lang='lat'><strong>185</strong></span> <span class='ocrx_word' id='word_1_821' title='bbox 2869 4707 2950 4762; x_wconf 89' lang='lat' dir='ltr'><strong>ita</strong></span> <span class='ocrx_word' id='word_1_822' title='bbox 2997 4713 3106 4780; x_wconf 85' lang='lat' dir='ltr'><strong>est,</strong></span> <span class='ocrx_word' id='word_1_823' title='bbox 3139 4708 3270 4765; x_wconf 88' lang='lat' dir='ltr'><strong>vide</strong></span> <span class='ocrx_word' id='word_1_824' title='bbox 3317 4726 3455 4782; x_wconf 90' lang='lat' dir='ltr'><strong>ergo</strong></span> <span class='ocrx_word' id='word_1_825' title='bbox 3485 4711 3632 4784; x_wconf 89' lang='lat'><strong>(379)</strong></span> <span class='ocrx_word' id='word_1_826' title='bbox 3670 4713 3731 4769; x_wconf 91' lang='lat' dir='ltr'><strong>in</strong></span> 
     </span>
    </p>
   </div>
   <div class='ocr_carea' id='block_1_109' title="bbox 2082 4788 3732 4870">
    <p class='ocr_par' dir='ltr' id='par_1_109' title="bbox 2082 4788 3732 4870">
     <span class='ocr_line' id='line_1_109' title="bbox 2082 4788 3732 4870; baseline 0.004 -19"><span class='ocrx_word' id='word_1_827' title='bbox 2082 4797 2229 4869; x_wconf 92' lang='lat' dir='ltr'><strong>ipsis</strong></span> <span class='ocrx_word' id='word_1_828' title='bbox 2251 4795 2453 4864; x_wconf 87' lang='lat' dir='ltr'><strong>initiis,</strong></span> <span class='ocrx_word' id='word_1_829' title='bbox 2469 4801 2780 4867; x_wconf 90' lang='lat' dir='ltr'><strong>antequam</strong></span> <span class='ocrx_word' id='word_1_830' title='bbox 2805 4788 3027 4852; x_wconf 69' lang='lat' dir='ltr'><strong>scilicet</strong></span> <span class='ocrx_word' id='word_1_831' title='bbox 3046 4797 3156 4853; x_wconf 91' lang='lat' dir='ltr'><strong>hoc</strong></span> <span class='ocrx_word' id='word_1_832' title='bbox 3177 4801 3295 4854; x_wconf 87' lang='lat' dir='ltr'><strong>tam</strong></span> <span class='ocrx_word' id='word_1_833' title='bbox 3318 4801 3569 4856; x_wconf 89' lang='lat' dir='ltr'><strong>arduum</strong></span> <span class='ocrx_word' id='word_1_834' title='bbox 3601 4802 3732 4870; x_wconf 91' lang='lat' dir='ltr'><strong>iter,</strong></span> 
     </span>
    </p>
   </div>
   <div class='ocr_carea' id='block_1_110' title="bbox 2081 4885 3737 4962">
    <p class='ocr_par' dir='ltr' id='par_1_110' title="bbox 2081 4885 3737 4962">
     <span class='ocr_line' id='line_1_110' title="bbox 2081 4885 3737 4962; baseline 0.004 -22"><span class='ocrx_word' id='word_1_835' title='bbox 2081 4890 2138 4941; x_wconf 91' lang='lat' dir='ltr'><strong>et</strong></span> <span class='ocrx_word' id='word_1_836' title='bbox 2159 4903 2193 4940; x_wconf 92' lang='lat' dir='ltr'><strong>a</strong></span> <span class='ocrx_word' id='word_1_837' title='bbox 2212 4886 2414 4957; x_wconf 90' lang='lat' dir='ltr'><strong>paucis</strong></span> <span class='ocrx_word' id='word_1_838' title='bbox 2437 4902 2764 4958; x_wconf 89' lang='lat' dir='ltr'><strong>agressum,</strong></span> <span class='ocrx_word' id='word_1_839' title='bbox 2787 4903 2820 4940; x_wconf 91' lang='lat' dir='ltr'><strong>a</strong></span> <span class='ocrx_word' id='word_1_840' title='bbox 2842 4885 3199 4958; x_wconf 88' lang='lat' dir='ltr'><strong>quibusdam</strong></span> <span class='ocrx_word' id='word_1_841' title='bbox 3220 4904 3354 4944; x_wconf 91' lang='lat' dir='ltr'><strong>vero</strong></span> <span class='ocrx_word' id='word_1_842' title='bbox 3377 4889 3633 4962; x_wconf 89' lang='lat' dir='ltr'><strong>segniter</strong></span> <span class='ocrx_word' id='word_1_843' title='bbox 3652 4891 3737 4946; x_wconf 90' lang='lat' dir='ltr'><strong>in-</strong></span> 
     </span>
    </p>
   </div>
   <div class='ocr_carea' id='block_1_111' title="bbox 2081 4974 3738 5047">
    <p class='ocr_par' dir='ltr' id='par_1_111' title="bbox 2081 4974 3738 5047">
     <span class='ocr_line' id='line_1_111' title="bbox 2081 4974 3738 5047; baseline 0.002 -17"><span class='ocrx_word' id='word_1_844' title='bbox 2081 4975 2379 5045; x_wconf 89' lang='lat' dir='ltr'><strong>choatum,</strong></span> <span class='ocrx_word' id='word_1_845' title='bbox 2403 4974 2643 5047; x_wconf 88' lang='lat' dir='ltr'><strong>segnius</strong></span> <span class='ocrx_word' id='word_1_846' title='bbox 2665 4974 3036 5042; x_wconf 89' lang='lat' dir='ltr'><strong>derelictum;</strong></span> <span class='ocrx_word' id='word_1_847' title='bbox 3062 4991 3096 5029; x_wconf 89' lang='lat' dir='ltr'><strong>a</strong></span> <span class='ocrx_word' id='word_1_848' title='bbox 3125 4977 3479 5046; x_wconf 90' lang='lat' dir='ltr'><strong>quibusdam</strong></span> <span class='ocrx_word' id='word_1_849' title='bbox 3514 4978 3738 5035; x_wconf 86' lang='lat' dir='ltr'><strong>fortiter</strong></span> 
     </span>
    </p>
   </div>
   <div class='ocr_carea' id='block_1_112' title="bbox 2083 5063 3735 5138">
    <p class='ocr_par' dir='ltr' id='par_1_112' title="bbox 2083 5063 3735 5138">
     <span class='ocr_line' id='line_1_112' title="bbox 2083 5063 3735 5138; baseline 0.004 -20"><span class='ocrx_word' id='word_1_850' title='bbox 2083 5067 2404 5135; x_wconf 88' lang='lat' dir='ltr'><strong>arreptum,</strong></span> <span class='ocrx_word' id='word_1_851' title='bbox 2432 5063 2602 5135; x_wconf 87' lang='lat' dir='ltr'><strong>longe</strong></span> <span class='ocrx_word' id='word_1_852' title='bbox 2625 5063 2792 5118; x_wconf 88' lang='lat' dir='ltr'><strong>aliter</strong></span> <span class='ocrx_word' id='word_1_853' title='bbox 2813 5069 3322 5133; x_wconf 89' lang='lat' dir='ltr'><strong>consummatum;</strong></span> <span class='ocrx_word' id='word_1_854' title='bbox 3346 5065 3418 5120; x_wconf 90' lang='lat' dir='ltr'><strong>ab</strong></span> <span class='ocrx_word' id='word_1_855' title='bbox 3439 5065 3735 5138; x_wconf 90' lang='lat' dir='ltr'><strong>aliquibus</strong></span> 
     </span>
    </p>
   </div>
   <div class='ocr_carea' id='block_1_113' title="bbox 2084 5152 3738 5225">
    <p class='ocr_par' dir='ltr' id='par_1_113' title="bbox 2084 5152 3738 5225">
     <span class='ocr_line' id='line_1_113' title="bbox 2084 5152 3738 5225; baseline 0.004 -18"><span class='ocrx_word' id='word_1_856' title='bbox 2084 5157 2279 5207; x_wconf 88' lang='lat' dir='ltr'><strong>autem</strong></span> <span class='ocrx_word' id='word_1_857' title='bbox 2304 5153 2450 5208; x_wconf 88' lang='lat' dir='ltr'><strong>bene</strong></span> <span class='ocrx_word' id='word_1_858' title='bbox 2473 5153 2815 5224; x_wconf 71' lang='lat' dir='ltr'><strong>inemptum,</strong></span> <span class='ocrx_word' id='word_1_859' title='bbox 2835 5152 3051 5224; x_wconf 86' lang='lat' dir='ltr'><strong>optime</strong></span> <span class='ocrx_word' id='word_1_860' title='bbox 3074 5159 3397 5225; x_wconf 88' lang='lat' dir='ltr'><strong>peractum,</strong></span> <span class='ocrx_word' id='word_1_861' title='bbox 3422 5155 3581 5211; x_wconf 90' lang='lat' dir='ltr'><strong>adire</strong></span> <span class='ocrx_word' id='word_1_862' title='bbox 3599 5157 3738 5213; x_wconf 88' lang='lat' dir='ltr'><strong>inci-</strong></span> 
     </span>
    </p>
   </div>
   <div class='ocr_carea' id='block_1_114' title="bbox 2083 5239 3737 5313">
    <p class='ocr_par' dir='ltr' id='par_1_114' title="bbox 2083 5239 3737 5313">
     <span class='ocr_line' id='line_1_114' title="bbox 2083 5239 3737 5313; baseline 0.004 -18"><span class='ocrx_word' id='word_1_863' title='bbox 2083 5239 2240 5312; x_wconf 92' lang='lat' dir='ltr'><strong>pias;</strong></span> <span class='ocrx_word' id='word_1_864' title='bbox 2275 5246 2340 5295; x_wconf 92' lang='lat' dir='ltr'><strong>ut</strong></span> <span class='ocrx_word' id='word_1_865' title='bbox 2369 5241 2623 5312; x_wconf 88' lang='lat' dir='ltr'><strong>primum</strong></span> <span class='ocrx_word' id='word_1_866' title='bbox 2658 5242 2803 5313; x_wconf 91' lang='lat' dir='ltr'><strong>pede</strong></span> <span class='ocrx_word' id='word_1_867' title='bbox 2832 5240 3062 5296; x_wconf 89' lang='lat' dir='ltr'><strong>solertis</strong></span> <span class='ocrx_word' id='word_1_868' title='bbox 3093 5241 3462 5300; x_wconf 89' lang='lat' dir='ltr'><strong>discretionis</strong></span> <span class='ocrx_word' id='word_1_869' title='bbox 3492 5243 3737 5301; x_wconf 89' lang='lat' dir='ltr'><strong>sollicite</strong></span> 
     </span>
    </p>
   </div>
   <div class='ocr_carea' id='block_1_115' title="bbox 2083 5329 3733 5401">
    <p class='ocr_par' dir='ltr' id='par_1_115' title="bbox 2083 5329 3733 5401">
     <span class='ocr_line' id='line_1_115' title="bbox 2083 5329 3733 5401; baseline 0.003 -17"><span class='ocrx_word' id='word_1_870' title='bbox 2083 5335 2399 5401; x_wconf 88' lang='lat' dir='ltr'><strong>pertentes,</strong></span> <span class='ocrx_word' id='word_1_871' title='bbox 2447 5335 2645 5384; x_wconf 88' lang='lat' dir='ltr'><strong>utrum</strong></span> <span class='ocrx_word' id='word_1_872' title='bbox 2695 5329 2825 5398; x_wconf 88' lang='lat' dir='ltr'><strong>hoc,</strong></span> <span class='ocrx_word' id='word_1_873' title='bbox 2859 5330 3000 5384; x_wconf 90' lang='lat' dir='ltr'><strong>dum</strong></span> <span class='ocrx_word' id='word_1_874' title='bbox 3053 5330 3198 5386; x_wconf 91' lang='lat' dir='ltr'><strong>bene</strong></span> <span class='ocrx_word' id='word_1_875' title='bbox 3246 5331 3628 5401; x_wconf 87' lang='lat' dir='ltr'><strong>inchoaveris,</strong></span> <span class='ocrx_word' id='word_1_876' title='bbox 3662 5333 3733 5389; x_wconf 89' lang='lat' dir='ltr'><strong>ad</strong></span> 
     </span>
    </p>
   </div>
   <div class='ocr_carea' id='block_1_116' title="bbox 2083 5453 3732 5528">
    <p class='ocr_par' dir='ltr' id='par_1_116' title="bbox 2083 5453 3732 5528">
     <span class='ocr_line' id='line_1_116' title="bbox 2083 5453 3732 5528; baseline 0.002 -18"><span class='ocrx_word' id='word_1_877' title='bbox 2083 5454 2367 5528; x_wconf 11' lang='lat' dir='ltr'><strong>vide._Utﬁ</strong></span> <span class='ocrx_word' id='word_1_878' title='bbox 2422 5459 2618 5528; x_wconf 84' lang='lat' dir='ltr'><strong>autem</strong></span> <span class='ocrx_word' id='word_1_879' title='bbox 2686 5453 3060 5528; x_wconf 78' lang='lat' dir='ltr'><strong>sequentium</strong></span> <span class='ocrx_word' id='word_1_880' title='bbox 3123 5471 3369 5528; x_wconf 84' lang='lat' dir='ltr'><strong>sensus</strong></span> <span class='ocrx_word' id='word_1_881' title='bbox 3415 5461 3732 5528; x_wconf 88' lang='lat' dir='ltr'><strong>constaret,</strong></span> 
     </span>
    </p>
   </div>
   <div class='ocr_carea' id='block_1_117' title="bbox 2085 5525 3732 5660">
    <p class='ocr_par' dir='ltr' id='par_1_117' title="bbox 2085 5525 3732 5660">
     <span class='ocr_line' id='line_1_117' title="bbox 2085 5525 3732 5660; baseline 0.004 -78"><span class='ocrx_word' id='word_1_882' title='bbox 2085 5525 2481 5660; x_wconf 50' lang='grc' dir='ltr'><strong>Ξιὲιὲιθηάυω</strong></span> <span class='ocrx_word' id='word_1_883' title='bbox 2511 5526 2622 5586; x_wconf 82' lang='lat' dir='ltr'><strong>fuit</strong></span> <span class='ocrx_word' id='word_1_884' title='bbox 2648 5525 2791 5603; x_wconf 76' lang='lat' dir='ltr'><strong>vide,</strong></span> <span class='ocrx_word' id='word_1_885' title='bbox 2821 5525 2910 5587; x_wconf 87' lang='lat' dir='ltr'><strong>vel</strong></span> <span class='ocrx_word' id='word_1_886' title='bbox 2952 5525 3175 5606; x_wconf 84' lang='lat' dir='ltr'><strong>aliquid</strong></span> <span class='ocrx_word' id='word_1_887' title='bbox 3219 5527 3412 5591; x_wconf 86' lang='lat' dir='ltr'><strong>simile</strong></span> <span class='ocrx_word' id='word_1_888' title='bbox 3454 5525 3732 5608; x_wconf 57' lang='lat' dir='ltr'><strong>supplené</strong></span> 
     </span>
    </p>
   </div>
  </div>
