4034 6172
377 309 494 369 335

1293 291 1673 367 ΒᾹἸἪΕΒῙῙ
1719 284 1965 365 arise."
2011 288 2299 379 Vnao'N.
2347 292 2521 363 ore.
2564 290 2866 363 PARS‘I.

3633 296 3739 362 336

372 442 587 497 calcem
617 439 936 511 perducere
960 439 1156 496 valcas
1179 439 1439 513 [subaudi
1468 438 1599 509 iter]
1630 436 1861 509 optimm
1892 453 2020 509 per-
2050 438 2106 505 Α
2136 452 2250 490 non
2285 439 2374 491 est
2405 451 2688 490 numerus
2710 434 2881 508 (Psal.
2905 450 3025 502 CIII,
3045 433 3159 506 25),
3183 431 3371 488 navim
3391 431 3568 488 adhuc
3594 436 3739 491 tuam

371 527 655 586 factionis.
689 528 995 586 Incassum
1041 530 1258 602 quippe
1301 534 1422 585 tam
1472 543 1775 583 summum
1807 526 2029 582 bonum

368 617 670 690 incipitur,
693 618 743 674 si
777 623 911 675 ante
943 619 1120 674 ﬁnem
1144 619 1478 685 deseratur;
1514 632 1621 672 nec
1651 615 1709 672 in
1744 614 2031 672 sacriﬁcio

369 706 600 762 Domini
630 711 869 777 accepta
896 712 986 764 est
1014 706 1228 775 hostia,
1255 705 1304 762 si
1349 705 1598 762 defuerit
1627 705 1817 762 cauda
1840 704 2029 777 (Levit.

373 813 456 864 III,
480 795 555 868 ἓν).
579 795 794 852 Tacitis
818 797 992 853 etiam
1017 796 1263 852 fratrum
1296 794 1683 862 indumentis,
1704 793 1921 867 Joseph
1944 796 2035 848 tu-

376 884 510 959 nica
555 884 838 957 polymita
877 884 1125 940 refertur
1153 888 1209 941 et
1242 883 1447 941 talaris
1479 883 1631 955 (Gen.
1655 899 1869 951 xxxvu,
1902 882 1991 952 23)
2018 899 2031 937 :

378 972 660 1046 polymita
689 977 925 1046 propter
951 973 1371 1039 diversitatem,
1400 971 1603 1028 talaris
1636 977 1870 1045 prepter
1898 987 2034 1027 con-

381 1061 860 1118 summationem.
886 1062 1107 1130 Quibus
1140 1067 1344 1118 contra
1372 1061 1661 1134 Propheta
1691 1060 1889 1133 impiis
1922 1061 2037 1117 im-

382 1151 675 1224 precando
704 1168 717 1207 :
742 1153 923 1220 Fiant,
955 1151 1168 1224 inquit,
1198 1152 1343 1207 sicut
1369 1152 1560 1223 femm
1587 1154 1847 1206 tectorum
1864 1148 2036 1222 (Psal.

388 1257 618 1308 CXXVIII,
649 1239 706 1311 6)
743 1257 756 1296 :
790 1239 1021 1312 illeque,
1047 1240 1149 1312 qui
1186 1239 1590 1296 laborantibus
1620 1239 1693 1295 ad
1729 1254 2040 1311 vesperum

386 1327 693 1384 denarium
720 1328 960 1384 reddere
984 1328 1417 1398 consuevit:Qui
1429 1330 1853 1400 perseveraverit
1870 1342 2042 1400 usque

386 1419 446 1473 in
477 1417 660 1487 finem,
685 1418 775 1472 hic
802 1418 987 1472 salvus
1015 1420 1122 1473 erit
1148 1417 1360 1489 (Matth.
1383 1435 1440 1487 x,
1463 1418 1574 1485 2t).
1602 1415 1875 1488 Milleque
1906 1415 2041 1470 hinc

390 1509 701 1560 occurrunt
732 1506 1088 1573 testimonia,
1118 1507 1333 1578 quibus
1382 1509 1744 1562 monstratur
1791 1504 1871 1561 nil
1906 1505 2039 1561 boni

386 1593 574 1649 valere
605 1593 791 1659 initia,
820 1594 867 1650 si
901 1594 1052 1650 desit
1081 1595 1359 1666 perfectio
1391 1599 1612 1651 sancta.
1637 1594 2043 1650 Commonet‘a-

388 1682 500 1738 ciat
524 1682 722 1754 itaque
752 1684 823 1739 ad
850 1700 1086 1740 summa
1114 1684 1395 1740 nitentem
1427 1684 1690 1739 animum
1723 1682 2043 1740 similitudo

386 1771 485 1827 illa
537 1771 791 1841 Domini,
826 1789 1004 1844 quam
1060 1772 1322 1846 protulit,
1359 1778 1423 1827 ut
1482 1773 1541 1827 in
1593 1773 1784 1828 verbis
1831 1772 2123 1873 legiturB

386 1860 682 1933 Evangelii
722 1879 733 1915 :
768 1862 899 1929 Quis
942 1864 1111 1930 enim,
1142 1861 1434 1933 inquiens,
1456 1862 1638 1916 volens
1668 1864 1867 1916 turrim
1905 1862 2041 1918 aedi-

390 1952 572 2020 ﬁcare,
604 1965 715 2005 non
742 1950 929 2006 sedens
953 1952 1112 2022 prius
1141 1955 1417 2022 computat
1456 1959 1705 2022 sumptus
1737 1953 1831 2022 qui
1860 1967 2043 2007 neres-

391 2039 531 2093 sarii
558 2047 708 2104 sunt,
730 2040 779 2094 si
809 2039 967 2095 habet
998 2039 1067 2095 ad
1092 2038 1524 2111 perﬁciendum?
1544 2056 1614 2094 ne
1639 2040 1778 2110 forte
1806 2056 1929 2095 cum
1955 2057 2047 2112 po-

392 2128 563 2182 suerit
592 2126 1035 2199 fundamentum,
1067 2135 1118 2183 et
1144 2144 1255 2182 non
1289 2129 1527 2199 potuerit
1556 2128 1831 2199 perﬁcere,
1863 2144 2046 2184 omnes

392 2217 488 2288 qui
516 2215 768 2282 viderint,
802 2217 1077 2287 incipiant
1118 2215 1350 2272 illudere
1391 2218 1444 2272 ei
1485 2217 1721 2272 dicentes
1750 2234 1768 2271 :
1799 2219 1929 2289 quia
1958 2218 2049 2275 hic

391 2305 548 2360 homo
576 2304 1054 2377 caepitzediﬁcare,
1074 2309 1123 2361 et
1153 2322 1263 2361 non
1289 2307 1471 2376 potuit
1497 2322 1874 2362 consummare
1893 2307 2044 2379 (Luc.

390 2410 505 2461 XIV,
529 2393 642 2465 28).
669 2394 830 2457 Quod
852 2398 1039 2450 totum
1066 2394 1197 2450 ideo
1221 2398 1451 2450 constat
1481 2394 1795 2467 prolatum,
1812 2399 1875 2451 ut
1895 2395 2047 2452 scias

388 2482 757 2539 commodius
787 2498 936 2551 esse,
972 2482 1293 2555 quemlibet
1324 2483 1383 2537 in
1417 2483 1552 2539 imis
1583 2500 1710 2540 sese
1744 2484 2049 2541 humiliter

388 2570 790 2644 comprimere,
824 2588 1002 2643 quam
1032 2571 1362 2627 inconsulte
1400 2588 1635 2627 summa
1662 2576 1908 2644 tentare,
1941 2590 2048 2630 nec

388 2659 785 2731 adipiscendo,
817 2660 1141 2715 verecunde
1185 2660 1451 2728 deﬁcere,
1495 2660 1922 2732 spectatoribus
1952 2678 2046 2717 oc-

384 2748 684 2803 casionem
728 2746 1017 2803 irrisiouis
1061 2748 1334 2820 praebere.
1368 2749 1439 2803 Et
1469 2747 1705 2820 quidem
1738 2749 2046 2820 providen-

390 2836 534 2891 dum
564 2850 957 2907 summopere,
981 2852 1073 2903 ne,
1098 2835 1241 2890 dum
1271 2853 1304 2891 a
1326 2835 1496 2891 bonis
1528 2837 1941 2892 communibus
1973 2838 2044 2893 ad

391 2941 478 2992 ea,
502 2940 628 2996 qua:
651 2922 974 2979 multorum
995 2922 1147 2979 vires
1180 2928 1478 2996 superant,
1503 2924 1826 2996 improvide
1857 2926 2047 2998 quivis

392 3012 622 3079 nititur,
646 3027 752 3066 nec
796 3011 1220 3084 perseverando
1251 3012 1322 3067 ad
1374 3011 1430 3066 id
1480 3012 1739 3084 pervenit
1770 3015 1921 3085 quod
1960 3014 2045 3069 in-

392 3100 654 3156 choando
685 3105 952 3168 conatur,
974 3099 1274 3173 contingat
1294 3100 1377 3155 illi
1402 3101 1557 3172 quod
1586 3101 1644 3156 in
1666 3102 1772 3157 Job
1792 3102 2041 3177 legitur:

2140 540 2267 580 csse
2289 523 2689 591 considerans,
2710 522 2954 580 sollicite
2976 523 3285 579 draconem
3290 527 3742 594 ,moneo,caveto.

2142 613 2330 670 lllude
2356 612 2428 681 ei,
2452 617 2769 686 antequam
2790 611 2916 686 ipse
2938 611 3064 669 tibi.
3090 610 3370 685 Regulum
3393 610 3407 684 [
3414 610 3467 666 id
3483 615 3558 667 est
3576 612 3748 667 basili-

2143 709 2329 771 scum]
2363 702 2420 758 in
2453 703 2581 776 ipso
2624 702 2751 758 visu
2793 701 3136 759 intentionis
3168 701 3423 758 observa.
3453 699 3594 757 Scito
3638 701 3752 772 ejus

2143 797 2416 848 naturam
2446 808 2598 859 esse,
2620 795 2687 847 ut
2717 807 2851 848 cum
2882 791 3042 864 prior
3067 788 3361 847 hominem
3385 790 3576 845 videns
3601 789 3755 845 inter-

2146 881 2323 949 ficiat,
2358 882 2482 954 ipse
2514 897 2746 954 quoque
2775 881 2902 937 visu
2935 879 3191 937 hominis
3225 878 3540 954 prazventus
3566 878 3761 934 interﬁ-

2147 968 2353 1024 ciatur.
2379 969 2667 1043 Linguam
2710 984 2942 1042 quoque
2982 969 3223 1042 vipereae
3253 967 3630 1042 suggestionis
3656 966 3758 1023 sol-

2148 1056 2306 1114 licite
2333 1057 2604 1130 praavide,
2617 1062 2674 1114 et
2699 1074 2948 1131 surgens
2968 1073 3210 1130 pravum
3231 1073 3376 1129 opus
3398 1048 3664 1130 aspidalis
3690 1055 3765 1111 in-

2149 1146 2479 1203 choationis
2494 1146 2717 1204 valebis
2738 1152 3232 1219 necare.Cumque
3255 1146 3508 1203 hominis
3535 1146 3763 1220 primam

2150 1235 2401 1292 frontem
2451 1236 2868 1293 monstraveris
2914 1236 2975 1292 in
3023 1234 3309 1309 principio
3356 1236 3562 1308 operis,
3591 1239 3769 1310 satage

2151 1341 2224 1381 ne
2254 1325 2314 1380 in
2343 1325 2593 1383 bestiam
2625 1326 2899 1383 desinens
2941 1324 3358 1382 irrationabilis
3389 1323 3768 1394 exsecutionis,

2153 1418 2418 1470 monstro
2440 1415 2881 1471 monoccntauri
2905 1414 3143 1471 noteris.
3161 1412 3666 1487 Congregationem
3684 1412 3776 1487 by-

2153 1502 2388 1574 pocritm
2434 1503 2690 1560 sterilem
2740 1521 2875 1560 cave
2927 1504 3042 1576 (Job
3071 1520 3164 1571 xv,
3186 1505 3303 1572 24).
3330 1502 3616 1576 Scriptum
3659 1506 3778 1558 ante

2156 1592 2336 1647 solem
2368 1593 2516 1663 (380)
2558 1593 2897 1649 humectum
2951 1593 3011 1649 in
3055 1597 3184 1649 ortu
3229 1593 3360 1665 ejus
3387 1593 3507 1667 (Job
3536 1609 3650 1658 VIII,
3681 1591 3779 1663 16),

2156 1684 2415 1737 arentem
2466 1682 2675 1738 devita.
2710 1683 3010 1739 Fecundas
3059 1681 3319 1754 quidem,
3367 1682 3467 1738 sed
3513 1680 3782 1754 neglectas

2154 1770 2299 1826 vites
2350 1772 2618 1843 conspice
2650 1790 2682 1828 a
2712 1771 2916 1827 bestiis
2965 1775 3021 1827 et
3065 1770 3401 1827 volatilibus
3445 1768 3785 1827 voluntarius

2157 1858 2484 1915 conculcari
2523 1878 2698 1932 quam
2731 1860 2977 1917 steriles.
3003 1862 3242 1916 Terram
3275 1861 3508 1917 duabus
3549 1875 3618 1915 ne
3661 1856 3787 1914 velis

2156 1949 2383 2020 ingredi
2408 1948 2515 2004 viis
2548 1949 2733 2022 (Ereti.
2760 1966 2842 2018 III,
2870 1951 2984 2018 28),
3007 1949 3146 2004 dum
3178 1954 3235 2005 et
3266 1950 3420 2005 bona
3469 1949 3564 2004 Dei
3610 1960 3786 2002 amore

2158 2037 2321 2104 facis,
2346 2042 2404 2093 et
2433 2036 2660 2110 placere
2700 2037 3038 2093 hominibus
3087 2037 3298 2094 exinde
3328 2037 3515 2110 cupis.
3547 2035 3790 2092 Thesau-

2156 2141 2288 2180 rum
2320 2126 2551 2198 publice
2580 2126 2637 2181 in
2669 2126 2763 2184 via
2794 2144 2864 2183 ne
2905 2126 3078 2197 feras,
3106 2144 3179 2182 ne
3230 2145 3263 2183 a
3309 2124 3671 2195 latrunculis,
3702 2122 3790 2197 qui

2153 2214 2310 2269 viam
2350 2215 2638 2285 obsident,
2673 2215 3146 2288 deprzedantibus
3185 2217 3424 2290 perdas.
3455 2216 3701 2273 Ventum
3729 2229 3795 2269 ne

2156 2308 2356 2375 captes
2378 2304 2634 2373 inanem,
2662 2306 2813 2361 unde
2839 2304 3113 2361 aeternam
3137 2305 3318 2362 debes
3349 2305 3643 2378 percipere
3661 2319 3796 2359 mero

2158 2393 2377 2448 cedem.
2413 2395 2565 2449 Inter
2594 2395 2793 2449 omnia
2839 2394 2994 2450 enim
3045 2393 3420 2451 milleformis
3452 2398 3510 2451 et
3534 2391 3798 2450 tortuosis

2157 2482 2402 2538 ﬂexibus
2423 2482 2931 2539 innumerabiliter
2947 2483 3165 2539 sinuati
3183 2483 3478 2557 serpentis
3498 2499 3703 2557 genera
3721 2497 3799 2536 as-

2156 2570 2697 2640 tutiarum,cautius
2710 2572 3135 2627 observandum
3151 2573 3385 2629 noveris
3402 2571 3799 2644 nullumquam

2155 2656 2360 2714 vitium
2385 2660 2710 2715 cenodoxiaa
2742 2660 3089 2732 pessimum.
3110 2660 3229 2717 Hoc
3255 2661 3421 2717 enim
3451 2661 3537 2717 ita
3556 2657 3803 2717 subtilis-

2157 2747 2306 2804 sime
2337 2747 2397 2803 in
2430 2753 2765 2804 sanctorum
2797 2748 2983 2804 utitur
3024 2749 3484 2823 expugnatione,
3518 2752 3583 2805 ut
3612 2747 3720 2804 nisi
3748 2762 3804 2803 se

2157 2838 2412 2892 caverint
2440 2836 2912 2909 vigilantissime,
2942 2842 2999 2894 et
3036 2837 3454 2895 latrocinantis
3486 2837 3669 2906 dolos,
3701 2853 3805 2891 non

2157 2924 2286 2980 dico
2318 2925 2375 2979 in
2408 2925 2747 2994 intentione,
2775 2930 2831 2982 et
2852 2926 2909 2981 in
2936 2927 3275 2984 omnimodo
3305 2928 3555 2984 actionis
3584 2939 3808 2999 corpore

2156 3013 2393 3086 provide
2450 3015 2777 3070 curaverint
2832 3015 3290 3088 deprehendere,
3356 3017 3676 3091 improvise
3717 3030 3808 3071 eos

2155 3102 2510 3174 percutiens,
2535 3103 2794 3174 [subaudi
2822 3104 2991 3177 solet]
3032 3107 3269 3178 gravius
3306 3106 3441 3180 ipsa
3474 3106 3686 3161 virtute
3713 3105 3808 3159 de-

391 3191 533 3258 Quia
570 3204 751 3245 omnes
797 3190 895 3260 qui
934 3205 1061 3245 eum
1107 3170 1363 3257 viderint,
1405 3170 1604 3255 dicent,
1637 3191 1735 3246 ubi
1763 3170 1880 3247 est?
1906 3193 2038 3263 (Job.
2073 3170 2118 3240 α
2150 3170 2350 3261 jicere,
2372 3170 2553 3264 quam
2578 3191 2762 3248 soleat
2783 3192 2940 3250 vitiis
2960 3170 3370 3266 supplantare.
3393 3197 3562 3251 Tunc
3584 3195 3808 3251 demum

386 3296 576 3345 xxxvr,
598 3276 1010 3346 25.)Videlicet
1040 3278 1178 3350 quia
1228 3295 1334 3334 nec
1389 3277 1501 3345 hic,
1527 3279 1624 3334 ubi
1659 3282 2048 3339 communiter

387 3384 521 3423 cum
563 3364 785 3422 caeteris
834 3366 980 3422 bene
1032 3366 1241 3432 valere,
1274 3383 1381 3422 nec
1429 3366 1549 3421 illic
1596 3367 1909 3437 invenitur,
1945 3370 2045 3425 ubi

382 3454 749 3511 transcensis
779 3453 912 3511 aliis
950 3453 1346 3528 singulariter
1373 3453 1534 3511 visus
1581 3461 1670 3512 est
1716 3457 2041 3516 festinasse.

382 3544 732 3616 Multiplices
779 3542 933 3599 inter
962 3543 1087 3599 haec
1134 3543 1498 3615 subtilesque
1529 3544 1775 3601 nimium
1829 3546 2044 3603 diaboli

382 3634 628 3690 insidias
659 3632 928 3688 convenit
981 3632 1360 3699 considerari,
1395 3633 1672 3689 invidiam
1707 3636 1833 3705 ejus
1865 3637 2047 3692 maxi-

385 3738 567 3787 mam,
602 3720 870 3790 hancque
901 3719 1080 3775 veluti
1132 3721 1363 3792 proprie
1404 3720 1521 3776 illis
1550 3721 1868 3792 intendere,
1898 3741 2047 3796 quos

391 3811 462 3863 ad
495 3806 842 3863 sublimiora
868 3807 1080 3862 viderit
1119 3808 1414 3864 festinare.
1437 3814 1506 3864 Se
1532 3810 1687 3865 enim
1713 3811 1915 3868 videns
1947 3813 2046 3869 de-

393 3897 627 3967 lapsum
660 3894 731 3949 ad
762 3894 902 3961 ima,
926 3894 1081 3950 dolet
1110 3895 1503 3964 indicibiliter,
1528 3898 1761 3968 quando
1789 3887 2046 3971 aliquem

397 3982 561 4041 evehi
593 3982 921 4038 considerat
946 3983 1017 4037 ad
1049 3998 1281 4054 supera.
1309 3983 1520 4040 Tribus
1552 3986 1767 4058 quippe
1797 3988 2049 4045 obsidio-

397 4088 542 4129 num
571 4069 883 4144 generibus
908 4070 1119 4126 borum
1142 4088 1624 4145 unumquemque
1644 4076 1905 4146 quotidie
1929 4095 2045 4134 non

396 4165 589 4218 cessat
616 4159 851 4227 vallare,
878 4159 936 4213 in
976 4158 1143 4215 initio
1192 4160 1417 4216 scilicet
1468 4160 1829 4230 intentionis,
1860 4164 1918 4220 in
1953 4166 2047 4222 iti-

396 4266 533 4307 nere
563 4248 830 4315 actionis,
866 4248 925 4303 in
961 4248 1076 4304 ﬁne
1104 4249 1650 4306 consummationis.

460 4341 552 4394 22.
572 4338 651 4393 De
674 4335 767 4392 his
790 4337 976 4392 tribus
997 4335 1044 4390 si
1076 4353 1177 4409 per
1207 4337 1440 4411 singula
1470 4338 1700 4411 plenius
1721 4341 1887 4414 cupis
1909 4344 2043 4401 edo-

391 4426 528 4494 ceri,
553 4425 733 4482 habes
764 4440 830 4479 ea
862 4424 1365 4483 sufﬁcientissime
1398 4426 1456 4482 in
1492 4416 1810 4486 Meralibus
1829 4432 2043 4506 Grego-

2154 3279 2415 3353 linguam
2446 3280 2635 3352 ipsam
2662 3285 2822 3337 tuam
2856 3282 3325 3355 prudentissime
3357 3284 3667 3357 restringe.
3693 3282 3809 3338 Haec

2154 3370 2333 3438 enim,
2357 3374 2505 3426 teste
2533 3370 2879 3443 Augustino,
2915 3371 2974 3426 in
3006 3375 3236 3428 tantum
3272 3372 3495 3443 facilis,
3524 3377 3583 3430 et
3609 3370 3812 3437 labilis,

2154 3464 2213 3515 et
2243 3461 2314 3515 ad
2347 3460 2736 3529 dejiciendum
2768 3477 2835 3515 ex
2865 3477 2996 3517 arce
3024 3462 3293 3518 animum
3330 3468 3425 3520 est
3467 3461 3736 3536 proclivis
3764 3462 3814 3514 et

2155 3548 2559 3615 efficabilis,ut
2590 3565 2741 3621 saepe
2771 3550 3089 3623 contingat,
3115 3555 3178 3605 ut
3201 3551 3368 3622 quod
3393 3569 3569 3608 mens
3599 3568 3712 3608 non
3734 3565 3817 3605 co-

2156 3637 2322 3710 gitat,
2353 3636 2477 3709 ipsa
2509 3636 2783 3709 loquendi
2834 3637 3110 3695 facilitate
3157 3637 3455 3696 incurrat.
3483 3641 3553 3696 Et
3582 3657 3655 3695 ne
3706 3637 3817 3693 leve

2156 3731 2427 3781 autumcs
2449 3726 2506 3780 in
2533 3727 2707 3781 verbo
2733 3725 2848 3781 labi
2877 3743 3050 3799 saepe,
3072 3727 3232 3795 audi,
3255 3727 3527 3785 Jacobus
3551 3728 3691 3801 quid
3718 3722 3819 3783 tibi

2156 3816 2310 3870 dicat
2340 3813 2641 3887 apostolus
2672 3815 2997 3887 praecipue:
3022 3815 3083 3870 Si
3110 3818 3234 3887 quis
3277 3834 3341 3873 se
3385 3826 3556 3891 putat
3601 3817 3818 3885 religio-

2153 3921 2276 3960 sum
2305 3919 2412 3960 esse
2444 3919 2555 3958 non
2604 3906 2891 3975 refrenans
2919 3905 3173 3974 tinguam
3200 3906 3389 3976 suam,
3425 3907 3524 3963 sed
3570 3907 3821 3964 seducem

2153 4009 2246 4049 cor
2270 4010 2451 4058 suum,
2484 3992 2647 4064 hujus
2684 4010 2827 4048 vana
2874 4000 2952 4048 est
2987 3995 3185 4064 religio
3217 3994 3354 4067 (Jac.
3395 4014 3435 4064 ι,
3468 3997 3585 4067 26).
3622 3997 3693 4052 Et
3720 3993 3821 4050 ali-

2154 4081 2210 4137 bi
2246 4100 2259 4139 :
2294 4083 2506 4152 Lingua
2552 4083 2858 4153 inquietum
2906 4082 3139 4154 malum,
3166 4084 3339 4154 plena
3380 4101 3596 4142 veneno
3635 4083 3823 4140 morti-

2151 4175 2269 4243 fero
2297 4172 2432 4242 (Jac.
2462 4188 2547 4237 III,
2576 4173 2653 4239 8).
2688 4172 2945 4244 Itemque
2979 4188 2992 4226 :
3033 4172 3172 4228 Mors
3201 4179 3251 4227 et
3280 4176 3406 4230 vita
3461 4177 3527 4231 in
3569 4176 3825 4230 manibus

2153 4261 2365 4328 linguae
2390 4262 2575 4328 (Prov.
2608 4277 2762 4328 xvm,
2792 4261 2903 4332 2i).
2939 4260 3316 4333 Rursumque
3352 4265 3443 4319 :In
3472 4262 3824 4335 multiioquio

2145 4352 2427 4420 peccatum
2474 4365 2584 4404 non
2621 4348 2793 4405 deerit
2825 4351 3006 4419 (Prov.
3034 4367 3090 4419 x,
3126 4350 3235 4423 19).
3274 4348 3660 4426 Pulchreque
3704 4349 3827 4424 qui-

2151 4438 2287 4493 dam
2333 4441 2665 4495 nostrorum
2716 4438 2945 4495 duobus
2994 4439 3289 4511 adjunctis
3322 4440 3483 4514 (381)
3521 4459 3535 4496 :
3569 4439 3828 4497 Nullate-

390 4515 660 4608 rii‘.Quod
685 4514 732 4569 si
756 4514 1154 4608 obstinatomt
1173 4517 1936 4587 optamus,animo,dictum
1961 4540 2044 4580 re-
2068 4540 2118 4608 D
2153 4544 2285 4595 nus,
2315 4527 2414 4596 ait,
2439 4527 2572 4600 quis
2619 4526 2828 4583 salvari
2862 4528 3159 4600 putandus
3189 4532 3300 4597 est,
3337 4530 3625 4602 quandiu
3676 4529 3831 4586 inor-

390 4604 712 4659 miniscens
737 4618 750 4655 :
776 4603 884 4669 Qui
902 4603 1146 4659 observat
1166 4609 1366 4668 ventos,
1390 4620 1501 4660 non
1522 4607 1675 4662 180
1695 4609 1963 4676 seminat;
1989 4618 2040 4668 et

389 4694 486 4764 qui
512 4690 817 4746 considerat
846 4691 1013 4745 nubes
1039 4708 1149 4761 non
1177 4694 1332 4747 metit
1363 4694 1552 4766 (Eccle.
1588 4712 1665 4761 XI,
1700 4698 1782 4765 li);
1829 4698 2036 4772 hujus-

389 4779 548 4835 modi
571 4776 729 4833 adire
749 4776 1039 4833 luctamen
1073 4779 1374 4837 interritus
1393 4782 1720 4851 desideras;
1745 4802 1881 4843 cave
1903 4793 2037 4845 ante

388 4867 607 4935 omnia,
631 4883 702 4921 ne
724 4864 862 4938 quid
885 4871 1203 4935 terrenum,
1223 4885 1292 4922 ne
1314 4869 1454 4940 quid
1478 4869 1773 4939 secuturo,
1799 4892 1868 4929 ne
1894 4877 2032 4948 quid

387 4954 632 5011 bestiale
655 4954 711 5008 in
738 4960 836 5010 tuo
863 4954 1111 5010 resideat
1132 4958 1302 5011 corde
1327 4973 1340 5013 :
1364 4960 1543 5013 Bestia
1563 4961 1712 5015 enim
1731 4964 1783 5016 si
1800 4965 2037 5034 tetigerit

385 5049 644 5109 montem,
669 5043 1009 5115 lapidabitur
1027 5044 1228 5112 (Exod.
1248 5063 1361 5111 XIX,
1384 5047 1492 5115 12).
1516 5048 1653 5103 Inde
1680 5049 1783 5105 hoc
1806 5051 1862 5106 in
1888 5054 2034 5109 mari

387 5150 598 5207 magno
648 5137 705 5188 et
751 5132 1027 5205 spatioso,
1062 5133 1119 5187 in
1152 5150 1267 5204 quo
1314 5141 1453 5190 sunt
1499 5136 1747 5209 reptilia,
1781 5157 2031 5212 quorum

455 5239 601 5310 (380)
624 5238 855 5312 Vulgaﬁti
909 5237 1063 5293 mala
1115 5239 1582 5312 interpunctione
1634 5249 1692 5300 et
1752 5249 2034 5305 mendosa

383 5311 626 5367 lectione
657 5311 949 5366 habebant
977 5326 1107 5366 cave
1152 5311 1413 5383 scriptum
1456 5323 1584 5370 ante
1627 5318 1812 5372 solem.
1848 5319 2033 5376 Inter-

383 5382 778 5456 punctionem,
804 5388 860 5436 et
887 5399 1104 5450 veram,
1147 5384 1204 5456 ni
1258 5382 1571 5456 credimus,
1604 5384 1908 5445 lectionem
1942 5409 2030 5448 re-

382 5454 705 5521 stituimus,
730 5470 907 5527 quam
941 5454 1282 5527 comprobat
1302 5455 1464 5512 locus
1482 5456 1614 5524 Job,
1639 5458 1733 5513 cui
1766 5459 1860 5516 hic
1889 5461 2033 5518 allu-

379 5526 557 5582 ditur.
617 5524 879 5603 Nunquid
930 5524 1151 5603 γενεῆς-
1174 5531 1345 5603 potest
1401 5530 1612 5603 scirpus
1670 5529 1872 5603 absque
1927 5534 2030 5591 hu-

376 5613 546 5662 more.
571 5640 584 5658 .
606 5636 622 5658 .
642 5639 658 5659 .
682 5640 693 5657 .
717 5596 1009 5660 Humeetus
1059 5596 1294 5672 videtur,
1339 5596 1635 5677 antequam
1683 5596 1871 5662 veniat
1926 5606 2028 5679 sol,

2149 4616 2366 4672 dinatis
2398 4616 2661 4672 moribus
2684 4615 2994 4685 adhmrere,
3019 4618 3407 4689 supervacuis
3439 4619 3646 4675 verbis
3676 4616 3829 4673 dele-

2149 4707 2311 4772 ctari,
2326 4704 2680 4760 turbulentis
2699 4704 3151 4777 cogitationibus
3170 4722 3283 4762 non
3299 4707 3492 4765 timet
3509 4706 3830 4765 devastari.

2146 4794 2262 4849 Deo
2294 4798 2487 4849 antem
2533 4793 2770 4865 gratias.
2805 4794 2946 4849 Ecce
2973 4793 3128 4849 enim
3161 4794 3359 4851 subito
3414 4800 3477 4852 et
3527 4796 3716 4853 veluti
3763 4810 3832 4851 ex

2146 4882 2460 4954 improviso
2493 4883 2630 4936 dum
2665 4882 2929 4937 cavenda:
2978 4881 3157 4938 istum
3189 4883 3591 4955 loquacitatis
3643 4882 3835 4959 gratia

2145 4972 2201 5025 in
2238 4970 2638 5026 testimonium
2664 4971 2847 5028 ascire
2867 4972 3013 5027 187
3051 4973 3271 5042 studui,
3292 4976 3507 5030 totum
3541 4990 3700 5047 pene
3731 4989 3831 5028 ne-

2144 5060 2389 5133 gotium,
2424 5060 2577 5131 quod
2622 5058 2823 5115 mullis
2868 5060 3177 5116 verborum
3227 5061 3709 5119 circuitionibus
3739 5060 3834 5116 vix

2144 5166 2315 5221 posse
2336 5151 2673 5221 putaveram
2697 5148 2971 5221 expediri.
2994 5150 3234 5206 confeci.
3252 5148 3359 5206 Vis
3383 5152 3559 5207 enim
3586 5148 3832 5215 salvari,

2140 5265 2191 5312 et
2217 5258 2274 5310 in
2304 5262 2425 5312 ortu
2451 5270 2549 5328 suo
2586 5271 2802 5328 germen
2832 5255 3158 5328 egredietur.
3191 5256 3447 5328 Scirpus
3500 5256 3835 5315 humectus

2142 5332 2231 5385 est
2248 5328 2465 5396 juncus
2496 5326 2797 5383 humidus.
2866 5326 2873 5328 ⁷
3319 5326 3340 5328 ί
3524 5348 3547 5365 .

2212 5400 2361 5481 (βω)
2389 5398 2605 5481 Duobus
2644 5398 2914 5481 adjunctis
2940 5397 3153 5481 inquit,
3185 5399 3325 5472 quia
3383 5415 3670 5481 sequens
3699 5415 3837 5481 sen-

2139 5471 2326 5545 tentia
2357 5488 2469 5545 non
2503 5469 2693 5545 solum
2726 5471 2799 5525 de
2821 5469 3081 5545 peccatis
3110 5469 3349 5545 linguae,
3387 5469 3733 5545 sed__etiam
3767 5470 3840 5527 de

2139 5541 2271 5597 aliis
2297 5541 2528 5598 duobus
2556 5539 2711 5595 vitiis
2740 5539 2883 5607 agit,
2915 5539 3229 5598 nimirum'
3242 5543 3311 5599 de
3344 5542 3645 5600 moribus
3674 5542 3839 5601 inor-

2138 5613 2375 5685 dinatis,
2408 5612 2560 5671 etde
2588 5610 2945 5672 turbuientis
2974 5613 3467 5689 cogitationibus.
