4054 6190
350 294 473 364 337

1275 310 1923 389 PRELOQUIORUM
1963 313 2172 382 LIBRI
2217 318 2393 385 SEX.
2424 354 2502 368 —
2540 319 2692 389 LIB.
2735 322 2837 390 Vl.

353 432 741 510 remunerari,
771 440 830 495 et
858 438 1166 499 coronari?
1193 444 1343 502 Dum
1390 462 1559 504 caves
1601 446 1674 505 ab
1722 447 1998 523 operibus
2025 453 2083 522 Α
2111 448 2353 511 alterius
2383 451 2631 514 factione
2659 454 2816 516 hunc
2846 456 3074 518 vivendi
3106 459 3372 520 ordinem
3417 459 3635 522 imitari
3665 479 3754 523 co-

351 525 723 627 inordinatis,
757 545 929 601 parce
960 534 1018 587 et
1046 548 1080 588 a
1107 534 1297 591 verbis
1337 538 1736 610 supervacuis,
1770 540 2000 598 contine
2109 546 2285 616 gatur
2315 542 2435 600 sive
2466 550 2642 615 certo,
2675 547 2793 606 sive
2822 550 2982 606 omni
3036 554 3298 626 tempore
3343 553 3474 610 vitae
3500 573 3514 624 ;
3539 556 3663 627 jam
3693 556 3753 614 in

349 620 405 673 te
435 620 493 672 et
523 634 557 672 a
580 616 1029 691 cogitationibus
1060 622 1403 693 immundis,
1439 644 1682 701 sequere
1711 628 1997 688 inoll‘enso
2107 633 2530 705 posterioribus
2559 635 2643 691 illi
2676 654 2769 694 me
2798 640 2968 696 credo
3001 616 3372 699 satisfecisse.
3393 616 3642 717 Hic'j'am
3673 644 3756 701 nil

347 706 495 781 pede
526 707 719 779 operis
749 724 948 764 vocem
988 710 1220 768 Domini
1249 716 1548 773 vocantis:
1583 719 1691 786 Qui
1715 720 1882 787 enim,
1917 720 1998 775 ait
2106 720 2364 793 amplius
2394 725 2565 780 credo
2597 726 2813 782 residui
2849 728 2962 784 nisi
2992 729 3101 787 hoc
3132 732 3406 804 adjicere,
3435 738 3500 790 ut
3514 706 3577 791 ἐἰ
3607 736 3754 792 forte

346 796 493 869 ipse,
524 797 645 852 vult
680 805 801 868 post
838 815 926 855 me
950 802 1154 870 venire,
1186 803 1413 874 abneget
1441 808 1805 879 semetipsum,
1837 810 1996 865 tollat
2103 809 2176 865 ab
2207 809 2315 865 hac
2346 813 2691 870 necessitate
2721 833 2856 872 cum
2899 817 2999 873 Dei
3031 796 3223 892 gratia
3264 796 3563 896 contingat
3609 823 3750 879 libe-

342 902 562 942 crucem
604 902 782 959 suam,
813 892 867 943 et
910 899 1171 961 sequatur
1215 909 1304 950 me
1343 895 1495 963 (Luc.
1547 912 1623 965 ix,
1655 897 1767 967 23).
1814 898 1991 970 Sequi

343 974 629 1043 autem,id
659 978 748 1031 est
774 974 993 1032 imitari
1022 978 1318 1036 Christum
1355 983 1613 1053 [subaudi
1638 986 1770 1057 est],
1785 987 1988 1043 eadem

342 1080 462 1137 qua
488 1064 614 1136 ipse
646 1065 839 1137 pergit
866 1067 961 1122 via
991 1067 1083 1151 ire
1102 1074 1238 1142 post
1267 1070 1463 1144 ipsum
1498 1091 1510 1129 :
1544 1075 1699 1146 quod
1751 1080 1842 1132 est
1869 1094 1987 1133 non

290 1154 303 1162 ’
340 1154 567 1211 ambire
598 1157 845 1222 terrena,
878 1172 993 1211 non
1026 1158 1247 1218 caduca
1286 1162 1494 1218 sectari
1524 1163 1706 1235 lucra,
1736 1164 1987 1222 honores

339 1242 634 1299 declinare
663 1242 763 1301 inti
773 1245 1334 1314 mos;adversitatem
1360 1267 1459 1306 mu
1471 1252 1606 1324 ndiq
1616 1269 1685 1308 ue
1697 1258 1990 1328 contemp-

328 1335 471 1389 .tum
504 1348 608 1407 pro
640 1348 838 1389 amore
866 1333 995 1405 ejus
1023 1333 1274 1393 libenter
1301 1339 1836 1412 amplecti;cunctis
1856 1360 1989 1414 pro-

340 1421 531 1490 desse,
564 1422 739 1479 etiam
786 1422 942 1479 ultra
988 1424 1160 1493 vires,
1193 1426 1375 1496 velle;
1410 1428 1657 1500 injurias
1698 1430 1844 1485 nulli
1894 1432 1988 1487 in-

328 1508 509 1576 ferre,
553 1527 589 1566 a
633 1512 839 1583 quovis
884 1517 1084 1569 autem
1138 1513 1332 1573 illatas
1382 1517 1675 1588 patienter
1722 1519 1985 1588 sufferre,

330 1596 480 1672 ipsis
506 1615 740 1673 quoque
787 1600 1194 1671 inferentibus,
1219 1604 1605 1673 beneficia,'si
1652 1611 1743 1664 est
1791 1609 1982 1678 unde;

329 1686 425 1743 sin
455 1686 622 1757 alias,
655 1688 916 1745 oratione
946 1690 1152 1746 sedula
1199 1691 1316 1748 illis
1362 1694 1593 1751 veniam
1643 1696 1979 1768 postulare;

328 1792 715 1851 quoscunque
744 1777 895 1837 valet
923 1795 1123 1836 secum
1152 1781 1226 1836 ad
1258 1798 1516 1839 amorem
1558 1784 1759 1856 patriae
1809 1785 1978 1841 coele-

316 1865 436 1923 stis
453 1866 695 1939 erigere.

396 1957 486 2013 23.
519 1955 622 2012 His
647 1956 755 2029 pia:
784 1955 1102 2014 voluntatis
1132 1959 1440 2015 conatibus
1479 1960 1529 2015 si
1578 1965 1632 2017 te
1661 1961 1722 2017 in
1767 1978 1973 2035 campo

321 2044 492 2119 prius
520 2045 844 2102 exercueris
874 2047 1252 2118 operationis,
1270 2047 1763 2119 invictum,fateor
1790 2050 1973 2108 athle—

318 2140 449 2192 tam
479 2134 815 2208 imperatori
840 2135 989 2206 (383)
1019 2136 1719 2209 palmstritm,editioribus
1750 2145 1973 2214 specta-

312 2224 671 2297 toribusque
697 2224 937 2281 exhibes
966 2226 1216 2294 cunctis,
1250 2228 1569 2285 dummodo
1600 2234 1660 2286 et
1685 2231 1745 2286 in
1775 2231 1889 2299 bis,
1907 2235 1972 2287 ut

310 2314 681 2385 quibusdam
714 2313 1039 2370 miserrime
1064 2315 1325 2388 contigit,
1346 2334 1462 2372 non
1491 2318 1881 2387 defatiscaris,
1914 2324 1973 2375 et

308 2419 558 2476 semper
586 2402 659 2459 ad
707 2402 933 2475 potiora
977 2402 1205 2471 nitaris,
1239 2405 1423 2461 donec
1454 2406 1604 2463 bono
1653 2408 1971 2465 certamine

298 2491 541 2565 optime
569 2494 807 2557 certato,
844 2508 1019 2555 cursu
1054 2491 1298 2549 feliciter
1326 2498 1973 2566 consummatoﬁdein-

302 2580 543 2637 deficue
608 2585 855 2649 servata,
915 2581 1155 2653 perenni
1219 2585 1707 2641 remunerationis
1771 2585 1969 2643 bravio

300 2668 571 2744 gloriose
599 2668 822 2725 diteris.
856 2669 990 2726 Ideo
1014 2675 1261 2741 .autem,
1292 2676 1358 2727 ut
1404 2689 1553 2742 reor,
1597 2674 1725 2743 ipso
1772 2672 1967 2747 dispo-

302 2763 513 2827 nente,
544 2757 606 2815 in
652 2759 823 2830 cujus
854 2775 1034 2815 manu
1066 2775 1277 2816 sumus
1313 2764 1377 2816 et
1417 2778 1524 2818 nos
1568 2766 1626 2817 et
1667 2778 1968 2819 sermones

301 2848 525 2917 nostri,
556 2847 641 2905 ita
670 2848 727 2903 in
758 2847 1001 2921 longum
1034 2849 1320 2920 producta
1359 2853 1449 2906 est
1470 2851 1673 2918 oratio,
1705 2855 1771 2907 ut
1800 2869 1964 2908 mon-

302 2937 516 2995 stratis
543 2936 839 2993 minorum
871 2935 1164 2992 actionum
1197 2937 1619 3009 qualitatumve
1650 2940 1966 3013 proprieta-

302 3027 493 3095 tibus,
522 3026 764 3085 tandem
805 3026 1204 3098 perveniretur
1233 3027 1306 3083 ad
1336 3045 1661 3093 summum,
1691 3046 1865 3102 quem
1897 3035 1961 3086 tu

303 3115 553 3191 aggredi
585 3114 836 3181 conaris,
869 3115 1089 3187 apicem
1117 3119 1699 3188 actuum;quatenus
1730 3118 1801 3174 ab
1823 3118 1961 3174 imis

2102 899 2239 966 rari,
2272 900 2433 955 nullo
2464 919 2723 975 unquam
2757 908 3017 979 tempore
3059 925 3127 963 ex
3173 912 3292 966 toto
3339 916 3639 967 assuetum
3689 912 3750 968 in

2102 988 2440 1058 paenitentia
2470 992 2879 1063 praetermittat
2908 1012 3134 1053 morem
3154 997 3509 1069 vivendi,sed
3541 1001 3747 1058 diebus

2098 1077 2350 1133 residuis
2379 1079 2655 1136 omnibus
2684 1082 2743 1136 in
2775 1084 2905 1154 ejus
2936 1089 3139 1156 pareat
3167 1088 3577 1162 actibus,quod
3609 1106 3745 1146 eum

2096 1165 2220 1222 suis
2252 1165 2497 1224 habenis
2522 1186 2557 1224 a
2587 1169 2905 1242 petulantis
2935 1174 3209 1230 vanitatis
3243 1178 3742 1251 anfractibusjam

2094 1252 2234 1309 olim
2260 1258 2578 1314 coercuerit
2607 1259 2943 1317 misericors
2980 1261 3285 1321 Dominus.
3319 1266 3437 1322 Hoc
3486 1267 3637 1323 facto
3687 1274 3744 1324 et

2096 1342 2371 1400 meritum
2402 1347 2699 1419 acquirere
2728 1348 2925 1417 sibi,et
2951 1350 3272 1423 gratiarum
3303 1354 3589 1411 actionem
3616 1372 3740 1412 ma-

2094 1434 2300 1502 gistro,
2333 1438 2391 1489 ct
2420 1435 2878 1493 satisfactionem
2909 1440 3239 1510 Domino,et
3268 1441 3501 1499 laudem
3529 1445 3741 1501 referre

2094 1517 2386 1576 videbitur
2414 1521 2548 1591 Deo,
2581 1524 2684 1596 qui
2716 1541 2847 1581 eum
2881 1527 2941 1583 in
2984 1531 3258 1599 przesenti
3303 1531 3631 1604 ﬂagellavit,
3667 1550 3739 1590 ne

2094 1606 2154 1661 in
2204 1612 2486 1665 aeternum
2536 1612 2839 1684 perderet;
2889 1617 3287 1688 temporaliter
3334 1620 3629 1689 erudiens,
3673 1627 3740 1678 ut

2090 1697 2432 1770 sempiterni
2482 1700 2644 1773 regni
2692 1701 2937 1775 dignum
2998 1704 3283 1762 haeredem
3333 1709 3734 1766 constitueret.

2004 1829 2055 1894 B
2088 1783 2251 1848 Quod
2283 1788 2332 1842 si
2363 1805 2533 1844 secus
2566 1789 2717 1846 hanc
2750 1793 2933 1848 nostri
2966 1793 3193 1850 consilii
3225 1796 3516 1853 declinare
3538 1798 3590 1854 ei
3621 1798 3740 1872 pla-

2084 1877 2269 1932 cuerit
2297 1877 2473 1947 viam,
2506 1876 2602 1933 ille
2633 1879 2773 1951 quid
2806 1884 2942 1953 agat
2968 1882 3206 1939 viderit:
3227 1901 3335 1941 nos
3356 1890 3551 1942 tamen
3568 1886 3736 1945 valde

2081 1964 2422 2034 metuimus,
2457 1982 2529 2022 ne
2558 1966 2671 2022 sibi
2702 1967 2813 2023 hoc
2857 1968 3122 2026 divinum
3171 1973 3476 2030 conveniat
3520 1992 3731 2049 oppro-

2079 2052 2298 2119 brium,
2332 2053 2472 2126 quia
2501 2071 2617 2110 non
2647 2060 2736 2111 est
2766 2057 3036 2114 inventus
3068 2059 3169 2131 qui
3198 2061 3413 2118 rediret
3461 2069 3517 2119 et
3565 2065 3732 2121 daret

2077 2140 2325 2225 gloriam
2362 2146 2470 2199 beo
2492 2146 2643 2216 (Luc.
2670 2162 2809 2212 xvn,
2840 2145 2958 2218 18);
2984 2151 3043 2203 et
3074 2149 3228 2220 quod
3256 2150 3448 2206 adhuc
3466 2154 3727 2225 gravius,

2079 2222 2382 2287 sententiae
2414 2232 2499 2288 illi
2545 2234 2870 2305 subjaceat,
2900 2252 3081 2308 quam
3131 2238 3285 2295 idem
3327 2222 3609 2298 Dominus
3656 2222 3729 2299 de

2080 2320 2387 2375 immundo
2435 2320 2645 2393 spiritu
2688 2327 2934 2378 exeunte
2984 2326 3135 2395 (Luc.
3170 2344 3247 2392 x1,
3278 2328 3392 2399 24),
3425 2332 3482 2383 et
3524 2334 3728 2386 octeno

2079 2408 2270 2479 capite
2300 2408 2579 2464 redeunte
2609 2411 3145 2468 monstravit.Unde
3176 2417 3232 2469 et
3249 2415 3482 2469 cuidam
3502 2422 3728 2487 sanato,

2080 2496 2160 2551 ait
2192 2514 2205 2551 :
2247 2497 2402 2567 Vade,
2426 2505 2474 2552 et
2502 2498 2741 2568 amplius
2791 2500 2911 2553 noli
2954 2516 3201 2570 peccare,
3238 2518 3307 2556 ne
3345 2502 3584 2559 deterius
3630 2507 3733 2561 tibi

2077 2586 2293 2658 aliquid
2316 2587 2598 2655 contingat
2627 2586 2804 2657 (Joah.
2840 2604 2963 2659 vni,
2994 2589 3104 2657 11).
3138 2589 3205 2644 Et
3233 2587 3378 2644 illud
3420 2592 3573 2662 quod
3605 2609 3727 2663 pro-

2076 2674 2255 2747 pheta
2281 2673 2546 2747 deplorat
2579 2692 2592 2730 :
2625 2676 2950 2731 Percussisti
2976 2693 3082 2745 eos,
3116 2677 3520 2750 inquiens,nee
3537 2680 3725 2737 dolue-

2074 2772 2239 2830 runt;
2264 2765 2535 2820 attrivisti
2574 2780 2681 2829 eos,
2712 2769 2763 2820 et
2810 2780 2922 2820 non
2971 2770 3098 2822 sunt
3148 2770 3352 2823 reversi
3378 2770 3505 2839 (Jer.
3560 2787 3614 2837 ν,
3641 2771 3718 2843 3).

2073 2852 2573 2909 Considerandum
2621 2853 2797 2909 etiam
2843 2854 2981 2910 huic
3026 2854 3213 2924 video,
3247 2856 3387 2929 quia
3428 2859 3718 2930 quosdam

2072 2941 2245 3015 longa
2274 2942 2555 3014 aegritudo
2585 2943 2657 2998 ad
2698 2942 2875 2999 vitam
2906 2960 3058 3016 saepe
3102 2944 3397 3015 reformat,
3433 2963 3579 3019 quos
3611 2965 3719 3021 po-

2070 3035 2194 3087 stea
2222 3030 2517 3087 levissima
2545 3031 2862 3103 cujuslibet
2894 3032 2973 3089 rei
3005 3033 3251 3102 occasio,
3285 3034 3426 3090 dum
3458 3053 3519 3092 se
3548 3038 3719 3109 quasi

2069 3120 2323 3193 quadam
2357 3119 2668 3176 securitate
2700 3120 2944 3177 resoluti
2973 3121 3267 3178 incautius
3297 3124 3655 3192 custodiunt,
3687 3143 3722 3182 a

302 3208 734 3280 praceptorum
765 3202 993 3260 Domini
1020 3203 1198 3259 veluti
1228 3222 1331 3277 per
1358 3205 1575 3262 scalam
1626 3211 1792 3262 caute
1840 3224 1958 3263 ces-
1986 3198 2030 3266 C
2065 3209 2184 3264 vita
2216 3208 2481 3265 funditus
2511 3209 2854 3282 exstinguit.
2887 3209 3006 3266 Hoc
3036 3227 3172 3284 ergo
3216 3227 3286 3266 ne
3334 3215 3392 3267 et
3436 3212 3549 3268 sibi
3584 3229 3719 3269 con-

296 3296 547 3367 simque
576 3293 909 3350 scandendo
956 3293 1029 3348 ad
1072 3292 1312 3349 elatiora
1341 3300 1667 3366 provectus,
1701 3295 1782 3350 nil
1833 3312 1956 3351 am-

300 3383 469 3457 plius
499 3385 677 3439 restet
698 3382 854 3454 quod
885 3382 1149 3453 requiras
1179 3382 1238 3438 in
1266 3381 1535 3454 imis;qui
1570 3400 1673 3455 per
1699 3383 1957 3440 inacces-

298 3470 544 3531 sibilem
574 3470 778 3527 multis
817 3469 1045 3526 vivendi
1073 3470 1336 3526 ordinem
1377 3470 1522 3543 ipsis
1566 3472 1693 3542 jam
1742 3471 1959 3528 haerere

295 3557 624 3620 moraberis
665 3558 939 3628 summis,
972 3558 1094 3615 sive
1138 3559 1314 3615 etiam
1345 3563 1412 3613 ut
1440 3559 1533 3629 (de
1564 3558 1959 3631 qualicunque

293 3649 528 3716 ordine,
578 3647 928 3716 conditione,
976 3646 1280 3719 dignitate,
1314 3647 1546 3713 affectu,
1581 3663 1745 3713 sexu,
1791 3651 1957 3705 astate

293 3738 368 3797 ad
398 3737 465 3794 id
496 3735 834 3794 certaminis
859 3751 1009 3808 opus
1061 3734 1277 3791 millies
1324 3734 1695 3807 przsdicabile
1742 3752 1955 3791 manus

290 3825 558 3886 volueris
586 3827 749 3895 dare)
775 3824 910 3881 istic
958 3824 1224 3880 invenias
1273 3824 1565 3897 quomodo
1614 3828 1670 3879 te
1699 3825 1866 3897 prius
1894 3826 1953 3880 in

293 3916 421 3975 tuis
460 3913 775 3972 exercitare
805 3914 1040 3980 debeas,
1072 3917 1138 3968 ut
1182 3912 1264 3969 ita
1294 3912 1534 3969 demum
1583 3913 1654 3968 ad
1706 3929 1789 3980 ea,
1826 3930 1953 3986 quis

292 4004 458 4061 ultra
486 4008 543 4059 te
574 4001 892 4072 sunt,felici
911 4017 1225 4075 progressu
1239 4002 1696 4068 conscendas,ne
1716 4002 1952 4073 quando

246 4118 263 4127 ρ
294 4092 488 4151 missa
517 4090 700 4148 semel
731 4106 911 4146 manu
945 4090 1003 4145 ia
1036 4094 1317 4157 aratrum,
1342 4089 1592 4161 alicujus
1622 4090 1952 4146 domesticae

296 4180 656 4257 provisionis
700 4180 940 4235 obtentu
990 4177 1191 4235 oculos
1225 4178 1568 4235 intentionis
1596 4180 1668 4235 ab
1700 4179 1952 4252 incmpto

297 4269 533 4345 cogaris
558 4272 895 4340 retorquere
925 4271 1267 4335 retrorsum,
1294 4272 1352 4323 et
1388 4272 1491 4323 aut
1535 4272 1866 4324 tortuosum
1897 4272 1954 4323 et

298 4357 577 4416 inutilem
608 4358 798 4414 facere
825 4355 1080 4422 sulcum,
1103 4360 1206 4411 aut
1235 4359 1508 4411 arantum
1537 4356 1846 4411 vulnerare
1864 4371 1953 4410 ve-

300 4447 483 4521 stigia
512 4447 711 4503 boum.
741 4445 905 4510 Quod
936 4445 986 4501 si
1018 4444 1256 4516 aliquis,
1287 4448 1354 4499 ut
1372 4444 1499 4513 jam
1530 4443 1589 4498 in
1621 4442 1734 4498 alio
1764 4444 1957 4497 docui-

2067 3297 2257 3371 tingat
2287 3300 2527 3364 metuat,
2542 3302 2600 3352 et
2627 3296 2806 3353 saluti
2834 3315 2953 3354 sua:
2979 3298 3188 3355 talium
3221 3300 3356 3372 quis
3381 3300 3717 3370 consilium,

2067 3386 2209 3440 dum
2260 3386 2422 3440 locus
2471 3389 2582 3452 est,
2627 3385 2822 3456 capiat
2869 3402 2959 3454 ne,
3003 3388 3144 3442 dum
3193 3404 3402 3443 rursus
3452 3388 3714 3459 voluerit,

2068 3489 2184 3528 non
2214 3472 2425 3529 valeat.

2135 3562 2225 3615 24.
2260 3559 2543 3615 Caeterum
2595 3560 2643 3614 si
2694 3559 2953 3631 aliquem
3004 3561 3246 3616 forsitan
3296 3564 3507 3627 movet,
3560 3564 3716 3633 quod

2066 3647 2362 3703 modernis
2393 3648 2453 3703 in
2486 3647 2594 3702 hac
2610 3646 2945 3719 praefatione
2957 3648 3260 3704 doctorum
3273 3648 3555 3721 exemplis
3566 3650 3716 3723 (383)

2064 3752 2226 3809 seque
2257 3753 2403 3792 usus
2451 3736 2566 3791 sim
2616 3740 2681 3791 ut
2727 3736 3005 3807 antiquis,
3039 3741 3096 3793 et
3137 3740 3551 3794 concentonem
3599 3755 3715 3806 me,

2062 3825 2184 3880 sive
2209 3824 2486 3881 usitatius
2517 3824 2955 3897 compilatorem
3004 3826 3113 3881 bac
3138 3826 3209 3883 de
3244 3842 3421 3883 causa
3449 3826 3586 3883 velit
3628 3827 3714 3883 di-

2062 3912 2386 3986 ccre,quasi
2412 3912 2511 3985 qui
2542 3912 2752 3969 alienis
2778 3914 3116 3987 sumptibus
3145 3914 3382 3989 propria
3400 3914 3572 3971 velim
3586 3933 3718 3973 con-

2061 4006 2325 4069 struere;
2378 4018 2619 4057 causam
2674 4018 2788 4057 non
2836 4002 3120 4059 immoror
3174 4004 3434 4060 reddere.
3480 4004 3717 4062 Dicente

2060 4091 2218 4147 enim
2252 4089 2567 4147 Psalmista
2598 4107 2610 4145 :
2644 4092 2889 4161 Domine,
2922 4094 3114 4160 rigans
3136 4098 3345 4150 montes
3377 4092 3442 4150 de
3468 4096 3715 4166 superio-

2060 4181 2214 4236 ribus
2240 4180 2357 4234 suis
2396 4179 2569 4250 (Psal.
2603 4194 2722 4245 cm,
2754 4179 2886 4252 i3);
2920 4184 3207 4252 quantum
3255 4181 3385 4253 ipso
3435 4181 3717 4253 irrigante

2062 4285 2165 4341 per
2189 4268 2347 4340 ipsos
2379 4266 2713 4323 ariditalem
2741 4265 3017 4340 ingenioli
3051 4268 3165 4323 mei
3199 4268 3367 4339 (384),
3399 4267 3501 4337 qui
3542 4273 3597 4322 et
3626 4267 3714 4338 ip-

2063 4373 2263 4412 sorum
2295 4355 2625 4427 superiores
2656 4371 2760 4427 per
2790 4371 2852 4410 se
2879 4354 3163 4427 irrigavit,
3196 4357 3253 4408 et
3276 4370 3380 4425 per
3408 4352 3553 4407 istos
3582 4352 3715 4408 illos

2063 4446 2235 4517 (385),
2267 4458 2485 4515 perque
2514 4441 2649 4497 illos
2681 4458 2788 4496 nos
2817 4442 3069 4497 nimium
3101 4440 3295 4495 adhuc
3324 4443 3575 4508 arentes,
3597 4456 3714 4496 non

298 4554 440 4593 mus
470 4532 1147 4609 epilogo,invenitur,qui
1170 4547 1286 4588 non
1311 4531 1405 4586 sui
1435 4530 1823 4602 sponte,188
1854 4530 1955 4586 sed
1987 4562 2035 4628 Β
2065 4531 2204 4604 quia
2232 4530 2481 4587 defuerit
2509 4529 2717 4596 imber,
2754 4529 2969 4601 {supple
2997 4529 3121 4599 sed]
3170 4528 3309 4599 quia
3361 4544 3477 4583 non
3525 4527 3715 4602 magis

556 4760 811 4818 Moderna
856 4759 1137 4831 doctorum
1180 4759 1431 4831 exempla
1478 4763 1817 4815 sanctorum
1858 4759 1957 4815 Pa-

300 4830 465 4906 trum
496 4830 839 4889 testimonia
867 4830 1129 4906 appellat
1137 4850 1152 4906 ;_
1182 4833 1414 4906 antiqua
1442 4846 1576 4886 vero
1621 4835 1957 4906 sanctorum

304 4905 620 4961 Librorum
667 4901 1066 4960 auctoritates.
1096 4901 1285 4959 Simili
1315 4901 1491 4959 sensu
1524 4904 1727 4975 postea
1751 4903 1961 4958 moder-

304 4992 407 5033 nos
435 4980 498 5048 et,
516 4977 777 5048 antiquos
804 4975 1091 5048 nominat,

404 5047 531 5128 384)
559 5044 847 5128 construe
872 5051 930 5128 et
957 5044 1183 5128 explica
1224 5044 1309 5128 sic
1342 5061 1355 5099 :
1390 5048 1660 5128 quantum
1676 5045 1839 5128 potui
1868 5046 1960 5099 in-

308 5115 558 5187 telligere
595 5119 714 5190 ipso
742 5118 989 5173 Domino
1019 5115 1287 5187 irrigante
1311 5132 1412 5187 per
1440 5117 1583 5185 ipsos
1600 5115 1695 5240 lSid
1727 5118 1816 5170 est
1843 5132 1960 5171 mo-

308 5190 530 5240 demas.
561 5193 630 5240 ut
655 5193 842 5240 vocat.
873 5188 1135 5240 doctores.
1167 5203 1271 5240 seu
1322 5190 1557 5240 sanctos
1642 5190 1819 5240 atres)
1846 5195 1960 5240 art-

308 5190 530 5257 dernos,
561 5188 630 5244 ut
655 5193 842 5253 vocat,
873 5188 1135 5253 doctores,
1167 5203 1271 5243 seu
1322 5190 1557 5242 sanctos
1600 5188 1819 5254 Patres)
1846 5195 1961 5241 art-

306 5261 543 5317 ditatem
572 5260 845 5329 ingenioli
872 5262 1002 5327 mei,
1034 5260 1131 5330 qui
1157 5262 1210 5313 et
1235 5274 1346 5330 per,
1362 5274 1419 5312 se
1446 5258 1964 5330 irrigavitsuperiog

308 5347 401 5388 res
429 5327 788 5413 ipsorumiid
818 5335 910 5413 est
939 5327 1249 5413 sacrorum
1270 5328 1575 5413 Librorum
1626 5327 1962 5413 scriptores)

311 5399 652 5483 et_pe'r_istos
682 5399 765 5483 (id
810 5405 901 5483 est
918 5401 1242 5483 scriptores
1284 5399 1505 5483 sacros)
1537 5400 1794 5483 irrigauit
1840 5400 1965 5483 illos

312 5472 406 5546 (id
427 5477 520 5530 est
568 5472 803 5546 sanetos
833 5472 1075 5544 Patres),
1115 5476 1167 5528 et
1191 5487 1290 5546 per
1318 5472 1443 5546 illos
1473 5472 1737 5546 irrigari;
1766 5485 1862 5525 nos
1881 5472 1967 5546 ni—_

312 5541 493 5627 inium
518 5544 698 5601 adhuc
716 5552 944 5627 arentes
962 5563 985 5610 ;
1014 5541 1124 5627 non
1155 5541 1307 5627 quia
1350 5541 1595 5614 defuerit
1634 5542 1828 5627 imber,
1854 5541 1969 5627 “sed

317 5618 451 5688 quia
479 5632 574 5674 nos
614 5617 880 5677 malentes
923 5612 1463 5688 complui'pulvereo
1509 5612 1761 5685 squalore
1808 5614 1969 5670 vitio-

394 4692 505 4747 382
548 4690 694 4745 Vide
718 4694 841 4746 not.
874 4690 965 4758 41,
998 4690 1058 4745 in
1088 4689 1400 4762 proemium
1429 4686 1563 4743 libri
1589 4686 1785 4759 primi.

370 4692 527 4835 $383;
556 4760 811 4835 Modena;
856 4762 1137 4835 doctorum
1180 4759 1431 4835 exempla
1478 4763 1785 4815 sanctorum

2064 4706 2210 4758 rum,
2241 4705 2407 4761 quam
2442 4687 2660 4761 pluvia,
2683 4688 3035 4761 voluntaria,
3069 4702 3235 4760 quam
3276 4690 3392 4760 ipse
3431 4687 3586 4761 Deus
3628 4704 3715 4746 se-

2064 4759 2306 4833 gregavit
2344 4759 2662 4818 haereditati
2687 4773 2827 4821 suae,
2855 4759 3165 4816 obteximus
3205 4759 3308 4816 nos
3347 4760 3580 4832 quodam
3610 4768 3716 4833 teg-

2065 4832 2215 4889 mine
2248 4833 2601 4903 iniquitatum
2630 4848 2650 4884 :
2678 4838 2964 4901 quantum,
3015 4832 3261 4904 inquam,
3300 4832 3458 4903 potui
3507 4833 3713 4904 intelli-

2066 4921 2210 4977 gere,
2253 4902 2433 4977 visum
2479 4909 2557 4957 est
2601 4917 2923 4977 congruum,
2963 4918 3061 4959 nos
3084 4902 3482 4977 'indiﬂereuter
3521 4902 3715 4977 debere

2069 4972 2158 5031 uti
2184 4975 2450 5046 exemplis
2477 4988 2664 5028 eorum
2700 4972 3159 5046 (modernorum)
3190 4972 3356 5029 sicuti
3382 4982 3433 5028 et
3459 4975 3714 5046 antiquo-

2068 5064 2195 5103 rum
2225 5065 2243 5100 :
2269 5045 2557 5109 siquidem,
2590 5046 2698 5098 etc.

2142 5118 2290 5189 (385)
2320 5114 2552 5189 Vulgati
2580 5131 2678 5189 per
2712 5114 2838 5189 illos
2883 5116 3030 5189 istos.
3064 5116 3364 5172 Sententia
3396 5119 3712 5189 contextus

2142 5133 2290 5189 (seu)
2329 5133 2552 5242 vulgati
2580 5133 2678 5186 per
2712 5133 2837 5170 mos
2883 5133 3030 5171 istos.
3064 5133 3364 5172 sententia
3411 5133 3712 5170 contexrus

2071 5189 2243 5261 erigit
2268 5204 2366 5259 per
2394 5190 2440 5243 is
2465 5203 2523 5267 os
2553 5186 2678 5267 illos
2691 5204 2725 5267 ί.
2867 5185 3024 5267 enim
3055 5191 3206 5267 sunt
3218 5187 3542 5267 superiores,
3565 5201 3714 5267 quos

2074 5256 2223 5315 Deus
2256 5256 2359 5336 per
2383 5256 2766 5336 seuirrigavit,
2788 5256 2858 5336 id
2895 5262 2983 5313 est
3034 5256 3368 5336 scriptores
3391 5257 3540 5313 sacri
3567 5256 3601 5325 ;’
3623 5257 3715 5336 ἐιζί

2073 5327 2275 5387 autem
2299 5327 2707 5401 intelliguntur
2734 5328 2999 5401 doctores
3029 5327 3236 5392 sancti,
3271 5329 3371 5401 qui
3412 5327 3711 5401 perscri-

2071 5408 2269 5477 ptores
2299 5398 2747 5477 sacrohsjirrigati
2782 5398 3177 5477 fuerupLPost
3208 5398 3392 5473 pauca
3412 5398 3716 5477 legebatur

2072 5469 2186 5529 nisi
2211 5474 2366 5544 quia,
2418 5469 2517 5527 ubi
2564 5469 2676 5527 non
2723 5471 2852 5542 quia
2881 5472 3143 5544 exigente
3173 5469 3351 5529 sensu
3389 5469 3720 5527 emendavi-

2075 5561 2231 5600 mus.
