4090 6180
311 339 427 409 841

1243 344 1888 426 PRELOQUIORUM
1929 341 2144 415 LIBRI
2189 344 2361 416 SEX.
2392 381 2473 401 -
2499 350 2653 419 LIB.
2696 343 2798 417 νι.

3599 338 3718 418 θη

307 478 581 540 tenebras
598 478 835 540 redeam
860 496 996 542 cum
1020 481 1317 544 dedecore.
1336 485 1641 561 Captanda
1657 501 1795 561 ergo
1812 483 1959 542 mihi
1989 484 2047 556 Α
2076 502 2229 562 aegro
2261 486 2407 561 (396)
2438 487 3021 558 sitconscientia,neo
3052 484 3204 546 male
3216 488 3722 563 quassatachorda

311 587 521 628 censeo
552 572 822 645 quaedam
874 574 1136 647 ejusdem
1195 575 1343 633 lucis
1399 575 1752 633 antevicinia
1788 574 1959 648 (393),

310 661 531 734 quibus
560 661 847 735 paulatim
880 665 1261 736 assuefactus,
1294 670 1354 722 et
1374 665 1962 739 quantulumcunque

309 750 500 807 oculis
528 766 733 807 eorum
764 769 874 808 usu
926 753 1334 827 expulveratis,
1385 755 1738 827 quandoque
1785 753 1843 809 in
1876 769 1963 809 re-

309 856 594 913 percussa
621 840 746 897 acie
774 841 969 914 ipsum
1001 842 1222 899 valeam
1253 844 1495 901 luminis
1517 843 1747 899 radium
1776 842 1963 898 inten-

308 929 464 995 dere,
501 928 814 1002 ipsumque
842 929 1139 987 inhianter
1167 934 1601 1007 concupiscere;
1645 937 1701 987 et
1730 932 1958 1005 quoties

309 1033 440 1074 sese
468 1018 810 1091 dignabitur
836 1020 1119 1092 ingerere,
1172 1020 1356 1077 libero
1406 1026 1642 1094 aspectu
1697 1038 1953 1090 cernere,

309 1111 654 1178 cretumque
680 1106 805 1163 sine
854 1109 971 1164 fine
1006 1108 1231 1165 valeam
1283 1126 1504 1165 amare.
1555 1110 1717 1174 Quod
1760 1113 1956 1165 totum

308 1200 378 1251 ut
399 1196 548 1252 191
584 1211 811 1250 merear
839 1196 1105 1268 adipisci,
1128 1198 1318 1253 visum
1352 1203 1441 1254 est
1462 1197 1603 1253 mihi
1619 1214 1820 1253 eorum
1836 1214 1959 1253 me-

310 1283 578 1340 dic-orum
610 1284 909 1339 assuefieri
920 1285 1201 1353 excubiis,
1217 1286 1318 1358 qui
1332 1287 1673 1342 modernius
1695 1286 1955 1359 quidem,

313 1373 416 1429 sed
446 1376 642 1429 tamen
671 1373 946 1445 apertius,
982 1391 1159 1447 super
1177 1375 1286 1430 hoc
1309 1375 1697 1446 disputantes,
1726 1374 1810 1429 ita
1840 1391 1960 1429 sua:

316 1459 459 1517 artis
484 1460 847 1517 condiderint
876 1461 1126 1530 libellos,
1160 1467 1225 1517 ut
1253 1463 1312 1517 in
1356 1463 1633 1518 omnibus
1662 1466 1721 1517 et
1767 1461 1961 1516 imita-

309 1548 860 1621 renturmagistros,
884 1550 1316 1607 etinstruerent
1340 1550 1690 1622 discipulos;
1714 1549 1966 1622 qualiter

306 1634 531 1692 scilicet
557 1635 657 1693 lux
676 1638 1148 1711 ipsaquerenda,
1168 1638 1540 1708 invenienda,
1557 1642 1828 1703 tenenda,
1848 1654 1964 1694 cer-

304 1724 518 1792 nenda,
551 1727 826 1796 amanda,
858 1743 973 1799 quo
988 1725 1230 1800 collyrio
1262 1727 1414 1782 oculi
1436 1727 1820 1799 inunguendi,
1844 1743 1961 1798 quo

304 1814 456 1871 bono
470 1830 544 1869 an
561 1814 731 1870 noxio
746 1814 977 1887 pulvere
990 1814 1430 1887 expulverandi,
1450 1831 1568 1887 qua
1586 1814 1958 1871 observantia

302 1902 624 1967 nutriendi,
656 1919 773 1975 qua
800 1902 1028 1960 cautela
1072 1904 1193 1959 sint
1238 1902 1638 1960 conservandi.
1695 1904 1955 1987 Quorum

303 1990 571 2048 omnium
603 2009 698 2048 me
743 1992 1104 2065 perspiciens
1147 1992 1645 2058 indoctissimum,
1678 1996 1956 2047 .attamen

294 2080 422 2152 jam
441 2079 580 2136 olim
594 2080 859 2152 ejusdem
884 2079 1033 2137 lucis
1046 2086 1368 2137 amatorem
1383 2082 1650 2137 effectum
1661 2122 1674 2147 ,
1689 2078 1952 2135 libellum

303 2185 376 2225 ex
402 2168 640 2225 illorum
669 2168 844 2224 dictis
871 2169 987 2225 mei
1016 2184 1197 2225 causa
1242 2170 1493 2225 condere
1545 2167 1701 2224 volui
1747 2168 1953 2237 istum,

301 2255 366 2315 in
392 2274 511 2331 quo
540 2255 688 2313 nihil
720 2273 755 2313 a
783 2256 1643 2329 memeaindustriaprolatum,
1671 2256 1952 2313 ineorum

302 2344 755 2403 medicinalibus
783 2345 1086 2402 inventum
1118 2362 1491 2419 congererem
1542 2345 1954 2405 medicaminis

300 2434 649 2509 plurimum,
682 2451 787 2490 nec
815 2439 1075 2490 taxarem
1114 2435 1376 2508 priorum
1431 2433 1580 2490 ullos
1608 2450 1711 2506 per
1757 2450 1853 2489 me
1884 2431 1955 2487 li-

300 2524 542 2581 brorum
569 2523 718 2596 (39A)
750 2523 1097 2596 angiportus
1128 2522 1398 2593 lustrare,
1430 2523 1488 2578 in
1516 2523 1734 2595 quibus
1755 2520 1865 2577 etsi
1883 2521 1955 2576 ad

300 2611 525 2685 aliquid
556 2611 743 2667 facilis
773 2611 1076 2681 introitus,
1106 2628 1210 2684 per
1239 2611 1412 2684 plura
1440 2609 1700 2667 difficilis
1743 2609 1954 2677 exitus;

297 2701 405 2759 sed
426 2700 559 2757 illos
580 2717 684 2774 per
711 2700 913 2757 omnia
941 2716 1237 2773 sequerer,
1282 2715 1607 2771 eorumque
1651 2697 1956 2771 gressibus

297 2790 505 2848 tritum
537 2788 739 2846 callem
772 2789 1140 2862 aggrederer,
1173 2788 1274 2860 qui
1292 2786 1630 2861 multigenis
1652 2786 1955 2843 scrutiniis

300 2879 525 2937 eisdem
555 2877 786 2934 diutina
811 2864 1278 2949 frequentatione
1308 2876 1648 2950 peragratis,
1674 2877 1801 2948 jam
1820 2875 1953 2930 abs-

299 2985 416 3044 que
445 2968 696 3041 alicujus
742 2965 1101 3023 adminiculo
1122 2967 1403 3033 ductoris,
1434 2965 1557 3023 solo
1605 2965 1826 3021 scilicet
1851 2962 1951 3036 qui

298 3076 401 3116 eos
431 3056 844 3125 circumduxit,
878 3054 1224 3122 introﬂuxit,
1255 3059 1313 3111 et
1340 3053 1732 3127 praeterﬂuxit,
1774 3052 1951 3109 fontis

296 3146 525 3205 lumine
571 3148 887 3219 praeeunte,
935 3143 1249 3201 comitante
1307 3147 1365 3200 et
1418 3148 1716 3216 sequente,
1766 3141 1947 3198 libero

297 3252 476 3294 cursu
507 3233 819 3291 valuerunt
846 3232 1131 3290 incedam.

2069 577 2216 633 bene
2243 581 2411 634 sonet
2439 578 2499 634 in
2530 577 2777 637 cithara.
2807 579 3049 636 Adverte
3093 577 3295 652 igitur,
3353 577 3553 645 lector,
3589 578 3724 649 quis

2070 682 2164 721 me
2194 667 2265 722 ad
2297 666 2407 723 hoc
2436 667 2740 740 impulerit
2790 685 2989 741 angor,
3042 685 3169 740 quas
3215 666 3543 733 calamitas,
3598 684 3725 739 quae

2069 755 2387 813 necessitas
2419 756 2526 812 has
2568 757 2713 812 mihi
2767 757 3057 813 scribendi
3107 757 3527 813 monstraverit
3575 757 3723 811 vias.

2067 843 2264 900 Prima
2292 846 2530 917 quidem
2576 846 2664 918 (ut
2718 845 3154 918 recapitulando
3211 845 3401 900 dicam
3464 844 3724 918 planius)

2068 950 2247 990 causa
2278 934 2427 1005 (397)
2457 927 2767 990 oblivionis
2786 935 2897 989 fuit
2911 940 3123 1001 metus,
3156 951 3271 1006 quo
3296 939 3362 989 ut
3390 938 3578 989 totum
3598 950 3728 989 evo-

2065 1038 2223 1078 mam
2255 1023 2415 1079 virus
2439 1023 2766 1095 grassantis
2790 1023 3021 1087 veneni,
3056 1021 3248 1089 timui,
3282 1039 3355 1077 ne
3402 1023 3555 1077 sicut
3595 1024 3723 1093 jam

2063 1111 2394 1184 omnigenis
2420 1112 2575 1168 192
2605 1112 2880 1167 vitiorum
2905 1112 3217 1167 ruderibus
3235 1128 3578 1183 oppressus.
3604 1128 3726 1166 ma-

2062 1198 2373 1273 lorumque
2401 1200 2658 1256 tenebris
2687 1199 2957 1268 vallatus,
2991 1217 3057 1255 ac
3099 1200 3302 1255 multis
3345 1200 3720 1255 saecularium

2066 1304 2338 1344 curarum
2370 1290 2561 1345 noxiis
2591 1288 2997 1361 interpellatus
3016 1288 3397 1359 clamoribus,
3420 1288 3719 1344 oblivisce-

2067 1393 2161 1431 rer
2190 1393 2258 1430 ea
2286 1378 2543 1448 penitus,
2575 1378 2714 1433 dum
2740 1394 2831 1433 me
2862 1378 3083 1451 aliquid
3118 1395 3185 1434 ex
3216 1377 3309 1433 bis
3340 1379 3714 1433 retractando

2068 1463 2526 1536 rccolerepotius
2542 1482 2603 1522 se
2623 1466 2964 1521 multimode
3004 1467 3117 1522 sim
3152 1466 3714 1538 gavisus.Secunda,

2071 1555 2159 1617 ut,
2191 1552 2332 1625 quia
2360 1553 2448 1624 (ut
2475 1553 2615 1624 dixi)
2647 1554 2860 1608 desunt
2887 1554 3043 1621 libri,
3078 1555 3289 1609 desunt
3327 1561 3384 1610 et
3433 1558 3717 1611 confabu-

2070 1639 2261 1696 lantes
2287 1640 2449 1707 socii,
2485 1640 2648 1697 adest
2678 1641 2916 1696 tristitia
2946 1643 3308 1708 excrucians,
3337 1660 3548 1699 mmror
3594 1647 3719 1717 ipso

2069 1729 2339 1784 animum
2363 1729 2763 1786 indesinenter
2778 1731 3471 1798 corrodens,haberemin
3495 1733 3601 1788 boc
3623 1734 3724 1789 ali-

2068 1817 2225 1889 quod
2259 1816 2557 1884 solatium,
2594 1824 2788 1875 uterer
2807 1835 2873 1874 eo
2904 1820 3074 1891 quasi
3092 1821 3345 1892 quodam
3359 1821 3722 1894 colloquente

2066 1905 2277 1971 amico,
2306 1906 2591 1961 refoverer
2609 1923 2675 1963 eo
2696 1908 2950 1979 quodam
2966 1908 3142 1965 veluti
3156 1908 3332 1965 socio.
3349 1911 3463 1965 Nec
3476 1916 3720 1982 questus

2064 1994 2413 2065 sum,juxta
2443 1995 2758 2061 comicum,
2813 2000 3046 2069 egomet
3076 1996 3221 2051 mihi
3268 1997 3533 2053 dicendo:
3586 2002 3719 2069 Quis

2062 2082 2210 2155 leget
2239 2082 2382 2138 haec?
2410 2099 2504 2138 me
2532 2081 2826 2153 lectorem,
2861 2101 2955 2140 me
2985 2085 3176 2157 operis
3195 2085 3566 2143 solummodo
3585 2089 3714 2161 (etsi

2060 2188 2175 2227 non
2207 2171 2480 2242 alterum)
2512 2172 2685 2229 istius
2714 2173 3073 2245 perspiciens
3093 2180 3435 2244 amatorem,
3455 2180 3714 2249 quando-

2062 2258 2299 2331 quidem
2330 2258 2462 2315 aliis
2492 2259 2748 2331 [subaudi
2778 2260 2966 2331 libris]
3000 2259 3294 2333 indigens,
3352 2262 3460 2317 hoc
3504 2264 3712 2319 saltem

2061 2347 2239 2402 solari
2270 2364 2440 2418 posse
2470 2364 2605 2402 eum
2638 2347 2738 2419 qui
2769 2346 2915 2403 mihi
2946 2347 3135 2403 inerat
3177 2348 3434 2404 viderem
3484 2350 3713 2421 legendi

2064 2451 2323 2489 amorem
2355 2435 2526 2505 (398).
2559 2434 2666 2498 Qui
2697 2434 2821 2488 vult
2849 2435 3046 2504 itaque
3077 2434 3251 2505 legat,
3288 2437 3389 2506 qui
3436 2438 3563 2490 vult
3613 2454 3714 2492 ne-

2064 2521 2269 2594 gligat:
2303 2538 2395 2576 me
2426 2538 2564 2576 nam
2610 2521 2995 2593 impulsorem
3045 2538 3219 2575 nemo
3267 2523 3442 2577 dieat.
3496 2525 3565 2578 Et
3612 2525 3713 2594 qui

2066 2608 2154 2683 [[1,
2191 2609 2347 2682 quia}
2375 2609 2447 2666 ad
2477 2609 2586 2665 hoc
2615 2608 3035 2682 tempuspaulo
3049 2611 3350 2666 vacantius
3368 2628 3543 2683 quam
3558 2611 3713 2667 volui

2065 2698 2273 2770 reperi,
2306 2698 2365 2753 in
2396 2698 2836 2770 praafationibus
2868 2699 3014 2770 (399)
3049 2698 3286 2771 quidem
3319 2717 3411 2756 me
3452 2718 3597 2773 pene
3624 2707 3716 2758 to-

2060 2791 2189 2844 tum
2219 2786 2474 2859 depinxi,
2504 2786 2917 2853 conditionem,
2950 2804 3157 2861 genus.
3191 2806 3424 2858 nomen,
3449 2793 3709 2849 ofﬁcium

2061 2877 2469 2933 commissum.
2505 2876 2819 2943 fortunam,
2856 2876 2906 2933 si
2938 2876 3049 2933 dici
3080 2878 3310 2943 audeat,
3338 2879 3552 2952 ipsam,
3577 2900 3712 2955 sup-

2059 2966 2252 3039 plicia,
2286 2968 2562 3021 tortorem
2591 2964 2786 3037 ipsum
2821 2965 3179 3037 quibusdam
3210 2966 3446 3024 indiciis
3476 2970 3709 3042 scripti-

2058 3062 2191 3111 tans
2220 3070 2440 3122 meum,
2472 3056 2531 3110 et
2559 3054 2715 3125 quod
2768 3053 2851 3108 illi
2882 3059 3136 3121 maneat,
3196 3055 3309 3111 nisi
3370 3058 3704 3129 resipuerit,

2057 3143 2437 3217 supplicium,
2495 3158 2563 3198 ex
2588 3158 2726 3214 quo,
2782 3158 2943 3213 rogo,
3011 3147 3162 3197 Deus
3220 3141 3427 3198 liberet
3483 3145 3702 3215 ipsum.

1966 3219 2011 3287 C
2049 3233 2195 3290 I-linc
2223 3233 2437 3289 iterum
2468 3230 2610 3302 quid
2656 3231 2976 3304 gerendum
3028 3246 3133 3286 nec
3180 3233 3436 3303 gestum,
3467 3237 3701 3306 gestum

367 3327 462 3382 26.
495 3324 597 3398 Egi
627 3326 827 3380 autem
855 3322 985 3389 hoc,
1016 3339 1131 3378 non
1180 3325 1247 3379 ut
1276 3321 1386 3378 bac
1438 3326 1559 3378 arte
1611 3320 1943 3378 doctrinam
2052 3323 2225 3378 fuerit
2253 3337 2359 3377 nec
2410 3318 2754 3393 gerendum:
2789 3335 2915 3389 quas
2965 3335 3100 3373 cum
3141 3320 3341 3374 omnia
3389 3321 3556 3391 quasi
3588 3322 3699 3379 sub
3796 3315 3802 3321 ’

297 3414 566 3473 conferre
595 3426 1010 3485 praesumerem
1060 3410 1258 3477 alicui,
1313 3410 1415 3467 sed
1447 3427 1520 3467 ne
1566 3426 1775 3466 rursus
1823 3408 1945 3463 haec
2052 3409 2319 3484 personis
2348 3407 2619 3473 aliorum,
2652 3423 2726 3460 ne
2774 3404 2941 3460 facile
2984 3404 3216 3461 valeant
3260 3408 3565 3477 expiscari,
3616 3410 3700 3463 vi-

298 3503 506 3561 eadem
537 3499 835 3570 meditata,
867 3502 932 3555 ut
970 3500 1099 3572 jam
1152 3499 1428 3566 fecerant,
1475 3498 1949 3570 subterfugerent

298 3591 449 3650 mihi
479 3588 1013 3663 (395).Necmirum
1041 3586 1091 3643 si
1109 3587 1757 3660 paucacongeri,pauca
1770 3584 1948 3641 etiam

296 3679 592 3738 valuerint
621 3676 934 3743 recordari,
962 3677 1266 3733 recordata
1293 3676 1468 3731 etiam
1524 3690 1639 3730 non
1671 3673 1815 3729 adeo
1863 3672 1950 3727 di-

299 3773 458 3829 serte
483 3766 629 3826 satis
657 3765 1135 3836 decussatimque
1182 3763 1446 3837 proferri,
1496 3778 1633 3818 cum
1663 3766 1721 3818 et
1765 3762 1953 3816 abun-

299 3861 517 3917 danter
543 3861 665 3914 tam
694 3871 871 3929 parvo
901 3853 1201 3911 sufficiant
1223 3851 1402 3925 operi,
1435 3850 1630 3908 desint
1651 3850 1828 3906 etiam
1851 3849 1953 3922 qui

302 3946 586 4006 solatium
616 3944 806 4001 ferant
830 3941 987 4007 libri.
1019 3941 1216 3998 absint
1243 3945 1301 3998 et
1327 3939 1726 4013 colloquentes
1756 3938 1953 4010 amici,

303 4033 662 4094 obnubilans
690 4033 867 4089 etiam
895 4031 1088 4106 ipsam
1118 4030 1334 4087 mentis
1368 4029 1553 4086 aciem
1584 4028 1739 4085 adsit
1792 4027 1955 4084 labor

301 4123 638 4194 infortunii,
669 4120 1015 4179 memoriam
1034 4137 1170 4178 vero
1191 4136 1406 4176 mmror
1425 4118 1798 4187 hebetaverit;
1818 4134 1953 4174 cum

303 4214 584 4289 equidem
613 4216 671 4269 et
716 4212 847 4284 ipsa
892 4210 1295 4266 obmutescere
1342 4208 1529 4266 soleat
1579 4207 1872 4275 facundia,
1904 4205 1955 4262 si

379 4319 547 4446 (39ξῖδ
562 4317 907 4400 Antevicinia
935 4317 1073 4373 lucis
1100 4319 1243 4371 sunt
1271 4316 1538 4387 quaedam
1570 4314 1719 4370 lucis
1766 4313 1953 4384 initia,

379 4409 442 4446 ue
573 4388 741 4446 Italis
767 4386 1136 4446 appellantur
1165 4387 1434 4443 barlume.

309 4386 442 4467 quite
566 4388 741 4467 _Italis
767 4386 1136 4467 appellantur
1165 4386 1434 4443 barlume.

382 4462 537 4535 (39(9)
566 4456 900 4535 Legenduin
929 4460 1175 4535 videtur,
1206 4474 1306 4513 nec
1329 4456 1847 4535 cessaremlustrare
1862 4470 1963 4526 per

312 4525 401 4592 ινιέ
428 4525 572 4604 ullos
602 4525 923 4604 aigiportus
955 4532 1223 4604 librorum
1235 4527 1520 4604 priorum,
1551 4526 1605 4579 id
1631 4528 1721 4604 _est
1746 4525 1960 4596 prisco-

2055 3499 2303 3554 deantur
2332 3494 2576 3567 prolata,
2597 3492 2954 3548 mihitamen
2983 3491 3070 3546 ita
3084 3497 3223 3547 sunt
3249 3498 3464 3563 aptata,
3490 3500 3702 3551 utmox

2059 3587 2201 3642 [iant
2229 3588 2449 3655 aperta,
2472 3598 2607 3637 cum
2622 3579 2923 3636 obtutibus
2941 3579 3154 3633 fuerint
3168 3582 3538 3649 praesentata:
3553 3598 3707 3652 qua:-

2060 3690 2174 3746 que
2204 3670 2477 3727 universa
2506 3673 2627 3723 tam
2659 3672 2829 3723 caute
2856 3665 3340 3738 invenirepoterit
3359 3670 3705 3738 exsccuta,si

2061 3762 2153 3818 cui
2176 3760 2438 3816 studiose
2467 3757 2669 3813 eadem
2692 3754 2931 3811 libuerit
2962 3755 3192 3824 rimare,
3212 3756 3383 3813 uthis
3408 3758 3712 3831 prepalan-

2060 3852 2152 3908 dis
2183 3848 2377 3924 putari
2408 3847 2595 3920 possit
2624 3845 2916 3919 sagacitas
2946 3845 3243 3903 laborasse
3276 3853 3486 3903 nostrae
3519 3849 3710 3905 inten-

2059 3942 2238 3998 tionis
2269 3941 2329 3995 in
2360 3944 2480 3994 tam
2513 3936 2742 4011 prolixa
2767 3936 2916 3992 serie
2937 3935 3312 4009 praefationis.
3334 3940 3556 4011 Corpus
3576 3957 3711 3996 vero

2058 4036 2246 4091 totum
2262 4027 2550 4103 operisita
2564 4026 2924 4099 compegi,ut
2935 4026 3008 4081 ab
3021 4026 3282 4083 oratione
3294 4028 3364 4083 ad
3379 4027 3714 4099 lectionem,

2061 4137 2097 4177 a
2125 4119 2372 4176 lectione
2401 4116 2470 4173 ad
2517 4116 2842 4173 orationem
2894 4131 3209 4171 conversus
3262 4116 3431 4188 (400),
3480 4117 3712 4174 nullum

2061 4226 2169 4266 nec
2198 4207 2428 4264 athleta:
2448 4221 2551 4260 nec
2569 4203 2898 4261 adversario
2916 4202 3258 4269 colludium,
3275 4204 3496 4259 nullam
3524 4206 3715 4259 indul-

2137 4315 2282 4385 (395)
2310 4314 2372 4369 ld
2402 4316 2509 4380 est,
2543 4326 2615 4365 ne
2646 4309 3117 4381 subterfugerent
3138 4306 3303 4371 mihi,
3337 4312 3404 4362 ut
3424 4308 3546 4378 jam
3579 4310 3714 4363 sub-

2067 4387 2448 4442 ter-fugerant.

2141 4447 2293 4530 (39(3)
2321 4452 2469 4530 Male
2500 4452 2559 4506 in
2587 4449 2837 4520 vulgatis
2866 4465 3011 4530 ergo.
3044 4448 3265 4528 Sensus
3298 4449 3405 4501 est:
3440 4447 3714 4530 facunfdia

2069 4515 2215 4582 solet
2245 4515 2666 4586 obmutescere,
2687 4515 2748 4590 si
2780 4515 3094 4590 quis'zeger
3110 4515 3200 4571 sui
3231 4531 3471 4590 compos
3502 4516 3579 4572 sit
3600 4518 3713 4573 Ita-

313 4587 799 4685 riimﬂlibroru'm,‘
824 4619 938 4685 quo
968 4587 1416 4685 nominelibros
1445 4587 1854 4685 et'scripto'res‘
1876 4612 1961 4677 sa-
1990 4587 2036 4653 D
2065 4595 2290 4685 therius
2316 4597 2507 4648 autem
2533 4587 3029 4685 ploratum—litata,
3062 4604 3210 4659 quas
3249 4587 3600 4661 patiebatur,
3653 4606 3717 4647 se

313 4693 448 4735 cros
464 4674 738 4757 superius
767 4665 1113 4757 designavit;
1165 4670 1269 4757 his
1305 4667 1481 4757 enim.
1506 4665 1759 4757 maxime
1788 4665 1963 4757 libris

315 4737 674 4805 conveniunt
700 4737 1026 4819 sequentia:
1059 4737 1133 4819 In
1149 4743 1350 4819 quibus
1376 4740 1487 4819 etsi
1520 4738 1590 4794 ad
1616 4737 1842 4819 (ιιίριιίά⁸
1875 4738 1963 4819 [ᾳ-

316 4819 757 4892 citisintfoitus,
781 4808 885 4892 per
907 4817 1075 4892 plura
1096 4808 1345 4892 difﬁcilis
1371 4812 1578 4867 exitus:
1609 4825 1675 4892 ac
1700 4808 1965 4882 proinde

319 4889 505 4947 addit:
537 4887 641 4945 Sed
670 4885 797 4943 illos
817 4885 1073 5009 (sanctos
1098 4885 1319 4952 Patres)
1346 4898 1448 4954 per
1475 4885 1663 4937 omnia
1692 4896 1969 4963 sequerer,

319 4974 619 5009 mmmam:
647 4961 820 5009 gressi
855 4976 920 5009 us
965 4960 1159 5009 tritum
1200 4955 1398 5009 callem
1454 4952 1776 5009 aaarederer
1795 4969 1814 5009 .'
1873 4969 1967 5009 am

318 4974 619 5033 eorumque
636 4955 920 5042 gressibus
965 4960 1159 5041 tritum
1200 4955 1398 5012 callem
1454 4955 1814 5037 aggrederer:
1873 4955 1969 5038 qui

319 5032 527 5108 eisdem
542 5033 793 5108 (priscis,
807 5046 911 5086 seu
928 5030 1361 5108 Scnpturarum
1387 5027 1732 5108 angiportis)
1747 5024 1971 5108 diutina

320 5097 762 5177 frequaiiatioue
778 5097 1114 5174 peragratis,
1154 5097 1492 5168 multigenis
1519 5097 1806 5152 scrutiniis
1847 5097 1972 5178 jam

321 5178 528 5227 absone
556 5174 671 5227 ullo
699 5172 1036 5227 adminiculo
1086 5170 1342 5227 ductoris.
1397 5168 1509 5224 solo
1539 5209 1552 5222 .
1586 5208 1600 5222 .
1637 5209 1650 5223 .
1689 5209 1701 5222 .
1734 5210 1747 5223 .
1793 5168 1967 5227 fontis

321 5168 528 5247 'abs'quc
556 5174 671 5229 ullo
699 5168 1036 5229 adminiculo
1086 5170 1342 5235 ductoris,
1397 5168 1509 5224 solo
1539 5209 1552 5222 .
1586 5208 1600 5222 .
1637 5209 1650 5223 .
1689 5209 1701 5222 .
1734 5210 1747 5223 .
1791 5168 1967 5238 fontis

325 5247 541 5318 lumine
560 5239 866 5318 prweuuté,
892 5245 1203 5318 comitante,
1225 5244 1287 5318 _et
1309 5239 1872 5318 sequenteyaluerunt
1889 5239 1971 5293 in-

322 5316 512 5374 cedere
537 5309 700 5371 c’ursu
725 5315 912 5371 libero.
938 5313 1162 5371 Insistit
1188 5309 1475 5384 allegoriae
1503 5309 1824 5384 labyrinthi,
1853 5324 1969 5384 quo

325 5387 566 5444 nomine
582 5403 781 5443 sacras
792 5387 914 5443 Scri
926 5390 1022 5458 ptu
1031 5402 1126 5440 ras
1141 5384 1273 5440 adte
1285 5380 1693 5458 appellaverat:
1709 5380 1973 5458 Labyrin-

327 5460 453 5533 thus
477 5458 891 5533 Scripturarum
1112 5451 1652 5533 perinugéressillilis
1667 5451 1824 5507 mihi.
1859 5454 1974 5533 liu-

318 5532 425 5605 ius
455 5523 655 5605 ante?!)
684 5523 1507 5605 labyrinthi.,ansiporlﬂéesu
1527 5523 1814 5605 “exuam
1826 5523 1973 5590 νίαε»

326 5594 580 5676 quarum
610 5594 804 5676 facilis
833 5594 1205 5676 introi_tus,'e:t
1231 5594 1593 5676 difﬁcilisest
1608 5594 1818 5662 exitus,
1839 5609 1974 5676 san-

330 5664 442 5733 ea:
472 5671 741 5731 Patribus
769 5664 1121 5730 ductoribus
1139 5666 1250 5727 sibi
1280 5665 1617 5724 lustrandas
1648 5664 1977 5739 proposuit.

2070 4665 2246 4723 veluti
2283 4680 2502 4735 aegrum
2533 4662 2783 4735 praefert.

2143 4737 2292 4809 (397)
2322 4729 2513 4790 Prima
2537 4729 2767 4809 scilicet
2793 4747 2978 4809 causa,
3013 4747 3118 4786 cur
3145 4729 3254 4788 hoc
3285 4747 3433 4809 opus
3464 4732 3717 4809 scripse-

2073 4803 2172 4878 rit,
2204 4803 2313 4864 fuit
2342 4810 2537 4862 metus
2568 4803 2897 4871 oblivionis,
2921 4809 2987 4858 ut
3015 4819 3086 4859 ex
3114 4803 3495 4876 sequentibus
3522 4803 3717 4877 palam

2075 4884 2193 4938 fiet.

2147 4952 2296 5025 (3‘38)
2328 4950 2386 5006 Id
2421 4952 2534 5005 est:
2562 4946 2670 5025 {fec
2690 4953 3072 5025 questussum.
3106 4988 3118 5000 .
3159 4986 3221 5025 .__.
3260 4988 3272 5001 .
3288 4949 3722 5025 perspiciensme

2078 5016 2352 5081 lectorem.
2382 5036 2470 5076 me
2496 5016 2969 5144 mlumrhodomi
2996 5033 3107 5072 non
3134 5016 3724 5083 αὶῑθνὶιτηγαγηαίονθηι

2078 5097 2256 5144 mim'is
2283 5096 2466 5144 istius:
2509 5089 2823 5144 auandouui
2993 5088 3246 5144 indicens
3293 5090 3424 5144 aliis
3480 5091 3724 5144 (scilicet

2077 5097 2256 5165 aperis
2283 5096 2466 5149 istius:
2509 5088 2945 5165 quandoquidem
2993 5088 3257 5165 indigens
3293 5090 3424 5165 aliis
3480 5091 3724 5161 (scilicet

2076 5160 2254 5237 libris)
2298 5160 2768 5237 viderenisaltern
2821 5160 2918 5237 hoc
2971 5161 3366 5237 op_ere_solari,
3394 5178 3544 5237 posse
3598 5179 3724 5217 cum

2077 5231 2317 5295 amorem
2343 5234 2575 5306 legendi.
2609 5233 2915 5306 quigz’nerat
2943 5232 3101 5306 mihi.
3136 5231 3274 5287 Post
3302 5231 3586 5288 nonnulla
3617 5251 3722 5306 pro

2078 5309 2362 5366 racantius
2396 5301 2672 5361 mendose
2704 5303 2762 5357 in
2792 5301 3042 5374 vulgatis
3069 5306 3195 5374 erat
3223 5307 3525 5359 vocantius.

2151 5380 2300 5451 (399)
2331 5377 2687 5451 Prazfatignes
2714 5378 2880 5430 vocat
2900 5373 3033 5429 tum
3066 5373 3181 5443 hic,
3212 5379 3339 5431 tum
3373 5375 3511 5431 alibi
3552 5373 3724 5428 hosce

2081 5446 2535 5525 préeloquiorum
2566 5446 2768 5525 libros.

2155 5466 2257 5506 aeno
2305 5466 2535 5505 uiorum
2567 5466 2768 5501 uoros.

2155 5466 2478 5594 (40(3Male
2508 5518 2567 5594 in
2619 5515 2881 5594 _vulgatis
2928 5531 3264 5594 conversum.
3317 5515 3501 5594 voces
3558 5528 3728 5585 porro

2083 5587 2350 5651 orationis
2396 5594 2453 5646 et
2505 5587 2754 5661 lectionis
2811 5587 3089 5661 peculiari
3117 5592 3174 5643 et
3221 5587 3502 5661 inusitato
3552 5599 3729 5661 sensu

2085 5663 2314 5738 accipit.
2348 5662 2602 5733 Utraque
2632 5652 2961 5717 enim-voce
3008 5659 3114 5716 hos
3166 5656 3616 5731 praeloquiorum
3661 5652 3731 5705 li-
