4054 6190
418 332 545 401 843

1393 329 1768 398 RATHERII
1809 326 2054 393 EPISC.
2098 326 2390 392 VERON.
2435 328 2611 394 OPP.
2652 328 2854 394 PARS
2896 326 2948 393 Ῑ.

3683 324 3789 390 8M

420 468 595 529 serim
617 477 1035 543 pausam,eum
1049 467 1643 541 oraudoistepugnet,
1667 463 2063 538 illeexpugne-
2093 461 2149 531 Α
2174 461 2309 519 teat.
2343 463 2539 520 Potest
2564 466 2686 532 tua,
2734 463 2829 521 cui
2862 461 3061 521 omnia
3108 459 3181 519 ad
3212 461 3419 519 nutum
3475 461 3788 533 suppetunt,

420 563 537 628 tur;
561 559 806 632 legendo
824 558 933 614 iste
950 560 1263 628 animetur,
1283 557 1380 633 ille
1398 558 1748 629 increpetur;
1768 554 1827 609 in
1842 570 1959 609 uno
1977 552 2073 609 isti

420 649 665 706 virtutes
697 655 1049 713 accrescant,
1082 648 1167 703 illi
1198 648 1348 703 vires
1381 645 1671 712 deﬁciant;
1692 643 1749 697 in
1782 641 1961 698 altero
1979 640 2074 697 isti

425 738 739 795 consilium
770 738 959 805 detur,
994 737 1077 792 illi
1109 754 1285 809 pavor
1314 735 1616 791 inferatur.
1662 733 1763 788 His
1826 732 1962 803 ergo
1994 731 2076 786 ita

426 845 489 885 se
518 827 890 895 habentibus,
922 827 1149 883 videtur
1181 825 1417 898 quidem
1449 822 1727 897 prologue
1753 838 1899 893 pene
1918 823 2076 875 totus

427 933 557 975 esse
586 931 773 984 meus,
806 916 866 971 in
893 933 1008 989 quo
1039 919 1096 972 et
1143 932 1212 971 ex
1241 931 1369 970 meo
1419 913 1609 986 plura,
1662 911 1795 965 licet
1842 909 1913 967 ab
1947 909 2077 965 aliis

427 1008 582 1065 I93
613 1005 907 1079 explorata
935 1006 1082 1076 (401)
1114 1020 1331 1077 ponere
1362 1019 1496 1059 sum
1532 1017 1734 1057 ausus.
1783 999 2077 1073 Agonisti-

426 1113 532 1152 cus
556 1112 688 1151 vero
715 1096 839 1168 ipse
868 1093 1199 1151 communis
1230 1093 1497 1149 omnium
1528 1088 1832 1146 luctamini
1867 1104 2079 1144 manus

427 1185 720 1253 dantium,
750 1185 905 1240 unde
936 1183 1015 1239 nil
1047 1183 1129 1238 ibi
1156 1186 1368 1254 praeter
1397 1179 1816 1236 connexionem
1866 1176 2076 1249 ipsam,

430 1279 506 1343 et,
542 1278 608 1329 ut
637 1274 719 1329 ita
746 1273 973 1345 loquar,
1003 1273 1186 1327 nodos
1210 1270 1610 1326 membrorum
1643 1266 1903 1322 invenies
1930 1282 2083 1320 meo-

432 1380 588 1431 rum;
619 1362 718 1417 sed
752 1361 1043 1417 orationes
1092 1360 1329 1430 quidem
1371 1376 1405 1413 a
1450 1356 1654 1413 multis
1704 1354 2078 1427 compositas,

433 1450 703 1524 quamvis
735 1453 791 1505 et
818 1468 851 1504 a
882 1449 1044 1504 mein
1073 1447 1215 1521 ipsis
1237 1447 1422 1503 initiis
1441 1444 1667 1518 aliquas
1687 1442 2081 1515 interpositae,

433 1557 582 1613 quas
613 1538 841 1612 negotio
872 1537 1139 1611 prazsenti
1163 1535 1422 1608 judicavi
1456 1550 1762 1605 congruas,
1807 1532 2083 1588 lectiones

432 1646 567 1685 vero
600 1647 669 1684 ex
699 1631 1038 1684 sanctorum
1072 1625 1237 1681 libris
1270 1627 1591 1696 excerptas.
1649 1622 1948 1689 Quomodo
1981 1637 2084 1676 au-

432 1722 550 1775 tem
584 1718 712 1791 ipsa
741 1716 1022 1789 praefatio,
1084 1716 1225 1771 dum
1258 1712 1514 1787 expediri
1564 1728 1692 1767 eam
1742 1709 2082 1767 succinctis-

433 1807 583 1863 sime
612 1805 915 1871 voluerim,
945 1810 1067 1860 tam
1109 1805 1351 1875 longum
1401 1800 1712 1856 verborum
1763 1798 2085 1855 obtinuerit

430 1900 706 1964 tractum,
739 1895 954 1967 partim
988 1894 1179 1949 adhuc
1209 1897 1266 1947 et
1296 1890 1441 1945 mihi
1466 1894 1665 1945 manet
1693 1888 2080 1961 incognitum;

434 1990 722 2058 quantum
753 1987 948 2039 autem
983 1985 1073 2038 est
1119 1984 1480 2054 perceptum,
1536 1976 1722 2033 altum
1782 1979 1845 2049 [f.
1879 1976 2084 2048 alium]

436 2074 667 2130 dicendi
697 2075 923 2144 spectat
954 2070 1169 2127 locum:
1204 2068 1495 2140 siquidem
1548 2065 1740 2122 adhuc
1772 2070 1862 2121 est
1898 2065 2085 2121 ambi-

433 2178 619 2236 guum
648 2161 815 2233 ([102),
850 2175 1026 2231 quem
1058 2158 1212 2213 Deus
1228 2154 1366 2212 velit
1388 2158 1644 2211 utcausa
1672 2158 1871 2227 vergat
1891 2153 1949 2208 in
1969 2153 2085 2209 exi-

432 2255 583 2306 tum.
617 2249 726 2305 Sed
754 2248 1057 2320 rogointer
1080 2244 1655 2317 hmc,benigneJesu,
1680 2242 2084 2313 veniam,dum

438 2339 804 2396 incessanter
833 2341 887 2393 te
914 2353 1027 2391 non
1058 2334 1365 2408 ignorante
1395 2332 1672 2389 contrahe
1706 2349 1937 2388 noxam.
1976 2331 2089 2386 Cur

441 2429 596 2485 enim
628 2428 741 2484 ista
771 2426 1174 2500 praemiserim,
1208 2424 1408 2478 videor
1438 2422 1583 2477 mihi
1610 2438 1678 2478 ex
1707 2426 1871 2494 parte
1915 2421 2085 2489 scire;

442 2523 646 2575 utrum
678 2521 874 2574 autem
906 2518 1012 2570 rite
1041 2512 1445 2587 praemiserim,
1480 2529 1613 2567 cum
1646 2515 1702 2568 et
1731 2511 1789 2566 in
1820 2510 2090 2583 pluribus

440 2607 536 2663 vix
564 2606 789 2663 valeam
820 2602 1333 2676 comprehendere,
1368 2602 1427 2656 in
1462 2600 1762 2657 nonnullis
1811 2600 2091 2656 conﬁteor

442 2713 537 2753 me
568 2695 803 2768 penitus
821 2693 1065 2749 nescire.
1082 2692 1210 2747 Rite
1222 2694 1309 2747 est
1325 2694 1519 2745 autem
1534 2706 1705 2745 omne
1726 2689 1881 2761 quod
1901 2688 2092 2744 humi-

439 2783 575 2840 liter
600 2782 892 2856 prolatum
926 2798 1040 2837 non
1072 2780 1340 2836 dissonat
1370 2778 1442 2834 ab
1474 2777 1833 2847 omnimoda,
1866 2795 1995 2851 qua
2027 2782 2088 2833 tu

443 2889 527 2938 es,
558 2872 819 2927 veritate.
853 2871 911 2925 Si
970 2869 1110 2943 quid
1142 2885 1279 2941 ergo
1342 2867 1449 2923 rite
1479 2872 1567 2924 est
1619 2868 1860 2935 dictum,
1922 2866 2089 2935 mihi,

451 2958 715 3028 Domine,
750 2974 887 3031 rogo
920 2961 983 3012 ut
1009 2955 1292 3029 proficiat:
1322 2955 1371 3010 si
1420 2954 1558 3027 quid
1592 2972 1733 3011 sane
1779 2956 2089 3023 absonum,

446 3053 549 3105 tua
578 3065 773 3121 quzeso
805 3045 1936 3119 clementiaignoscat,tuaquemajestas
1953 3061 2093 3100 con-

448 3139 635 3207 cedat,
669 3141 734 3194 ut
758 3136 945 3192 haecce
977 3135 1191 3208 aliquis
1224 3133 1432 3190 melius
1456 3151 1633 3206 quam
1665 3151 1769 3207 ego
1800 3134 1991 3189 adhuc
2012 3133 2096 3188 in-

443 3225 713 3301 telligens
731 3225 1001 3298 corrigat,
1036 3207 1207 3279 nemo
1237 3240 1370 3279 vero
1400 3227 1757 3296 corrumpat,
1792 3239 1960 3278 nemo
1991 3222 2091 3278 de-
2121 3207 2166 3275 C

443 3386 582 3443 bros
610 3385 725 3441 ista
766 3384 996 3440 videtur
1028 3384 1293 3448 innuere,
1325 3388 1390 3438 ut
1419 3384 1683 3438 orationis
1742 3383 1977 3437 nomine
2024 3400 2092 3439 ea
2154 3364 2159 3368 ’

446 3457 574 3530 loca
605 3457 910 3530 signiticet,
944 3472 1071 3528 quae
1101 3455 1225 3530 ipse
1256 3472 1325 3530 ex
1357 3454 1563 3530 alienis
1596 3454 1919 3530 sententiis
1954 3453 2092 3509 hinc

443 3528 580 3585 inde
610 3524 897 3600 eicerptis
927 3524 1242 3600 contexuit;
1276 3528 1524 3600 lectionis
1574 3542 1708 3600 vero
1733 3524 2011 3600 _nomine_
2034 3530 2093 3600 et

444 3600 759 3685 prolixiora
781 3597 1025 3685 :I’atrum
1059 3598 1412 3685 testimonia,
1448 3614 1575 3669 quae
1607 3597 1847 3685 totidem
1896 3598 2092 3653 verbis

441 3670 710 3751 inseruit.
744 3670 1356 3751 ‘Lectionemdquidem
1408 3673 1750 3751 usurpatam
1801 3686 1904 3751 pro
1953 3694 2091 3751 περι-

442 3756 585 3816 ιωπῇ
641 3746 844 3816 textu,
883 3741 1251 3816 allegatione,
1300 3742 1694 3816 auctoritate,_
1722 3741 2087 3816 testimonio,

445 3811 1595 3891 sectioneundecun‘que_decerpta,quae
1629 3811 2087 3891 adducebantur,

444 3891 502 3942 et
532 3885 927 3941 recitabantur
956 3881 1302 3952 in'judiciis,
1329 3881 1610 3952 'scriptis,
1643 3885 1699 3936 et
1729 3881 1786 3936 in
1841 3882 2094 3938 Ecclesia

445 3953 1357 4038 _qu_oque,JacobusGothofredus
1382 3952 1652 4033 pluribus
1665 3952 2093 4038 exempli's‘pro-

442 4022 543 4083 bat
572 4022 630 4082 in
662 4022 1081 4082 Commentario
1111 4024 1183 4078 ad
1215 4022 1400 4093 legem
1419 4022 1649 4077 unicam
1667 4022 1884 4079 codicis
1909 4022 2091 4080 Theo-

445 4097 671 4154 dosiani
702 4098 775 4152 De
818 4096 1087 4166 responsis
1132 4094 1481 4167 prudentum,
1543 4095 1966 4167 coulirmatque
2013 4096 2086 4151 ad

441 4168 632 4243 legem
664 4165 981 4243 nonampe
1006 4165 1469 4243 iaﬁrmamlisjiis
1496 4181 1622 4237 qum
1661 4169 1761 4221 sub
1808 4165 2082 4243 {graecis2

444 4236 723 4321 Eamdem
754 4237 1244 4321 significationem
1280 4242 1343 4321 ut
1371 4236 1516 4292 huic
1550 4236 2085 4321 quoqueul't'athelrii

440 4312 623 4370 textui
671 4309 1057 4384 applicemus_
1096 4310 1345 4384 suadent
1399 4309 1721 4384 sequentia:
1779 4311 1871 4365 Nil
1894 4310 1973 4365 ibi
2002 4309 2085 4384 (in

442 4385 551 4441 boc
578 4380 800 4440 scilicet
821 4397 993 4455 opere
1027 4380 1502 4455 Prailoquiorum)
1539 4386 1756 4455 ΡναέίιτένΔ
1789 4380 2084 4437 connexio-

437 4473 565 4513 nem
594 4458 790 4528 ipsam,
825 4452 897 4519 et,
930 4461 990 4509 ut
1019 4455 1098 4528 ita
1128 4454 1340 4528 loquar,
1389 4452 1554 4528 nodos
1596 4453 1959 4528 membrorum
1992 4455 2084 4509 in-
2122 4472 2129 4473 ί

438 4524 626 4585 venies
648 4544 915 4593 meorum,-
943 4525 1035 4581 sel
1082 4526 1353 4579 orationes
1391 4524 1610 4593 quidem
1640 4541 1673 4578 a
1702 4525 1889 4579 multis
1943 4542 2084 4580 com-

2173 552 2465 625 .majcstas
2488 551 3219 627 efficere(quandoquidem
3251 551 3401 607 I94
3418 548 3570 606 idem
3597 553 3678 605 est
3697 548 3791 605 tibi

2182 639 2329 697 velle
2360 642 2517 713 quod
2549 658 2738 715 agere,
2765 658 2935 714 posse
2963 642 3118 716 quod
3160 640 3311 713 esse)
3355 643 3422 696 ut
3450 638 3569 696 hanc
3612 638 3791 695 eadem

2183 728 2356 785 alicui
2388 731 2686 804 contingat
2714 732 3012 803 prodesse,
3046 730 3146 804 qui
3170 747 3274 804 pro
3302 744 3394 786 me
3425 728 3796 785 miserrimote

2182 818 2322 874 velit
2350 835 2606 891 exorare,
2640 835 2815 892 quem
2846 825 2908 876 tu
2939 819 3205 893 piissime
3234 818 3491 892 digneris
3531 816 3794 884 exaudire,

2187 907 2355 980 eique
2385 908 2571 964 vicem
2601 924 2706 981 pro
2729 909 3009 966 beneficio
3040 907 3272 965 referre.
3303 909 3507 964 Amen.

2187 1068 2287 1124 Hic
2301 1068 2614 1140 ponendum
2659 1069 2799 1142 quod
2834 1071 3187 1142 promisimus
3222 1069 3404 1142 ((103).
3458 1068 3598 1125 beati
3640 1066 3799 1141 Augu-

2577 1140 2713 1196 stini
2730 1140 2795 1198 de
2826 1140 3070 1198 utilitate
3096 1141 3436 1214 vigiliarum.

2260 1301 2444 1385 Igitur
2474 1301 2612 1373 quia
2642 1306 2864 1374 quanta
2895 1303 2973 1358 sit
3002 1301 3600 1377 utilitasvigiliarum,
3621 1305 3675 1357 et
3694 1299 3807 1357 istis

2191 1393 2248 1445 et
2279 1390 2480 1445 multis
2514 1390 2763 1447 aliorum
2795 1393 3126 1460 doctorum,
3164 1393 3407 1465 insuper
3435 1396 3492 1448 et
3522 1384 3810 1446 multidiCis

2192 1484 2404 1535 sanctae
2437 1480 2675 1552 Scriptis
2716 1481 2996 1537 docemur
3037 1479 3415 1546 testimoniis,
3460 1479 3811 1536 admonemus

2192 1567 2619 1640 olympionicen
2677 1570 2829 1642 (401'1)
2880 1574 3173 1635 nostrum,
3224 1574 3290 1625 ut
3323 1569 3465 1642 quia
3519 1567 3812 1642 singulares

2193 1656 2486 1725 excubias,
2522 1658 2734 1730 quibus
2783 1664 2978 1715 castra
3026 1676 3269 1715 suarum
3310 1657 3594 1713 virtutum
3642 1662 3814 1712 contra

2196 1745 2548 1818 multiplices
2562 1749 2690 1817 ejus
2703 1748 2946 1804 insidias
2961 1747 3519 1821 pervigilantissime
3534 1745 3811 1813 custodiat,

2112 1836 2159 1901 B
2191 1851 2252 1891 se
2280 1834 2503 1890 noverit
2522 1837 2760 1909 aggredi
2776 1837 3005 1892 debere.
3028 1836 3344 1892 Przeveniat
3374 1835 3573 1908 itaque
3596 1833 3815 1890 aliorum

2192 1922 2420 1995 vigilias
2452 1924 2645 1980 studio
2668 1926 2922 1981 adeundi
2955 1924 3403 1994 certaminis,ne
3437 1940 3503 1981 eo
3524 1922 3817 1980 dormiente

2194 2011 2551 2085 improvisus
2600 2013 2783 2069 irruat
2832 2014 3037 2078 hostis,
3082 2031 3148 2070 eo
3180 2013 3405 2070 scilicet
3452 2011 3667 2083 saevior,
3720 2027 3817 2084 quo

2194 2100 2421 2173 pridem
2449 2102 2640 2158 victus
2669 2104 3067 2159 verecundior.
3102 2102 3209 2159 Ubi
3239 2102 3443 2174 itaque
3473 2101 3666 2158 oculos
3700 2117 3818 2173 ape-

2195 2189 2395 2254 ruerit,
2454 2207 2660 2246 nemor
2718 2192 3127 2265 praecipientis:
3200 2192 3443 2264 Incipite
3504 2190 3720 2247 Domino
3770 2190 3820 2243 in

2195 2282 2532 2351 confessione
2560 2281 2732 2347 (Psal.
2764 2298 2947 2347 CXLVI,
2988 2283 3064 2348 7);
3118 2280 3508 2337 reminiscens
3551 2279 3713 2335 etiam
3743 2278 3820 2332 be-

2198 2369 2539 2425 neficiorum
2567 2370 2697 2441 ejus
2726 2368 3230 2435 inumerabilium,
3282 2368 3394 2425 hoc
3443 2368 3597 2424 illico
3646 2370 3822 2423 contra

2197 2457 2502 2514 inimicum
2528 2458 2859 2532 intorqueat
2888 2457 3092 2524 telum,
3125 2458 3281 2530 quod
3313 2461 3371 2513 et
3423 2457 3538 2515 sibi
3586 2456 3660 2513 sit
3685 2454 3821 2512 omni

2198 2546 2398 2620 clypeo
2429 2548 2618 2604 tutius
2646 2546 3109 2603 defensaculum.

2198 2681 2438 2753 Explicit
2492 2682 2636 2754 liber
2676 2689 2861 2754 sextus
2896 2680 3346 2754 ,Prazloquiorum
3392 2680 3666 2754 Ramerii
3690 2681 3819 2754 Vero-

2267 2750 2726 2878 nensishquidem
2785 2753 3035 2808 Ecclesiw
3095 2750 3350 2825 episcopi,
3383 2753 3481 2809 sed
3536 2750 3821 2808 Laubiemis

2270 2840 2465 2880 monac
2504 2841 2544 2879 z.

2273 2957 2380 3023 Qui
2406 2957 2651 3029 coepisse
2680 2956 2895 3014 librum
2928 2956 3192 3025 dederas,
3224 2955 3395 3013 ﬁnire
3419 2955 3665 3024 dedisti,‘

2344 3046 2780 3120 Cunctipotens,
2812 3044 3032 3103 famulo
3058 3046 3254 3103 dando
3286 3050 3499 3119 rogata
3529 3050 3649 3105 tuo.

2275 3136 2437 3192 Hunc
2467 3153 2573 3210 ego
2604 3134 2915 3192 Ratherius
2944 3151 3049 3208 pro
3079 3138 3135 3191 te
3166 3135 3308 3208 quia
3336 3134 3492 3192 ferre
3522 3132 3782 3191 laborem.

2344 3224 2603 3298 Suscepi,
2635 3225 2850 3297 probra
2878 3222 3059 3294 dilue,
3084 3223 3314 3281 Christe
3343 3240 3501 3282 mea.

2201 3403 2304 3459 pro
2334 3386 2544 3459 explica
2574 3402 2609 3440 a
2638 3385 2910 3442 Ratherio
2939 3388 3265 3459 usurpatur
3294 3382 3551 3458 epistola
3577 3381 3824 3447 secunda,

2200 3457 2266 3515 iit
2294 3457 2515 3530 patebit
2544 3473 2613 3512 ex
2644 3462 2765 3513 not.

2268 3525 2419 3655 5&02)
2450 3528 2595 3584 Cum
2625 3529 2943 3596 ambiguum
2971 3526 3132 3594 dicit,
3165 3542 3324 3609 quem
3353 3528 3414 3581 in
3472 3528 3679 3583 exitum
3703 3525 3824 3581 Deus

2290 3607 2419 3655 αλιι
2444 3616 2611 3655 causa
2632 3607 2839 3655 veroat:
2857 3615 3037 3655 causas
3060 3615 3298 3654 nomme
3327 3610 3505 3654 suam
3534 3609 3823 3655 (erumnam

2202 3598 2419 3665 vclit,ut
2444 3616 2611 3655 causa
2632 3607 2839 3669 vergat,-
2857 3615 3037 3655 causos
3060 3598 3298 3654 nomine
3327 3610 3505 3654 suam
3534 3609 3823 3669 aerumnam

2201 3677 2259 3727 et
2290 3687 2579 3751 carcerem
2598 3667 2855 3727 indicare
2871 3671 3120 3751 videtur;
3141 3670 3554 3751 quippe‘quqd
3574 3685 3701 3727 cum
3722 3667 3824 3722 haec

2160 3810 2165 3813 _
2200 3742 2500 3811 scriberet,
2536 3760 2653 3799 suae
2683 3759 2872 3798 causa;
2902 3742 3122 3799 exitum
3156 3742 3471 3814 ignoraret.
3502 3742 3661 3799 Hunc
3677 3752 3822 3814 porro

2202 3830 2441 3871 sensum
2473 3831 2603 3887 esse
2631 3818 2930 3887 putamus.
2964 3813 3822 3887 Quantumautem‘perceptum

2199 3891 2307 3951 est,
2341 3902 2447 3941 cur
2474 3885 2533 3957 hi
2570 3882 2701 3941 libri
2733 3889 2854 3940 tam
2885 3884 3100 3957 prolixi
3132 3884 3389 3957 fuerint,
3421 3882 3607 3957 alium
3648 3882 3822 3957 locum

2199 3961 2439 4029 spectat,
2474 3956 2653 4029 idest
2705 3951 3019 4029 exspectat,
3081 3970 3216 4011 cum
3268 3954 3496 4029 scilicet
3542 3951 3823 4029 Ratherius

2197 4024 2427 4109 carcere
2457 4027 2706 4094 solutus,
2738 4024 2978 4084 liberius
2999 4042 3174 4083 suum
3207 4025 3526 4083 consilium
3565 4024 3823 4099 explicare

2196 4103 2611 4242 ΡΟἶὲὄέςξἨυοο
2642 4174 2867 4224 textum
2898 4170 2955 4224 in
3006 4167 3321 4294 Augustini
3372 4167 3548 4225 editis
3595 4162 3823 4239 reperire

2196 4258 2309 4294 non
2344 4241 2526 4294 licuit.
2562 4241 2702 4294 Esse
2734 4246 2929 4294 tamen
2959 4256 3027 4294 ex
3057 4257 3091 4294 a
3117 4256 3253 4294 iuuo
3278 4255 3550 4294 sermone
3582 4235 3820 4294 eiusdem

2196 4235 2309 4298 non
2344 4235 2526 4297 licuit.
2562 4241 2702 4297 Esse
2734 4246 2929 4297 tamen
2959 4256 3027 4296 ex
3057 4235 3253 4312 aliquo
3278 4255 3550 4312 sermone
3582 4235 3820 4312 ejusdem

2194 4314 2253 4369 S.
2287 4312 2563 4380 doctoris,
2583 4312 2684 4384 qui
2700 4312 3086 4382 desideratur,
3105 4308 3313 4367 suadet
3328 4310 3501 4384 lectio
3517 4308 3640 4384 psal
3655 4318 3818 4384 cxuv1,

2191 4402 2340 4458 vers.
2371 4387 2426 4440 7:
2484 4381 2711 4458 Incipite
2770 4385 3003 4458 Domino
3053 4385 3113 4458 iu
3169 4381 3536 4458 confessione,
3567 4395 3706 4458 quia
3739 4381 3823 4458 ter

2193 4457 2348 4529 apud
2379 4449 2651 4513 eumdem
2682 4455 2915 4527 legitur,
2950 4454 3231 4510 nimirum
3268 4449 3442 4509 tract.
3470 4449 3529 4519 [ις
3564 4449 3621 4507 in
3667 4449 3819 4521 epist.

2190 4527 2456 4592 Joannis,
2490 4546 2546 4583 n.
2578 4529 2632 4594 3,
2666 4542 2842 4582 serm.
2878 4528 2929 4590 1,
2950 4526 3010 4581 in
3026 4543 3114 4597 ps.
3142 4541 3337 4597 (1111,11.
3365 4525 3820 4597 luetinpscxm,

2406 4566 2456 4592 CI.
2493 4566 2546 4583 ιιι
2578 4566 2632 4594 υ,
2666 4566 2751 4582 ῡυι
2765 4566 2842 4581 ιιι.
2882 4566 2929 4590 ι,
2951 4566 3010 4581 ιιι
3026 4566 3114 4595 γυ.
3143 4566 3262 4595 υιιι,
3284 4566 3337 4580 υ.
3365 4566 3422 4587 ιον

437 4602 657 4673 positas,
690 4578 941 4671 quamvis
970 4605 1018 4652 et
1046 4578 1211 4673 aJme
1234 4578 1311 4650 in?
1333 4578 1465 4673 ipsis
1510 4578 1691 4673 initiis
1741 4578 2084 4673 aliquastin-
2120 4578 2162 4641 Ι)
2194 4578 3335 4673 at“111:ab;‘qigoaaé‘aeiéaezmvaas'
3356 4578 3565 4652 eodem
3580 4578 3822 4663 “usurpa;

443 4666 750 4742 ierpositas,
772 4686 905 4741 quas
944 4670 1156 4737 negotio
1195 4668 1458 4742 prazseuti
1496 4666 1750 4742 judican
1798 4666 2089 4739 congruas;

443 4738 702 4797 lectiones
752 4738 876 4809 υἱενο
905 4754 977 4805 0.3:
1013 4747 1343 4809 sanctormu
1370 4738 1527 4791 libris
1581 4745 1878 4809 excerptas.
1906 4738 2089 4795 Certe

440 4826 576 4868 vero
605 4827 739 4867 cum
772 4826 834 4865 se
864 4808 925 4863 in
956 4824 1185 4880 carcere
1215 4807 1604 4880 libriscarere
1636 4807 1808 4880 paulo
1839 4813 1973 4865 ante
2003 4816 2086 4865 te-

442 4887 630 4940 status
654 4880 1038 4954 sit,rlectzones
1070 4878 1164 4933 hic
1207 4878 1440 4951 proprio
1472 4884 1528 4954 e_t
1576 4878 1811 4953 vulgato
1860 4880 2087 4954 legendi

440 4971 616 5011 sensu
654 4953 918 5024 accipere
948 4950 1329 5024 nequaquam
1355 4950 1562 5024 potuit.

513 5028 664 5100 (401)
697 5020 1015 5097 Explorato,
1042 5020 1118 5077 'id
1145 5020 1233 5077 est
1290 5020 1593 5095 explicata.
1641 5023 1880 5095 Explere
1928 5024 2085 5079 enim

2199 4675 2297 4727 tur
2326 4668 2580 4742 enarrat:
2612 4668 2805 4742 inps.
2831 4686 3000 4742 vau,
3034 4686 3091 4723 n.
3114 4668 3205 4725 2|.

2270 4742 2419 4813 (40a)
2452 4741 2614 4814 Mala,
2624 4742 2689 4814 in
2704 4732 2967 4814 vulgatis
2986 4732 2996 4737 ⁷
3016 4738 3501 4814 olympliionicam.
3560 4732 3824 4814 Olympios

2196 4801 2343 4892 uices
2373 4801 2576 4892 autem
2603 4812 2698 4892 ille
2718 4801 2936 4892 dictus,
2967 4801 3500 4892 qpivin'olympiaco
3530 4801 3823 4892 certamine

2195 4885 2379 4940 victor
2402 4885 2605 4940 evasit.
2634 4884 2736 4939 Hic
2767 4887 2962 4939 autem
2984 4880 3063 4939 de
3089 4899 3155 4940 eo
3186 4880 3421 4949 dicitur,
3445 4880 3547 4954 qui
3577 4893 3707 4937 cum
3734 4886 3824 4946 spe

2196 4956 2448 5012 victoria:
2485 4960 2859 5029 pugnaturus
2889 4959 2999 5012 est.
