4034 6172
555 311 669 378 331

1474 301 1855 374 RATHERH
1898 300 2144 366 EPISC.
2189 300 2478 366 VERON.
2525 301 2702 366 OPP.
2749 301 2949 367 PARS
2993 301 3044 367 Ι.
3789 315 3886 382 333

547 444 747 520 spargi
777 460 882 518 per
909 445 1121 501 cuncta
1145 437 1625 500 monasteriiloca
1651 437 2009 501 etsieomnis
2023 452 2204 510 pavor
2227 439 2285 506 Α
2314 435 2664 496 Obsecrout
2721 435 2936 511 rogetis
2984 435 3154 494 illum
3204 435 3277 495 ad
3324 454 3413 498 me
3456 439 3652 502 venire:
3697 447 3886 508 confido

498 525 504 530 ’
552 553 688 594 cum
717 539 956 592 auctore
983 550 1092 590 suo
1120 531 1406 589 abscessit
1433 533 1667 586 Satana.

618 629 674 681 7.
701 623 829 683 Alio
856 639 1089 697 quoque
1120 625 1377 694 tempore
1407 621 1583 676 ducta
1614 621 1703 674 est
1735 617 1805 672 ad
1837 633 1972 672 eum
2010 615 2206 689 puella

536 715 820 788 quasdam
833 711 1150 780 saecularis,
1167 709 1338 782 plena
1352 707 1664 774 daemonio,
1693 723 1872 778 quam
1897 704 2204 777 jussitsibi

547 805 608 862 in
639 803 962 862 oratorium
991 797 1222 858 deferri.
1253 797 1375 862 Quo
1408 797 1580 864 facto,
1607 796 1880 868 praecepit
1917 811 2046 850 eam
2077 793 2202 849 vin-

539 895 697 952 culis
747 892 963 965 quibus
1021 887 1424 961 stringebatur
1481 885 1726 941 absolvi:
1785 889 1844 940 et
1888 888 2024 957 post
2079 883 2201 938 haec

544 981 722 1055 capit
749 981 851 1038 Dei
883 979 1202 1053 potentiam
1229 993 1408 1049 super
1454 978 1630 1048 caput
1674 973 1862 1047 ipsius
1910 973 2197 1041 invocare,

543 1072 861 1144 ipsumque
892 1070 1218 1125 daemonem
1251 1068 1315 1121 ut
1346 1082 1380 1120 a
1408 1063 1696 1136 plasmate
1714 1062 1814 1118 Dei
1830 1061 1943 1118 vivi
1979 1061 2202 1117 recede-

534 1165 634 1217 ret
661 1159 984 1231 increpare.
1001 1155 1232 1212 .Mirum
1251 1154 1309 1209 in
1343 1154 1582 1209 modum
1596 1152 1782 1208 hostis
1803 1150 1900 1207 ille
1917 1150 2197 1222 antiquus

548 1247 718 1321 capit
745 1246 1027 1303 continuo
1058 1242 1278 1300 anxiari
1313 1247 1370 1297 et
1401 1242 1668 1306 fremere,
1709 1240 2086 1311 diversasque
2129 1255 2196 1293 ac

547 1337 709 1394 diras
737 1353 907 1393 voces
938 1333 1224 1391 emittere.
1255 1335 1503 1388 Sanctus
1522 1346 1654 1386 vero
1677 1328 1994 1384 Ursmarus
2017 1326 2200 1399 jussit

546 1429 872 1494 eam'extra
924 1421 1245 1481 oratorium
1306 1419 1480 1485 trahi,
1539 1419 1782 1490 ipseque
1830 1417 2196 1488 subsequens

531 1514 840 1588 percussit
863 1528 994 1584 eam
1029 1511 1217 1566 tribus
1239 1508 1464 1565 vicibus
1496 1506 1702 1562 baculo
1733 1523 1907 1578 quem
1931 1504 2199 1578 gestabat

548 1602 840 1660 manibus.
875 1603 1026 1662 Tum
1059 1598 1300 1672 spiritus
1332 1613 1584 1669 nequam
1614 1595 1755 1651 exiit
1771 1595 1844 1649 ab
1873 1611 1942 1650 ea
1971 1599 2089 1650 tam
2107 1611 2196 1650 ce-

532 1692 861 1762 .leriter,ac
891 1690 941 1748 si
975 1690 1118 1762 oipse
1175 1687 1386 1743 fuisset
1438 1701 1774 1758 percussus.
1835 1685 2019 1750 Quam
2063 1700 2196 1740 mox

533 1783 752 1852 beatus
771 1779 1044 1854 pontifex
1071 1775 1452 1834 sanissimam
1480 1773 1732 1831 oratorio
1765 1773 2039 1838 reddidit,
2065 1789 2192 1843 per-

531 1885 894 1943 ungensque
915 1868 1045 1923 oleo
1079 1865 1402 1932 benedicta,
1433 1863 1675 1918 liberam
1707 1862 1866 1918 abire
1904 1860 2190 1933 permisit.

615 1963 670 2016 8.
703 1958 969 2015 Habebat
996 1959 1237 2012 sanctus
1267 1952 1526 2026 pontifex
1557 1955 1787 2022 neptem
1818 1951 2011 2022 injam
2040 1949 2192 2005 dicto

547 2045 904 2114 mon-sterio
935 2043 1340 2110 Melbodiensi,
1369 2058 1544 2114 quam
1573 2040 1697 2113 ipse
1719 2039 2017 2112 parvulam
2040 2055 2194 2096 com-

547 2138 925 2194 mendaverat
939 2129 1645 2204 sanctzeAldegundiQua:
1661 2133 1969 2201 postquam
1987 2127 2194 2183 fuisset

535 2227 764 2293 adulta,
797 2229 924 2282 orta
951 2227 1042 2280 est
1070 2222 1335 2294 quaedam
1366 2220 1422 2275 in
1456 2220 1594 2290 ejus
1625 2217 1773 2274 collo
1818 2235 1970 2274 saeva
2016 2216 2191 2271 nimis

539 2315 879 2382 inﬁrmitas;
907 2330 1035 2386 quas
1066 2311 1319 2384 gutteria
1347 2310 1497 2381 (£112)
1521 2308 1739 2364 dicitur
1767 2322 2035 2362 sermone
2066 2305 2193 2360 Gal-

537 2405 674 2462 lico.
719 2402 1074 2461 Astruenbat
1127 2417 1260 2456 vero
1317 2397 1547 2465 medici,
1582 2398 1736 2470 quod
1783 2395 1953 2452 aliter
1999 2395 2189 2450 curari

541 2494 831 2568 nequiret,
865 2492 979 2548 nisi
1009 2505 1185 2546 carne
1213 2487 1401 2546 incisa
1418 2505 1555 2544 cum
1577 2486 1791 2542 uncino
1817 2485 2002 2541 ferreo
2037 2484 2190 2540 foras

433 2620 441 2628 τ-
530 2585 787 2646 morbus
815 2581 1176 2639 trahereturt
1191 2580 1307 2636 Hoc
1338 2581 1534 2635 autem
1569 2575 1687 2632 illis
1713 2576 1902 2631 facere
1934 2573 2190 2646 cogitan-

541 2673 722 2738 tibus,
743 2670 1010 2743 contigit,
1033 2667 1408 2741 supervenire
1421 2669 1692 2722 sanctum
1715 2663 1947 2719 Domini
1961 2662 2192 2734 pontifi-

541 2777 690 2817 cem:
719 2759 825 2832 qui
855 2756 1137 2814 accersito
1168 2757 1240 2812 ad
1270 2772 1334 2811 se
1363 2753 1590 2809 medico
1641 2751 2020 2824 interrogavit
2053 2767 2186 2807 eum

542 2848 770 2904 dicens:
796 2848 899 2914 Dic
930 2844 1075 2901 mihi
1114 2847 1388 2900 utrumne
1434 2841 1628 2898 valeas
1681 2856 1887 2897 sanare
1934 2856 2084 2896 eam.
2117 2841 2191 2896 At

540 2935 764 2994 illeait:
797 2936 1053 3006 Nequeo,
1080 2932 1200 2989 nisi
1220 2949 1356 2988 cum
1374 2931 1589 2987 uncino
1619 2929 1804 2985 ferreo
1816 2927 2191 2984 carneincisa

534 3025 816 3082 morbum
845 3024 1004 3079 foras
1035 3021 1287 3077 traham.
1319 3019 1578 3075 Audiens
1599 3021 1794 3076 autem
1815 3016 1902 3072 vir
1921 3017 2022 3072 Dei
2056 3017 2184 3082 hoc,

526 3113 802 3172 \omuimo
831 3113 1021 3168 facere
1052 3109 1416 3183 prohibebat,
1435 3105 1575 3180 quia
1603 3105 1815 3178 oppido
1832 3121 1961 3163 eam
1989 3105 2188 3178 dilige-

2313 527 2466 583 enim
2501 527 2559 582 in
2585 531 2720 594 Deo,
2755 544 2848 582 me
2893 526 3270 585 revalituram
3310 533 3652 602 quantocius,
3697 535 3740 590 si
3779 555 3890 596 eum

2309 615 2508 672 videre
2540 632 2829 672 meruero.
2864 616 3026 680 Quod
3059 633 3194 672 cum
3226 618 3388 674 beato
3414 619 3528 674 viro
3558 621 3742 679 fuisset
3775 625 3892 680 inti-

2312 709 2558 772 matum,
2595 705 2816 778 absque
2848 722 3011 761 mora
3059 705 3132 762 ad
3183 704 3344 764 illam
3391 708 3639 765 accessit:
3681 728 3894 785 cumque

2311 793 2562 850 intuitus
2592 811 2721 850 eam
2754 794 2981 863 fuisset,
3014 793 3237 852 elevata
3275 813 3447 852 manu
3476 797 3692 869 signum
3735 803 3893 859 crucis

2310 899 2487 955 super
2515 887 2790 956 aegrotam
2823 883 2980 954 fecit,
3011 889 3068 939 et
3097 882 3251 939 illico
3301 885 3494 957 fugata
3537 886 3680 942 febre
3722 889 3897 945 mulier

2310 971 2625 1041 convaluit,
2696 971 2998 1044 vitamque
3070 972 3182 1028 sibi
3240 990 3274 1028 a
3322 973 3435 1030 Deo
3490 991 3587 1046 per
3649 976 3895 1033 interven-

2309 1064 2434 1118 tum
2469 1061 2656 1118 sancti
2691 1061 2797 1117 viri
2815 1060 3104 1118 redditam
3122 1062 3444 1136 saepissime
3462 1063 3651 1120 multis
3670 1064 3784 1138 ipsa
3796 1084 3902 1122 nar-

2309 1149 2475 1206 ravit.

2382 1241 2469 1295 10.
2502 1240 2642 1295 Post
2671 1239 2792 1295 haec
2822 1241 3020 1312 itaque
3047 1240 3396 1297 venerabilis
3427 1240 3668 1314 pontifex
3695 1259 3898 1300 cernens

2308 1328 2592 1401 paulatim
2627 1329 2739 1385 sibi
2767 1329 2921 1384 vires
2953 1330 3212 1402 corporis
3261 1329 3467 1401 minui,
3515 1347 3732 1402 sumque
3772 1331 3896 1387 diem

2306 1417 2629 1474 vocationis
2659 1418 2988 1486 imminere,
3016 1435 3217 1475 curam
3250 1420 3424 1492 coepit
3454 1437 3564 1476 non
3587 1437 3798 1492 parvam
3824 1437 3898 1492 ge-

2307 1523 2455 1573 rere,
2479 1523 2550 1562 ne
2607 1523 2748 1579 grex
2777 1507 2888 1562 sibi
2947 1507 3302 1564 commissus
3349 1507 3756 1580 relinqueretur
3794 1508 3896 1565 sine

2306 1600 2557 1666 pastore.
2592 1597 2776 1660 'I‘unc,
2811 1601 3104 1652 annuente
3154 1598 3288 1664 Deo,
3340 1596 3666 1669 optantibus
3711 1598 3897 1652 cunctis

2305 1685 2364 1739 S.
2399 1684 2675 1741 Erminus
2703 1684 2942 1758 eligitur
2964 1685 3052 1741 vir
3082 1685 3242 1742 omni
3275 1686 3531 1744 bonitate
3555 1685 3808 1758 repletus,
3829 1690 3897 1742 at-

2305 1791 2419 1846 que
2445 1773 2729 1847 magistro
2761 1775 3026 1832 moribus
3072 1776 3493 1848 adaequandus;
3544 1775 3752 1832 cunctis
3790 1791 3896 1830 vero

2307 1861 2478 1918 istius
2491 1867 2605 1920 tem
2613 1863 3124 1937 porishominibus
3137 1864 3314 1921 tacito
3341 1863 3736 1937 praeferendus.
3749 1864 3896 1928 Quem

2305 1951 2596 2024 benignus
2625 1953 2793 2006 Pater
2821 1957 2883 2006 ut
2901 1952 3082 2008 ﬁlium
3105 1952 3517 2009 charissimum
3543 1951 3754 2009 monuit
3766 1968 3895 2008 ama-

2303 2040 2520 2108 biliter,
2553 2047 2845 2113 quatenus
2875 2057 3110 2114 gregem
3144 2042 3256 2097 sibi
3290 2042 3663 2098 commissum
3691 2040 3893 2097 sollicite

2304 2134 2584 2201 pasceret,
2620 2130 2882 2186 moribus
2910 2135 2966 2186 et
2991 2131 3185 2186 verbis
3215 2147 3416 2188 secum
3440 2131 3509 2187 ad
3529 2130 3730 2188 aethera
3747 2133 3896 2184 trans-

2305 2219 2452 2274 ferre
2484 2223 2790 2291 satageret.
2807 2220 2966 2282 Quod
2990 2219 3112 2292 ipse
3129 2221 3425 2293 agendum
3441 2212 3688 2292 suscepit
3703 2219 3895 2291 quidem

2303 2308 2564 2373 moleste,
2599 2309 2700 2364 sed
2735 2314 2846 2364 Deo
2877 2315 3244 2380 cooperante,
3277 2316 3514 2366 strenue
3561 2308 3786 2381 peregit:
3829 2307 3896 2360 in-

2301 2395 2530 2451 choavit
2558 2395 2880 2463 humiliter,
2908 2399 3008 2453 sed
3041 2398 3433 2470 perseveravit
3461 2397 3712 2454 ﬁdeliter.
3740 2396 3896 2454 Bonus

2301 2485 2483 2557 igitur
2511 2484 2706 2558 gregis
2737 2485 2953 2542 Christi
2986 2491 3188 2558 pastor
3218 2488 3555 2556 Ursmarus,
3606 2485 3835 2542 moribus
3857 2488 3899 2538 et

2301 2575 2473 2630 annis
2505 2579 2793 2644 maturus,
2827 2575 3008 2648 digna
3027 2581 3417 2650 suscepturus
3450 2577 3771 2634 meritorum
3789 2589 3898 2645 pra-

2301 2663 2439 2732 mia,
2474 2663 2732 2719 cmlestia
2761 2663 3043 2719 invitatur
3073 2665 3145 2720 ad
3169 2682 3370 2738 regna.
3404 2666 3508 2730 Qui
3530 2664 3780 2738 precibus
3798 2661 3901 2717 cha-

2300 2751 2672 2810 rissimorum
2687 2769 2835 2825 quos
2849 2752 3144 2810 inChristo
3159 2755 3454 2812 nutrierat
3479 2754 3739 2819 filiorum,
3758 2765 3897 2811 suum

2300 2840 2456 2897 fideli
2487 2841 2740 2898 Creatori
2776 2843 3198 2900 commendans
3227 2843 3525 2917 spiritum,
3545 2843 3682 2917 ipsis
3699 2854 3902 2914 praesen-

2297 2930 2460 2987 tibus
2490 2930 2793 3005 exsultans
2823 2931 2882 2987 in
2940 2932 3209 3001 Domino,
3263 2933 3464 2991 carnis
3514 2927 3893 3006 quartodecimo

2298 3017 2588 3075 Kalendas
2619 3019 2754 3078 Maii
2787 3038 2881 3076 an.
2912 3022 3019 3076 713
3050 3021 3299 3078 solvitur
3324 3022 3636 3096 ergastulo,
3678 3019 3892 3076 victurus

2296 3107 2370 3162 in.
2388 3107 2601 3164 secula
2625 3125 2764 3164 cum
2797 3109 3421 3184 Christo.Angelorum
3440 3116 3663 3168 evectus
3686 3107 3896 3164 ministe

525 3205 660 3273 ibat,
685 3207 750 3260 et
777 3181 1173 3276 periculosum
1204 3197 1314 3256 hoc
1328 3197 1638 3254 valdeesse
1659 3195 1947 3253 cernebat.
1971 3195 2018 3248 Υ
2022 3211 2186 3250 erum
2219 3181 2261 3248 C
2300 3196 2407 3264 rio,
2440 3196 2657 3254 ccelesti
2683 3198 2932 3256 infertur
2961 3181 3252 3272 paradiso,
3290 3201 3393 3257 ubi
3417 3201 3544 3257 sine
3564 3201 3674 3258 ilne
3701 3195 3900 3270 patriar-

529 3295 848 3366 imponens
878 3305 1120 3345 manum
1149 3287 1368 3359 sapius
1395 3285 1490 3342 die
1519 3283 1620 3341 illa
1642 3301 1819 3357 super
1847 3285 2044 3357 ipsum
2065 3283 2187 3340 vul-
2287 3286 2542 3343 .charum
2570 3287 2787 3343 fruitur
2818 3288 2949 3357 ﬁde,
2967 3289 3387 3360 prophetarum
3403 3307 3523 3362 spe,
3548 3284 3894 3362 apostolorum

537 3380 695 3437 neris
723 3379 941 3444 locum,
995 3375 1440 3446 dicebatz'Vide,
1489 3373 1632 3440 filia,
1683 3389 1756 3430 ne
1786 3373 2030 3446 patiaris
2078 3373 2186 3442 tibi
2297 3392 2601 3444 consessu,
2629 3381 2954 3450 martyrum
2981 3375 3246 3450 collegio,
3279 3379 3682 3437 confessorum
3726 3391 3784 3430 ac
3807 3371 3898 3427 vir-

2293 3463 2499 3536 ginum
2557 3465 2958 3531 contubernio,
3017 3470 3489 3541 cunctorumque
3558 3462 3898 3524 caelicolarum

2294 3551 2618 3609 oblectatur
2648 3554 2886 3626 perenni
2939 3554 3214 3627 tripudio.
3268 3556 3497 3630 Corpus
3547 3571 3677 3613 vero
3721 3549 3899 3610 illiusa

2295 3641 2600 3714 discipulis
2625 3642 2907 3716 .religioso
2921 3644 3318 3717 compositum
3334 3646 3546 3712 ofﬁcio,
3565 3643 3718 3701 cultu
3739 3644 3814 3698 est
3826 3637 3904 3692 ho-

2296 3731 2536 3786 norifico
2567 3731 2946 3788 tumulatum.
2979 3733 3043 3788 In
3089 3735 3398 3792 cacumine
3449 3733 3660 3808 quippe
3701 3725 3900 3788 montis.

530 3470 758 3526 ferrum
812 3465 1058 3541 imponi;
1110 3466 1282 3523 credo
1331 3464 1490 3521 enim
1533 3462 1600 3517 .in
1659 3461 1891 3518 Domini
1949 3461 2182 3536 pietate,

532 3558 675 3632 quia
701 3557 829 3631 ipse
855 3559 916 3614 te
945 3554 1221 3612 liberabit
1247 3555 1320 3611 ab
1350 3553 1461 3610 hac
1492 3551 1852 3609 infirmitate.
1889 3551 2066 3609 Nocte
2096 3570 2186 3610 vc-

531 3665 601 3704 ro
628 3648 834 3704 eadem
865 3647 955 3701 vir
993 3648 1236 3708 sanctus
1294 3642 1624 3706 uberrimas
1684 3658 1887 3714 preces
1930 3641 2082 3698 fudit
2111 3643 2184 3698 ad

527 3735 853 3792 :Dominum
875 3735 956 3789 ob
1009 3733 1141 3804 ejus
1185 3731 1466 3788 salutem.
1527 3731 1880 3786 Lucescente
1921 3747 2054 3787 vero
2092 3731 2187 3787 die

524 3824 738 3891 altera,
795 3840 831 3879 a
889 3826 1074 3878 strato
1131 3835 1335 3892 sospes
1395 3819 1646 3875 surrexit
1715 3819 1929 3892 puella,
1989 3820 2184 3876 intan-

528 3915 665 3967 itum
695 3913 760 3966 ut
787 3926 894 3967 nec
920 3908 1234 3982 vestigium
1262 3905 1623 3963 inﬁrmitatis
1649 3910 1977 3963 remaneret
2005 3906 2063 3962 in
2091 3923 2182 3963 ea.

2295 3819 2464 3889 cujus
2495 3819 2794 3876 radicibus
2815 3821 2942 3892 jam
2974 3825 3339 3880 exstructum
3381 3824 3610 3895 adjacet
3652 3819 3903 3876 monaste-

2293 3908 2471 3974 rium,
2503 3909 2824 3966 oratorium
2855 3913 2944 3967 est
2967 3909 3026 3966 in
3045 3909 3266 3968 honore
3283 3916 3500 3969 sancta
3518 3910 3613 3968 Dei
3641 3900 3903 3966 Genitricis

605 4000 660 4065 9.
691 3999 904 4056 Eodem
936 4011 1170 4069 quoque
1193 3999 1456 4066 tempore
1485 3993 1604 4050 alia
1617 4001 1833 4066 aegrota
1851 3993 2007 4050 intra
2024 3995 2074 4065 ej
2086 4013 2182 4051 us-

535 4087 849 4154 ἀεωοωρθ
871 4084 1227 4146 monasterii
1258 4087 1428 4156 septa
1444 4082 1680 4154 jacebat
1707 4087 1827 4138 tam
1858 4082 2048 4138 valido
2064 4082 2184 4139 lan-

524 4192 714 4250 .guore
742 4176 1292 4240 obsessa,utomues
1323 4171 1424 4244 qui
1437 4186 1565 4227 eam
1579 4170 1869 4239 videbant,
1904 4171 1976 4228 de
1995 4171 2183 4229 salute

531 4263 1364 4339 ejus-prorsusidesperarent.
1397 4261 1532 4327 Quae
1562 4260 1993 4317 eumaudisset
2032 4261 2181 4318 tanti

525 4355 639 4411 .viri
662 4356 1011 4421 adventum,
1040 4353 1216 4426 cmpit
1243 4351 1480 4418 virtute,
1525 4367 1645 4423 qua
1691 4353 1918 4423 poterat
1967 4350 2179 4408 dicere:

2293 4001 2716 4066 constructum,
2761 3997 2821 4054 in
2854 4015 2970 4070 quo
3024 3998 3431 4071 deposuerunt
3485 3999 3639 4057 beati
3688 3989 3905 4066 corporis

2291 4085 2657 4142 thesaurum:
2692 4087 2792 4143 ubi
2827 4087 3022 4144 divina
3053 4087 3240 4160 pietas
3270 4090 3638 4148 demonstrat
3662 4080 3902 4159 quotidie.

2292 4175 2463 4246 cujus
2494 4174 2688 4230 meriti
2719 4174 2838 4231 illic
2867 4175 3198 4234 habeantur
3227 4178 3493 4251 reliquiae
3517 4179 3592 4235 ad
3623 4175 3835 4232 laudem
3863 4168 3909 4222 et

2290 4262 2540 4336 gloriam
2573 4264 2898 4336 majestatis
2917 4281 3058 4334 suis,
3076 4267 3248 4338 cujus
3271 4266 3485 4338 honor,
3516 4267 3691 4324 decus
3711 4265 3764 4318 et
3781 4261 3908 4333 pote-

2294 4355 2416 4409 stas
2445 4357 2752 4425 permanet
2781 4353 2907 4410 sine
2936 4354 3070 4410 ﬁne.
3101 4357 3308 4414 Amen.

543 4551 555 4636 ί
583 4539 750 4636 '_~(i'|2)
775 4560 1200 4636 {latter-team,
1233 4557 1300 4636 ut
1331 4553 1428 4614 alii
1476 4569 1609 4613 cum
1637 4556 1870 4613 Ansone
1908 4555 2195 4625 scribunt,
2230 4557 2530 4625 Grutteria,
2563 4559 2804 4618 morbus
2835 4560 3116 4633 gutturis,
3145 4563 3217 4618 de
3267 4579 3384 4636 quo
3414 4562 3548 4619 vide
3576 4556 3837 4631 Cangium
3865 4549 3912 4605 in

522 4630 848 4699 "Glossario,
881 4649 934 4696 ν,
964 4630 1211 4686 Gtttten'a
1235 4632 1292 4686 2.
