4054 6190
329 325 454 408 369

1800 327 2264 402 PHRENESIS.

3619 325 3738 396 370

334 465 569 530 astutia.
594 465 750 524 Nulli
777 483 914 528 vero
935 468 1102 541 (462),
1129 467 1242 526 nisi
1287 485 1460 543 quem
1504 467 1766 544 probitas
1797 469 1986 526 defen-
2012 470 2066 540 Α
2098 469 2473 528 subservierit
2503 469 2594 528 cui
2624 488 2692 529 ea
2719 469 3027 546 utrobique
3058 469 3356 530 simulatio
3383 471 3738 528 voluntatem

333 557 505 622 derit,
537 556 806 614 videatur
833 576 1102 632 parcere;
1137 558 1401 632 quamvis
1442 560 1662 616 nemini
1693 576 1843 632 szspe
1875 559 1982 614 mi-

332 664 445 702 nus
479 647 739 718 [subaudi
765 649 987 721 parcat]
1013 649 1182 717 (alter
1225 655 1288 704 ut
1334 649 1612 720 Lucilius)
1645 650 1756 704 sibi
1805 666 1982 720 quam

330 735 466 808 ipsi.
487 736 1008 810 Archiepiscopum
1030 738 1110 808 [id
1139 747 1216 793 est
1241 738 1598 792 Rodbertum
1630 737 1982 808 Trevirons.)

327 841 461 880 vero
493 841 672 897 quam
705 842 820 880 non
853 827 1055 884 reddat
1083 826 1382 898 opusculis
1414 827 1538 882 suis
1569 827 1872 894 intactum,
1897 826 1980 880 vi-

328 913 462 970 dere
493 917 582 969 est
616 912 1052 986 indagantibus.

398 1003 452 1057 3.
478 1001 726 1057 Generat
747 1007 1022 1074 praeterea
1041 1003 1150 1058 hoc
1167 1007 1222 1058 et
1238 1003 1270 1057 d
1283 1003 1624 1060 iﬁcultatem
1649 1002 1977 1058 intellectus

329 1091 434 1158 eis,
462 1107 612 1164 quos
643 1090 798 1157 fecit,
820 1089 1056 1156 libellis,
1080 1092 1236 1163 quod
1264 1091 1608 1147 creberrime
1640 1091 1833 1164 posita
1861 1090 1980 1145 illic

329 1179 590 1234 cernitur
609 1179 1006 1250 parenthesis;
1040 1184 1116 1246 et,
1150 1185 1216 1234 ut
1251 1179 1536 1252 liquidam
1568 1181 1740 1234 faciat
1769 1179 1980 1234 oratio-

331 1284 490 1334 nem,
513 1265 844 1321 mirabilem
886 1266 1210 1322 dictionum
1241 1269 1377 1323 facit
1422 1269 1632 1340 saepius
1664 1267 1980 1322 ordinatio-

333 1373 491 1425 nem,
517 1353 923 1410 difﬁcillimam
958 1373 1084 1428 quae
1117 1357 1325 1429 pariat,
1345 1357 1624 1428 Optimam
1649 1355 1786 1411 licet
1815 1354 1983 1411 intel-

332 1443 672 1518 ligentibus,
697 1444 1152 1500 constructionis
1183 1445 1505 1502 materiem.
1531 1443 1816 1500 Fefellerit
1845 1459 1986 1502 sane

328 1531 638 1604 plurimos,
659 1548 731 1588 ne
752 1533 881 1603 ejus
903 1533 1228 1605 improvide
1249 1535 1614 1590 considerata
1638 1532 1982 1606 loquacitas,

329 1620 476 1692 (463)
492 1637 721 1676 morum
745 1621 934 1694 ipsius
953 1621 1036 1676 uti
1055 1625 1112 1676 et
1127 1622 1399 1694 qualitas.
1414 1627 1619 1678 Fateor
1639 1621 1828 1694 magis
1849 1637 1982 1676 eum

325 1707 626 1764 intellectu
677 1708 954 1781 viguisse,
991 1727 1168 1782 quam
1219 1715 1360 1777 arte,
1401 1710 1673 1767 exercitio
1725 1710 1980 1782 quodam

326 1796 618 1854 scribendi
639 1813 916 1869 quisque,
941 1815 1056 1856 non
1085 1815 1220 1854 vero
1259 1799 1488 1872 cepiose
1525 1798 1776 1864 dicendi,
1802 1813 1978 1870 quam

325 1885 631 1958 privilegio
653 1885 824 1958 plura
846 1886 1066 1941 sciendi
1094 1905 1106 1942 :
1132 1903 1306 1959 quem
1328 1887 1654 1959 priscorum
1677 1886 1868 1958 magis
1887 1902 1981 1940 ex-

323 1975 574 2048 ploratio
605 1974 856 2040 curiosa,
885 1992 1063 2047 quam
1095 1976 1224 2050 ipsa
1253 1977 1392 2031 artis
1424 1976 1643 2032 dictare
1674 1975 1980 2030 docuerint

323 2067 630 2138 praecepta.
650 2063 842 2119 Pauca
867 2081 901 2119 a
924 2063 1246 2137 magistris,
1271 2064 1440 2136 plura
1471 2081 1573 2136 per
1593 2081 1654 2120 se
1678 2063 1868 2134 magis
1889 2062 1978 2118 di-

322 2153 472 2208 dicit
491 2152 946 2226 praasumptione
971 2152 1280 2208 temeraria
1307 2153 1686 2224 temperando
1708 2154 1798 2225 [[2,
1820 2169 1977 2208 com-

321 2241 632 2314 parando],
655 2257 782 2311 quae
817 2257 850 2294 a
887 2241 1222 2297 doctoribus
1261 2241 1569 2314 praicipuis
1599 2241 1698 2298 alii
1729 2241 1980 2300 maxime

321 2331 424 2384 vix
451 2329 851 2402 percepissent
885 2328 1104 2390 labore.
1140 2330 1302 2386 Unde
1352 2335 1407 2386 et
1455 2331 1694 2402 quidam
1745 2331 1980 2403 sapiens

317 2419 665 2492 pariterque
696 2417 1024 2491 religiosus,
1050 2417 1313 2474 inﬂatilis
1335 2436 1406 2475 ne
1429 2419 1597 2474 illum
1625 2421 1984 2474 subverteret

315 2508 614 2565 charitate
653 2507 895 2563 minime
930 2507 1180 2563 subnixa
1202 2509 1248 2579 (Ι
1279 2509 1397 2563 Cor.
1419 2525 1540 2576 VIII,
1565 2510 1638 2578 1),
1667 2507 1982 2580 Apostolus

313 2601 394 2660 ut
426 2599 877 2669 praemonuerat,
903 2595 1166 2662 scientia,
1195 2596 1422 2652 reiectis
1460 2596 1814 2668 quibusdam
1847 2613 1984 2668 cpu-

314 2685 514 2743 sculis
544 2685 642 2752 ait,
677 2684 738 2739 in
768 2701 834 2739 eo
875 2685 1124 2756 gratiam
1155 2684 1368 2758 vigere,
1401 2701 1576 2756 quam
1611 2684 1978 2756 sapientiam,

311 2775 548 2848 magis;
573 2773 998 2846 mirandusque
1027 2773 1236 2846 magis,
1259 2790 1434 2845 quam
1465 2773 1795 2829 laudandus
1826 2773 1980 2828 vide-

307 2871 440 2922 tur.
466 2862 733 2919 Miranda
755 2862 974 2934 potius,
999 2865 1056 2917 et
1080 2862 1450 2934 praedicanda
1479 2861 1830 2930 misericors,
1854 2879 1979 2934 quae

309 2953 466 3018 talia
493 2950 597 3016 tali
653 2950 994 3017 deserendo,
1029 2949 1232 3022 utique
1285 2967 1412 3007 sese
1442 2952 1802 3008 deserentem
1863 2968 1980 3008 non

311 3043 622 3099 deserens.
659 3081 671 3094 .
709 3082 723 3094 .
761 3081 772 3093 .
810 3081 824 3107 ,
860 3037 1106 3094 contulit
1135 3040 1342 3112 gratia.

393 3131 548 3196 221
586 3127 811 3194 4.,Nam
835 3127 912 3200 (et
939 3131 1003 3182 ut
1031 3127 1176 3200 (464)
1205 3127 1276 3184 de
1307 3129 1568 3188 moribus
1598 3131 1726 3202 ejus
1758 3129 1976 3202 aliquid

313 3218 594 3292 tetigisse
616 3233 732 3272 non
751 3215 830 3272 sit
843 3219 944 3272 aut
957 3215 1266 3284 lacerasse,
1283 3221 1380 3272 aut
1396 3217 1590 3290 potius
1611 3219 1980 3292 praedicasse)

315 3309 522 3365 dicere
542 3322 722 3378 quam
747 3305 936 3361 facere
965 3305 1102 3361 boni
1125 3306 1266 3378 quid
1300 3305 1490 3380 magis
1517 3306 1688 3362 fuerit
1713 3307 1982 3383 idoneus,

399 3457 560 3530 (462)
591 3456 878 3530 construe
909 3473 922 3511 :
953 3457 1107 3530 Nulli
1135 3473 1260 3514 vero
1309 3458 1562 3513 videatur
1601 3475 1845 3528 parcere,
1879 3463 1992 3516 nisi

321 3528 494 3604 quem
514 3529 765 3612 probitas
783 3528 1116 3612 defenderit;
1133 3531 1384 3612 quamvis
1404 3543 1548 3612 saepe
1567 3531 1991 3612 nemini‘minus

361 3599 878 3674 arqat,_quam_sibi
905 3601 1036 3674 ipsi,
1059 3603 1118 3674 ut
1143 3599 1284 3655 alter
1311 3599 1575 3674 Lucilius.
1604 3599 1734 3674 Haec
1765 3601 1834 3656 de
1863 3601 1990 3674 ipso

361 3621 548 3666 arca-5,
770 3621 874 3656 διυῖ
905 3621 926 3653 ῑ
964 3621 1036 3666 δι,
1059 3621 1118 3656 ιιι
1145 3621 1284 3655 ιιιιϐν
1311 3621 1575 3654 Lucuius.
1604 3621 1734 3654 Π.ωο
1765 3621 1834 3656 αθ
1863 3621 1990 3674 IPSO

317 3621 613 3729 flatherio
643 3621 1002 3743 accipienda,
1027 3671 1208 3743 cujus
1221 3675 1346 3743 erat
1375 3670 1550 3726 etiam
1577 3670 1838 3741 seipsum
1871 3683 1994 3743 per-

327 3742 654 3814 stringere,
675 3741 1045 3814 utitraditur
1087 3741 1146 3794 in
1179 3742 1469 3809 Qualitatis
1511 3743 1816 3812 conjectura
1846 3741 1904 3798 xi.
1935 3745 1992 3812 2,

327 3812 662 3886 Qiiemfvero
694 3812 902 3877 laudat,
935 3813 1030 3886 qui
1053 3814 1296 3886 seipsum
1323 3827 1532 3886 semper
1551 3814 1870 3886 vituperat?

401 3885 564 4010 (463)
583 3883 867 3938 Construe
897 3901 910 3938 :
945 3883 1265 3954 Loquacitas
1294 3884 1410 3954 ejus
1437 3899 1507 3938 ne
1536 3883 1837 3955 improvide
1865 3900 1993 3940 con-

425 3957 604 4010 erata.
627 3955 712 4010 uti
741 3963 790 4008 et
818 3955 1057 4010 qualitas
1086 3970 1302 4009 morum
1348 3955 1539 4010 iusius.
1574 3956 1833 4010 fefellerit
1861 3971 1993 4010 sane

325 3955 604 4019 siderata,
627 3955 712 4010 uti
741 3963 790 4008 et
818 3955 1057 4026 qualitas
1086 3970 1302 4009 morum
1348 3955 1539 4025 ipsius,
1571 3956 1833 4026 fefellerit
1861 3971 1996 4010 sane

323 4029 628 4102 plurimos.
661 4027 854 4102 Fateor
882 4027 1214 4102 cummagis
1247 4027 1477 4102 riguisse
1500 4027 1805 4102 intellectu,
1830 4043 1995 4097 quam

330 4097 482 4162 arte,
515 4105 568 4152 et
605 4097 778 4167 magis
828 4098 1086 4152 exercitio
1119 4097 1350 4166 quodam
1399 4097 1686 4163 scribe-mli,
1722 4113 1826 4152 non
1873 4114 1995 4154 vero

329 4171 558 4241 copiose
575 4167 790 4241 dicendi
809 4182 1052 4238 quaeque,
1067 4183 1230 4238 quam
1255 4169 1548 4239 priuilegio
1568 4169 1772 4223 sciendi
1795 4171 1995 4239 plura;

333 4239 508 4319 ςιλεττι
537 4239 842 4319 esp-toralia.
869 4241 1086 4319 σιένίοεα
1105 4241 1412 4319 Pristim"
1439 4241 1636 4319 magis.
1657 4255 1998 4319 quanim-

333 4309 502 4384 Eeptq
557 4309 680 4384 ipsa
729 4309 866 4384 artis
894 4309 1174 4384 docuerint
1225 4309 1448 4365 dictare.
1481 4311 1669 4384 Pauca
1718 4309 1910 4364 didicit
1966 4327 2001 4362 a

333 4379 634 4454 magistris
663 4397 680 4433 :
707 4381 874 4454 plura
905 4381 1081 4454 magis
1105 4395 1206 4450 per
1242 4395 1297 4434 se
1340 4379 1701 4454 comparando
1729 4395 2001 4454 praesum-

333 4451 536 4527 ptione
567 4452 863 4527 temeraria
893 4451 1116 4527 didicit,
1151 4465 1268 4527 quae
1295 4451 1411 4527 alii
1439 4452 1534 4504 vix
1577 4452 1936 4527 percepissent
1970 4465 2004 4504 a

331 4519 651 4600 praecipuis
697 4519 1290 4600 doctoribusmaatimo
1333 4519 1750 4600 laboreJUnde;
1786 4521 2008 4600 quidam
2038 4530 2083 4593 ι)

335 4591 572 4667 sapiens
598 4597 648 4648 et
673 4595 886 4665 pariter
922 4593 1330 4667 religiosus,_ne
1376 4592 1612 4667 scientia-
1651 4591 2010 4667 inﬂa_titis‘(u.t

341 4660 640 4740 Apostolus
673 4660 1124 4740 praemonuerat)
1141 4735 1150 4740 _
1169 4663 1398 4740 minime
1435 4661 1686 4740 subnixa
1743 4660 2010 4740 abaritiite

341 4731 702 4794 subverteret
739 4735 920 4802 illum,
961 4731 1174 4790 retectis
1220 4732 1540 4803 quibusdam
1581 4731 1851 4802 opusculis
1900 4733 2014 4802 ejus

343 4811 464 4888 ait,
496 4807 560 4862 in
590 4821 652 4861 eo
677 4808 853 4888 magis
883 4807 1070 4888 vigere
1096 4807 1353 4875 gratiam,
1384 4819 1546 4888 quam
1573 4805 1936 4888 sapimtj‘am;
1967 4803 2019 4888 et

343 4872 576 4935 videtur
625 4872 800 4948 magis
834 4872 1136 4948 [mirandus
1165 4891 1356 4948 [quam
1391 4872 1735 4948 laudandus.
1771 4872 2018 4948 Mirauda

343 4951 545 5023 potius
587 4951 642 5003 et
694 4947 1047 5023 praeduranda
1091 4947 1396 5002 misericors
1421 4947 1625 5023 gratia,
1647 4962 1779 5023 quae
1809 4947 2021 5023 utique

349 5015 478 5075 'non
511 5015 763 5074 deserens
793 5019 1125 5074 deserentem
1149 5033 1285 5081 sese,
1308 5015 1535 5070 ron-tulit
1579 5015 1714 5070 talia
1746 5017 1846 5070 tali
1874 5015 2019 5070 dese-

349 5089 556 5156 rendo,
604 5089 705 5160 qui
752 5089 1032 5160 nim)rum
1075 5093 1199 5160 erat
1247 5088 1620 5160 deserendus.
1647 5087 2025 5160 liliipuncta

355 5157 728 5220 notavimus.
765 5159 822 5216 in
855 5157 967 5214 ms.
1001 5159 1250 5224 additur,
1283 5175 1392 5212 non
1424 5157 1716 5212 deserendo
1753 5157 2024 5221 deserens,

355 5249 498 5305 quae
529 5247 668 5311 cuin
699 5231 1008 5311 videantur
1037 5229 1498 5311 prmeedentibus
1527 5245 1872 5300 repugnare,
1907 5243 2030 5298 per-

355 5303 589 5384 ﬁeram‘
603 5303 832 5384 ipserta
859 5303 1216 5384 putavimus.

449 5373 600 5444 (464)
631 5373 818 5444 Locus
842 5367 1157 5444 [implexus
1185 5371 1370 5444 valde,
1409 5374 1482 5444 et_
1513 5369 1656 5423 forte
1700 5367 2032 5444 et_iamgcorf

357 5440 608 5515 ruptus,
643 5443 758 5499 nisi
803 5443 888 5499 sic
926 5440 1304 5515 explicandus
1339 5441 1628 5515 credatur
1661 5455 1672 5492 :
1705 5440 1844 5515 Nam
1876 5442 1956 5502 (ut
1986 5440 2037 5515 et_

361 5517 434 5572 id
453 5511 556 5570 'est
585 5517 772 5578 etiam,
806 5511 1040 5586 tetigisse
1067 5513 1278 5584 aliquid
1301 5513 1382 5586 _dc
1409 5511 1788 5586 moribusejus
1821 5525 1932 5586 non
1968 5511 2040 5586 sit

359 5589 476 5642 aut
509 5587 791 5652 lacerasse,
818 5581 919 5658 aut
954 5587 1138 5658 potius
1157 5581 1500 5658 praedicasse)
1533 5581 1660 5658 quid
1700 5581 1836 5658 boni
1863 5581 2040 5658 magis

357 5658 604 5728 idoneus
641 5651 810 5728 fuerit
853 5651 1050 5728 dicere,
1085 5651 1250 5728 quam
1293 5651 1491 5728 facere
1521 5655 1589 5728 is,
1623 5653 1712 5728 cui
1735 5651 2044 5728 _u_trob_ique

367 5721 702 5798 (nimirum
734 5733 860 5784 tum
891 5729 951 5784 in
985 5721 1249 5798 dicendo,
1277 5721 1408 5782 cum
1441 5725 1501 5782 in
1531 5721 1814 5794 faciendo)
1843 5721 2048 5780 subser-

2094 560 2567 634 [f.,voluntatis],
2587 564 2800 618 certius
2835 580 2960 635 qua:
3007 561 3290 618 ademerit
3339 561 3740 632 spectantibus

2094 649 2164 704 de
2186 666 2246 704 sc
2269 651 2854 722 omninojudicium?
2878 652 3021 708 Nam
3039 668 3179 706 cum
3204 652 3272 706 ad
3295 650 3530 704 vitanda
3553 651 3740 722 magis

2093 753 2226 792 eum
2260 737 2560 810 impulerit
2591 739 2904 812 impatiens
2933 739 3239 812 fragilitas,
3269 757 3444 811 quam
3475 738 3740 794 alliciens

2090 825 2352 897 ipsorum
2387 827 2643 898 [subaudi
2671 829 3065 900 vitandorum]
3117 846 3264 900 saepe
3312 827 3610 898 voluptas;
3665 829 3738 882 ab

2053 967 2060 972 .
2089 915 2332 986 agendis
2355 933 2486 971 vero
2519 917 2788 972 inefﬁcax
2807 917 3002 988 potius
3027 917 3280 973 avocarit
3307 917 3536 988 ignavia
3557 933 3736 988 quam

2089 1003 2416 1073 probitatis,
2453 1009 2516 1058 ut
2567 1005 2648 1060 ita
2695 1021 2822 1061 eam
2875 1022 3076 1062 vocare
3133 1005 3320 1072 liceat,
3372 1005 3733 1072 obedientia;

2087 1090 2258 1146 irasci
2291 1092 2452 1148 visus
2483 1093 2593 1148 fuit
2624 1111 2772 1166 saepe
2805 1093 3164 1160 latissimus,
3193 1093 3360 1150 laetus
3391 1095 3528 1149 item
3561 1095 3738 1150 maxi-

2090 1195 2251 1234 mum
2279 1181 2434 1237 intus
2457 1181 2661 1238 celavit
2681 1200 2830 1254 szepe
2852 1182 3128 1238 dolorem.
3155 1183 3340 1238 Dabat
3361 1201 3474 1238 non
3497 1188 3736 1255 rogatus

2089 1265 2399 1338 impatiens
2431 1272 2644 1344 rogari,
2679 1272 2940 1344 ignotum
2975 1273 3190 1346 saepius
3215 1272 3413 1326 odium
3445 1273 3613 1344 quasi
3645 1289 3736 1328 re-

2090 1353 2283 1411 tinens
2325 1357 2527 1430 lrssus;
2562 1359 2863 1432 multaque
2911 1361 2969 1416 in
3018 1361 3176 1416 hunc
3223 1361 3558 1416 actitaverat
3587 1362 3734 1431 (465)

2092 1441 2448 1515 deprehendi
2501 1448 2860 1518 perdifﬁcilis
2917 1449 3178 1504 modum.
3207 1453 3368 1504 Forte
3423 1449 3651 1514 beatus,
3684 1449 3734 1504 si

2095 1533 2470 1599 monachum,
2504 1539 2568 1590 ut
2601 1541 2908 1602 monstrat,
2935 1537 3184 1592 efﬁceret
3215 1536 3469 1602 habitus,
3505 1553 3610 1592 nec
3641 1537 3738 1592 ab-

2093 1619 2300 1676 fuisset
2357 1623 2670 1679 Laubiensi
2727 1642 2985 1696 unquam
3043 1625 3323 1692 ccenobio,
3358 1625 3406 1678 si
3463 1629 3738 1680 constans

2089 1707 2299 1764 fuisset
2330 1711 2388 1764 in
2415 1716 2564 1768 voto.
2591 1715 2928 1786 Ingenuitas
2957 1713 3100 1785 (466)
3125 1713 3208 1768 illi
3241 1714 3429 1770 fuerat
3457 1730 3737 1784 ea,quam

2090 1787 2298 1869 magis,
2327 1803 2388 1854 ut
2427 1801 2630 1866 fertur,
2657 1801 3164 1858 commendaverat
3191 1801 3532 1872 antiquitas,
3560 1817 3737 1873 quam

2087 1891 2462 1954 praesentaret
2491 1888 2766 1944 affinitas.
2809 1889 3154 1960 Cujus(467)
3187 1907 3302 1946 non
3353 1890 3738 1962 approprians

2086 1971 2594 2046 intempestivitas,
2615 1978 2714 2032 sed
2737 1977 3075 2048 proximans
3105 1978 3206 2034 aevi
3227 1980 3434 2048 afferre
3463 1983 3732 2050 cmperat,

2087 2059 2198 2116 ista
2228 2063 2370 2118 dum
2423 2065 2716 2131 conderet,
2745 2066 3052 2122 maturitas
3084 2083 3279 2122 canos.
3313 2067 3393 2122 Do
3447 2068 3518 2122 ad
3573 2084 3736 2123 sum-

2089 2169 2244 2208 mam
2270 2155 2415 2226 (468)
2445 2171 2456 2208 :
2483 2171 2600 2226 pra:
2635 2171 2770 2210 reus
2791 2154 3224 2211 cavillatoribus
3245 2171 3392 2226 pene
3413 2155 3733 2222 exstiterat,

2087 2241 2349 2313 exemplo
2371 2243 2420 2298 si
2451 2260 2561 2298 non
2594 2241 2809 2314 aliquis
2837 2244 3136 2300 nocuisset
3164 2243 3458 2311 innoxius,
3489 2248 3588 2298 aut
3619 2262 3736 2299 non

2089 2329 2377 2402 profuisse
2406 2332 2552 2385 foret
2575 2347 2682 2402 par
2710 2332 3008 2396 nocuisse;
3035 2335 3228 2386 utram
3261 2347 3392 2385 vero
3423 2331 3480 2384 in
3513 2335 3736 2400 partem

2089 2419 2190 2485 ita,
2221 2423 2286 2474 ut
2315 2419 2455 2486 dixi,
2480 2423 2604 2472 erat
2645 2417 2980 2488 ambiguus,
3007 2418 3100 2471 vix
3129 2417 3367 2488 cogitari
3389 2420 3552 2488 justo
3583 2419 3740 2474 aesti-

2093 2507 2368 2562 mationis
2390 2509 2518 2578 ejus
2541 2509 2604 2560 ut
2625 2504 2812 2560 valeat
2829 2509 3038 2560 status.
3059 2504 3394 2560 Levissimis
3413 2521 3548 2560 nam
3571 2505 3736 2576 (469),

2093 2597 2394 2652 animosus
2425 2594 2744 2649 multorum
2768 2593 3036 2666 opinione
3063 2609 3194 2648 cum
3225 2597 3396 2660 esset,
3421 2593 3498 2648 ila
3523 2593 3740 2648 moveri

2092 2685 2282 2739 fuerat
2313 2683 2552 2756 [mirum
2584 2683 2798 2752 dictu!]
2839 2685 3060 2748 suetus,
3086 2681 3158 2736 ad
3209 2681 3464 2736 maxima
3497 2686 3560 2736 ut
3587 2687 3742 2738 esset

2091 2771 2328 2830 ferenda
2374 2771 2519 2827 mire
2551 2770 2804 2843 quietus.
2835 2769 3044 2826 Nullus
3075 2786 3211 2842 ergo
3261 2786 3394 2826 eum
3445 2770 3558 2838 his,
3591 2787 3740 2842 quos

2091 2863 2252 2918 visus
2285 2865 2372 2917 est
2400 2859 2640 2926 imitari,
2664 2863 2996 2931 componat,
3030 2875 3100 2914 ne
3137 2861 3220 2916 Vw
3247 2859 3399 2916 222
3431 2861 3526 2930 qui
3555 2859 3740 2914 dicitis

2087 2952 2297 3006 malum
2347 2951 2564 3015 bonum,
2596 2957 2648 3004 et
2698 2949 2898 3003 bonum
2939 2948 3152 3002 malum
3184 2947 3305 3018 (Isa.
3329 2965 3384 3022 v,
3417 2947 3528 3020 20),
3563 2947 3674 3002 sibi
3707 2966 3742 3002 a

2089 3037 2372 3112 propheta
2414 3036 2650 3092 clamari
2699 3053 2814 3091 non
2868 3035 3200 3099 immeritus
3260 3035 3477 3090 audiat.
3514 3035 3738 3091 Rursus

2091 3129 2246 3200 quod
2279 3127 2457 3200 probe
2487 3125 2622 3199 egit,
2647 3125 2840 3194 laudo,
2867 3141 2937 3182 ne
2967 3124 3100 3196 quis
3137 3123 3516 3178 momorderit
3543 3123 3736 3191 dente,

2093 3234 2163 3272 ne
2201 3217 2500 3272 Parvulum
2544 3215 2738 3271 occidit
2779 3214 2988 3270 invidia
3019 3213 3140 3286 (Job
3171 3229 3226 3278 v,
3257 3213 3332 3284 2),
3366 3211 3474 3268 Job
3531 3211 3738 3268 beatus

2093 3306 2178 3361 illi
2207 3307 2472 3362 videatur
2505 3320 2812 3376 opponere.

2095 3459 2260 3516 vierit
2287 3473 2350 3512 ea.
2376 3455 2655 3509 simulatio
2703 3453 3015 3516 voluntatis,
3049 3465 3171 3520 quae
3214 3453 3434 3504 omnino
3483 3451 3744 3505 ademerit

2096 3527 2458 3604 spectantibus
2488 3527 2686 3604 certius
2707 3522 2980 3604 judicium
3005 3521 3070 3574 de
3099 3537 3155 3604 se
3177 3525 3200 3572 γ

2171 3599 2317 3670 (465)
2353 3597 2416 3670 Id
2442 3599 2550 3670 est,
2584 3589 3182 3670 et_aclitaverat__mu._lta
3228 3592 3288 3670 in
3311 3591 3529 3670 modum
3581 3589 3744 3670 hung,

2095 3661 2444 3744 perdifﬁcilis
2473 3663 2821 3744 deprehendi,
2854 3661 3138 3728 videlicet,
3162 3661 3315 3718 unde
3343 3666 3466 3716 erat
3491 3661 3748 3732 perdifﬁ-

2102 3734 2376 3809 cilis,'qui
2407 3734 2848 3809 intelligeretur.

2173 3805 2320 3878 (466)
2352 3805 2635 3863 Construe
2670 3825 2682 3862 :
2715 3809 2794 3861 Ea
2841 3806 3151 3878 ingenuitas
3202 3805 3290 3858 illi
3333 3806 3535 3876 fuerat,
3587 3821 3751 3875 quam

2100 3876 2296 3952 magis,
2339 3883 2398 3934 ut
2452 3883 2654 3952 ['ertur,
2698 3876 3536 3952 commmdaverat__antiquitas,
3589 3893 3752 3946 quam

2097 3946 2470 4026 praisentaret,
2495 3951 2771 4026 afﬁnitas;
2805 3948 2856 4002 id
2887 3953 2975 4002 est
2995 3951 3118 4026 erat
3149 3946 3230 4026 illi
3263 3946 3592 4026 ingenuitas,
3619 3965 3750 4026 qua:

2103 4018 2237 4081 cum
2295 4018 2618 4092 antiquitate
2651 4021 2850 4091 utique
2893 4019 3123 4090 generis
3171 4025 3228 4073 et
3275 4021 3589 4092 Iinajorump
3617 4018 3750 4092 illu-

2103 4096 2314 4152 strium
2332 4090 2713 4165 jungebatur,
2737 4090 2979 4165 quisque
3001 4091 3521 4165 commendabatur
3538 4090 3612 4165 _ob
3635 4091 3756 4165 eju-

2106 4183 2192 4222 sm
2202 4166 2294 4221 odi
2314 4161 2722 4234 antiquitatem
2743 4161 2972 4234 generis
2991 4161 3197 4234 magis,
3210 4177 3390 4234 quam
3409 4161 3480 4234 ob
3499 4161 3754 4234 viventes

2107 4239 2334 4304 afﬁdes,
2361 4227 2496 4306 quia
2519 4235 2682 4299 torte,
2711 4227 2850 4307 dum
2877 4227 3270 4307 haeseripsjt,
3295 4227 3756 4307 carebatmagni

2108 4299 2471 4364 nominis-et
2519 4304 2785 4374 potentia:
2837 4299 3151 4374 afﬁnibus;
3171 4301 3232 4354 Ut
3277 4303 3476 4369 fertur,
3529 4299 3754 4374 inquit;

2111 4371 2605 4451 quemadmodum
2631 4375 2690 4451 in
2721 4374 3000 4451 qualitatis
3026 4371 3519 4451 conjectura-num.
3545 4371 3599 4451 2,
3623 4383 3758 4451 eum

2114 4435 2148 4504 εἶ
2179 4445 2612 4501 Veronensibus
2657 4435 2993 4512 fréquentius
3023 4435 3226 4512 dictum
3274 4439 3474 4512 fuisse
3507 4435 3760 4512 nobilem

2117 4519 2240 4580 ipse
2271 4515 2567 4570 cavillator
2597 4507 2710 4566 non
2745 4507 2989 4566 obscure
3027 4509 3336 4580 signiﬁcat.
3369 4507 3513 4563 Vide
3543 4525 3669 4579 qum
3702 4507 3762 4562 in

2169 4589 2248 4642 ita
2275 4583 2701 4649 adnotavimus,
2789 4583 2838 4650 1,
2873 4599 2930 4636 n.
2963 4582 3015 4636 3.

2191 4659 2337 4728 (467)
2367 4655 2795 4728 Corrigendum
2837 4652 3066 4706 videtur
3113 4653 3220 4728 cui.
3251 4650 3535 4728 Const_rue
3582 4665 3715 4728 vero
3751 4667 3762 4703 :

2130 4722 2384 4796 cuinon
2433 4722 2880 4796 intempestivitas
2926 4723 3305 4796 appropria-ns,
3347 4722 3437 4796 sed
3478 4723 3769 4796 maturitas

2125 4802 2232 4857 aevi
2247 4795 2582 4870 'prorimans
2599 4791 2842 4870 coeperat
2888 4791 3105 4870 afferre,
3128 4809 3312 4870 cauos,
3327 4791 3474 4870 dum
3523 4792 3774 4870 conderet

2129 4863 2394 4940 ista-{qui
2429 4863 2706 4940 nimirum
2753 4867 2894 4920 dum
2942 4863 3061 4918 haec
3109 4863 3360 4940 scripsit,
3399 4880 3512 4918 non
3563 4864 3772 4940 intem-

2131 4933 2369 5016 pestive,
2391 4939 2502 5016 sed
2538 4940 2609 4993 ob
2655 4942 2878 4992 aetatem
2914 4933 3292 4990 maturiorem
3339 4939 3588 5006 cmperat
3617 4933 3774 4989 cani-

2131 5011 2268 5068 tiem
2309 5011 2570 5065 induere.

2206 5083 2354 5150 (468)
2380 5085 2660 5136 (tonstrina
2694 5096 2705 5132 :
2741 5081 2812 5132 Do
2859 5078 2928 5132 ad
2969 5093 3240 5150 summam
3267 5095 3284 5130 :
3315 5093 3451 5150 pene
3497 5078 3780 5150 (‘JJSHMI'ﬂ-t

2135 5149 2258 5209 reus
2299 5149 2412 5224 pm
2453 5151 2882 5224 cavillatoribus,
2915 5152 2966 5204 si
2994 5165 3102 5224 non
3131 5149 3348 5224 aliquis
3395 5149 3659 5224 innoxius
3685 5161 3779 5224 ne:

2139 5218 2332 5280 cuisset
2361 5223 2625 5294 exemplo,
2657 5223 2774 5294 aut,
2796 5237 2941 5294 nam
2947 5221 3219 5290 profuisse
3269 5222 3406 5294 foret
3449 5235 3554 5294 par
3583 5218 3662 5294 (id
3695 5218 3784 5294 est

2139 5299 2281 5368 foret
2327 5294 2472 5350 idem
2501 5289 2876 5368 ac)_nocuiss_e.
2900 5289 3101 5368 Uti-ani
3119 5289 3342 5368 ve_ro_in_
3368 5289 3784 5368 partemitaaut

2142 5361 2280 5432 dixi,
2306 5369 2422 5420 erat
2451 5361 2756 5434 ambiguus,
2788 5366 2846 5416 ut
2877 5363 2972 5417 via:
3018 5362 3190 5416 valeat
3226 5362 3374 5434 justo
3421 5361 3648 5430 cogitari
3675 5361 3784 5412 sta-

2145 5443 2226 5492 tus
2255 5435 2638 5507 (estimationis
2665 5435 2797 5507 ejus.
3313 5505 3319 5507 _
3620 5499 3628 5507 _
3681 5498 3690 5507 .

2221 5509 2366 5579 (469}
2393 5499 2871 5579 ConstrueiNam
2901 5521 3026 5579 rum
3065 5507 3199 5579 esset
3224 5505 3497 5579 animosus
3538 5499 3791 5572 opinione

2149 5574 2464 5646 multorum,
2516 5578 2594 5630 ita
2623 5576 2848 5644 (mirum
2877 5574 3085 5645 dictu!)
3133 5577 3314 5646 fuerat
3359 5575 3542 5646 suetus
3589 5581 3788 5644 rnorem

2155 5642 2459 5716 levissimis,
2485 5650 2544 5702 ut
2573 5642 2706 5702 esset
2747 5649 2883 5701 mire
2915 5642 3140 5716 quietus
3157 5645 3226 5717 (ul
3255 5716 3260 5717 ν
3269 5642 3494 5715 ferenda
3523 5642 3790 5717 maxime.

2156 5721 2351 5784 Nullus
2392 5707 2515 5790 ergo
2559 5723 2842 5789 componat
2873 5707 2991 5773 eum
3023 5733 3146 5771 cum
3204 5707 3286 5767 his
3344 5727 3468 5780 quos
3525 5709 3665 5761 visus
3718 5707 3794 5759 est
