4054 6190
288 394 405 465 371

1210 392 1588 458 RATHERII
1628 389 1877 457 EPISC.
1919 384 2213 454 VERON.
2259 387 2434 452 OPP.
2476 383 2680 450 PARS
2722 380 2772 448 Ῑ.

3580 326 3709 438 372‘

359 535 414 590 5.
448 530 635 605 Major
663 532 937 588 caeterum
967 530 1114 604 (470)
1146 531 1335 586 fuerat
1369 529 1541 585 istius
1571 529 1717 585 forte
1746 524 1933 599 quali-
1963 524 2020 592 Α
2047 541 2194 581 caeco
2218 522 2486 597 prohibet
2502 518 2919 577 oifendiculum
2940 511 3259 590 quemlibet
3278 528 3492 605 ponere
3505 508 3699 605 (Leuit.

286 627 379 680 tas
408 599 611 689 libelli,
638 622 939 694 praecisus,
955 599 1080 690 jam
1097 599 1338 691 peracta
1366 618 1449 673 uti
1477 616 1798 673 succiditur
1817 614 1937 684 (Job
2047 612 2602 684 x1x,14).0btutibus
2624 624 2878 680 namque
2897 605 3183 679 quidlibet
3205 604 3537 675 subjectum
3563 599 3703 657 inef-

284 731 383 780 vu,
406 714 463 782 6)
491 711 626 778 tela,
653 711 713 765 ni
745 710 970 773 fuisset,
985 710 1112 780 jam
1145 709 1247 764 fati
1292 709 1492 762 statim
1525 711 1589 761 ut
1617 704 1942 777 comperuit
2050 706 2197 760 ﬁcax
2238 718 2490 768 cernere,
2523 698 2715 756 nescio
2774 714 2847 753 an
2905 694 3097 769 putari
3127 709 3344 749 ciccum
3401 708 3520 746 non
3550 705 3700 745 esse.

287 779 517 857 obitum
550 798 844 864 Rodberti,
879 779 1054 869 quem
1100 801 1296 853 tamen
1325 795 1508 851 falsus
1560 812 1762 850 rumor
1807 797 1942 849 ante
2051 793 2212 859 Quod
2228 790 2569 863 Apostolum
2592 805 2728 843 cum
2761 788 2989 842 constet
3018 782 3220 840 sedulo
3251 780 3493 848 cavisse,
3516 779 3704 852 (dum)

290 888 642 962 praetulerat.
669 887 830 951 Quod
868 891 924 941 et
952 886 1063 941 iste
1093 885 1259 940 initio
1291 883 1554 957 prooemii
1599 883 1743 939 satis
1787 899 1942 937 mor-

295 976 514 1033 daciler
541 975 747 1047 tangit,
781 978 838 1029 et
874 974 933 1028 in
974 975 1089 1029 ﬁne
1120 974 1378 1046 apertius
1424 973 1636 1044 prodit.
1670 970 1946 1043 Exempla

294 1081 429 1122 vero
455 1065 525 1121 de
543 1063 753 1130 Tullio,
773 1063 1027 1130 Marone,
1054 1062 1308 1130 Horatio,
1329 1061 1574 1117 diversis
1604 1065 1780 1131 atque
1812 1076 1945 1132 poe-

295 1154 375 1210 tis
406 1170 473 1209 ea
501 1152 688 1225 magis
719 1168 825 1207 suo
856 1151 1015 1224 Operi
1044 1151 1367 1206 necessitas
1399 1166 1532 1205 eum
1554 1148 1837 1221 compulit
1864 1146 1949 1201 in-

298 1241 627 1314 dere,quod
657 1240 923 1295 hodierni
958 1240 1123 1311 (proh
1169 1239 1389 1308 nefas!)
1410 1239 1691 1310 temporis
1723 1252 1947 1303 omnes,

300 1334 369 1387 ut
398 1334 454 1385 et
482 1331 628 1402 ipse,
653 1330 829 1399 magis
860 1327 1111 1400 siliquis,
1135 1327 1459 1383 lutosarum
1493 1331 1632 1381 sunt
1659 1343 1786 1399 qua:
1817 1341 1950 1397 pas-

303 1435 413 1477 cua
467 1435 665 1485 suum,
716 1433 894 1490 quam
950 1416 1171 1472 conviis
1229 1415 1610 1483 delectantur,
1656 1416 1776 1471 vita
1825 1430 1950 1487 quae

303 1513 443 1567 sunt
470 1508 728 1565 felicium
759 1507 1113 1564 animarum.
1143 1505 1215 1562 Ut
1246 1505 1631 1578 frequentiam
1662 1504 1841 1578 igitur
1869 1503 1953 1560 eis

301 1597 560 1671 [subaudi
603 1595 840 1669 libellis]
887 1595 1213 1669 acquireret
1243 1596 1410 1667 (471).
1444 1594 1585 1651 talia
1635 1594 1955 1650 inseruisse

301 1687 602 1761 probatur,
638 1685 945 1751 lectorum,
969 1684 1108 1758 quia
1137 1699 1240 1739 nec
1272 1683 1522 1740 summis
1555 1687 1791 1739 noverat
1819 1684 1953 1740 atti-

300 1776 461 1849 gisse
512 1774 695 1831 labris
754 1791 1112 1846 quemquam
1144 1773 1235 1829 sui
1269 1772 1554 1828 similium
1613 1772 1956 1844 hujusmodi

2053 882 2349 938 neminem
2380 880 2452 935 de
2498 895 2559 933 se
2602 877 2734 949 plus
2766 872 2989 947 aliquid
3033 872 3330 929 desiderat
3356 869 3704 934 aestimasse,

2056 988 2231 1043 quam
2265 970 2419 1041 quud
2450 967 2510 1022 in
2542 983 2608 1022 eo
2638 964 2879 1030 videret,
2894 966 2951 1019 et
2981 962 3053 1018 ab
3087 960 3214 1034 ipso
3243 958 3474 1015 audiret
3492 958 3568 1027 (ll
3582 955 3703 1011 Cor.

2056 1077 2158 1127 x11,
2178 1060 2258 1131 6);
2284 1057 2499 1124 horret,
2525 1052 2974 1127 deceptissimus
2995 1051 3044 1108 si
3068 1048 3256 1125 quivis
3282 1047 3536 1122 peritum
3556 1061 3704 1114 sese,

2058 1151 2161 1204 aut
2186 1146 2462 1215 nobilem,
2487 1148 2587 1200 aut
2611 1143 2789 1215 (quod
2824 1140 3007 1196 multo
3036 1138 3300 1211 iniquius
3329 1136 3437 1209 est)
3450 1136 3705 1207 justum,

2059 1254 2173 1293 non
2213 1236 2489 1300 existens,
2540 1232 2773 1304 scriptis
2804 1229 3112 1304 praecipue,
3132 1244 3260 1300 quaa
3318 1224 3521 1296 utique
3576 1226 3713 1294 post

2060 1330 2310 1382 mortem
2341 1340 2407 1380 eo
2458 1322 2664 1379 silente
2708 1320 3046 1393 loquantur,
3072 1315 3310 1373 mentiri
3340 1318 3399 1370 et
3444 1312 3591 1369 alios
3626 1311 3712 1367 fa-

2060 1415 2243 1482 ciens,
2267 1416 2509 1481 astruat,
2537 1426 2716 1481 seque
2741 1406 3157 1465 oﬂ‘endiculum
3186 1402 3517 1479 ignorantia
3543 1400 3713 1458 caecis

2061 1504 2235 1560 faciat
2259 1502 2454 1575 ipsum
2486 1500 2973 1567 obscurum,cum
3002 1493 3187 1551 multo
3209 1492 3434 1549 felicius
3453 1490 3623 1558 foret,
3650 1492 3719 1546 ut

2063 1598 2290 1661 natum,
2314 1592 2398 1647 ita
2425 1589 2669 1647 latuisse
2699 1587 3061 1655 defunctum,
3084 1599 3262 1656 quam
3294 1580 3423 1638 falsi
3456 1577 3716 1635 rumoris

2063 1682 2235 1737 laude
2283 1679 2673 1753 perfunctum.
2698 1678 2820 1741 Quo
2851 1673 2936 1742 ﬁt,
2957 1676 3022 1728 ut
3059 1669 3445 1729 simulatores,
3475 1682 3718 1740 peccare

2065 1788 2181 1827 non
2213 1769 2483 1825 desinant
2512 1767 2687 1822 etiam
2718 1760 2953 1831 mortui,
2974 1761 3116 1817 dum
3147 1776 3275 1816 sese
3306 1762 3438 1832 post
3464 1759 3718 1813 mortem

302 1842 610 1938 poculum;
645 1842 814 1918 facile
844 1842 1189 1930 investigata
1219 1860 1338 1916 sive
1359 1860 1499 1932 quia
1529 1860 1641 1915 cito
1670 1842 1958 1915 vilescunt
1985 1887 2035 1952 B
2068 1875 2298 1932 quoque
2330 1856 2552 1913 faciunt
2580 1854 2726 1911 falso
2767 1850 3017 1951 laudari.
3041 1848 3325 1948 Sufﬁciat.
3346 1842 3720 1952 igitur‘is‘tud

306 1935 558 2009 caelestis
586 1950 725 2005 doni
754 1953 1089 2004 nectareum
1121 1965 1411 2020 saporem,
1434 1965 1723 2004 venenum
1756 1948 1865 2004 hoc
1898 1949 1959 2004 ni
1986 1935 2138 2011 "de
2169 1946 2342 2002 istius
2386 1942 2687 2018 scriptoris
2748 1939 2992 1998 scicntia
3048 1955 3154 1995 nec
3209 1936 3493 1992 invidiose
3523 1935 3722 1991 detra-

306 2042 651 2096 venenasset
677 2036 1187 2109 liquorem.Quam
1228 2035 1404 2108 igitur
1434 2037 1778 2109 simplicitas
1804 2054 1957 2107 vera,

308 2127 737 2202 prudentiaque
776 2124 1082 2197 displiceat
1126 2140 1305 2191 mera,
1337 2125 1588 2197 probant
1616 2126 1960 2198 hujusmodi

311 2218 606 2285 affectata;
640 2216 782 2272 dum
813 2214 947 2287 quis
976 2214 1295 2287 sapientior
1325 2218 1391 2269 ut
1420 2220 1717 2287 appareat,
1750 2233 1865 2272 non
1898 2220 1963 2271 ut

310 2307 409 2377 sit,
430 2305 654 2362 caeteris
673 2303 951 2373 elaborat,
972 2303 1325 2359 interserens
1347 2304 1491 2372 suis,
1512 2308 1576 2359 ut
1596 2304 1725 2373 iste,
1749 2303 1959 2374 aliena,

308 2394 523 2468 legisse
554 2395 782 2449 tantum
808 2407 935 2448 sese
984 2390 1253 2464 pluribus
1284 2408 1400 2463 quo
1430 2393 1780 2464 persuadeat
1810 2392 1961 2448 mul-

311 2487 400 2553 ta;
432 2481 724 2556 pannulos
754 2497 890 2537 cum
921 2480 1117 2553 potius
1140 2479 1249 2535 hoc
1278 2481 1356 2537 sit
1376 2481 1600 2537 artibus
1620 2482 1961 2552 detraxisSe,

311 2590 427 2630 non
456 2571 618 2645 ipsas
662 2574 815 2626 artes
857 2568 1096 2637 habere,
1118 2574 1389 2642 appetere
1423 2569 1690 2642 gloriam,
1726 2588 1841 2627 non
1874 2588 1961 2627 se-

310 2660 412 2735 qui
442 2662 756 2731 majorum.
783 2659 823 2714 0
851 2659 1156 2713 imitatores
1202 2674 1442 2726 servum,
1464 2658 1545 2713 ait
1587 2659 1826 2731 quidem
1861 2676 1966 2715 nec

308 2748 623 2813 mentiens,
663 2763 827 2819 pecus
872 2745 1110 2817 (Homvr.
1144 2744 1179 2801 l.
1216 2762 1256 2811 1,
1289 2762 1381 2817 ep.
1415 2746 1502 2812 19,
1524 2763 1673 2803 vers.
1708 2748 1816 2815 19),
1841 2763 1965 2803 car-

312 2836 506 2911 psisse
532 2852 681 2908 quos
737 2837 938 2890 noster
992 2850 1098 2888 nec
1129 2834 1329 2889 omisit
1374 2834 1626 2891 Beotius.
1661 2837 1813 2893 228
1845 2837 1969 2893 Sibi

310 2924 493 3001 igitur
521 2924 669 2997 (472)
701 2920 968 2988 inutiles,
997 2921 1260 2993 pernoxii
1293 2938 1423 2977 mea
1450 2922 1509 2977 in
1540 2923 1648 2980 hoc
1680 2926 1970 2982 sententia

315 3012 734 3085 omnibus,qui
755 3011 1027 3084 deceptos
1059 3009 1108 3066 si
1139 3027 1286 3082 quos
1316 3011 1696 3079 reddiderint,
1721 3014 1968 3071 aliorum

319 3102 584 3159 efficiunt
608 3102 974 3172 deceptores;
998 3097 1097 3170 qui
1124 3098 1345 3155 scilicet
1373 3100 1691 3172 particulas
1717 3103 1969 3159 scientize

322 3191 550 3264 aliquas
580 3206 789 3245 mese...
815 3188 1013 3243 minus
1045 3186 1285 3260 proinde
1306 3190 1763 3259 considerantes,
1786 3197 1969 3249 totam

2067 2041 2249 2101 ctum,
2278 2051 2382 2090 nec
2434 2033 2711 2088 mendose
2741 2026 3387 2103 superadjectum,ejus
3435 2024 3592 2096 quod
3642 2022 3725 2078 sit

2069 2124 2252 2181 totius
2283 2122 2581 2195 qualitatis
2608 2125 2787 2192 atque
2815 2116 3143 2174 conanimis
3172 2116 3610 2188 argumentum.

2446 2212 2792 2268 Breviarium
2822 2208 3087 2264 librorum
3118 2220 3361 2261 suorum.

2140 2303 2194 2359 6.
2229 2302 2317 2358 Sit
2361 2299 2540 2373 igitur
2568 2298 2739 2373 (473),
2772 2300 2839 2353 ut
2884 2293 3252 2368 capitulatim
3299 2288 3737 2365 opusculorum.

2072 2392 2392 2447 retinemus
2423 2387 2707 2453 ordinem,
2740 2385 2851 2443 iste
2888 2383 3117 2457 primus
3146 2381 3284 2437 licet
3323 2378 3583 2453 praefatio
3614 2395 3724 2433 caa-

2072 2486 2350 2547 terorum,
2377 2477 2675 2549 quantitas
2700 2472 2997 2546 compellit
3020 2476 3216 2528 tamen
3240 2485 3377 2527 eum
3400 2483 3532 2525 esse
3555 2465 3727 2523 libel-

2072 2568 2218 2624 lum.
2249 2565 2538 2623 Volumen
2569 2581 2775 2620 unum.

2144 2655 2424 2729 Sequitur
2454 2654 2553 2726 qui
2585 2651 2862 2709 dictantis
2891 2650 3154 2708 continet
3180 2648 3412 2705 duabus
3444 2663 3580 2702 cum
3609 2645 3734 2718 epi-

2075 2744 2241 2803 stolis
2272 2745 2427 2802 224
2455 2743 2654 2811 fidem,
2675 2757 2928 2814 quarum
2967 2756 3087 2797 una
3127 2738 3451 2794 Romanam
3480 2734 3732 2808 fatigare

2076 2833 2328 2908 querelis
2359 2850 2475 2889 non
2516 2831 2731 2887 desinit
2776 2830 2996 2898 sedem,
3020 2826 3501 2900 coepiscoporum
3548 2822 3734 2880 altera

2078 2938 2332 2998 gregem.
2363 2921 2652 2977 Volumen
2686 2937 2892 2975 unum.

2149 3011 2379 3068 Tertius
2412 3009 2842 3083 querimoniam
2889 3006 3246 3081 quibusdam
3277 3020 3413 3061 cum
3460 2999 3735 3075 epistolis

2078 3099 2255 3155 habet
2286 3098 2402 3171 regi
2434 3096 2709 3153 delatam.
2735 3095 3024 3153 Volumen
3056 3111 3264 3151 unum.

2151 3188 2403 3251 Quartus
2433 3185 2581 3241 duas
2611 3185 2867 3241 continet
2893 3187 3145 3253 tantum,
3172 3180 3432 3238 Brunoni
3462 3178 3739 3235 brevissi-

326 3250 439 3337 aut
459 3277 777 3334 maximam
802 3276 963 3333 illius
981 3250 1278 3331 summam
1306 3278 1448 3349 ipsis
1470 3282 1680 3350 putant
1700 3250 1967 3352 cessisse,
1998 3250 2044 3319 (ἶ
2083 3250 2262 3343 mam,
2297 3275 2587 3330 Rodberto
2618 3274 2763 3330 satis
2805 3271 3111 3346 prolixam,
3132 3250 3417 3345 epistolas
3458 3268 3734 3342 praesuli-

326 3371 385 3424 et
398 3366 545 3424 alios
564 3364 933 3439 praedicando
953 3364 1175 3420 faciunt
1195 3370 1399 3437 putare
1422 3384 1437 3422 :
1461 3367 1617 3439 quod
1640 3368 1978 3428 interdictor

328 3454 611 3513 nimirum
642 3453 788 3510 mihi
817 3452 1050 3509 videtur
1069 3468 1301 3525 quoque
1334 3453 1756 3523 innuere,dum
1781 3473 1977 3516 coram

324 3582 562 3655 imitari,
592 3596 664 3635 ne
691 3596 801 3635 non
823 3579 1140 3655 immeritus
1165 3578 1359 3655 audiat
1400 3580 1770 3655 clamarisibi
1796 3600 1830 3637 a
1849 3599 1980 3655 pro-

362 3654 486 3709 heta
514 3670 536 3706 :
549 3673 586 3724 ξ(
614 3656 712 3708 Vae
736 3652 832 3724 qui
856 3650 1040 3724 dicitis
1064 3650 1274 3724 malum
1305 3652 1524 3717 bonum,
1551 3656 1600 3706 et
1632 3652 1830 3708 bonum
1849 3650 1979 3710 'ma-

318 3669 486 3777 pacta
514 3670 536 3706 .·
558 3673 586 3703 ‹‹
619 3669 712 3708 vw
736 3669 827 3724 qui
856 3669 1040 3705 azcuzs
1064 3669 1274 3705 malum
1305 3669 1524 3717 oonum,
1551 3669 1600 3706 et
1632 3669 1830 3708 bonum
1862 3671 1979 3710 ma-

347 3740 461 3804 unt.
487 3744 517 3772 ››
540 3723 746 3777 Rursus
777 3720 939 3775 laudo
969 3720 1110 3791 quod
1134 3722 1302 3845 probe
1330 3725 1460 3791 egit,
1492 3739 1563 3777 ne
1589 3726 1714 3794 quis
1741 3741 1980 3781 momor-

321 3793 465 3845 derit
499 3792 675 3845 dente.
707 3808 779 3845 ne
828 3792 1012 3845 beatus
1058 3795 1128 3845 Jo
1214 3792 1463 3845 videatur
1516 3810 1783 3845 apponere
1839 3797 1931 3845 illi
1958 3814 1977 3845 .-

321 3793 465 3848 derit
499 3792 675 3864 dente,
707 3808 779 3846 ne
826 3792 1012 3864 beatus
1052 3792 1162 3864 _J_ob
1214 3792 1463 3849 videatur
1516 3792 1783 3864 opponere
1839 3797 1977 3852 illi:

323 3885 352 3913 α
386 3862 692 3917 Parvulum
720 3861 914 3916 οοείἁίι
942 3861 1175 3914 invidia.
1208 3883 1235 3910 ››
1545 3861 1559 3864 -
1581 3861 1594 3864 -
1950 3896 1953 3899 λ

397 3932 543 4004 (470)
575 3932 857 4004 Construe
902 3949 915 3986 :
968 3932 1245 4004 cinerum
1298 3932 1538 4002 qualitas
1591 3934 1770 3989 libelli
1819 3937 1979 3991 istius

321 4002 466 4075 forte
490 4002 673 4078 fuerat
699 4003 897 4078 major,
926 4002 1041 4055 nisi
1077 4004 1337 4078 przecisus
1376 4004 1592 4078 fuisset,
1624 4007 1707 4059 uti
1736 4006 1844 4061 tela
1855 4008 1979 4078 jam

318 4073 541 4146 peracta
569 4073 901 4146 succiditur;
935 4074 1195 4146 praecisus
1232 4074 1458 4146 fuisset,
1496 4073 1759 4146 inquam,
1790 4073 1977 4132 statim

322 4142 387 4200 ut
412 4145 711 4227 comperuit
739 4144 946 4227 obitum
990 4142 1247 4227 deberti
1260 4143 1384 4214 jam
1408 4145 1518 4227 fati
1539 4142 1671 4227 .(seu
1695 4147 1822 4227 jam
1856 4163 1974 4202 me-

324 4213 558 4289 morati)
573 4230 740 4289 quem
771 4218 955 4289 tamen
986 4213 1211 4269 obitum
1252 4213 1443 4268 rumor
1466 4213 1640 4289 falsus
1674 4213 1801 4289 ante
1823 4233 1973 4289 pra?-

325 4285 720 4359 tulerat._Eum
748 4285 1313 4359 quidemgmortuum
1343 4285 1574 4356 prtefert
1620 4287 1792 4359 paulo
1823 4285 1975 4344 ante

323 4356 504 4413 libelli
535 4357 712 4412 ﬁnem
746 4356 910 4413 rium.
945 4356 1013 4411 19
1041 4359 1099 4411 et
1124 4357 1212 4411 21.

396 4429 540 4501 (471)
571 4427 805 4501 Explica
855 4428 1097 4501 :wigitur
1140 4427 1410 4501 probatur
1465 4429 1760 4501 inseruisse
1814 4430 1972 4498 talia,

323 4503 383 4554 ut
402 4496 715 4581 'acquirefet
743 4501 819 4555 eis
861 4496 1079 4581 libellis
1089 4496 1482 4581 frequentiam
1525 4499 1813 4581 lectorum,-
1844 4496 1971 4572 quia

320 4569 545 4627 noverat
579 4586 903 4643 quemquam
948 4569 1224 4624 similium
1259 4572 1351 4625 sui
1396 4585 1497 4625 nec
1542 4572 1791 4643 attigisse
1817 4569 1974 4627 sum-

320 4643 425 4695 mis
471 4642 642 4696 labris
688 4642 940 4696 poculum
971 4640 1303 4696 huiusmodi.
1331 4642 1447 4695 sive
1493 4642 1625 4696 auia
1671 4643 1834 4696 facile
1883 4645 1971 4696 in-

318 4657 425 4695 Ἰηιᾶ
471 4657 642 4696 ιαυνιης

316 4712 583 4785 vestigata
611 4711 718 4785 cito
760 4711 1260 4785 vilescunt:(idpest
1290 4711 1461 4785 vilem
1511 4711 1784 4785 reddunt)
1815 4730 1972 4785 sapo-

316 4714 583 4779 vestigata
611 4714 718 4789 cito
760 4714 1030 4766 vilescunt
1060 4714 1139 4782 (id
1171 4715 1260 4766 est
1290 4714 1461 4766 vilem
1511 4714 1763 4768 reddunt
1815 4730 1972 4785 sapo-

316 4796 435 4856 rem
460 4784 778 4856 nectareum
799 4782 933 4856 doni
960 4782 1209 4856 cwlestis,
1242 4783 1307 4835 ni
1325 4798 1600 4856 uenenum
1630 4783 1730 4856 hoc
1753 4714 1974 4856 δοκίδω-

319 4850 551 4923 plorum
582 4849 975 4933 saecularium)
992 4860 1303 4933 venenasset
1317 4854 1581 4933 liquorem
1596 4871 1618 4916 ;
1634 4849 1772 4933 quia
1802 4855 1974 4933 nimi:

315 4921 448 5004 rum
483 4921 700 5004 scripta
729 4922 1104 5004 quantumvis
1137 4921 1828 5004 cmlestia_nou_sapiunt,
1856 4926 1969 4981 nisi

317 4992 1019 5065 insperganturprofanis
1052 4993 1351 5065 exemplis.
1385 4996 1520 5049 Erat
1547 4994 1606 5049 in
1640 4992 1774 5063 ms.,
1796 5000 1967 5052 terre-

314 5063 450 5136 num
477 5063 574 5136 hoc
596 5063 979 5136 invenenasset
1008 5063 1294 5135 liquorem,
1323 5066 1525 5136 procul
1575 5066 1752 5121 dubio
1802 5084 1968 5122 men-

316 5133 477 5201 dose,
510 5133 611 5190 ubi
641 5133 1082 5191 emendavimus
1123 5133 1389 5191 venenum
1417 5136 1515 5191 hoc
1542 5139 1605 5192 ni
1650 5142 1969 5194 venenasset

317 5205 602 5278 liquorem.
636 5206 951 5278 Sequentia
982 5223 1172 5278 porro,
1207 5206 1291 5262 sic
1321 5210 1591 5262 construe
1623 5224 1634 5262 :
1670 5210 1842 5278 Igitur
1871 5211 1967 5264 hu-

306 5276 553 5352 jusmodi
582 5276 830 5349 affectata
848 5276 1187 5352 (seu‘nimio
1218 5278 1412 5352 studio
1435 5276 1968 5352 quiesitaexempla

315 5347 712 5422 profanorum
748 5347 1120 5420 scriptorum)
1156 5350 1409 5422 probant,
1452 5347 1628 5422 quam
1684 5347 1967 5422 displiceat

315 5432 447 5474 vera
473 5419 816 5490 simplicitas,
844 5419 895 5474 et
942 5436 1094 5474 mera
1114 5421 1427 5491 prudentia,
1455 5419 1585 5475 dum
1615 5423 1737 5491 quis
1766 5419 1963 5478 elabo-

312 5493 421 5554 rat,
453 5494 515 5544 ut
541 5499 823 5562 appareat,
857 5505 967 5545 non
998 5499 1057 5545 ut
1086 5493 1159 5562 sit
1184 5493 1485 5562 sapientior
1525 5494 1756 5560 exteris,
1792 5496 1961 5548 inter-

308 5575 492 5635 serens
520 5561 705 5635 aliena
732 5563 866 5635 suis,
897 5565 957 5615 ut
988 5563 1088 5635 itte
1112 5561 1424 5635 interserit,
1459 5578 1562 5632 quo
1594 5566 1810 5618 tantum
1834 5580 1960 5635 per-

307 5632 541 5703 suadent
591 5632 845 5703 pluribus
900 5648 1011 5687 sese
1069 5632 1260 5702 legisse
1304 5633 1480 5687 multa
1510 5651 1528 5687 :
1558 5651 1682 5688 cum
1738 5632 1848 5689 hoc‘
1890 5636 1963 5690 sit

307 5702 606 5760 detraxisse
665 5705 845 5776 potius
911 5703 1186 5776 pannulos
1251 5704 1495 5772 artibus,
1576 5721 1683 5762 non
1764 5705 1962 5765 habere

2085 3366 2217 3421 bus.
2248 3363 2534 3419 Volumen
2564 3379 2771 3418 unum.

2157 3452 2409 3520 Quintus
2438 3450 2868 3523 querimoniam
2898 3450 3159 3507 Brunoni
3197 3447 3531 3523 specialius,
3556 3462 3736 3519 gene-

2091 3583 2236 3652 ipsas
2266 3583 2430 3646 artes,
2460 3580 2707 3647 appetere
2760 3576 2997 3645 gloriam
3040 3576 3334 3647 majorum,
3393 3588 3503 3629 non
3557 3576 3739 3643 sequi.

2096 3721 2107 3723 4
2161 3647 2309 3723 (472)
2339 3646 3124 3723 Construe:_Igitur_inutiles
3148 3646 3278 3723 sibi,
3303 3648 3358 3700 et
3392 3644 3653 3723 pomarii
3668 3645 3739 3723 in

2088 3714 2186 3792 hoc
2215 3714 2359 3792 (mea
2401 3717 2689 3792 sententia)
2720 3714 2991 3787 omnibus,
3018 3718 3115 3792 qui
3152 3718 3204 3773 si
3240 3731 3372 3792 quos
3396 3714 3743 3792 redduterint

2088 3734 2186 3776 hoc
2215 3734 2359 3792 (mea
2401 3734 2689 3843 sententi?!)
2720 3734 2991 3787 omnibus,
3013 3734 3113 3844 put
3152 3734 3202 3773 si
3240 3734 3372 3787 quos
3401 3734 3743 3770 reaauwrmt

2088 3791 2346 3863 deceptos,
2371 3790 2623 3863 efﬁciunt
2646 3860 2659 3863 _
2679 3792 3009 3863 eceptoresa
3035 3790 3231 3855 iorum,
3261 3788 3356 3863 qui
3388 3786 3595 3863 scilicet
3630 3789 3743 3863 mi-

2085 3878 2190 3917 nus
2208 3857 2448 3933 proinde
2475 3857 2875 3916 considerantes
2917 3860 3135 3933 aliquas
3159 3857 3463 3931 particulas
3491 3858 3746 3933 scientia

2087 3928 2246 3997 mete,
2269 3935 2321 4003 et
2344 3934 2542 4003 putant
2591 3933 2779 4003 totam,
2815 3940 2912 3987 ant
2954 3928 3272 4003 maximam
3288 3944 3561 4003 summam
3587 3928 3745 4003 illius

2088 3999 2360 4085 scientiae:
2393 4004 2613 4057 cessisse
2655 4002 2769 4085 sibi
2818 4003 2975 4085 ipsis,
3019 4006 3086 4085 et
3121 3999 3747 4085 pradicandqfaciunt

2085 4074 2227 4128 alios
2253 4076 2451 4144 putare
2478 4090 2497 4127 :
2530 4073 2669 4142 quod
2698 4069 2968 4144 nimirum
3007 4069 3325 4144 interdictor
3359 4069 3500 4126 mihi
3528 4070 3747 4144 videtur

2087 4143 2583 4217 quoqueinnuere,
2633 4143 2763 4199 dum
2786 4143 3035 4217 prohibet
3073 4143 3365 4214 quemlibet
3404 4143 3742 4217 ponerepfg

2083 4211 2421 4285 fendiculum
2478 4229 2661 4269 coram
2709 4211 2863 4270 caeco.
2892 4211 3145 4285 Namque
3198 4211 3419 4269 cernere
3474 4211 3744 4285 quidlibet

2086 4284 2346 4357 inefﬁcax
2373 4285 2674 4356 subjectum
2702 4284 2998 4353 obtutibus,
3020 4284 3199 4341 nescio
3236 4301 3311 4357 an
3354 4284 3546 4357 putari
3570 4284 3745 4357 possit

2082 4353 2332 4439 non'esse
2358 4353 2582 4439 aecum.
2613 4357 2775 4439 Quod
2802 4373 2927 4413 cum
2958 4360 3172 4439 constet
3213 4353 3527 4439 Apostolum
3550 4353 3743 4439 sedulo

2081 4428 2305 4492 cavisse,
2336 4426 2465 4482 dum
2505 4428 2777 4483 desiderat
2817 4427 3097 4484 neminem
3128 4424 3429 4484 xstiinasse
3455 4424 3523 4480 de
3548 4440 3604 4480 se
3630 4424 3740 4479 ali-

2082 4498 2213 4580 quid
2250 4499 2399 4580 plus,
2433 4514 2612 4580 quam.
2650 4499 2788 4580 quod
2846 4497 3141 4580 videretin
3171 4512 3264 4580 αρε
3290 4501 3371 4580 εἰ,
3398 4495 3618 4580 audiret
3669 4495 3742 4550 ab

2082 4567 2457 4641 ipsofhorret
2477 4567 2751 4641 (scriptor
2792 4571 3013 4637 noster)
3032 4570 3084 4624 si
3110 4569 3290 4639 quivis
3335 4567 3745 4641 deceptissimus

684 4636 940 4716 poculum
971 4640 1303 4716 hujusmodi,
1330 4642 1447 4716 sive
1493 4636 1834 4716 quiaifacile
1883 4645 1971 4698 in-
2006 4651 2051 4716 Ι)
2081 4636 2293 4716 dstruat
2333 4654 2448 4716 sese
2471 4636 2732 4716 peritum,
2786 4648 2882 4696 aut
2919 4636 3308 4716 nobilem,au_t
3357 4636 3520 4711 (quod
3564 4637 3745 4716 multo

2084 4716 2161 4766 est
2192 4707 2730 4794 iniquiusfjustum,‘
2752 4727 2863 4794 non
2904 4713 3149 4794 existens
3193 4707 3615 4794 talis,'astruat,
3649 4707 3743 4794 in:

2084 4779 2590 4853 quam,_pr$czpue
2617 4783 2860 4852 scriptis,
2893 4797 3019 4854 quae
3064 4783 3252 4852 utique
3290 4795 3352 4836 eo
3398 4779 3594 4839 sileIttc
3616 4782 3745 4860 post

2081 4856 2314 4907 mortem
2346 4850 2659 4924 loquantur,
2689 4855 2900 4924 faciens
2941 4857 2992 4924 et
3037 4853 3175 4908 alios
3205 4850 3466 4924 mentiri;
3494 4853 3550 4906 et
3573 4865 3622 4904 si
3650 4852 3742 4924 fa-

2076 4924 2186 4978 ciat
2209 4892 2450 4993 seipsuin
2478 4892 2766 4978 obscurum
2799 4923 3187 4995 offendiculum
3213 4923 3369 4979 caecis
3398 4892 3739 4995 ignorantia,

2076 5009 2199 5049 cum
2226 4990 2369 5064 foret
2401 4994 2571 5049 multo
2609 4990 2838 5065 felicius
2849 4990 3075 5052 latuisse
3102 5001 3162 5049 ut
3185 4995 3398 5061 natum,
3422 4990 3509 5047 ita
3528 4990 3740 5065 Ade/un-

2076 5062 2241 5131 ctum,
2261 5080 2427 5134 quam
2451 5062 2799 5136 perfunctum
2829 5065 2992 5122 laude
3036 5065 3169 5136 falsi
3202 5064 3475 5136 rumoris.
3510 5062 3623 5131 Quo
3650 5062 3737 5132 ﬁt,

2075 5139 2136 5191 ut
2165 5136 2514 5190 simulatores
2542 5134 2712 5191 etiam
2766 5137 2972 5192 mortui
3010 5134 3124 5191 non
3180 5134 3439 5191 desinant
3485 5149 3735 5201 peccare,

2075 5149 2136 5191 ut
2165 5149 2514 5190 simulatores
2542 5149 2712 5191 etiam
2766 5149 2969 5192 mortui
3010 5152 3124 5191 non
3180 5149 3439 5191 desinant
3558 5150 3735 5201 οων-ε,

2074 5207 2211 5290 tua
2231 5208 2843 5290 ροξτηῆιῑνιεητβμξοίιαε
2866 5208 3085 5290 facta!“
3133 5222 3245 5290 δςεςε
3299 5207 3441 5290 falso
3485 5149 3735 5290 {fuderi-

2075 5275 2327 5347 Sufﬁciat
2357 5278 2532 5347 igitur
2560 5275 2705 5333 istud
2728 5275 2826 5333 nec
2853 5275 3119 5334 invidiose
3147 5275 3536 5332 detractumde
3553 5276 3737 5347 sciam

2073 5346 2157 5403 tia
2176 5346 2463 5419 scriptoris
2494 5350 2670 5416 istius,
2708 5365 2808 5404 nec
2834 5349 3086 5406 mendose
3112 5347 3572 5420 superadjectnm,
3593 5346 3738 5420 quod

2069 5422 2141 5501 sit
2194 5422 2588 5489 argumentum
2643 5422 2808 5476 totius
2864 5419 3366 5492 qualitatis,qu
3421 5419 3737 5477 conaminis

2071 5506 2288 5646 ejl('lfi.73)
2317 5562 2521 5646 Igitur,
2624 5562 2977 5646 capitulatim
3002 5562 3313 5646 retinemus
3326 5559 3569 5646 ordinem
3604 5575 3739 5631 opu-

2069 5632 2364 5698 sculorum,
2398 5632 2524 5705 ltcet
2571 5634 2671 5689 iste
2694 5632 2928 5705 primus
2974 5634 3048 5690 sit
3086 5633 3343 5705 prwfatio
3389 5633 3735 5699 ceterorum,

2070 5707 2249 5761 tamen
2280 5704 2560 5775 quantitas
2590 5702 2866 5778 compellit
2893 5720 3019 5763 eum
3047 5702 3160 5762 θέτε
3190 5702 3457 5761 libellum.
