4054 6190
376 354 500 426 379

1298 350 1677 419 RATHERII
1718 347 1970 422 EPISC.
2012 345 2307 418 VERON.
2350 352 2524 420 OPP.
2570 353 2771 422 PARS
2812 349 2868 421 Ῑ.

3670 344 3797 417 380

376 492 485 551 hoc
515 488 839 568 praesertim
869 488 1125 566 negotio,
1160 489 1316 565 quod
1342 493 1528 546 totum
1561 487 1662 546 Dei
1694 487 1877 546 solius
1908 503 2027 543 res-
2052 485 2109 554 Α
2136 486 2246 545 hoc
2277 489 2480 564 utique
2510 491 2584 548 ad
2614 507 2800 564 aquas
2821 486 3299 549 contradictionis
3317 489 3793 566 (Deut.xmu,8;

375 585 546 656 pectu
578 586 635 639 et
666 582 753 638 fas
783 585 842 638 et
869 597 1115 638 necesse
1145 582 1300 637 esset
1329 577 1578 644 actitari,
1612 577 1851 633 nomine
1900 575 2038 632 mis-

376 676 535 728 ceret
565 670 656 744 [f.,
691 669 1287 744 nosceret].Subjecta
1306 668 1462 724 enim
1495 667 1665 739 (491),
1697 666 2033 731 ait,vestrte-

377 777 491 833 que
521 759 959 815 dissertissimae
988 757 1323 830 paternitati
1360 774 1477 813 non
1510 755 1882 830 cognitionis,
1930 753 2031 809 sed

376 848 800 921 recognitionis
820 864 998 903 causa
1023 846 1217 902 delata
1233 851 1570 903 sanctorum
1582 845 1820 900 Patrum
1843 860 2034 899 exem-

378 935 495 1009 pla,
530 936 651 992 fore
669 951 1168 1007 supervacaneum
1193 952 1302 990 sua
1324 932 1765 1006 perspicacitate
1785 934 1873 1004 [f.,
1902 948 2031 1003 per-

375 1024 705 1096 spicuitate]
743 1024 1021 1091 fatentur,
1077 1023 1319 1079 cuilibet
1367 1022 1428 1094 [l.
1479 1020 1815 1093 cujuslibet]
1854 1019 2034 1078 vestri

376 1112 755 1181 similium,et
780 1113 881 1185 qui
902 1111 1230 1184 recognitor
1259 1114 1433 1183 atque
1463 1115 1720 1165 servator
1756 1110 1835 1164 sit
1855 1108 2028 1180 inqui,

383 1218 557 1258 aures
586 1200 842 1256 inaniter
856 1200 1102 1271 fatigare
1126 1217 1139 1255 :
1166 1199 1382 1271 quibus
1400 1195 2033 1269 dilucidaturlegaliter

377 1291 774 1360 undecunque
819 1291 1216 1357 assumatum,
1266 1286 1532 1359 legaliter
1559 1286 1811 1353 locutus,
1841 1301 2031 1357 neque

380 1377 699 1449 semetipso
726 1376 994 1443 veniens,
1027 1376 1128 1431 sed
1160 1376 1232 1431 ab
1262 1393 1348 1444 eo,
1384 1375 1475 1431 cui
1494 1378 1583 1430 est
1598 1374 1863 1430 mittendi
1895 1390 2029 1429 auc-

329 1505 335 1511 .
381 1466 609 1534 toritas,
643 1464 885 1532 missus,
919 1463 1195 1521 collatum
1227 1463 1575 1537 praesidendi
1604 1479 1835 1535 quoque
1856 1463 2029 1519 modo

378 1552 593 1610 alicubi
609 1551 1022 1626 pontiﬁcaliter
1042 1553 1300 1625 suscepit
1322 1552 1456 1625 quis
1473 1552 1521 1607 si
1545 1551 1725 1608 semel
1742 1550 2024 1619 ofﬁcium,

375 1641 687 1715 indignum
718 1640 873 1711 licet,
905 1639 1064 1697 salvo
1117 1640 1406 1697 mittentis
1448 1639 1780 1712 pariterque
1828 1656 2030 1695 conve-

374 1730 687 1798 nientium,
720 1735 785 1786 ut
815 1729 896 1785 ita
918 1731 1027 1786 fari
1061 1731 1332 1795 audeam,
1357 1734 1512 1786 statu
1546 1727 1824 1798 (malivoli
1846 1744 2029 1800 quan-

373 1836 554 1893 quam
579 1834 768 1892 usque
817 1820 891 1875 ad
924 1836 1125 1875 necem
1157 1817 1489 1890 deszeviant)
1520 1816 1645 1873 loco
1676 1834 1841 1873 aosse
1870 1815 2026 1888 lega-

372 1908 506 1965 liter
535 1925 799 1976 rursum,
832 1908 1056 1964 ordinis
1082 1911 1357 1964 manente
1386 1903 2027 1972 custodia,nullatenus

374 1997 613 2065 moveri,
648 1996 707 2052 ni
745 1997 942 2053 forsan
974 1996 1163 2069 magis
1187 1997 1328 2068 jura
1346 1994 1662 2067 praevalent
1688 1993 1817 2061 fori,
1851 2010 2029 2065 quam

375 2089 671 2145 sanctorm
728 2083 1026 2157 exempla;
1082 2088 1184 2140 aut
1230 2084 1472 2154 majorts
1520 2080 1883 2138 auctoritatis
1943 2085 2032 2136 est

373 2173 995 2246 molendinum,quam
1027 2170 1361 2246 pontificale
1391 2169 1842 2227 ofticium.lllius
1867 2186 2032 2226 nam-

375 2278 491 2337 que
520 2261 787 2335 provisor
808 2261 947 2334 pelli
1000 2261 1204 2333 nequit
1232 2261 1303 2317 de
1360 2260 1539 2317 semel
1569 2263 1806 2332 accepta
1837 2258 2026 2330 provi-

373 2351 561 2420 sione,
583 2351 645 2406 ni
674 2350 973 2409 audientis
994 2349 1485 2423 praecedente,vici
1495 2365 1704 2405 norum
1726 2348 1853 2403 sine
1871 2364 2029 2402 mur-

375 2440 653 2497 mure.Ad
672 2439 1012 2513 episcopum
1027 2438 1457 2495 detrudendum
1475 2437 1585 2493 hoc
1611 2436 1873 2508 exemplo
1895 2433 2025 2490 nul-

373 2527 498 2584 lum
533 2526 782 2595 [nullum
828 2527 1112 2583 abundare
1158 2526 1418 2598 videtur],
1449 2525 1538 2582 vis
1569 2523 1732 2580 nulla
1773 2522 2026 2596 requiri-

282 2652 285 2655 λ
373 2620 509 2687 tur;
542 2614 712 2683 ratio,
745 2613 876 2671 laus
905 2620 964 2672 et
991 2614 1359 2688 vituperatio,
1384 2615 1529 2671 281
1567 2613 1757 2687 plebis
1786 2628 2026 2669 consen-

374 2721 500 2771 sus,
534 2709 592 2761 et
620 2703 938 2775 prohibitio
967 2703 1114 2776 legis
1145 2703 1412 2776 partibus
1443 2701 1796 2758 conveniunt
1819 2701 2024 2773 requis,

374 2791 737 2865 paribusque
766 2789 1079 2863 proficiunt
1107 2791 1320 2846 modis.

448 2881 536 2940 12.
569 2878 760 2951 Super
789 2894 905 2950 quo
935 2878 1082 2951 (492)
1131 2884 1312 2934 Deum
1360 2878 1654 2945 timentes,
1686 2876 2021 2933 hominum-

376 2985 491 3041 que
520 2966 827 3023 infamiam
859 2970 1188 3024 reverentes
1225 2983 1451 3035 omnes,
1501 2982 1728 3035 omnes,
1754 2966 2020 3039 inquam,

376 3056 484 3131 (ait
514 3057 1154 3130 prosequens),omnes,
1184 3056 1340 3113 idem
1366 3055 1665 3112 simultate
1684 3055 2025 3111 omnimodo.

375 3144 1064 3218 conﬁdensposthabita,
1088 3161 1192 3218 pro
1224 3161 1286 3201 se
1307 3144 1441 3216 quis
1461 3146 1602 3200 dum
1626 3144 2021 3215 facit,sibique

2141 578 2289 633 Psal.
2325 595 2488 646 Lxxx,
2520 580 2596 646 8),
2638 578 2738 634 ubi
2786 579 3021 651 probari
3068 583 3273 635 vestrae
3317 577 3507 635 valeat
3544 576 3796 633 firmitas

2141 664 2484 724 devotionis.
2502 667 2691 739 Hujus
2715 666 2839 740 spei
2864 667 3080 724 ﬁducia
3099 666 3313 740 oppido
3344 666 3644 722 animatus
3662 681 3795 737 per-

2140 751 2529 827 incongruum
2579 755 2782 829 judico
2836 756 3213 813 suasionibus
3253 755 3495 829 fatigare
3534 754 3798 827 aliquem

2139 846 2421 911 vestrum,
2463 861 2597 900 cum
2648 844 3156 901 mordacissimam
3204 860 3308 900 vos
3355 842 3615 899 noverim
3664 841 3802 898 Ale-

2138 932 2344 987 xandri
2378 949 2539 1005 papa:
2569 933 2713 989 satis
2744 950 2915 989 nosse
2945 931 3298 988 sententiam
3334 930 3620 986 dicentis:
3647 929 3801 994 Quia

2140 1018 2191 1074 si
2220 1020 2354 1091 quis
2385 1038 2447 1077 se
2469 1021 2541 1077 ab
2574 1021 2787 1077 auxilio
2817 1020 3026 1076 talium
3056 1019 3430 1088 subtraxerit,
3451 1036 3570 1074 non
3600 1034 3798 1074 sacer-

2140 1108 2265 1177 dos,
2291 1110 2391 1165 sed
2423 1108 2836 1166 schismaticus
2851 1104 3799 1182 judicabitur.Institutionis(493)

2140 1197 2355 1270 quippe
2384 1198 2775 1271 indignitatis,
2805 1215 2921 1254 non
2952 1215 3014 1254 se
3034 1202 3231 1254 tamen
3253 1197 3405 1253 ultro
3441 1195 3796 1268 ingerentis,

2138 1287 2238 1341 sed
2271 1286 2626 1359 praecipienti
2658 1287 2984 1343 obedientis
3012 1285 3128 1342 ista
3157 1288 3298 1342 sunt
3326 1283 3609 1358 suffragia
3627 1299 3795 1350 meae,

2138 1390 2264 1446 quae
2294 1376 2712 1433 sacratissimis
2744 1376 3020 1431 manibus
3049 1374 3304 1430 taxanda
3350 1373 3664 1429 committo
3700 1388 3800 1428 ve-

2136 1464 2294 1530 stris,
2327 1482 2430 1521 vos
2460 1469 2524 1521 ut
2554 1464 2848 1521 neminem
2879 1464 3317 1537 episcoporum,
3349 1462 3448 1536 qui
3480 1478 3673 1519 causa:
3692 1461 3794 1518 ad-

2139 1553 2332 1621 fuerit,
2367 1571 2472 1626 per
2500 1553 2816 1610 Dominum
2847 1556 3186 1627 contestans
3215 1569 3417 1609 eorum
3455 1551 3802 1625 cognitione

2135 1643 2436 1710 fraudetis,
2486 1643 2588 1699 sed
2629 1658 2822 1715 nequa
2866 1642 3093 1698 occasio
3137 1658 3254 1697 non
3299 1656 3393 1696 me
3436 1640 3795 1697 defendendi

2132 1733 2338 1788 adesse
2370 1731 2575 1800 valeat,
2609 1731 2969 1787 ostendendo
3005 1731 3289 1787 omnibus
3318 1728 3660 1803 propaletis.
3692 1727 3802 1784 Hic

2134 1824 2470 1878 sanctorum
2502 1821 2747 1877 insanus
2779 1820 3042 1889 Patrum,
3072 1817 3315 1875 Antheri
3356 1816 3652 1886 videlicet,
3678 1816 3804 1873 Ca-

2137 1909 2286 1978 lixti,
2310 1914 2484 1981 atque
2506 1909 2763 1982 Gregorii
2794 1926 2863 1966 ex
2892 1908 3163 1974 decretis,
3187 1912 3651 1979 sanctorumque
3674 1922 3799 1962 non

2137 2015 2459 2072 paucorum
2490 2015 2552 2055 se
2580 1997 2843 2072 legaliter
2895 1997 3124 2053 vacanti
3174 1993 3634 2051 inthronizatum
3679 1994 3797 2049 Ec-

2137 2087 2324 2143 clesiae
2372 2092 2632 2143 astruere
2676 2086 2949 2142 laborans
2999 2083 3300 2158 exemplis,
3347 2100 3416 2140 ea
3477 2089 3798 2156 postquam

2136 2175 2342 2231 subter
2374 2175 2725 2242 inseruerat,
2772 2173 2987 2245 adjecit
3022 2191 3035 2230 :
3067 2174 3206 2229 Esto
3262 2171 3476 2246 aliquis
3524 2170 3801 2245 legaliter

2135 2265 2355 2320 factum
2389 2263 2636 2320 inficiari
2669 2262 2830 2319 nullo
2852 2263 3027 2319 modo
3047 2261 3269 2329 valens,
3287 2261 3568 2318 infectum
3582 2276 3798 2317 rursus

2134 2353 2257 2409 fore
2287 2352 2549 2408 criminis
2566 2351 2819 2423 alicujus
2848 2350 3221 2424 appositione
3240 2349 3374 2406 velit
3392 2365 3529 2406 vera
3548 2348 3792 2417 falsave;

2133 2442 2257 2497 hac
2286 2445 2446 2507 sunt,
2469 2441 2685 2513 quibus
2710 2440 3078 2505 innitor,Deo
3103 2437 3575 2512 gratias,iterum
3597 2442 3795 2511 patro-

2133 2531 2320 2601 cinia;
2353 2531 2454 2587 sed
2482 2530 2706 2604 ignoro,
2730 2528 2851 2585 sint
2904 2533 3106 2585 utrum
3165 2526 3389 2599 aliquid
3428 2527 3735 2600 profutura
3770 2541 3789 2581 :

2133 2624 2275 2677 sunt
2301 2618 2455 2677 enim
2479 2623 2747 2692 tempora
2766 2617 2933 2690 (prob
2967 2617 3133 2673 nefas
3152 2614 3394 2690 l)legem
3425 2626 3543 2671 non
3565 2614 3793 2670 admit-

2130 2710 2336 2765 tentia.
2385 2709 2649 2780 Cumque
2699 2710 3041 2764 sanctorum
3089 2706 3329 2761 Patrum
3373 2702 3790 2760 sanctionibus

2133 2798 2287 2855 282
2331 2814 2395 2854 se
2447 2796 2905 2861 incardinatum,
2935 2795 3113 2851 vestri
3144 2793 3433 2867 praecipue
3462 2793 3607 2857 (494)
3633 2808 3792 2864 pra:-

2132 2886 2319 2958 conio,
2349 2883 2761 2959 inuegabiliter
2781 2882 3181 2958 probavisset:
3218 2886 3393 2955 atque
3436 2884 3784 2938 constructo

2130 2977 2203 3032 ab
2232 2975 2476 3043 eisdem,
2504 2990 2658 3047 papa
2703 2976 2768 3028 ut
2796 2972 2879 3028 ait
2905 2970 3319 3044 Telesphorus,
3347 2985 3415 3026 se
3451 2969 3620 3043 quasi
3664 2970 3787 3025 cir-

2128 3062 2655 3135 cumvallasset(ita
2678 3060 3071 3134 prosequitur)
3085 3076 3276 3131 muro,
3288 3059 3466 3116 vestri
3481 3074 3614 3114 vero
3634 3057 3786 3115 item

2130 3152 2450 3209 inchoancs
2480 3167 2515 3208 a
2543 3149 2859 3224 praeconio;
2893 3153 3032 3206 runt
3060 3152 3127 3205 ut
3155 3147 3351 3205 doceri
3382 3164 3499 3203 non
3554 3146 3789 3219 indiget

376 3216 783 3308 prospiciendo
813 3216 1552 3305 consulit,_sensuros,tum
1580 3233 1867 3306 praecipue
1897 3249 2019 3302 vos,

2136 3240 2358 3298 antistii
2397 3216 2573 3296 vestri
2619 3256 2788 3296 sacra
2829 3216 3163 3311 prudentia)
3192 3235 3604 3309 hujuscemodi
3649 3216 3792 3309 per-

377 3323 471 3379 cui
501 3326 559 3379 et
587 3322 777 3394 major
803 3337 1006 3377 verum
1057 3320 1342 3394 sapiendi,
1389 3324 1466 3390 et,
1513 3337 1586 3377 ne
1633 3321 1775 3393 quid
1821 3324 2025 3376 contra

376 3411 532 3468 idem
564 3409 912 3478 moliamini,
946 3410 1137 3483 potior
1162 3413 1252 3467 est
1279 3409 1446 3484 copia
1474 3426 1753 3466 concessa
1783 3408 2023 3466 cavendi

376 3516 538 3557 more
567 3498 976 3568 usitatissimo,
1011 3515 1127 3567 ore,
1162 3515 1363 3568 manu,
1396 3498 1569 3555 corde
1602 3517 1615 3555 :
1647 3499 1806 3554 Zelus
1834 3498 2024 3554 domus

375 3598 482 3648 tua?
517 3588 747 3646 comedit
773 3604 860 3645 me
890 3588 1059 3658 (Psal.
1094 3604 1285 3657 vam,
1322 3588 1428 3656 10),
1453 3604 1568 3643 non
1595 3590 2024 3644 rememoratu--

375 3695 507 3735 rum
548 3678 758 3745 dicere,
791 3693 1294 3749 ascensurumque
1333 3693 1402 3732 ex
1428 3676 1691 3746 adverso,
1723 3676 2023 3749 oppositu-

375 3782 624 3838 rumque
642 3781 880 3821 murum
894 3769 1122 3822 vosmet
1142 3764 1500 3821 defensionis
1516 3782 1618 3837 pro
1636 3765 1808 3821 domo
1822 3763 2021 3830 Israel,

375 3859 443 3909 ut
467 3853 638 3910 stetis
668 3853 729 3908 in
763 3852 958 3925 praelio
990 3853 1051 3907 in
1073 3852 1168 3908 die
1200 3852 1434 3910 Domini
1457 3852 1673 3923 (Ezech.
1705 3871 1830 3923 xm,
1858 3855 1936 3926 6),
1968 3857 2027 3910 et

451 4012 599 4094 (593)
623 4011 1208 4094 ConstruerEltenin-i
1247 4013 1490 4094 subjeeta
1517 4015 1772 4094 eaempla
1811 4019 2023 4094 sancto-

376 4082 504 4140 rum
530 4083 781 4149 Patrum,
816 4085 867 4137 et
894 4082 1074 4155 delata
1088 4087 1273 4155 vestrae
1288 4082 2022 4155 disertissimwpaternitati,

375 4170 488 4211 non
514 4167 685 4227 causa
725 4154 1074 4222 cognitionis,
1105 4154 1199 4209 sed
1245 4156 1653 4223 recognitionis,
1682 4154 1785 4210 sua
1809 4158 2025 4227 perspi-

266 4238 267 4241 ‘
377 4227 579 4283 cuitate
879 4226 1488 4307 forensupervaeaneurn
1517 4225 2029 4307 inaniterjatiqare

377 4312 538 4354 aures
562 4294 851 4369 cujuslibet
873 4294 1152 4351 similium
1184 4298 1368 4361 vestri,
1396 4294 1802 4369 et'cujuslibet,
1835 4294 1932 4369 qui
1957 4300 2028 4354 sit

377 4368 684 4438 recognitbr
709 4371 761 4424 et
789 4376 1031 4424 servator
1056 4369 1209 4440 aequi
1241 4384 1254 4423 :
1286 4368 1483 4440 quibus
1529 4368 1793 4440 exemplis
1828 4368 2027 4425 diluci-

378 4442 560 4509 datur,
581 4440 630 4495 si
658 4440 782 4511 quis
809 4440 1025 4494 locatur
1056 4438 1309 4512 tegatiter
1340 4438 1422 4508 (in
1466 4439 1658 4512 officio
1681 4438 2029 4512 episcopali)

376 4528 476 4570 nec
499 4510 719 4568 veniens
748 4527 782 4566 α
809 4510 1117 4581 semetipso,
1144 4510 1238 4567 sed
1261 4512 1461 4565 missus
1489 4511 1560 4567 ab
1590 4526 1669 4575 eo,
1703 4512 1797 4566 cui
1824 4510 1906 4567 est
1922 4510 2028 4568 au-

2131 3329 2303 3404 plura
2331 3346 2434 3402 per
2461 3327 2893 3385 sacratissimas
2922 3326 3102 3383 divini
3123 3324 3417 3399 dogmatis
3446 3323 3795 3397 camposdi-

2132 3436 2353 3493 spersa,
2377 3422 2435 3475 et
2463 3417 2759 3485 facillime,
2787 3416 2839 3473 si
2895 3431 3133 3472 necesse
3162 3412 3360 3483 fuerit,
3390 3412 3739 3470 invenienda
3770 3430 3790 3468 :

2132 3510 2234 3566 sed
2255 3507 2522 3565 sufﬁcere
2538 3506 2832 3562 credimus
2853 3505 2986 3573 ista,
3003 3521 3108 3560 nec
3121 3502 3799 3573 commemorandaquo—

2132 3614 2246 3670 que
2274 3597 2400 3671 ipse
2429 3594 2543 3651 nisi
2566 3594 2658 3650 cui
2685 3610 2783 3650 rex
2811 3592 3123 3666 Babylonis
3136 3590 3336 3648 oculos
3363 3590 3616 3649 Sedeciae
3629 3588 3794 3662 regis

2131 3685 2458 3745 Jerusalem
2490 3683 2644 3740 eruit
2662 3683 2723 3738 in
2757 3680 3042 3739 Reblatha
3062 3682 3191 3756 (Jer.
3223 3697 3417 3751 xxxxx,
3441 3681 3521 3748 6),
3546 3696 3674 3751 qua:
3700 3677 3800 3733 in-

2130 3778 2487 3848 terpretatur
2502 3770 2692 3827 multa
2710 3770 2852 3839 haec,
2867 3786 3046 3842 quam
3064 3784 3191 3826 sese
3204 3767 3496 3847 (Gregorio
3513 3767 3795 3823 novimus

2132 3865 2378 3921 docente
2406 3864 2488 3933 [in
2514 3861 2631 3919 Job.
2661 3858 2793 3929 va,
2811 3876 2867 3915 n.
2891 3859 3005 3930 37])
3028 3854 3793 3929 immoderatam,Stygium

2204 4022 2351 4094 (493)
2383 4022 2664 4094 Construe
2697 4037 2710 4076 :
2744 4021 2854 4076 Ista
2878 4020 3075 4092 quippe
3102 4021 3235 4073 sunt
3258 4016 3527 4094 suﬁragia
3554 4015 3790 4094 institu-

2134 4087 2299 4152 tionis
2319 4087 2666 4162 indignitatis
2693 4087 3050 4161 meae,non's'e
3073 4097 3255 4162 tamen
3281 4087 3427 4162 ultro
3454 4087 3788 4162 ingerentis,

2133 4165 2225 4222 sed
2252 4159 2549 4220 obedientis
2576 4159 3092 4235 prwcipientitquse
3122 4160 3391 4235 suffragia
3420 4159 3673 4235 αρτιξθηίεο
3702 4164 3797 4211 ta-

2132 4235 2323 4292 xanda
2349 4232 2757 4289 sacratissimis
2794 4233 3050 4288 manibus
3089 4232 3304 4297 vestris,
3337 4232 3642 4285 contestans
3695 4244 3799 4283 vos

2130 4323 2231 4380 per
2258 4306 2567 4380 Dominum,
2590 4307 2654 4359 ut
2682 4320 2791 4359 non
2815 4302 3149 4380 defraudetis
3175 4300 3800 4380 eorumsuﬂ‘ragiorum

2135 4372 2445 4448 cognitione
2465 4375 2705 4448 aliquem
2733 4372 3125 4448 episcoporum,
3158 4374 3261 4448 qui
3289 4372 3534 4444 adfuerit
3578 4384 3797 4448 causae,

2135 4443 2226 4507 sed
2254 4443 2577 4504 ostendendo
2605 4463 2673 4502 ea
2698 4443 2951 4501 «minibus
2977 4443 3296 4517 prepaletis,
3324 4443 3393 4517 ne
3417 4458 3528 4515 qua
3578 4443 3799 4517 occasio

2136 4537 2245 4578 non
2267 4519 2446 4576 valeat
2470 4517 2657 4589 adesse
2704 4512 3037 4589 defendendi
3055 4512 3159 4570 ine.
3191 4517 3292 4589 Hic
3318 4512 3553 4589 insanus
3585 4512 3664 4589 (id
3695 4523 3799 4567 est

377 4585 599 4665 ctqritqs
629 4582 902 4665 mittendi,
917 4582 1091 4665 gemet
1104 4582 1609 4665 ξαδρβρτίεοιιαεωη
1624 4582 1869 4665 ofﬁcium
1886 4598 2028 4665 vrge—
2056 4582 2106 4650 D
2136 4590 2533 4665 phreneticus,
2547 4587 2638 4665 uti
2645 4589 2716 4665 ab
2731 4582 3076 4665 adversariis
3087 4584 3511 4665 appellabatur)
3530 4582 3801 4665 laborans

378 4653 594 4710 sidendi
620 4655 1009 4725 pontiﬁcaliter
1035 4653 1266 4708 alicubi
1290 4669 1501 4725 quoquo
1546 4654 1725 4719 modo,
1754 4653 2027 4711 dilucida-

383 4735 493 4796 tur,
526 4725 790 4795 inquam,
821 4739 947 4796 eum
973 4726 1097 4780 licet
1117 4725 1408 4795 indignum
1429 4727 1766 4795 assumptum
1783 4726 2031 4796 legatiter

382 4794 757 4868 undecunque.
806 4795 1128 4850 nullatenus
1149 4794 1346 4868 posse
1372 4811 1595 4868 rursum
1610 4794 1623 4795 ί
1636 4794 1886 4867 tegatiter
1912 4815 2030 4854 mo-

382 4867 502 4937 veri
532 4864 665 4937 toco,
695 4868 952 4919 manente
978 4864 1221 4921 custodia
1250 4866 1480 4933 ordinis,
1511 4867 1659 4921 salvo
1687 4864 1851 4937 statu,
1871 4878 1932 4924 ut
1954 4872 2032 4925 ita

383 4936 500 5009 fari
534 4935 787 5003 audeam,
840 4936 1131 5009 mittentis,
1191 4942 1243 4993 et
1299 4938 1513 5009 pariter
1568 4935 2028 5009 convenientium,

384 5007 714 5134 κινῖῇυέἵέ
738 5007 990 5063 malivoli
1016 5007 1318 5066 desaeviant
1374 5024 1544 5081 usque
1599 5008 1670 5078 ad
1718 5025 1940 5073 necem;
1967 5012 2034 5066 ni

409 5095 591 5141 orsan.
625 5094 734 5134 θιο.

625 5083 777 5234 ἵξξῶ
807 5160 1074 5234 construe
1109 5168 1121 5206 :
1152 5152 1330 5234 Super
1379 5166 1481 5234 quo
1522 5149 1816 5234 conﬁdens,
1848 5168 2032 5234 omnes

386 5222 636 5277 timentes
691 5221 889 5293 Deum,
930 5229 983 5277 et
1026 5221 1329 5278 reverentes
1356 5221 1671 5293 infamiam
1724 5224 2029 5293 hominum,

386 5306 590 5365 omnes,
623 5293 852 5365 inquam
865 5292 994 5365 (ait
1025 5292 1370 5365 prosequens)
1390 5309 1585 5365 omnes
1610 5309 1864 5351 sensuros
1890 5297 2034 5352 idem

382 5360 1039 5439 posthabitaiomnznwdd
1048 5360 1500 5439 Δ,ςίγηᾴἰζαιεμίτινη
1519 5365 1644 5439 quis
1669 5366 1808 5435 facit
1831 5383 1934 5439 pro
1955 5384 2029 5439 se,

388 5433 441 5490 et
466 5433 846 5514 prospiciendo
861 5435 1108 5514 consulit
1133 5436 1277 5499 sibi;
1307 5443 1422 5514 tum
1460 5433 1742 5514 prlxeiliue
1788 5433 1877 5494 vos
1899 5433 2032 5514 seu}

386 5504 543 5561 suros
574 5504 737 5572 idem,
778 5505 871 5582 cui
903 5521 1151 5582 concessa
1180 5510 1350 5582 estet
1394 5504 1574 5582 major
1599 5504 1758 5582 copia
1784 5511 2037 5582 sapiendi

388 5593 596 5649 verum,
619 5586 670 5631 et
697 5576 854 5649 copia
880 5577 1059 5646 potior
1085 5577 1405 5644 cavendi,ne
1433 5576 1567 5649 quid
1581 5576 2036 5639 moliaminicon-

388 5652 477 5704 ira
506 5647 669 5727 idem,
859 5645 1045 5703 omnes
1064 5649 1284 5704 sensuri
1310 5645 1475 5727 sunt,
1500 5650 1749 5720 cavendi,
1782 5653 2032 5727 inquam,

390 5736 542 5777 more
571 5719 945 5789 usitatissinw,
978 5734 1092 5792 ore,
1122 5736 1316 5788 manu,
1347 5720 1524 5777 corde.

2137 4654 2382 4719 astruere
2410 4677 2465 4716 se
2495 4660 2744 4729 legaliter
2772 4654 3207 4729 inthronizatuin
3250 4656 3480 4729 vocanti
3496 4654 3800 4729 "Ecclesia:

2078 4750 2099 4766 ·
2138 4751 2209 4791 ex
2235 4734 2460 4789 decretis
2479 4724 2794 4786 sanctorum
2837 4732 3086 4786 Patrum.
3118 4727 3369 4784 videlicet
3397 4724 3645 4789 Anthert,
3679 4724 3800 4779 Ca-

2138 4807 2287 4872 lixti,
2318 4807 2481 4876 atque
2508 4801 2783 4876 Gregorii,
2805 4804 2856 4856 et
2887 4799 3151 4876 exemplis
3177 4814 3290 4853 non
3325 4812 3630 4876 paucorum
3658 4811 3800 4876 sar:-

2137 4867 2366 4941 ctorum,
2378 4867 2661 4946 postquam
2679 4873 2872 4946 saltent
2896 4867 3087 4946 subter
3115 4867 3425 4946 inseruerat
3449 4884 3514 4946 ea
3532 4867 3803 4946 (decreta

2138 4952 2197 5004 et
2222 4938 2524 5017 exempla)
2540 4943 2739 5017 adjecit
2770 4961 2789 4997 :
2818 4944 2942 4999 Esto
2972 4942 3178 5017 aliquis
3205 4940 3361 4996 nullo
3379 4938 3546 5017 modo
3594 4938 3799 5017 valens

2140 5010 2411 5088 inﬁciari'
2428 5010 2680 5086 legaliter
2732 5022 2960 5088 tactum,
2986 5010 3121 5088 velit
3147 5027 3339 5088 rursus
3363 5012 3482 5088 fore
3516 5010 3800 5088 infectum

2140 5080 2647 5161 oppositione'vera,
2680 5080 3211 5161 vet‘falsacrintinis
3240 5080 3807 5161 alicujus;

2137 5150 2466 5233 patrocinia,
2515 5150 2714 5233 quibus
2770 5150 2876 5233 (leo
2911 5156 3135 5233 gratias
3150 5155 3358 5233 iterum
3381 5150 3616 5233 innitar
3650 5150 3801 5233 {sed

2140 5225 2573 5354 ignoro,tutruin
2599 5230 2714 5282 sint
2740 5225 2956 5297 aliquid
2974 5227 3270 5297 profutura
3287 5241 3308 5278 :
3328 5226 3458 5279 sunt
3485 5225 3632 5278 enim
3655 5230 3801 5277 tem-

2141 5318 2294 5354 nom.
2329 5316 2359 5354 e
2388 5316 2437 5354 c.

2176 5318 2294 5366 ora,
2329 5316 2437 5355 etc.

2137 5319 2700 5455 pf,€2éltjlcll.otbertus
2729 5366 3459 5455 scilicet‘arcbiepisc‘Opus
3485 5361 3802 5447 'l‘reviren-

2143 5436 2248 5509 sis,
2272 5436 2446 5515 quem
2479 5440 2587 5495 hoc
2616 5439 2677 5495 in
2707 5455 2879 5511 opere
2903 5436 3241 5510 alloquitur,
3274 5436 3806 5492 Ratheriuminor-

2144 5513 2580 5583 dinatione,seu
2608 5511 2970 5583 promotione
3002 5512 3071 5583 ad
3107 5509 3306 5583 sedem
3325 5507 3744 5583 Laudicensem
3766 5522 3804 5561 e

2146 5578 2455 5660 suggestu
2484 5578 2873 5660 Coldnien‘sis.
2910 5580 3179 5638 Ecclesia:
3224 5578 3582 5646 laudaverat,
3617 5582 3687 5633 ut
3725 5593 3802 5632 ex

2146 5652 2310 5717 nubi.
2335 5659 2363 5712 1
2397 5652 2663 5727 procemii
2691 5652 3004 5727 intelliges.
