4054 6190
190 316 317 393 ’385

1676 318 2146 391 PBRENESIS.

202 470 330 509 mea
396 453 690 510 invenitur
750 453 1061 523 sententia,
1127 450 1279 515 286
1340 457 1846 540 muliercularum,
1877 459 1932 525 Α
1965 459 2153 516 Facile
2184 462 2628 532 prudentissimi
2660 467 2725 520 ut
2754 458 2896 522 estis
2922 462 3167 540 ingenii,
3201 465 3603 524 adaertereva-

202 542 382 599 ‘moris
411 547 476 597 ut
516 546 623 611 est,
649 542 981 616 reciperetis
1012 544 1239 611 oblata;
1268 536 1425 601 istud
1458 546 1657 602 inferri
1687 546 1852 601 vobis

200 631 543 705 phrenetiea
571 632 700 703 ejus
731 632 950 705 pariter
978 634 1117 690 fecit
1140 634 1383 690 audacia
1404 635 1552 706 (rata
1584 634 1849 701 forsitan,

200 720 327 792 ejus
348 720 505 792 quod
528 716 819 792 pulsione,
841 720 997 778 fama
1019 726 1083 779 ut
1104 723 1311 791 fuerat,
1336 727 1506 779 nacta
1541 724 1626 796 [f.,
1659 722 1850 796 pacta]

200 808 292 864 die
320 813 445 864 tam
476 806 748 878 solemni,
785 810 1072 868 anxietate
1112 828 1286 884 quem
1337 812 1644 868 omittebat
1691 811 1848 867 haud

199 896 476 972 plangere
498 896 958 970 querela,induti
988 900 1251 957 fuissetis
1282 898 1516 972 planeta
1539 902 1579 971 :]
1610 900 1673 957 Si
1691 901 1854 972 offers

197 1004 402 1043 munus
430 990 591 1042 tuum
617 986 689 1042 ad
716 987 909 1057 altare,
942 997 993 1045 et
1038 989 1120 1045 ibi
1162 989 1475 1046 recordatus
1501 991 1695 1062 fueris,
1719 992 1852 1062 quia

196 1076 375 1148 frater
402 1084 531 1133 tuus
571 1074 732 1131 habet
777 1075 991 1149 aliquid
1029 1077 1317 1134 adversum
1347 1085 1435 1139 te;
1462 1078 1713 1151 relinque
1771 1078 1853 1134 ibi

196 1179 403 1220 manus
465 1166 625 1219 tuum
679 1172 803 1220 ante
859 1165 1056 1234 altare,
1080 1175 1131 1223 et
1158 1166 1292 1223 vade
1313 1169 1473 1239 prius
1501 1167 1853 1224 reconciliari

190 1255 364 1325 fratri
418 1257 513 1310 tuo
554 1271 567 1321 ;
624 1258 674 1309 et
732 1261 861 1310 tunc
915 1257 1137 1311 veniens
1192 1256 1386 1329 offeres
1440 1273 1643 1312 munus
1695 1265 1853 1312 tuum

195 1339 578 1414 (Matth.v,23,
597 1340 843 1409 24).Hic,
868 1342 1130 1412 Domine,
1163 1345 1423 1417 ambigo,
1442 1345 1700 1416 cujusvis
1714 1346 1854 1400 duo-

196 1446 337 1485 rum
368 1428 569 1485 mirari
602 1428 849 1486 debeam
877 1431 1137 1503 amplius
1167 1433 1675 1504 phrenesim.Esto
1696 1432 1852 1488 enim

198 1516 304 1574 ille
335 1517 532 1574 dolore
552 1521 720 1575 actus
736 1518 1037 1575 insanibat
1051 1520 1079 1575 ἱ)
1100 1520 1325 1588 Vestra,
1343 1537 1500 1593 rogo,
1514 1521 1613 1576 ubi
1632 1520 1855 1578 sanitas

193 1604 410 1673 fuerit;
444 1607 500 1661 et
532 1604 630 1661 ubi
662 1623 939 1678 praesens,
975 1607 1074 1680 qui
1102 1611 1224 1666 tam
1256 1609 1422 1665 vobis
1453 1608 1694 1665 fueratis
1750 1608 1852 1677 ibi,

193 1691 465 1763 Domine,
499 1692 733 1750 absens.
767 1695 1031 1751 Viluerat
1056 1697 1264 1752 merito
1284 1697 1570 1754 mittentis
1593 1699 1693 1754 sed
1707 1699 1852 1754 testi-

194 1781 383 1838 matio
410 1799 424 1837 :
450 1783 768 1854 pensari‘at
799 1784 1003 1840 debuit
1021 1785 1383 1842 dominantis
1403 1786 1728 1859 praeceptio.
1745 1786 1854 1842 0b-

190 1869 384 1926 tinerc
416 1872 712 1943 petentem
736 1870 1084 1943 prohibebat
1113 1873 1467 1944 indignitas:
1501 1873 1735 1931 obedire
1752 1875 1853 1931 sed

192 1958 312 2016 sibi
346 1959 655 2015 tremenda
682 1960 911 2016 cunctis
929 1959 1315 2032 compellebat
1336 1963 1632 2032 majestas.
1648 1961 1857 2018 Facere

193 2048 302 2104 sed
335 2048 575 2104 fortisan
609 2049 766 2120 quod
796 2049 1148 2121 petebamini
1170 2049 1230 2120 [l.
1246 2050 1572 2122 petebatur]
1591 2050 1855 2106 defuerat

192 2136 473 2193 facultas.
506 2138 652 2193 Habe
677 2153 765 2194 me
800 2146 1118 2195 excusatum
1148 2140 1563 2211 respondere...
1591 2143 1659 2195 ut
1686 2139 1851 2211 quid,

193 2242 365 2300 rogo,
384 2225 646 2298 nequivit
667 2225 993 2283 humilitas.
1013 2227 1097 2283 Ad
1122 2226 1425 2283 cumulum
1447 2243 1679 2300 quoque
1695 2227 1852 2283 insa-

191 2314 419 2371 nientis
442 2312 604 2371 vobis
635 2318 701 2370 ut
730 2326 953 2371 morem
981 2316 1078 2387 [f.,
1110 2332 1179 2371 ex
1210 2316 1394 2387 more]
1428 2316 1509 2371 ita
1539 2332 1692 2389 saepe
1721 2331 1852 2388 gar-

192 2404 383 2471 riens,
399 2420 611 2477 genera
620 2404 869 2459 vesaniae
883 2404 1051 2477 quasi
1065 2404 1370 2461 aﬂ'ectatus
1394 2404 1581 2460 multa
1589 2405 1716 2476 jam
1730 2421 1857 2477 per-

191 2506 491 2549 annorum
526 2491 836 2561 curricula,
868 2493 1195 2549 dicacitatis
1240 2493 1323 2549 ita
1373 2493 1535 2549 favor
1569 2493 1857 2565 desiperet

188 2584 408 2636 vestrae
440 2579 528 2654 [f.,
560 2580 812 2652 nostrae].
845 2585 911 2635 ut
938 2580 1337 2655 evangelicum
1369 2581 1513 2637 illud
1544 2586 1665 2636 tam
1695 2581 1858 2637 terri-

192 2669 316 2726 bile
340 2669 669 2725 tonitruum
703 2668 1087 2725 intellectuali
1118 2670 1472 2742 nequissetis
1503 2669 1705 2726 auditu
1724 2686 1855 2726 sen-

188 2759 329 2826 tire,
367 2760 422 2813 et
470 2757 622 2830 quod
678 2758 961 2830 seipsum,
994 2758 1169 2813 lassus
1213 2775 1246 2813 a
1292 2759 1458 2815 vobis
1507 2758 1606 2831 qui
1647 2756 1855 2825 fuerat,

190 2848 488 2916 moneret,
523 2840 830 2902 adversum
889 2858 993 2903 vos
1036 2846 1270 2915 habere,
1304 2851 1361 2903 et
1390 2848 1529 2920 quia
1551 2848 1705 2918 jure,
1740 2864 1856 2920 quo

189 2935 310 3008 ipsi
350 2934 639 2991 deberetis
665 2940 950 3008 pracepto
980 2935 1211 2992 Domini
1235 2936 1616 3005 reconciliari,
1638 2936 1855 2992 valuis-

192 3024 344 3081 setis
377 3024 523 3080 237
562 3035 629 3079 eo
669 3023 780 3079 nisi
839 3022 1185 3097 esplanante
1238 3023 1579 3099 intelligere,
1612 3024 1770 3081 istud
1823 3041 1854 3081 e

189 3112 449 3185 vestigio
476 3112 791 3168 maturavit
817 3113 1128 3186 porrigere.
1162 3113 1414 3170 Securus
1443 3116 1593 3185 (504)
1621 3113 1769 3171 alter
1789 3119 1855 3171 ut

1962 545 2114 613 letis,
2141 549 2190 603 si
2243 548 2469 607 dicente
2520 553 2820 625 Scriptura
2851 570 2863 609 :
2898 554 3149 625 Intellige
3188 554 3510 626 proximum
3539 570 3608 609 ea:

1962 636 2241 707 temetipso
2271 638 2459 709 (Eccli.
2487 655 2640 707 xxxi,
2674 640 2784 712 18),
2828 639 2917 696 vir
2945 642 3034 714 [/.,
3066 642 3252 714 vigor]
3283 657 3400 697 non
3459 640 3610 698 desit

1961 722 2169 780 anima:
2191 725 2327 796 jure
2358 726 2670 785 dominans
2725 733 2947 796 vestrae,
2983 730 3081 802 qui
3116 730 3263 786 forte
3321 729 3606 799 defuerat,

1960 826 2093 883 cum
2124 815 2420 887 Intelligite
2475 816 2596 874 haec
2648 820 2744 891 qui
2789 819 3185 875 oblivisczmini
3230 821 3403 876 Deum
3432 818 3604 891 (Psal,

1956 917 2106 969 xux,
2136 906 2251 971 22),
2274 905 2651 976 quibusdam,
2680 906 2781 980 qui
2808 906 3027 963 scilicet
3057 911 3387 963 averterant
3406 907 3606 964 oculos

1958 1005 2118 1058 suos,
2146 995 2211 1046 ut
2240 1008 2356 1048 non
2386 993 2648 1050 viderent
2677 994 2908 1062 cmlum,
2944 1010 3132 1067 neque
3165 995 3609 1052 recordarentur

1948 1078 2308 1149 judiciorum
2328 1083 2628 1153 justorum
2662 1084 2822 1156 (Dan.
2842 1100 2963 1151 xm,
2988 1083 3045 1155 9)
3064 1101 3167 1156 per
3186 1098 3386 1139 verum
3404 1099 3611 1157 sugge-

1958 1182 2081 1223 rere
2110 1169 2310 1224 censui
2341 1168 2721 1227 antistitium.
2752 1171 2921 1227 Absit
2949 1186 3084 1243 ergo
3115 1170 3260 1238 (506,
3295 1171 3451 1227 absit
3489 1170 3601 1227 hoc

1957 1252 2352 1314 indesinenter
2378 1274 2567 1331 agere,
2603 1258 2797 1315 adhuc
2827 1260 2928 1331 qui
2951 1276 3065 1314 non
3090 1259 3329 1325 desinit,
3348 1260 3503 1332 quod
3534 1261 3608 1316 ab

1957 1342 2124 1398 initio
2152 1346 2325 1402 verbo
2353 1348 2577 1420 utique,
2610 1348 2680 1405 de
2704 1348 2978 1403 cordibus
3008 1347 3317 1403 hominum
3361 1346 3608 1405 moliens

1960 1431 2221 1502 evellere,
2237 1436 2390 1506 quod
2416 1436 2674 1492 minatur
2685 1442 2956 1510 satagens
2980 1435 3085 1492 levi
3095 1453 3233 1510 gare
3247 1452 3489 1510 serpens
3511 1435 3608 1493 ille

1962 1518 2265 1591 antiquus.

2036 1608 2121 1663 17.
2144 1608 2313 1665 Absit
2340 1627 2372 1666 e
2400 1610 2626 1667 diverso
2658 1628 2989 1683 persuasor,
3020 1610 3193 1668 hodie
3225 1611 3325 1684 qui
3370 1611 3608 1685 legitur,

1959 1693 2207 1752 idoneus
2220 1712 2413 1754 sermo
2438 1698 2640 1771 utique
2657 1698 3360 1771 apostolicus.Ascendite
3385 1699 3613 1772 pontiﬁ-

1965 1783 2509 1858 cale,quzeso,aaqui
2542 1790 2745 1842 contra
2775 1803 2879 1843 vos
2901 1786 3111 1859 jndicii
3144 1787 3473 1843 tribunal...
3493 1791 3616 1844 Stet

1965 1886 2159 1927 coram
2188 1889 2389 1929 verum
2424 1890 2540 1930 non
2571 1875 2626 1929 di
2638 1876 2830 1931 l‘lltens
2860 1875 3246 1943 conscientia;
3267 1879 3324 1931 et
3343 1880 3616 1933 exvestra

1964 1974 2158 2043 meam
2183 1965 2379 2018 taxare
2405 1962 2586 2019 libeat
2616 1968 2895 2019 mentem.
2927 1965 3193 2036 Cumque
3223 1965 3373 2036 (507)
3406 1964 3617 2021 lassum

1962 2063 2055 2103 me
2071 2047 2308 2120 quidem
2333 2048 2489 2105 haud
2523 2050 2743 2118 leviter,
2771 2051 3208 2107 interdictorem
3230 2067 3365 2108 vero
3385 2052 3611 2126 gravis-

1960 2134 2132 2204 sime,
2164 2138 2267 2192 sed
2301 2138 2519 2209 quibus
2558 2139 2925 2195 reconciliari
2977 2138 3239 2205 valeatis,
3272 2139 3613 2197 inveneritis

1961 2241 2144 2280 unum
2177 2226 2415 2297 quidem
2446 2227 2775 2294 absentem,
2805 2227 3047 2284 alterius
3087 2227 3613 2301 praesentissimum

1961 2313 2329 2384 majestatem
2348 2333 2361 2383 ;
2377 2315 2656 2372 recurrite
2675 2316 2746 2371 ad
2771 2316 3115 2389 Gregorium
3134 2317 3615 2375 saluberrimeita

1963 2406 2298 2459 monentem
2315 2421 2328 2459 :
2344 2403 2635 2459 Debemus
2646 2405 2859 2476 quippe
2880 2405 2951 2459 ad
2964 2421 3123 2477 eum,
3138 2420 3314 2475 quem
3327 2403 3615 2471 laasimus,

1965 2489 2234 2559 quamvis
2262 2488 2434 2561 longe
2464 2489 2721 2560 positum
2754 2495 2949 2545 mente
2979 2490 3457 2562 ire,benignitate
3477 2507 3615 2547 eum

1965 2580 2139 2648 atque
2164 2576 2560 2633 submissione
2584 2576 2835 2649 placare.
2855 2578 3017 2642 Quod
3050 2576 3101 2631 si
3133 2576 3347 2644 facitis,
3369 2577 3615 2634 etsicuti

1965 2665 2271 2733 nocuistis,
2305 2664 2389 2721 ita
2416 2682 2511 2721 me
2532 2666 2741 2737 juvare
2769 2666 3124 2739 disponitis;
3157 2681 3378 2722 munus
3407 2667 3616 2724 offerre

1964 2758 2079 2809 Deo
2108 2753 2217 2811 hac
2247 2754 2532 2810 duntaxat
2554 2771 2623 2811 ex
2653 2758 2815 2827 parte
2862 2754 3105 2811 licenter
3148 2754 3372 2812 valetis.
3406 2755 3465 2813 Si
3514 2771 3614 2813 ne-

1964 2842 2207 2915 gligitis,
2238 2844 2541 2898 Fum'culus
2568 2844 2775 2915 triplex
2812 2860 2991 2915 quam
3036 2844 3269 2917 difﬁcile
3321 2846 3612 2917 rumpitur

1962 2931 2155 2999 (Eccte.
2190 2948 2262 3000 Iv,
2298 2936 2410 3001 12),
2444 2931 2692 3005 eXperiri
2744 2933 3095 3006 quandoque
3143 2933 3340 3001 credo,
3369 2936 3426 2990 et
3454 2932 3612 3007 quod

1961 3020 2193 3092 [scilicet
2223 3020 2544 3095 funiculus]
2575 3022 2625 3077 is
2655 3020 2848 3089 fuerit,
2864 3039 2981 3095 quo
3014 3022 3297 3078 columbae
3326 3022 3615 3080 venalitas

1961 3109 2301 3180 perturbata
2315 3109 2611 3182 quondam
2630 3109 2728 3165 Dei
2745 3110 2858 3165 fuit
2877 3111 2950 3165 de
2966 3110 3186 3183 templo
3212 3111 3391 3182 (Joan.
3415 3127 3481 3181 ιι,
3498 3113 3609 3180 15),

193 3184 925 3274 queatessesalutis,mihi
950 3184 1245 3275 quondam
1270 3202 1648 3259 dilectissime
1662 3204 1848 3271 Pater,
1881 3184 1929 3255 (ἶ
1963 3214 2093 3255 sero
2150 3198 2285 3256 licet
2341 3198 2646 3271 potueritis
2678 3198 2935 3269 [subaudi
2976 3199 3248 3271 experiri]
3278 3216 3293 3257 :
3322 3200 3479 3272 quod
3536 3216 3616 3257 ne

192 3290 394 3348 morbi
421 3288 657 3346 latentis
687 3288 1013 3364 periculum
1047 3306 1165 3346 non
1191 3289 1383 3347 celare
1405 3291 1643 3363 quidem
1660 3290 1853 3360 alicui,

195 3377 531 3436 remedium
560 3380 756 3434 tamen
791 3392 907 3434 non
936 3379 1192 3452 praebere
1247 3379 1496 3446 consilii,
1528 3395 1724 3434 meum
1786 3393 1856 3434 ne

192 3464 393 3525 valeat
448 3480 598 3536 esse,
629 3467 883 3540 pristina
936 3467 1112 3523 vestri
1169 3468 1509 3523 dominatus
1561 3467 1859 3524 interdicit

195 3555 607 3612 beneﬁcentia.
642 3554 733 3612 Mc
768 3555 906 3611 lasso
954 3556 1170 3627 potius,
1207 3570 1379 3628 quem
1432 3556 1699 3628 quamvis
1731 3557 1853 3627 [ms.

198 3644 478 3717 quamve]
519 3643 771 3717 graviter
826 3642 1112 3711 laessi-itis,
1148 3644 1509 3700 reconciliari
1569 3647 1851 3716 oportere,

198 3730 398 3789 delata
426 3730 590 3788 vobis
622 3732 795 3788 modo
854 3731 1187 3805 evangelica
1217 3735 1415 3789 monet
1463 3730 1675 3804 legatio
1706 3732 1854 3805 (505)

196 3857 453 3928 fuissetis
475 3856 831 3928 planetapro
854 3856 1111 3928 pulsione
1136 3856 1254 3927 ejus
1300 3862 1463 3911 nacta
1491 3855 1581 3911 die
1608 3862 1719 3911 tam
1767 3870 1855 3928 so:

199 3925 300 3983 lem
308 3927 396 4000 ni,
416 3925 575 4000 quem
586 3925 1019 4000 haud'omittebat
1037 3925 1299 4000 plangere
1312 3929 1588 4000 anxietate
1598 3925 1853 4000 querula)

198 4015 287 4069 ea,
327 3998 598 4070 inquam,
619 3998 855 4053 audacia
881 4000 1014 4070 fecit
1033 3998 1233 4070 inferri
1252 3998 1398 4070 vobis
1426 3998 1602 4053 istud:
1615 3998 1676 4054 Si
1693 3999 1854 4069 offers

190 4086 400 4126 manus
412 4069 590 4136 tuum,
609 4074 719 4125 etc.
735 4070 873 4141 Quae
882 4069 1041 4124 intra
1053 4069 1451 4141 parenthesim
1475 4070 1848 4137 clauduntur,

194 4142 265 4197 ob
293 4156 518 4214 [rerum
534 4145 835 4214 gestorum
861 4139 1287 4214 ignorationem
1311 4142 1666 4214 perobscura
1688 4144 1848 4214 sunt.

192 4216 249 4285 et
277 4210 564 4285 fortassis
585 4211 760 4271 etiam
791 4210 1331 4285 mendosa,_necnon
1363 4211 1851 4285 interpunctionis

194 4281 472 4356 incertas.
489 4280 655 4356 Ij‘orte
684 4294 788 4355 pro
812 4291 992 4356 nacta,
1018 4282 1207 4356 sighoc
1238 4280 1610 4356 participium
1635 4286 1850 4339 refera-

190 4357 290 4427 tur
309 4354 393 4427 [ad
426 4352 742 4427 ablativum
775 4355 1048 4425 pulsione,
1071 4352 1389 4427 legendum
1413 4352 1597 4425 pacta,
1630 4356 1706 4427 de,
1733 4371 1850 4427 qua

192 4426 433 4497 scilicet
453 4425 720 4497 pulsione
742 4433 987 4496 pactum,
1022 4425 1543 4497 seu—deliberatum
1567 4426 1737 4497 fuerit
1753 4425 1850 4481 die

191 4499 316 4553 tam
351 4496 599 4568 solemni
635 4514 649 4552 :
684 4513 873 4568 neque
902 4497 1059 4552 enim
1086 4504 1229 4568 facta
1257 4496 1378 4568 legi,
1405 4513 1573 4568 posse
1593 4496 1843 4568 videtur,

194 4551 333 4623 cum
366 4551 418 4623 si
441 4551 832 4640 éb’eie'puiéa
857 4551 1278 4640 Ratheriiacta
1302 4551 1530 4633 misset,
1562 4566 1621 4621 id
1651 4570 1740 4622 est
1772 4551 1849 4621 fa:
1876 4551 1922 4616 D

194 4643 312 4709 cto,
328 4656 448 4694 non
469 4655 539 4695 ex
562 4638 715 4694 fama
746 4638 957 4694 fuisset
985 4639 1375 4709 exploratum;
1402 4655 1467 4692 ac
1491 4641 1764 4709 praeterea
1780 4653 1847 4692 ea

191 4706 243 4783 vi
272 4714 338 4783 et
368 4714 653 4783 potestate
685 4710 920 4783 publica
951 4706 1264 4783 Ratberius
1318 4706 1538 4783 pulsus
1567 4709 1695 4783 fuit,
1730 4724 1848 4780 qua

194 4778 539 4836 Baldéricus
565 4778 914 4849 electus,vet
943 4781 1249 4836 ordinatus
1275 4778 1335 4835 et
1360 4780 1419 4834 in
1442 4779 1578 4835 sede
1595 4778 1842 4847 locatus,

194 4867 451 4922 quorum
476 4857 752 4923 neutrum
784 4857 946 4907 tanto
977 4852 1113 4920 dici,
1136 4853 1192 4907 in
1223 4868 1337 4923 quo
1368 4850 1701 4923 episcopiin
1721 4850 1845 4905 suis

192 4921 490 4994 cujusque
518 4921 782 4979 ecclesiis
813 4940 987 4995 sacra,
1008 4921 1435 4995 peragunt,nee
1448 4922 1518 4977 ad
1534 4921 1845 4995 electiones

191 4992 295 5065 aut
325 4992 727 5050 ordinationes
750 4992 1122 5056 conveniunt,
1137 4992 1423 5065 congruit.
1440 4993 1586 5059 Quid
1611 4992 1660 5048 si
1682 5001 1844 5048 nacta

192 5064 569 5146 referendum
592 5066 861 5146 credatur
880 5065 953 5120 ad
978 5067 1153 5146 fama,
1171 5064 1353 5146 quaesi
1384 5065 1506 5120 haec
1532 5064 1590 5120 id
1608 5065 1844 5146 factum

190 5140 362 5191 nacta
384 5138 576 5207 fuerit,
611 5153 712 5192 seu
743 5135 1063 5193 detexerit‘l
1090 5135 1238 5201 Quid
1270 5135 1335 5207 si
1362 5152 1531 5207 voces
1582 5135 1675 5207 die
1732 5140 1848 5207 tam

189 5205 431 5289 solemni
460 5207 788 5289 referantur
814 5209 885 5264 ad
909 5207 1175 5289 plarlg‘ere
1193 5210 1218 5261 .9
1240 5205 1422 5289 sedin
1456 5223 1523 5289 re.
1542 5206 1710 5289 plane
1750 5205 1843 5289 in-

189 5277 395 5351 voluta
425 5282 481 5334 et
510 5279 761 5351 obscura
788 5276 996 5351 praetor
1017 5276 1191 5333 fidem
1209 5278 1425 5351 codicis
1446 5276 1845 5351 nihil‘in‘voci-

189 5348 307 5405 bus
317 5350 754 5419 emendandum
770 5348 1147 5419 credidimus,
1169 5365 1272 5405 nec
1283 5349 1353 5404 de
1367 5348 1844 5419 sententiahujus

191 5418 569 5494 parenthesis
600 5422 925 5494 quidquam
957 5420 1097 5494 certi
1119 5419 1392 5476 volumus
1422 5420 1733 5494 affirmare.

260 5492 411 5563 (504)
438 5492 506 5564 _In
541 5490 790 5549 mslera't
817 5490 997 5550 securi
1010 5493 1241 5564 alterius
1261 5500 1442 5564 queat,
1459 5490 1620 5564 nullo
1642 5507 1841 5564 sensu.

190 5558 627 5633 correctionem
656 5581 729 5620 ex
760 5564 993 5633 ingenio
1011 5558 1311 5618 inductam
1325 5558 1513 5619 suasit
1528 5560 1842 5633 sententia;

190 5632 279 5707 sic
310 5630 470 5690 enim
501 5638 774 5692 construe
809 5630 917 5694 {Ut
944 5634 1088 5707 alter
1107 5641 1268 5707 queat
1300 5648 1663 5707 securusesse
1698 5632 1846 5707 salu-

181 5706 293 5777 tis,
320 5707 491 5766 Pater
504 5707 652 5767 ntihi
677 5707 950 5791 quondam
979 5698 1347 5779 dilectissime,
1366 5698 1615 5785 pristina
1643 5702 1843 5783 beneﬁ~

1965 3287 2281 3360 contingat,
2313 3303 2418 3360 per
2443 3287 2709 3343 hodierni
2736 3287 3127 3343 ministerium
3163 3288 3411 3346 festivos
3440 3289 3611 3361 adju-

1965 3376 2147 3453 rando
2168 3392 2528 3432 commoneo.
2565 3376 2625 3431 Si
2658 3375 3058 3448 dedignamini
3086 3374 3251 3446 mihi,
3276 3376 3613 3434 reconcilia-

1965 3464 2109 3520 mini
2141 3465 2698 3535 Deo,cujuscunque
2726 3463 2918 3518 medio
2948 3463 3263 3519 resolidare
3292 3464 3610 3536 gestientes

1964 3553 2176 3608 tactam
2209 3569 2311 3624 per
2337 3569 2439 3607 vos
2470 3550 2785 3623 specialius
2799 3551 2952 3607 238
2984 3554 3065 3618 (et
3092 3556 3159 3606 ut
3187 3567 3328 3623 pace
3357 3551 3491 3607 licet
3508 3567 3612 3606 ve-

1963 3657 2096 3695 rum
2121 3639 2313 3695 dicere
2327 3640 2539 3699 vestra)
2553 3636 2791 3693 omnino
2810 3638 3124 3693 fracturam
3134 3679 3146 3692 .
3161 3636 3455 3693 Advortite
3467 3653 3609 3693 sane

1964 3744 2221 3801 namque
2262 3726 2427 3796 (508),
2461 3726 2511 3783 si
2571 3725 2779 3797 placet,
2813 3726 3077 3798 (potestis
3131 3724 3372 3799 optime)
3429 3741 3608 3798 quam

1960 3852 2139 3907 centia
2164 3849 2476 3907 dominatus
2501 3850 2673 3906 vestri
2700 3849 2977 3923 interdicit
2994 3849 3143 3919 (licet
3155 3865 3381 3923 sequens
3400 3848 3609 3923 maleﬁ-

1959 3925 2140 3980 centia
2168 3939 2280 3979 non
2306 3923 2519 3978 desinat
2536 3921 2745 3994 cogere)
2776 3937 2847 3977 ne
2861 3923 3045 3977 valeai
3061 3937 3175 3978 esse
3193 3921 3377 3979 nucum
3390 3937 3502 3978 non
3519 3921 3604 3978 ce-

1962 3995 2485 4068 larequidemalicui
2490 3995 2681 4068 pericu
2689 3992 2807 4068 tum
2816 3994 2995 4068 morbi
3007 3994 3360 4062 latentis,uon
3369 3994 3609 4068 praebere

1960 4064 2142 4122 tamen
2170 4066 2472 4123 remedium
2492 4064 2749 4121 consilii.
2782 4064 3080 4121 Meliorem
3111 4064 3604 4135 emendationem,

1959 4142 2063 4221 aut
2089 4137 2583 4221 constructionem
2605 4136 2654 4193 si
2687 4137 2820 4209 quis
2849 4138 3072 4201 afferat,
3095 4137 3488 4195 libentissime
3511 4154 3608 4194 su-

1959 4225 2299 4282 scipiemus.

2028 4299 2177 4366 (505)
2208 4297 2491 4353 Construe
2512 4312 2542 4368 ς(
2560 4298 2782 4366 Legatio
2810 4296 3123 4368 evangelica
3147 4295 3305 4350 modo
3323 4294 3502 4368 delato
3518 4311 3607 4351 vo.

1960 4365 2046 4440 bis
2076 4365 2162 4440 (id
2189 4372 2279 4423 est
2305 4369 2481 4424 verba
2506 4366 2593 4422 illi
2628 4365 2924 4439 Evangelii
2949 4365 3128 4438 paulo
3160 4369 3295 4421 ante
3326 4365 3603 4440 recitata:

1959 4438 2017 4493 St
2042 4436 2202 4511 offers
2222 4455 2422 4493 munus
2444 4448 2618 4511 tuum
2640 4440 2776 4511 etc.)
2796 4436 2986 4511 monet
3013 4444 3275 4511 oportere,
3302 4451 3400 4511 me
3423 4436 3606 4505 potius

1958 4505 2120 4583 quem
2151 4512 2405 4581 quamvis
2434 4509 2691 4565 laeseritis
2719 4505 2980 4578 graviter,
3003 4505 3354 4561 reconciliari
3383 4505 3532 4562 laeso.

2029 4597 2340 4669 (Construe
2373 4614 2386 4652 :
2416 4597 2571 4669 Absit
2625 4610 2772 4663 ergo,
2803 4595 2977 4669 absit
3029 4608 3275 4669 serpens
3302 4594 3399 4650 itte
3454 4594 3605 4669 anti-

1957 4665 2097 4740 quus
2125 4672 2379 4738 satagens
2409 4668 2652 4740 levigare
2677 4665 2816 4737 quod
2834 4666 3124 4740 minatur,-
3153 4665 3297 4740 absit
3323 4680 3491 4740 agere
3502 4666 3605 4740 in-

1954 4735 2265 4797 desinenlcf
2291 4739 2409 4807 hoc,
2437 4739 2533 4810 qui
2561 4735 2738 4793 adhuc
2756 4738 2984 4810 moliens
3011 4752 3123 4792 non
3149 4735 3606 4810 desinit’evellere

1953 4810 2019 4867 dc
2045 4811 2294 4938 qortdibus
2334 4808 2637 4875 hominum,
2669 4808 2809 4880 quod
2864 4808 2932 4864 ab
2983 4810 3144 4865 initio
3198 4809 3359 4865 verbo
3416 4810 3605 4881 utique

1954 4899 2053 4938 evu
2079 4900 2125 4938 St
2159 4925 2171 4937 .

1954 4884 2171 4938 evulsit.

2025 4973 2173 5039 (507)
2202 4970 2441 5042 Cumque
2470 4971 2795 5042 inveneritis
2824 4985 2912 5025 me
2938 4969 3158 5042 quidem
3187 4969 3601 5042 laesumgravi-

1955 5046 2056 5110 ter,
2075 5041 2479 5099 interdictOrem
2496 5058 2621 5097 vero
2631 5041 2669 5109 (i
2679 5042 2712 5096 d
2726 5045 2816 5096 est
2831 5041 3033 5111 Deum)
3051 5042 3372 5110 gravissime
3384 5041 3597 5108 laesum,

1952 5117 2041 5170 seb
2071 5131 2100 5170 e
2128 5114 2353 5180 duobus,
2387 5114 2584 5184 quibus
2626 5112 2854 5168 valeatis
2882 5114 3251 5178 reconciliari,
3275 5113 3600 5184 inveneritis

1952 5202 2127 5240 unum
2155 5184 2375 5256 quidem
2394 5182 2473 5256 (id
2496 5187 2586 5239 est
2606 5187 2721 5251 me)
2740 5185 3016 5256 absentem
3038 5183 3418 5256 (Moguntiam
3443 5182 3601 5238 enim

1954 5273 2081 5312 sese
2114 5253 2424 5327 receperat)
2452 5255 2682 5309 alterius
2710 5270 2833 5310 vero
2853 5253 3098 5322 (scilicet
3118 5253 3241 5323 Dei)
3261 5254 3602 5326 majestatem

1947 5329 2466 5400 prwsentissimam;
2501 5327 2782 5392 recurrite,
2816 5331 2924 5381 etc.

2023 5416 2171 5497 (508)
2224 5415 2367 5471 Sane
2421 5429 2658 5497 namque
2713 5413 3004 5497 advertite,
3023 5414 3078 5497 si
3126 5410 3305 5497 placet
3359 5414 3601 5497 (potestis

1952 5484 2366 5568 optime)_quam
2396 5492 2583 5568 aperte
2603 5484 2877 5568 decretum
2902 5484 3138 5568 {Antheri
3186 5500 3349 5568 papa
3369 5484 3603 5568 pertur-

1954 5558 2038 5615 bet
2085 5558 2364 5631 judicium
2420 5558 2768 5628 loquacitatis
2806 5558 3018 5624 vestrae,
3052 5558 3138 5612 uti
3164 5565 3215 5611 et
3240 5558 3420 5613 omnis
3450 5558 3598 5626 ejus-

1954 5631 2074 5687 dem
2099 5630 2440 5687 auctoritatis
2469 5628 2683 5698 longius
2689 5625 2967 5698 judicium
2981 5626 3283 5698 improvide
3304 5626 3601 5698 abruptum

1949 5631 2074 5687 dem
2099 5631 2440 5687 auctoritatis
2469 5631 2683 5709 longius
2689 5631 2967 5701 judicium
2981 5631 3283 5701 improvide
3304 5631 3595 5698 abruptum

1952 5703 2142 5766 contra
2168 5716 2256 5762 me
2284 5717 2303 5760 :
2335 5715 2471 5758 cum
2497 5696 2717 5758 scilicet
2739 5698 3076 5783 judicatum
3102 5698 3232 5771 mit,
3254 5695 3595 5759 Ratbertum
