4034 6172
461 266 581 363 .33".

1380 259 1762 331 suanm
1803 256 2053 345 arise.
2097 251 2395 324 VERON.
2435 256 2607 325 app.
2654 256 2855 327 pass
2899 258 2951 327 1.

3759 260 3886 335 388

460 403 658 473 aperte
683 397 923 455 Antheri
952 415 1115 474 papae
1144 401 1769 472 decretum,abuptum
1800 413 1892 453 me
1911 398 2112 451 contra
2138 393 2193 459 Α
2223 393 2470 451 dimisso
2522 395 2813 463 tabulatu,
2846 398 3130 469 threnico,
3164 398 3565 474 beatusquod
3623 397 3764 466 Job,
3789 399 3885 455 die

457 488 779 560 improvide
808 486 1180 561 loquacitatis
1208 494 1409 545 vestrae
1431 487 1850 561 perturbat,uti
1877 490 1934 540 et
1954 486 2104 555 ejus-

455 577 589 632 dem
621 578 986 634 auctoritatis
1008 581 1200 635 omnis
1220 578 1454 651 longius
1468 577 1785 649 judicium.
1805 575 1951 631 Nam
1967 588 2103 628 cum

452 663 706 738 benigne
751 664 895 722 satis
946 666 1061 722 mei
1109 665 1170 721 in
1217 682 1395 722 causa
1424 664 1826 739 praemisisset,
1850 662 2051 718 dicens
2087 675 2099 715 :

457 754 706 827 Utrisque
742 763 943 821 autem,
978 755 1035 810 id
1070 758 1147 811 est
1176 759 1229 811 et
1256 758 1460 817 fanzem
1487 755 1637 810 verbi
1661 752 2021 825 patientibus,
2053 756 2102 804 et

451 844 717 915 episcopis
744 837 1137 911 necessitatem,
1160 844 1375 916 quando
1407 844 1861 900 inthronizantur
1889 842 1953 896 in
1973 840 2102 895 aliis

449 933 790 1004 civitatibus,
870 949 982 989 non
1058 932 1273 988 modica
1341 934 1632 989 exhibetur
1700 929 2097 986 misericordia.

447 1022 721 1093 Negantes
750 1029 931 1076 autem
962 1022 1079 1087 hoc,
1108 1021 1346 1093 speciem
1395 1022 1519 1077 licet
1541 1021 1765 1091 pietatis
1810 1018 2103 1074 videantur

447 1109 666 1176 habere,
684 1112 941 1166 virtutem
973 1112 1090 1183 ejus
1121 1111 1399 1181 abnegant
1419 1128 1443 1175 ;
1473 1109 1642 1181 quasi
1671 1107 1733 1163 in
1762 1124 1863 1164 vos
1884 1105 2102 1178 specia-

445 1198 963 1266 liusinveheretur,
986 1215 1299 1271 coramque
1314 1198 1542 1265 essetis,
1558 1196 1739 1270 digito
1760 1194 2100 1251 intentionis

442 1286 609 1343 vobis
640 1288 795 1356 (509)
826 1287 993 1360 quasi
1021 1292 1303 1359 porrecto,
1329 1291 1567 1361 repente
1596 1282 1910 1341 subintulit
1929 1301 1941 1339 :
1961 1285 2100 1339 Nam

446 1378 505 1432 in
530 1378 633 1432 tali
659 1378 873 1447 negotio
899 1378 1218 1449 prosapiam
1246 1394 1361 1432 non
1391 1391 1644 1445 agnosco.
1678 1374 1735 1429 Si
1766 1374 1888 1445 qui:
1917 1380 2097 1428 tamen

443 1466 801 1536 sapientium,
832 1481 964 1537 quos
990 1466 1383 1536 insipientibus
1419 1464 1752 1536 tempestatis
1779 1461 1943 1534 hujus
1970 1477 2099 1533 pro-

441 1553 582 1609 cella
601 1555 829 1609 sociavit
846 1554 977 1609 aliis
992 1555 1335 1621 auctoribus,
1350 1555 1664 1625 facinorum
1673 1552 2101 1624 participatione

439 1642 752 1699 maculatur
778 1642 1035 1713 splendor
1055 1643 1324 1712 sapientis
1344 1662 1367 1708 ;
1397 1644 1498 1699 etsi
1524 1643 1962 1699 communionem
1988 1641 2097 1695 cri-

437 1733 658 1787 minum
684 1732 943 1801 incurrit,
978 1732 1152 1787 nescit
1181 1734 1363 1787 tamen
1393 1730 1585 1786 ducem
1610 1746 1668 1785 se
1690 1728 1937 1801 praebere
1964 1744 2093 1800 pec-
2128 1759 2177 1826 B

437 1820 714 1877 cantibus.

512 1955 598 2009 18.
631 1953 1193 2011 Obedientissimum
1224 1958 1501 2027 praeterea
1522 1952 1593 2008 ad
1627 1951 1844 2019 omnia,
1869 1968 1995 2024 quae
2022 1950 2095 2006 li-

438 2042 633 2097 buerit
661 2040 995 2114 praecipere,
1022 2057 1115 2098 me
1144 2042 1416 2098 valebitis
1446 2041 1728 2107 invenire,
1753 2039 1802 2096 si
1831 2040 2096 2111 quodju-

439 2134 597 2185 stum
621 2146 749 2186 esse
764 2130 969 2197 nostis,
987 2129 1326 2201 plenissime
1339 2129 1577 2201 exsequi
1601 2145 1715 2184 non
1734 2127 2095 2200 dedignami-

439 2217 527 2287 ni;
547 2218 657 2274 hoc
681 2217 810 2274 dico
841 2217 900 2274 in
924 2217 1154 2291 negotio
1168 2220 1349 2290 juste.
1375 2217 1617 2273 Talibus
1641 2216 1821 2290 igitur
1835 2233 2093 2289 namque

436 2307 721 2380 protervis
734 2323 867 2362 cum
882 2305 1021 2363 aulo
1037 2307 1300 2379 rescripti
1317 2323 1578 2363 remorsa
1592 2306 1800 2361 fuisset
1811 2321 2091 2377 responso

434 2395 707 2453 licentia:
732 2396 792 2451 in
824 2400 1051 2452 tantam
1083 2401 1242 2463 (nam
1276 2395 1594 2453 deteriores
1623 2411 1831 2451 omnes
1856 2411 2086 2464 sumus,

433 2484 710 2542 Chremes
736 2490 802 2540 ut
830 2484 1165 2548 ait),vesana
1193 2485 1434 2541 libertas
1465 2484 1733 2557 prorupit
1758 2483 2087 2555 audaciam,

434 2577 500 2630 ut
527 2573 735 2648 viginti
759 2575 885 2646 jam
904 2573 1274 2630 voluminum
1293 2572 1713 2646 loquacissima
1723 2572 2086 2645 garrulitate,

434 2678 561 2737 qua:
593 2667 791 2719 tamen
844 2660 1203 2719 ineonstanti
1235 2662 1379 2719 satis
1428 2662 1660 2717 levitate
1688 2662 1747 2716 in
1778 2661 2087 2718 duodecim

433 2767 642 2807 rursus
699 2756 945 2807 conatur
997 2752 1340 2825 astringere,
1377 2749 1787 2823 magnitudine
1841 2750 1969 2822 pari
2019 2767 2087 2806 ea

432 2838 694 2912 gestiens
715 2843 1009 2912 coeptare,
1024 2856 1229 2895 omnes
1246 2855 1362 2895 non
1386 2838 1618 2894 desinat
1643 2836 2087 2904 infestare,illos

432 2928 749 3001 praecipue,
779 2944 928 3000 quos
957 2927 1054 2984 hic
1083 2926 1354 2983 valebitis
1393 2925 1848 3000 deprehendere,
1889 2924 1939 2982 si
1968 2943 2085 2983 non

433 3013 739 3088 displiceat
766 3014 989 3088 legere;
1010 3013 1232 3071 nullius
1262 3013 1553 3089 dignitati,
1572 3013 1795 3070 nullius
1817 3030 2082 3088 parcens,

431 3108 499 3159 ut
528 3103 837 3176 phrenesis
866 3103 1075 3160 merito
1093 3121 1129 3160 a
1149 3102 1314 3160 vobis
1332 3108 1538 3160 vocata
1556 3103 1745 3175 possit
1763 3103 1968 3171 videri,
1988 3120 2085 3176 po-
2112 3119 2157 3189 α

430 3192 649 3259 tentias,
700 3198 1007 3266 patronam
1081 3209 1211 3265 qum
1262 3209 1381 3249 non
1446 3190 1660 3249 habeat
1708 3191 2079 3263 probitatem,

429 3281 699 3354 quamvis
731 3281 1047 3338 maximam
1080 3298 1267 3354 nuper
1295 3283 1634 3338 eorumdem
1667 3281 1899 3352 [scilicet
1925 3281 2085 3338 volu-

428 3371 683 3442 minum]
696 3369 854 3427 fama
874 3370 1101 3427 sitcum
1115 3369 1460 3427 obliterasse
1477 3372 1728 3443 partem,
1745 3375 2083 3428 mansuetu-

427 3459 563 3516 dine
592 3457 899 3517 clementis
929 3459 1084 3533 regis
1111 3459 1423 3532 cujusdam
1453 3476 1556 3532 pro
1587 3475 1785 3516 amore
1815 3464 2077 3532 cogente;

425 3548 583 3621 quod
621 3552 678 3604 te
712 3552 910 3606 tamen
957 3548 1165 3605 fecisse
1204 3549 1447 3606 demens
1483 3548 1650 3605 fateri
1680 3565 1795 3604 non
1840 3548 2075 3606 desinit.

426 3637 721 3711 Quidquid
787 3654 906 3694 non
957 3641 1309 3711 speraverat,
1347 3639 1476 3710 jam
1524 3637 1764 3710 quidem
1812 3636 2076 3711 contigit,

424 3724 766 3783 immaniter
792 3725 991 3782 dolore
1022 3728 1107 3798 [f.,
1140 3726 1693 3794 dolore],addidisse
1717 3730 1992 3799 praeterea
2013 3731 2080 3782 ut

420 3810 770 3882 judicemini
785 3811 951 3885 quasi
965 3812 1216 3869 calcaria
1226 3818 1433 3886 sponte
1450 3812 1729 3881 currenti;
1746 3812 2077 3870 insolentis-

428 3897 1029 3966 simam'exhausisse,
1060 3904 1120 3956 et
1147 3901 1220 3956 ad
1251 3906 1593 3973 carpentum
1626 3900 1939 3973 quoslibet,
1973 3918 2076 3959 vos

425 3985 737 4058 praecipue,
757 3987 1190 4060 quodammodo
1219 4005 1567 4061 provocasse
1585 3989 1866 4045 videmini
1883 3989 1941 4045 in
1964 3990 2074 4048 hoc

422 4072 591 4129 valde
620 4075 956 4146 superbiam
985 4092 999 4131 :
1032 4078 1208 4149 quod,
1239 4078 1325 4133 uti
1358 4078 1565 4135 Festus
1596 4079 1749 4136 289
1773 4080 2072 4152 quondam

421 4161 767 4235 Apostolum
800 4164 1093 4222 insanisse
1122 4164 1332 4223 litteris
1362 4168 1593 4240 putavit
1620 4168 1756 4236 (Act.
1779 4185 1932 4237 XXVI,
1957 4170 2070 4242 24),

423 4251 579 4324 quod
610 4251 871 4310 dixeritis
897 4270 1032 4311 eum
1063 4255 1321 4327 [subaudi
1348 4256 1607 4313 insanire
1634 4256 1885 4329 litteris],
1904 4257 2074 4332 longe

422 4338 595 4397 aliter
621 4357 723 4399 vos
749 4343 1026 4400 eumdem
1059 4344 1385 4402 aestimasse
1414 4362 1551 4402 cum
1596 4345 1696 4402 sit'
1723 4347 1913 4420 magis
1944 4364 2070 4404 cre-

423 4429 702 4489 dendum.

495 4563 581 4620 19.
604 4564 689 4621 Ah
716 4564 730 4620 l
764 4565 891 4635 sile,
907 4564 1034 4637 sile,
1056 4585 1215 4642 rogo,
1248 4568 1383 4638 sile;
1402 4570 1528 4642 jam
1560 4569 2071 4643 oppositanuntia-

419 4656 519 4709 tur
535 4670 672 4710 nam
685 4654 890 4713 deesse
902 4658 1386 4728 persona.Desine
1402 4658 1743 4715 nummulos
1756 4659 2078 4733 dilapidare

422 4743 689 4799 emendis
719 4744 779 4798 in
811 4742 1616 4821 pellibus,conducendisque
1636 4747 2075 4806 tabellionibus.

424 4830 638 4887 Insana
664 4847 795 4888 vere
825 4833 1150 4905 procacitas
1177 4840 1281 4892 tua
1318 4836 1781 4910 phreneticoque
1837 4838 2076 4895 tandem

430 5007 461 5046 e
497 4989 824 5069 heodieensi
852 4991 988 5069 sede
1016 4993 1391 5069 ejiciendum,
1422 5001 1724 5069 prOpterea
1750 4998 1901 5069 quod
1922 5003 2076 5055 esset

434 5061 745 5133 epiSCOpus
758 5061 1128 5129 Veronensis,
1143 5067 1376 5121 tametsi
1390 5061 1783 5123 eVeronensis
1799 5069 2076 5126 cathedra

466 5131 798 5205 uisus,eam
817 5133 1072 5205 amplius
1092 5153 1207 5191 non
1226 5137 1533 5193 obtineret.
1551 5139 1854 5195 Decretum
1876 5146 2072 5198 autem

466 5148 656 5199 uisus,
670 5148 798 5188 eam
817 5148 1072 5205 amplius
1092 5153 1207 5191 non
1226 5148 1533 5193 emineret.
1551 5148 1854 5195 Decretum
1876 5148 2070 5198 autem

422 5148 687 5283 Rutheri,
720 5204 873 5283 quod
906 5205 1370 5283 sin_cer_um_tunc
1401 5208 1746 5283 habebatur,
1779 5214 2070 5283 ejusmodi

417 5272 715 5355 judicium
735 5272 948 5355 contra
978 5277 1320 5335 Ratherium
1351 5272 2071 5355 editum,min'us'aequum

422 5345 882 5402 demonstrabat.

495 5415 853 5499 (509).Vobi_s‘1
880 5417 937 5474 id
986 5423 1079 5499 est
1124 5420 1421 5499 Rotbert_o,
1456 5423 1640 5499 cujus
1671 5422 2075 5499 insigniserat

469 5486 721 5567 rosapia.
752 5488 963 5567 Filium
990 5492 1147 5547 enim
1177 5498 1300 5567 erat
1356 5486 1699 5551 Theoderici
1742 5486 1995 5567 covmitis,
2017 5502 2074 5553 et

469 5502 721 5611 rosalpia.
753 5502 963 5546 r'uium
990 5507 1147 5547 enim
1177 5502 1300 5548 erat
1356 5502 1699 5551 Theoderici
1742 5502 1995 5567 comitis,
2017 5502 2073 5553 et

422 5502 591 5651 ﬁeri
616 5557 707 5651 iis
730 5561 1227 5651 Ramesse?
1254 5563 1553 5646 Danaum
1601 5582 1813 5651 εθοθεθ
1861 5585 2073 5651 Prose-

423 5627 581 5702 nitee,
614 5645 679 5691 ac
728 5631 907 5695 frater
962 5631 1257 5703 Mathildis
1304 5636 1538 5716 reginae,
1562 5627 1690 5717 qua:
1744 5627 2002 5709 Hen'rieo'
2026 5640 2071 5703 Ι.

2217 481 2443 538 ululatu
2479 503 2491 539 :
2532 486 2764 541 Verebar
2813 487 2955 559 quod
3010 490 3161 544 enim
3218 489 3414 545 accidit
3460 488 3606 556 (Job.
3643 505 3729 556 ιιι,
3765 490 3881 561 25).

2208 572 2370 627 Abiit
2401 590 2558 639 nam,
2574 591 2745 646 quem
2764 575 2845 637 (5|
2855 575 3331 643 0)insectabaris,
3347 582 3405 633 et
3436 577 3581 650 proh
3601 577 3614 632 ε
3636 577 3885 636 minime

2212 675 2554 717 reversurus
2584 662 2890 733 abscessit,
2922 665 3128 724 abesse
3160 682 3395 739 quoque
3429 670 3684 723 sortitus
3716 671 3885 723 aeter-

2212 765 2377 803 num.
2401 748 2669 823 Clangor,
2694 752 2842 807 eheu
2871 752 2882 807 l
2914 755 3316 813 manetutiste
3341 756 3675 829 signorum.
3693 755 3876 826 Obiit,

2211 853 2387 909 quam
2421 838 2592 908 abiit;
2614 842 2930 912 praecessit,
2966 860 3144 915 quam
3182 845 3484 917 abscessit.
3514 844 3885 920 Nugigerulo

2212 927 2352 997 nugi
2405 926 2531 999 ipse
2574 946 2760 1002 nugas
2814 931 3146 997 effundens,
3175 933 3481 991 divinabas
3511 934 3595 990 uti
3630 934 3887 992 demens

2211 1031 2349 1071 cum
2383 1016 2620 1089 populo,
2655 1017 3029 1076 insultaveris
3076 1037 3282 1078 caveas
3330 1026 3562 1080 mortuo
3612 1024 3775 1081 dico.
3800 1024 3885 1080 Ne

2210 1102 2477 1177 fatigare,
2531 1123 2752 1178 quaeso,
2800 1108 3117 1179 garrulitas
3180 1109 3379 1183 inepta
3442 1110 3677 1169 diutius
3728 1111 3885 1169 nulli

2210 1193 2469 1248 curanda
2481 1195 2776 1251 dictando.
2795 1197 2927 1265 Quis
2940 1197 3084 1270 leget
3095 1200 3213 1255 haec
3230 1199 3366 1255 ?sed
3384 1199 3581 1271 potius
3597 1201 3885 1260 famelico

2161 1327 2171 1336 .
2209 1280 2558 1352 resipiscens
2588 1282 2683 1339 die
2703 1299 2838 1339 cum
2867 1287 3114 1355 satyrico
3140 1304 3153 1341 ε
3187 1284 3391 1342 didicit
3418 1304 3557 1344 nam
3609 1290 3761 1362 quia
3792 1289 3884 1346 di~

2206 1384 2305 1424 ves
2354 1369 2474 1438 alit,
2527 1375 2592 1426 ut
2647 1375 3029 1445 conqueritur
3082 1392 3317 1447 avarus,
3364 1381 3600 1435 tautum
3663 1380 3885 1438 mirari

2206 1459 2436 1513 tantum
2470 1458 2709 1518 laudare
2767 1462 3016 1519 disertos
3039 1462 3300 1535 plebeios
3354 1467 3724 1526 ati‘eetaveris
3774 1487 3881 1528 ne-

2206 1546 2532 1619 quidquam
2586 1550 2979 1608 rumusculos.
3011 1553 3258 1627 Denique
3284 1570 3394 1609 non
3436 1571 3623 1613 omnes
3682 1557 3888 1619 eadem

2205 1636 2825 1710 mirantur,amnntpue.
2836 1637 2997 1696 Mitte
3018 1645 3363 1699 cunctorum
3376 1643 3602 1701 favores
3615 1645 3889 1703 inaniter

2206 1740 2424 1795 quaeso.
2448 1730 2700 1798 captare.
2717 1727 2832 1783 Son
2858 1728 3170 1786 meledicas
3196 1732 3396 1800 surdo,
3414 1747 3553 1789 neve
3576 1733 3884 1808 obloqua-

2206 1813 2288 1868 ris
2344 1814 2588 1881 absenti,
2622 1814 2767 1871 alias
2826 1833 2964 1873 sane
3022 1819 3225 1891 probo,
3278 1820 3501 1878 caeteris
3559 1838 3670 1879 nec
3726 1826 3880 1882 adeo

2204 1899 2528 1958 inhumano
2554 1920 2657 1975 pro
2689 1907 2947 1977 tempore
2977 1910 3150 1979 atque
3172 1906 3316 1976 loco,
3343 1908 3451 1964 tibi
3470 1909 3606 1966 licet
3625 1910 3876 1970 infesto.

2201 1989 2403 2047 Clama
2433 1993 2535 2047 sed
2568 1993 2785 2064 potius,
2818 1994 3135 2051 vociferare
3167 1997 3532 2055 medullitus.

2344 2126 2624 2197 Incipiunt
2653 2143 2843 2182 versus
2879 2128 3030 2193 (511)
3062 2130 3130 2185 ab
3175 2131 3363 2188 eodem
3408 2135 3717 2205 compositi,

2270 2261 2358 2315 20.
2394 2259 2541 2326 Quid
2572 2263 2809 2317 teneant
2838 2260 2998 2319 intus
3029 2264 3237 2334 nostri,
3272 2265 3321 2321 si
3354 2267 3499 2323 forte
3530 2266 3719 2324 libelli

2200 2346 2352 2402 Cura
2381 2347 2519 2403 velit
2550 2349 2735 2405 solers
2757 2349 2989 2407 lectoris
3018 2352 3263 2419 discere,
3292 2370 3482 2410 sume.

2200 2435 2309 2490 Dat
2338 2436 2622 2505 studium,
2648 2440 2913 2513 scriptor,
2948 2440 3138 2496 socios
3164 2459 3279 2515 quo
3309 2443 3534 2500 vindice
3575 2461 3716 2502 vero

2198 2524 2521 2592 Concutiat,
2554 2530 2794 2592 sternat,
2829 2526 3061 2597 relevat,
3089 2530 3395 2600 confortet,
3418 2533 3667 2601 adunet,

2199 2612 2449 2680 Soletur,
2482 2619 2718 2684 recreet,
2754 2617 2995 2689 enimet,
3025 2620 3367 2690 conformet,
3400 2622 3644 2679 adornet
3672 2641 3687 2693 ;

2196 2702 2365 2758 Etna
2393 2703 2492 2775 qui
2524 2704 2760 2776 gravius
2790 2704 3060 2776 tolerant,
3090 2707 3236 2764 heu!
3270 2710 3523 2782 pondus,
3565 2713 3785 2771 amice.

2197 2790 2270 2847 Ut
2299 2808 2407 2847 sua
2438 2808 2571 2847 nam
2605 2794 2843 2867 stringit
2878 2796 3167 2866 quemvis,
3197 2803 3482 2873 vexatque
3520 2800 3827 2876 cbiragra,

2195 2879 2487 2953 Opprimit
2516 2886 2573 2937 et
2592 2882 2807 2955 gibbus
2837 2883 3048 2942 sideris
3073 2885 3392 2961 incongrue
3421 2888 3618 2959 dorso,

2194 2968 2487 3025 Maternas
2518 2974 2653 3026 trux
2681 2970 2962 3029 dilacerat
2990 2977 3056 3029 ut
3084 2974 3279 3032 bellua
3308 2981 3519 3046 costas,

2194 3057 2475 3114 Exstincti
2505 3062 2564 3115 et
2591 3060 2801 3117 vindex
2831 3061 3113 3134 genitoris
3134 3067 3319 3121 tentat
3341 3065 3541 3123 haberi
3568 3084 3582 3136 ;

2195 3146 2361 3202 Haud
2394 3164 2561 3204 secus
2593 3148 2824 3206 interno
2853 3167 2983 3207 sese
2997 3151 3273 3210 infestare
3304 3153 3498 3210 duello

2189 3236 2471 3308 Abjurata
2500 3237 2615 3294 Deo
2638 3242 2822 3295 certat
2851 3239 3017 3313 plebs
3048 3242 3222 3299 dente
3250 3243 3482 3311 canino,

2189 3324 2503 3382 Mordendo
2533 3326 2885 3384 alterutrum
2916 3329 3284 3388 consciscens
3317 3332 3499 3405 impia
3522 3332 3669 3405 jura

2191 3412 2254 3469 In
2281 3420 2459 3487 caput
2487 3418 2544 3471 et
2563 3418 2840 3474 vertenda
2870 3420 3226 3476 sumendum
3257 3419 3390 3493 quis
3419 3422 3863 3500 propriumque

2188 3501 2348 3558 Velle
2379 3502 2477 3558 Dei
2510 3520 2727 3561 curans
2748 3504 3050 3579 lymphata
3079 3513 3275 3565 mente
3296 3508 3539 3579 laborat,

2185 3589 2475 3647 Ancillata
2497 3592 2612 3649 Deo
2643 3598 2893 3665 paveant
2920 3612 3036 3668 quo
3067 3597 3244 3653 corda
3272 3597 3549 3673 maligno.

2187 3679 2442 3736 Grandia
2470 3698 2649 3753 parva
2678 3683 2845 3739 docet
2873 3683 3111 3754 stultus,
3139 3687 3279 3743 dum
3312 3687 3563 3762 quisque
3593 3689 3853 3751 sinistra

2186 3766 2498 3841 Componit
2518 3770 2756 3839 dextris,
2790 3771 3038 3828 distorta
3066 3777 3123 3829 et
3151 3778 3309 3832 recta
3338 3776 3571 3847 fatetur,

2184 3855 2330 3913 Alba
2360 3858 2565 3931 nigris,
2598 3861 2884 3932 quadrata
2912 3863 3202 3930 rotundis,
3236 3881 3390 3921 saeva
3418 3866 3692 3941 benignis

2184 3946 2499 4004 Mutavisse
2520 3949 2707 4020 juvat,
2741 3952 2798 4005 et
2821 3967 3057 4022 carpere
3075 3951 3241 4024 justa
3268 3970 3282 4009 :
3307 3954 3478 4012 beare

2183 4033 2286 4091 His
2314 4036 2579 4105 adversa,
2603 4037 2775 4094 vehat
2801 4038 3036 4096 sibimet
3066 4057 3183 4114 quo
3214 4046 3534 4102 tartareum
3564 4063 3647 4103 va

2182 4124 2553 4181 Confundens
2580 4131 2778 4182 natam
2809 4123 3043 4183 Domini
3076 4131 3230 4202 quod
3255 4147 3496 4190 munere
3523 4139 3758 4194 rectum

2181 4212 2452 4280 Protulit,
2486 4218 2544 4270 et
2576 4215 2764 4271 firmis
2793 4217 3087 4290 compegit
3116 4217 3363 4276 nexibus
3394 4220 3535 4277 olim

2180 4300 2719 4375 Temporibus,quaz
2734 4304 2985 4377 quisque
2999 4306 3124 4363 suis
3135 4323 3358 4380 proque
3371 4310 3573 4367 ordine
3588 4314 3854 4385 puchro.

2181 4389 2500 4447 Constituit
2526 4392 2727 4449 doctor
2756 4393 3059 4451 debriatus
3090 4400 3322 4454 nectare
3352 4399 3506 4456 divo.

2098 4488 2148 4554 Ῑ)
2180 4478 2275 4535 Sic
2296 4480 2415 4536 ruit
2443 4481 2504 4536 in
2525 4499 2783 4556 princeps
2813 4484 2993 4540 decus
3021 4488 3079 4540 et
3106 4486 3477 4545 veneratione
3519 4505 3774 4562 prorsus

2180 4568 2498 4626 Ordinibus
2527 4570 2738 4627 collata
2767 4573 2951 4629 sacris
2980 4578 3037 4629 et
3057 4573 3307 4644 coalitus,
3342 4593 3409 4632 ac
3439 4577 3523 4632 sic

2188 4659 2342 4715 240
2421 4658 2701 4732 Ephraim
2800 4662 3149 4731 Manassen,
3226 4664 3532 4722 Manasses
3601 4666 3833 4727 infesta

3445 4754 3778 4827 [Ephraim,

2186 4836 2482 4894 Debellare
2508 4837 2686 4895 simul
2715 4839 2747 4895 J
2754 4840 2932 4897 udam
2960 4841 3326 4914 tenduntque
3357 4841 3546 4915 parati

3617 5006 3813 5062 enuit.

2254 5069 2397 5145 ($91)
2425 5069 2493 5145 _In
2527 5069 2638 5126 ms:
2673 5069 2950 5145 mendose
3013 5089 3133 5145 que.
3161 5069 3432 5145 Respicit
3477 5069 3851 5135 Rod‘bertum

2183 5138 2688 5215 archiepiscopum
2702 5138 3124 5215 Trevirensém,
3144 5144 3245 5215 qui
3262 5138 3532 5201 mortuus
3545 5146 3856 5205 ferebatur

2183 5210 2475 5287 dumbiec
2505 5210 2709 5287 auctor
2738 5213 2976 5287 scripsit
3008 5231 3022 5270 :
3054 5210 3117 5269 in
3146 5210 3343 5287 ipsum
3374 5216 3529 5273 enim
3557 5217 3655 5273 hic
3694 5219 3857 5277 liber

2183 5279 2530 5338 lucubratns
2560 5283 2688 5339 fuit.

2256 5353 2401 5425 (511)
2426 5354 2577 5409 Num
2600 5359 2913 5428 sequentes
2940 5373 3145 5413 versus
3175 5357 3493 5413 hexametri
3529 5358 3609 5414 ita
3635 5360 3848 5419 minus

2182 5428 2894 5502 accuratehetpertubate
2926 5428 3141 5484 fuerint
3170 5430 3392 5502 scripti,
3431 5434 3494 5485 ut
3521 5446 3557 5486 a
3585 5430 3847 5502 phreue~

2181 5496 2309 5582 tic‘o‘
2327 5495 2496 5582 etl‘usi
2528 5495 2883 5582 viderentur,
2906 5495 3618 5582 .[gnoramus.'_SepteAntia
3645 5509 3847 5582 “certe

2179 5566 2629 5701 vpldetobscura
2656 5572 2713 5627 et
2741 5566 2998 5629 difﬁcilis
3028 5575 3136 5643 est,
3166 5576 3233 5630 ut
3264 5572 3358 5630 vix
3385 5571 3444 5629 in
3466 5572 3584 5630 fine
3606 5572 3846 5655 aliquid

2181 5654 2212 5701 θ
2239 5655 2352 5699 tota
2380 5655 2469 5699 ur.

2181 5654 2469 5702 eliciatur.

2184 4998 2509 5075 Gepmanjm
2544 4999 2667 5071 regi
2697 5000 2918 5075 nupsit,
2952 5004 3009 5056 et
3038 5001 3529 5075 Ottognemregem
