4054 6190
274 244 390 311 389

272 377 516 452 Agmine
546 385 838 450 conserto,
871 382 1064 441 nullos
1094 386 1357 444 habitare
1388 389 1741 463 triumphos,

276 470 658 525 Immemores
688 471 920 527 Domini
951 474 1142 530 civilia
1166 479 1411 534 condere
1441 479 1596 534 bella

275 561 338 621 In
371 575 432 614 se
464 559 769 631 preprium
801 562 966 633 gnari
1000 567 1056 618 et
1085 567 1352 637 torquere
1382 568 1701 641 ﬂagellum,

1751 213 2212 327 PHRENESIS.

1951 397 2004 460 Α
2108 396 2361 467 Dignum
2397 402 2551 454 sorte
2579 402 2676 454 tua
2707 398 2940 457 torserit
2969 399 3126 457 hunc
3155 400 3369 475 aliqua.

3559 275 3677 337 390

2038 485 2183 540 241
2216 487 2423 541 Lamas
2447 504 2550 542 nec
2574 489 2738 542 Erebi
2768 494 2988 563 tangat,
3012 492 3324 564 nigrasque
3347 493 3607 567 paludes,

2105 575 2388 630 Cerberus
2420 576 2687 644 absistat,
2713 578 2980 651 Gorgona
3009 581 3309 653 deSpiciat,

272 647 427 710 Quos
460 646 554 702 his
587 653 789 703 nostra
819 667 1030 706 manus
1060 652 1310 710 intactos
1341 656 1604 729 linquere
1632 659 1774 714 dum
1807 677 1923 716 non
2033 661 2147 717 Nec
2179 662 2410 736 Stygios
2439 665 2639 722 innare
2670 665 2852 735 lacus,
2886 673 2986 724 aut
3015 674 3162 725 tetra
3195 671 3383 728 videre

267 736 574 792 Prestruit
603 736 909 807 auxilium,
941 741 1220 798 tribuisse
1253 746 1556 816 putabitur
1586 747 1794 820 ingens

267 824 535 892 Afflictis,
561 823 781 896 iniquis
812 827 1050 885 inimica
1079 837 1273 888 mente
1304 836 1540 891 notarit.

268 917 419 969 Dum
449 913 658 970 recitat
686 931 928 990 seseque
955 919 1142 992 magis
1173 939 1350 993 quam
1384 929 1585 980 nostra
1615 926 1875 998 probarit

269 1002 604 1059 Ridendum
637 1006 860 1060 cunctis
891 1008 1098 1064 merito
1128 1009 1270 1066 dum
1299 1012 1531 1070 valdius
1560 1014 1672 1087 ipsi

266 1090 532 1147 Insanire
561 1091 720 1160 libet,
755 1093 936 1151 furias
965 1101 1022 1151 et
1052 1113 1191 1154 cura
1221 1100 1536 1158 ministrat.

266 1179 419 1252 Ergo
451 1184 656 1252 potens
687 1182 840 1237 adsit
870 1183 927 1238 in
961 1185 1215 1256 dextera,
1244 1205 1454 1262 meque
1483 1190 1769 1248 volentem

2103 752 2344 807 Tartara
2375 754 2694 826 contingat,
2729 772 2902 827 quem
2932 758 3024 812 via
3054 759 3252 815 dextra
3278 762 3464 831 juvat.

2031 839 2146 894 Nec
2176 840 2383 908 Chaos,
2416 847 2518 898 aut
2547 843 2901 916 Phlegethon
2931 847 3114 918 nigris
3150 848 3484 906 habitacula
3512 868 3679 908 mon-

3441 941 3599 997 stris.

2101 1015 2249 1084 Sint,
2285 1035 2412 1090 quze
2438 1020 2524 1075 vel
2557 1022 2782 1091 subeat,
2813 1023 2899 1078 vel
2933 1026 3239 1082 subeunda
3268 941 3433 1085 ﬂeat.[

2028 1107 2283 1178 Scrupea
2312 1109 2506 1181 Cocyti
2536 1110 2726 1166 videat
2755 1128 2859 1167 nec
2891 1119 3119 1185 tesqua,
3143 1117 3374 1186 jubeto,

2101 1194 2203 1248 Cui
2236 1197 2484 1266 patriam
2517 1197 2726 1254 ccelum
2759 1217 2892 1272 spes
2918 1202 3028 1256 fuit
3057 1221 3184 1260 esse
3215 1207 3346 1262 sibi.

266 1271 468 1340 Syrtes
498 1285 632 1324 cum
662 1269 955 1339 brevibus,
981 1273 1231 1346 Scyllam
1260 1294 1589 1350 szevamque
1610 1281 1921 1353 Carybdim
2030 1281 2420 1339 Eumenidum
2454 1286 2744 1344 thalamos
2776 1269 3027 1347 crevisse
3061 1299 3266 1365 negato
3299 1296 3526 1367 piorum

269 1358 533 1414 Evitasse
564 1360 710 1416 ferat
738 1362 1024 1419 miserens
1054 1366 1386 1423 miserando
1405 1371 1708 1440 juvamcn,

271 1447 453 1518 Inque
484 1465 681 1504 sacras
713 1453 1028 1508 venerandi
1062 1459 1119 1510 et
1149 1455 1444 1528 dogmatis
1476 1459 1638 1515 ocius
1666 1477 1834 1516 arcas

265 1534 569 1592 Invenisse
598 1553 830 1609 queam,
865 1541 1049 1612 prosit
1079 1546 1235 1614 quod
1269 1546 1538 1618 pluribus
1568 1565 1731 1620 aeque

261 1623 451 1680 Hosce
475 1626 740 1696 juvando
770 1628 939 1698 levet,
973 1630 1104 1688 illos
1137 1633 1416 1691 trenando
1447 1638 1722 1704 retardet,

262 1711 349 1767 Ne
378 1712 634 1771 voluisse
663 1733 838 1772 suum
864 1718 1095 1774 valeant
1124 1722 1447 1794 complesse
1478 1726 1706 1780 retenti.

259 1802 370 1857 Ast
399 1818 680 1880 oppressa
709 1805 811 1860 diu
842 1810 1131 1878 perversis
1164 1809 1412 1882 legibus,
1437 1817 1612 1885 atque

257 1893 441 1946 Fessa
469 1893 839 1950 sacerdotum
872 1912 1119 1968 magnas
1149 1898 1257 1955 hoc
1289 1917 1527 1958 munere
1559 1907 1756 1959 turma

259 1980 566 2053 Concipiat
592 1981 777 2052 vires;
812 1983 1042 2040 Domini
1075 1987 1146 2043 de
1177 1988 1447 2062 dogmate
1478 1991 1688 2047 ﬁrmus

259 2070 494 2137 Murus,
519 2075 575 2127 et
603 2070 888 2130 infractus
915 2080 1168 2144 maneat,
1197 2075 1587 2150 Telesphorus
1617 2082 1742 2153 ipse

259 2159 570 2215 Structum
603 2178 753 2234 papa
783 2163 914 2234 pius
945 2163 1114 2220 nobis
1146 2182 1320 2237 quem
1351 2167 1576 2224 dixerat
1604 2170 1765 2237 olim,

257 2249 402 2320 Ipsa
435 2249 644 2306 cohors
676 2250 926 2318 nullum,
951 2253 1063 2308 nisi
1097 2271 1270 2326 quem
1304 2257 1544 2329 fregisse
1575 2258 1808 2327 valeret,

254 2337 448 2408 Cujus
477 2338 534 2392 in
568 2339 849 2394 auxilium
883 2346 1254 2399 constructus
1287 2345 1546 2401 cernitur
1573 2365 1720 2415 esse,

253 2425 618 2498 Propulsum
649 2430 829 2500 septis
859 2430 1075 2502 gemit:
1103 2431 1230 2503 Ipse
1262 2434 1506 2504 quilibet
1535 2453 1671 2508 ergo

254 2515 432 2570 Haud
463 2516 738 2588 dignetur
767 2525 1033 2575 nostrum
1068 2523 1277 2592 poterit
1306 2524 1446 2594 quia
1476 2529 1628 2580 certe

253 2604 453 2660 Multa
483 2604 686 2661 tulisse
717 2606 828 2662 sibi
859 2624 1224 2681 percongrua
1252 2628 1431 2682 seque
1454 2613 1681 2683 juvare,

252 2694 370 2750 His
399 2693 514 2750 nisi
547 2693 816 2762 defuerit,
843 2701 1006 2751 curet
1036 2697 1135 2768 qui
1169 2697 1307 2754 talia
1340 2699 1504 2755 forte.

252 2783 412 2839 Nam
446 2799 634 2855 genus
664 2783 774 2840 hoc
802 2785 1112 2842 hominum
1145 2787 1507 2845 crebrescere
1537 2790 1760 2846 solibus
1790 2790 1922 2848 istis

252 2870 525 2944 Constat,
548 2888 695 2944 quos
723 2871 1007 2928 Dominus
1039 2879 1244 2941 vertat,
1266 2877 1534 2948 deposco,
1568 2879 1880 2952 benignus,

251 2961 506 3016 Praestet
534 2965 591 3016 et
623 2978 934 3034 oppressos
964 2965 1198 3034 gravius
1219 2966 1345 3036 jam
1379 2966 1532 3023 fasce
1561 2965 1758 3025 levari.

249 3050 416 3106 Dum
447 3066 578 3105 mea
601 3051 729 3121 jam
757 3050 958 3106 videor
987 3053 1298 3124 specialius
1328 3055 1496 3111 edere
1524 3056 1688 3112 vobis

2104 1371 2351 1441 Agmina
2381 1375 2719 1448 conspiciat,
2751 1395 2813 1433 se
2844 1379 3018 1434 simul
3050 1399 3115 1436 ac
3148 1382 3354 1440 videat.

2038 1458 2201 1512 llunc
2233 1460 2324 1514 via
2355 1462 2588 1516 tartarei
2618 1481 2860 1535 vergens
2889 1468 3228 1525 Acherontis
3261 1475 3331 1527 ad
3364 1476 3553 1534 undas

2106 1546 2358 1614 Nesciat,
2389 1548 2546 1604 hunc
2574 1551 2782 1606 ccelum
2816 1555 2986 1622 norit,
3023 1556 3235 1613 habere
3263 1561 3416 1618 velit.

2034 1633 2122 1688 Nil
2158 1652 2288 1690 mea
2319 1641 2374 1691 te
2406 1643 2652 1694 noceant
2681 1640 3068 1712 incommoda,
3102 1650 3409 1705 commoda
3443 1652 3646 1710 multis

2105 1725 2286 1788 Quem
2317 1727 2603 1782 struxisse
2632 1729 2842 1797 ferunt,
2879 1733 2976 1803 qui
3011 1734 3165 1791 bona
3194 1739 3318 1793 sola
3346 1738 3531 1796 vehis.

2031 1810 2408 1868 Conformant
2429 1816 2660 1886 magnis
2681 1819 2882 1885 multa,
2903 1827 2958 1875 et
2980 1821 3124 1878 bene
3143 1830 3308 1895 gesta
3329 1826 3680 1900 loquuntur;

2103 1899 2204 1955 His
2236 1900 2464 1957 diversa
2492 1903 2683 1967 silent,
2717 1907 2886 1961 noxia
2917 1925 2986 1964 ne
3015 1917 3310 1982 superent.

1950 2050 1960 2057 .
2030 1986 2171 2050 Quis
2205 1988 2417 2055 faveas,
2452 1990 2657 2063 rogito,
2683 1993 2893 2060 solum,
2925 2013 3027 2051 nec
3063 1999 3244 2055 millia
3277 2003 3485 2070 vincat,

2099 2077 2182 2130 Sit
2213 2080 2535 2150 pergrande
2565 2080 2718 2149 licet,
2755 2082 2835 2137 nil
2864 2083 3019 2141 Deus
3050 2087 3284 2146 ofﬁciat.

2027 2164 2452 2234 Cunctivalens,
2478 2174 2750 2239 praestare
2784 2172 2945 2239 facis,
2974 2180 3037 2229 ut
3065 2176 3207 2233 velle
3239 2179 3473 2250 favebit,

2101 2257 2339 2309 Dextera
2368 2272 2499 2310 nam
2534 2257 2764 2313 dextras
2796 2259 3240 2330 splendiﬁcante
3271 2271 3395 2328 tua.

2030 2342 2306 2404 Quamvis
2337 2360 2513 2415 parva
2545 2345 2750 2409 scient,
2775 2350 3030 2404 vanescit
3061 2369 3271 2425 nempe
3302 2357 3562 2424 sinistra,

2101 2429 2524 2486 Flammivorus
2556 2433 2762 2490 boreas
2793 2437 3016 2506 disjgcit
3045 2444 3109 2493 ut
3139 2442 3357 2511 paleas.

2030 2517 2176 2572 Hinc
2196 2519 2338 2572 tuba
2357 2519 2675 2575 terribilem
2700 2524 2957 2578 sonitum
2983 2525 3422 2598 insperantibus
3444 2532 3644 2600 edens,

2101 2606 2251 2660 Dum
2285 2624 2391 2661 sua
2421 2625 2526 2679 pro
2561 2610 2782 2666 meritis
2814 2614 3053 2684 praemia
3083 2616 3291 2688 cuique
3319 2619 3501 2676 dabit.

2029 2694 2295 2751 Evasisse
2326 2696 2471 2750 ferat
2498 2697 2774 2766 discedite,
2806 2701 2855 2755 si
2889 2707 3062 2774 negat
3090 2721 3224 2776 euge
3252 2725 3272 2760 :

2101 2784 2237 2839 Sors
2269 2801 2336 2839 ea
2364 2801 2499 2840 nam
2534 2786 2752 2844 multos
2783 2789 2904 2846 haec
2937 2791 3114 2848 habet
3143 2796 3427 2868 egregios.

2027 2872 2107 2928 Ne
2137 2876 2369 2930 metuas
2400 2891 2636 2946 pavens,
2665 2877 2764 2946 ait,
2789 2895 2821 2934 ο
2851 2896 3010 2951 grex,
3035 2885 3392 2957 complacuit
3423 2905 3558 2945 nam

2099 2961 2178 3016 Te
2209 2961 2352 3017 solio
2383 2963 2546 3035 regni
2576 2965 2916 3024 nobilitasse
2948 2970 3156 3028 Patris.

2030 3048 2186 3105 Felix
2211 3049 2306 3106 ille
2337 3055 2555 3119 tamen,
2589 3070 2868 3112 concessa
2897 3059 2997 3130 qui
3031 3060 3370 3119 benedictus

249 3139 293 3196 Ο
332 3156 474 3211 pars
506 3143 708 3195 sancta
736 3139 946 3208 virum,
969 3123 1203 3197 Domini
1250 3159 1376 3199 sors
1408 3149 1580 3217 atque
1612 3147 1912 3218 ministra;
1945 3123 1989 3191 α
2097 3139 2281 3194 δονῖθο
2322 3141 2505 3196 Venite
2533 3141 2707 3212 Capit:
2743 3147 2850 3212 BSt:
2885 3123 3012 3215 εἷ’ίίν
3047 3152 3221 3219 atque
3253 3149 3381 3206 Γυίί·

245 3229 439 3282 Arma
467 3227 699 3283 dedisse
731 3245 893 3300 paro,
927 3230 1143 3300 quibus
1175 3235 1230 3286 et
1264 3249 1371 3287 sua
1394 3234 1533 3303 jura
1562 3237 1732 3303 tueri,

244 3317 318 3372 Et
359 3333 485 3372 sese
515 3321 772 3390 vestrum
802 3317 990 3373 valeat
1020 3319 1173 3390 quis,
1207 3322 1473 3392 praeduce
1503 3323 1750 3392 Christo,

244 3405 549 3461 Victorem
581 3408 639 3460 et
667 3411 992 3462 monstrare
1025 3407 1197 3464 malis
1226 3411 1366 3464 dum
1401 3411 1658 3482 perfidus
1691 3412 1859 3469 illum

243 3494 527 3566 Attigerit
554 3511 777 3550 cuneus
803 3511 814 3550 :
840 3495 1027 3552 vincet
1059 3514 1195 3551 nam
1224 3514 1360 3552 mox
1389 3499 1542 3554 Deus
1572 3499 1718 3570 ipse,

245 3583 462 3637 Vincet
490 3586 547 3637 et
576 3582 706 3655 ipsa
735 3601 840 3638 suo
873 3582 1077 3640 victrix
1107 3587 1437 3642 constantia
1467 3590 1643 3643 recto.

246 3671 518 3742 Semper,
549 3675 607 3726 et
636 3671 759 3726 haec
790 3671 1065 3727 comitata
1097 3672 1224 3728 suis
1258 3673 1604 3730 fautricibus
1635 3691 1840 3731 omnes

244 3759 524 3826 Infestos,
557 3777 798 3828 nocuos,
830 3759 1100 3816 inimicos
1133 3765 1392 3832 proterat
1419 3761 1639 3829 hostes,

242 3849 481 3916 Vincat,
515 3841 832 3921 perturbet,
859 3849 1112 3918 mutilet,
1138 3866 1296 3922 rogo,
1321 3851 1575 3922 postulo,
1601 3869 1799 3925 posco.

242 3939 458 4004 Amen,
491 3938 576 3994 sic
609 3938 728 4004 ﬁat,
762 3939 1000 3994 reboant
1029 3942 1087 3993 et
1117 3943 1335 3994 cuncta
1364 3956 1622 4011 reposco.

314 4028 412 4082 21.
435 4026 631 4094 Parce,
656 4027 832 4094 Deus,
853 4025 1072 4082 famulo
1093 4027 1262 4096 (512),
1290 4028 1574 4084 miserens
1597 4030 1909 4088 miseresce

1484 4118 1832 4192 [redempto,

315 4205 469 4260 Cum
503 4203 704 4276 requie
729 4204 960 4260 veniam
992 4203 1130 4260 huic
1165 4204 1257 4277 pie
1287 4206 1478 4262 dando
1511 4206 1690 4278 piam.

245 4292 344 4348 Nil
375 4291 540 4360 mihi,
567 4293 648 4348 nil
681 4293 818 4364 quia
848 4308 980 4346 sum
1011 4293 1138 4360 tibi,
1169 4294 1268 4348 sed
1297 4309 1571 4364 peccasse
1603 4295 1906 4366 probatur,

321 4381 399 4437 Ut
429 4384 686 4437 mactare
716 4379 871 4447 velit,
897 4380 994 4451 qui
1028 4397 1205 4452 pecus
1236 4380 1498 4436 alterius.

247 4471 380 4527 Non
413 4470 619 4543 pecudi
651 4486 810 4536 nam,
835 4470 934 4524 sed
967 4468 1212 4524 Domino
1244 4485 1377 4524 reus
1407 4468 1504 4524 ille
1535 4473 1785 4535 tenetur,

321 4560 440 4615 Lex
469 4560 647 4615 habet
676 4558 733 4614 in
765 4558 936 4614 terris
967 4558 1241 4613 omnibus
1273 4575 1390 4612 una
1421 4557 1618 4613 simul.

248 4650 340 4704 Tu
371 4647 537 4704 solus
563 4647 819 4718 veniam,
839 4652 903 4702 tu
937 4645 1102 4702 solus
1134 4647 1280 4702 ferre
1310 4646 1619 4714 medelam,

321 4739 378 4793 Si
415 4737 704 4808 parcendo
734 4735 896 4802 velis,
927 4752 1061 4792 mox
1088 4735 1351 4808 potuisse
1381 4734 1530 4791 clius
1561 4736 1621 4806 [ι.
1657 4735 1832 4809 pius].

249 4826 395 4882 Hinc
428 4831 485 4882 te
514 4841 690 4898 posco
724 4826 878 4881 Deus
909 4825 1133 4880 tribuas
1167 4824 1374 4880 obnixe
1405 4828 1663 4897 rogatus,
1754 4858 1756 4860 τ

319 4916 494 4971 Liber
526 4920 592 4970 ut
621 4914 936 4988 astrigeras
967 4913 1018 4969 is
1044 4917 1218 4985 queat
1247 4913 1328 4969 ire
1359 4912 1501 4968 vias.

248 5004 563 5060 Porthmea
588 4988 928 5060 contemnat
957 5002 1113 5069 felix,
1147 5018 1251 5057 nec
1283 5018 1424 5056 cura
1451 5002 1715 5059 timentis

320 5112 470 5180 (512)
504 5110 564 5166 Id
625 5115 714 5166 est
771 5109 1060 5164 Rodberto
1096 5107 1568 5182 archiepiscopo,
1609 5126 1806 5182 quem,
1840 5113 1905 5165 ut

251 5179 612 5250 monuimus,
637 5182 756 5236 vita
788 5183 1053 5235 functum
1086 5180 1241 5235 fama
1271 5179 1564 5234 retulerat.
1627 5179 1662 5194 ““

325 5255 468 5326 (513)
490 5253 823 5332 Baldricum
846 5253 1182 5332 episcopum
1210 5250 1659 5332 Ultrajeotinum‘
1684 5250 1903 5332 intelli-

251 5321 534 5404 git',que_m
558 5326 820 5404 majorem
850 5321 1414 5404 [faldrz'c'unlvpcavit
1444 5321 1700 5402 inOtitulo
1731 5322 1900 5404 sexti,

249 5393 484 5468 septimi
509 5403 565 5468 et
587 5393 772 5468 octavi
797 5393 1281 5468 voluminis._Vide
1302 5393 1628 5468 proemium
1654 5410 1817 5468 n_um_.

322 5463 470 5547 (514)
504 5463 875 5547 Similitepip
908 5466 1184 5547 prommio
1209 5463 1386 5547 nun-1..
1409 5466 1462 5533 2,
1488 5463 1645 5520 hunc
1677 5463 1899 5519 Baldri-

247 5536 381 5598 eum
412 5536 716 5599 immunem:
742 5538 876 5597 dicit
903 5536 937 5594 ὰ
959 5536 1245 5618 phrenesis
1273 5536 1426 5595 vitio.

2026 3229 2301 3284 Crescens
2333 3245 2540 3301 nempe
2573 3246 2718 3286 suus
2747 3238 3083 3291 sanctorum
3116 3245 3324 3294 cuncta
3351 3242 3538 3296 tuenti

2095 3315 2166 3370 Ut
2197 3333 2500 3385 numerus,
2538 3319 2812 3375 meritum
2846 3339 3076 3393 semper
3103 3330 3160 3380 et
3189 3327 3313 3397 ipse
3343 3329 3472 3384 fuit.

2021 3402 2140 3459 Hoc
2161 3404 2314 3458 Deus
2341 3405 2627 3461 immense
2646 3407 2804 3474 audi,
2825 3413 2887 3462 tu
2913 3409 3019 3464 hoc
3042 3412 3134 3482 pie
3155 3430 3396 3469 munere
3414 3421 3677 3472 nostram

2092 3491 2573 3547 Haudi'rustrare
2603 3493 2744 3548 velis
2775 3512 3279 3570 connumeresque
3310 3501 3443 3572 piis.

2021 3577 2298 3648 Impetret
2326 3579 2434 3632 hoc
2465 3579 2715 3650 genitrix
2744 3585 2866 3647 tua,
2897 3582 3122 3639 Christe
3151 3585 3421 3659 benigne,
3446 3587 3630 3643 Maria
3662 3607 3675 3645 :

2091 3666 2377 3736 Exposcat
2407 3669 2590 3722 ccetus
2619 3667 2757 3723 huic
2788 3668 3018 3725 veniam
3051 3689 3330 3744 superus;

2017 3753 2305 3810 [Etherias
2337 3760 2556 3812 reseret
2581 3755 2777 3814 valvas
2808 3759 3012 3815 Petrus
3043 3765 3220 3834 atque
3248 3763 3478 3832 beatus,

2089 3845 2236 3899 Tum
2270 3845 2457 3900 sancti
2489 3853 2818 3916 occurrant,
2844 3851 3261 3924 suppetiasque
3293 3853 3500 3913 ferant.

2016 3933 2108 3989 Sic
2139 3951 2269 3989 mea
2299 3939 2356 3990 te
2388 3939 2573 4002 vexat,
2611 3937 2714 4004 sic,
2750 3955 2782 3993 o
2815 3938 3127 4010 Rodberte,
3156 3942 3494 4016 Phrenesis,

2088 4023 2202 4092 Sic,
2237 4024 2501 4098 inquam,
2537 4025 2672 4082 felix
2702 4027 2805 4097 sis,
2842 4035 3027 4101 rogat,
3063 4048 3129 4087 ac
3162 4033 3394 4091 frueris.

2104 4160 2237 4214 Item
2266 4159 2557 4215 Eutherius
2585 4165 2775 4217 contra
2803 4163 3121 4220 Baldricum
3144 4166 3292 4237 (513)
3314 4167 3584 4223 invidum.

2084 4294 2173 4344 22.
2208 4291 2627 4346 Pensitaverim
2659 4311 2801 4349 sane
2829 4311 2966 4350 cum
3009 4313 3180 4367 saepe,
3205 4299 3269 4350 ut
3305 4296 3547 4353 absente
3577 4314 3673 4353 re-

2016 4377 2151 4432 licto
2183 4379 2334 4434 242
2367 4383 2558 4434 tecum
2609 4396 2802 4451 agam,
2851 4381 3043 4436 adhuc
3074 4398 3350 4452 praesens,
3385 4383 3668 4452 Baldrice,

1937 4490 1985 4554 D
2015 4466 2073 4520 in
2106 4466 2346 4554 edendis
2368 4465 2696 4537 opusculis;
2731 4484 2858 4538 quas
2882 4472 3082 4524 contra
3103 4469 3290 4536 illum,
3309 4469 3417 4538 vel,
3445 4487 3550 4542 pro
3571 4472 3670 4528 illo

2018 4553 2304 4624 przecipue
2352 4571 2815 4626 composueram.
2858 4556 3003 4610 Nam
3054 4559 3108 4611 te
3158 4563 3479 4630 exceperat,
3513 4560 3669 4633 quod

2018 4641 2301 4696 immunis
2319 4642 2466 4715 (514)
2487 4643 2559 4698 ab
2579 4642 2820 4715 illo,quo
2839 4648 2966 4699 uter
2986 4648 3252 4700 nostrum
3276 4646 3572 4706 laborasse
3594 4650 3670 4706 fe-

2018 4731 2272 4797 rebatur,
2297 4731 2528 4802 penitus
2559 4732 2845 4798 fueras,id
2871 4736 2960 4788 est
2990 4732 3292 4805 phrenesis
3314 4735 3666 4794 litteratoria;

2014 4818 2441 4887 vitio,nummis
2459 4837 2636 4892 quam
2660 4819 2825 4876 libris
2848 4821 3050 4894 utique
3068 4823 3468 4893 nitens,armis
3487 4844 3664 4899 quam

2015 4909 2486 4981 armariis,copia
2509 4909 2829 4964 amicorum
2853 4927 3030 4980 quam
3055 4912 3278 4982 judicio
3310 4913 3661 4986 priscorum.

2015 5000 2206 5053 Tuum
2233 4999 2378 5068 (515)
2406 5003 2471 5052 ut
2500 4998 2830 5069 exemplum
2859 4998 2958 5053 Dei
2992 4999 3173 5055 fuisse
3204 5002 3463 5057 cernitur
3492 5004 3666 5060 infor-

2087 5105 2307 5178 (515)In
2333 5104 2713 5178 sequentibus
2730 5104 2798 5178 ad
2827 5105 3002 5160 tinem
3027 5123 3211 5177 usque
3243 5107 3323 5162 ita
3352 5107 3541 5164 multa
3571 5127 3663 5166 oc-

2012 5176 2254 5230 currunt
2285 5176 2591 5254 itentid_em_
2620 5176 2920 5254 mendosa,
2955 5182 3018 5254 u‘t
3049 5176 3152 5233 nec
3184 5180 3360 5250 probe
3392 5180 3657 5254 intelligi,

2012 5265 2116 5302 nec
2147 5252 2268 5324 tute
2297 5245 2593 5324 emendari
2625 5249 2937 5324 potuerint.
2971 5245 3203 5304 Sensus
3228 5255 3420 5324 tamen
3455 5245 3660 5324 praecié

2010 5335 2162 5390 puus
2181 5317 2273 5372 hic
2289 5334 2414 5390 esse
2426 5317 2952 5390 videtur.0ptasset
2970 5327 3172 5375 auctor
3186 5338 3246 5376 se
3264 5317 3660 5378 citius'édidis—

2010 5388 2072 5445 se
2102 5389 2276 5444 hosce
2307 5388 2556 5455 libellos,
2587 5388 3087 5447 dum'Rodbert'us
3110 5392 3339 5448 viveret.
3365 5394 3656 5458 Quosdam

2008 5477 2075 5517 ex
2093 5459 2185 5516 his
2202 5459 2582 5535 quidemipso
2600 5460 3118 5535 adhucsuperstite
3127 5463 3252 5535 jam
3269 5469 3439 5519 antea
3453 5464 3659 5519 multis

2008 5530 2396 5610 praesentibus
2437 5530 2674 5606 legerat,
2707 5530 2956 5610 aliisque
2995 5530 3272 5613 legendos
3303 5535 3651 5610 tradiderat;
