  <div class='ocr_page' id='page_1' title='image "/cluster/home/n/w/nwhite01/storage/ocr_20150623/136/hvd.32044054759964/205.png"; bbox 0 0 4034 6172; ppageno 0'>
   <div class='ocr_carea' id='block_1_1' title="bbox 462 387 580 449">
    <p class='ocr_par' dir='ltr' id='par_1_1' title="bbox 462 387 580 449">
     <span class='ocr_line' id='line_1_1' title="bbox 462 387 580 449; baseline -0.042 0"><span class='ocrx_word' id='word_1_1' title='bbox 462 387 580 449; x_wconf 80' lang='grc'><strong>395</strong></span> 
     </span>
    </p>
   </div>
   <div class='ocr_carea' id='block_1_2' title="bbox 1386 371 2943 442">
    <p class='ocr_par' dir='ltr' id='par_1_2' title="bbox 1386 371 2943 442">
     <span class='ocr_line' id='line_1_2' title="bbox 1386 371 2943 442; baseline -0.003 -1"><span class='ocrx_word' id='word_1_2' title='bbox 1386 377 1761 442; x_wconf 78' lang='lat' dir='ltr'><strong>RATHERII</strong></span> <span class='ocrx_word' id='word_1_3' title='bbox 1806 374 2382 441; x_wconf 78' lang='lat' dir='ltr'><strong>EPISC.&#39;VERON.</strong></span> <span class='ocrx_word' id='word_1_4' title='bbox 2430 374 2601 442; x_wconf 86' lang='lat' dir='ltr'><strong>OPP.</strong></span> <span class='ocrx_word' id='word_1_5' title='bbox 2647 374 2851 439; x_wconf 79' lang='lat' dir='ltr'><strong>PARS</strong></span> <span class='ocrx_word' id='word_1_6' title='bbox 2895 371 2943 438; x_wconf 88' lang='lat' dir='ltr'><strong>l.</strong></span> 
     </span>
    </p>
   </div>
   <div class='ocr_carea' id='block_1_3' title="bbox 3715 372 3820 440">
    <p class='ocr_par' dir='ltr' id='par_1_3' title="bbox 3715 372 3820 440">
     <span class='ocr_line' id='line_1_3' title="bbox 3715 372 3820 440; baseline 0.019 -2"><span class='ocrx_word' id='word_1_7' title='bbox 3715 372 3820 440; x_wconf 84' lang='lat'><strong>396</strong></span> 
     </span>
    </p>
   </div>
   <div class='ocr_carea' id='block_1_4' title="bbox 456 505 3823 589">
    <p class='ocr_par' dir='ltr' id='par_1_4' title="bbox 456 505 3823 589">
     <span class='ocr_line' id='line_1_4' title="bbox 456 505 3823 589; baseline -0.001 -16"><span class='ocrx_word' id='word_1_8' title='bbox 456 524 520 573; x_wconf 87' lang='lat' dir='ltr'><strong>ut</strong></span> <span class='ocrx_word' id='word_1_9' title='bbox 550 515 805 589; x_wconf 90' lang='lat' dir='ltr'><strong>perjurio</strong></span> <span class='ocrx_word' id='word_1_10' title='bbox 859 530 1034 570; x_wconf 88' lang='lat' dir='ltr'><strong>suaso</strong></span> <span class='ocrx_word' id='word_1_11' title='bbox 1090 530 1276 585; x_wconf 99' lang='lat' dir='ltr'><strong>nuper</strong></span> <span class='ocrx_word' id='word_1_12' title='bbox 1304 530 1337 567; x_wconf 92' lang='lat' dir='ltr'><strong>a</strong></span> <span class='ocrx_word' id='word_1_13' title='bbox 1367 512 1621 584; x_wconf 91' lang='lat' dir='ltr'><strong>quodam</strong></span> <span class='ocrx_word' id='word_1_14' title='bbox 1677 512 1731 568; x_wconf 87' lang='lat' dir='ltr'>vi</span> <span class='ocrx_word' id='word_1_15' title='bbox 1792 511 2100 568; x_wconf 79' lang='lat' dir='ltr'><strong>extorseris</strong></span> <span class='ocrx_word' id='word_1_16' title='bbox 2130 513 2187 579; x_wconf 77' lang='grc' dir='ltr'>Α</span> <span class='ocrx_word' id='word_1_17' title='bbox 2217 510 2620 584; x_wconf 81' lang='lat' dir='ltr'><strong>praesidiorum</strong></span> <span class='ocrx_word' id='word_1_18' title='bbox 2686 527 2789 582; x_wconf 90' lang='lat' dir='ltr'><strong>pro</strong></span> <span class='ocrx_word' id='word_1_19' title='bbox 2847 509 3273 566; x_wconf 89' lang='lat' dir='ltr'><strong>constructione</strong></span> <span class='ocrx_word' id='word_1_20' title='bbox 3325 505 3411 565; x_wconf 90' lang='lat' dir='ltr'><strong>vel</strong></span> <span class='ocrx_word' id='word_1_21' title='bbox 3471 512 3823 572; x_wconf 89' lang='lat' dir='ltr'><strong>restructione</strong></span> 
     </span>
    </p>
   </div>
   <div class='ocr_carea' id='block_1_5' title="bbox 452 600 2107 677">
    <p class='ocr_par' dir='ltr' id='par_1_5' title="bbox 452 600 2107 677">
     <span class='ocr_line' id='line_1_5' title="bbox 452 600 2107 677; baseline -0.004 -16"><span class='ocrx_word' id='word_1_22' title='bbox 452 621 637 661; x_wconf 90' lang='lat' dir='ltr'><strong>unum</strong></span> <span class='ocrx_word' id='word_1_23' title='bbox 672 603 842 677; x_wconf 92' lang='lat'>(518),</span> <span class='ocrx_word' id='word_1_24' title='bbox 879 603 1034 676; x_wconf 89' lang='lat' dir='ltr'><strong>quod</strong></span> <span class='ocrx_word' id='word_1_25' title='bbox 1064 607 1255 658; x_wconf 90' lang='lat' dir='ltr'><strong>tamen</strong></span> <span class='ocrx_word' id='word_1_26' title='bbox 1298 617 1401 673; x_wconf 90' lang='lat' dir='ltr'><strong>per</strong></span> <span class='ocrx_word' id='word_1_27' title='bbox 1450 616 1511 657; x_wconf 91' lang='lat' dir='ltr'><strong>se</strong></span> <span class='ocrx_word' id='word_1_28' title='bbox 1562 601 1705 657; x_wconf 84' lang='lat' dir='ltr'><strong>satis</strong></span> <span class='ocrx_word' id='word_1_29' title='bbox 1753 600 2015 667; x_wconf 81' lang='lat' dir='ltr'><strong>noxium,</strong></span> <span class='ocrx_word' id='word_1_30' title='bbox 2048 600 2107 654; x_wconf 91' lang='lat' dir='ltr'><strong>in</strong></span> 
     </span>
    </p>
   </div>
   <div class='ocr_carea' id='block_1_6' title="bbox 454 690 2104 766">
    <p class='ocr_par' dir='ltr' id='par_1_6' title="bbox 454 690 2104 766">
     <span class='ocr_line' id='line_1_6' title="bbox 454 690 2104 766; baseline -0.004 -16"><span class='ocrx_word' id='word_1_31' title='bbox 454 693 891 766; x_wconf 83' lang='lat' dir='ltr'><strong>comparatione</strong></span> <span class='ocrx_word' id='word_1_32' title='bbox 950 691 1197 747; x_wconf 91' lang='lat' dir='ltr'><strong>aliorum</strong></span> <span class='ocrx_word' id='word_1_33' title='bbox 1255 707 1384 747; x_wconf 90' lang='lat' dir='ltr'><strong>esse</strong></span> <span class='ocrx_word' id='word_1_34' title='bbox 1436 694 1666 746; x_wconf 79' lang='lat' dir='ltr'><strong>constat</strong></span> <span class='ocrx_word' id='word_1_35' title='bbox 1718 690 2104 757; x_wconf 86' lang='lat' dir='ltr'><strong>vilissimum;</strong></span> 
     </span>
    </p>
   </div>
   <div class='ocr_carea' id='block_1_7' title="bbox 451 779 2107 850">
    <p class='ocr_par' dir='ltr' id='par_1_7' title="bbox 451 779 2107 850">
     <span class='ocr_line' id='line_1_7' title="bbox 451 779 2107 850; baseline -0.004 -9"><span class='ocrx_word' id='word_1_36' title='bbox 451 784 581 841; x_wconf 93' lang='lat' dir='ltr'><strong>volo</strong></span> <span class='ocrx_word' id='word_1_37' title='bbox 612 788 667 839; x_wconf 92' lang='lat' dir='ltr'><strong>te</strong></span> <span class='ocrx_word' id='word_1_38' title='bbox 715 783 825 839; x_wconf 88' lang='lat' dir='ltr'><strong>hoc</strong></span> <span class='ocrx_word' id='word_1_39' title='bbox 876 781 1161 838; x_wconf 90' lang='lat' dir='ltr'><strong>desiderio</strong></span> <span class='ocrx_word' id='word_1_40' title='bbox 1212 781 1443 849; x_wconf 88' lang='lat' dir='ltr'><strong>satiare,</strong></span> <span class='ocrx_word' id='word_1_41' title='bbox 1476 785 1534 836; x_wconf 90' lang='lat' dir='ltr'><strong>et</strong></span> <span class='ocrx_word' id='word_1_42' title='bbox 1573 779 1735 850; x_wconf 86' lang='lat' dir='ltr'><strong>talia,</strong></span> <span class='ocrx_word' id='word_1_43' title='bbox 1769 784 1953 846; x_wconf 87' lang='lat' dir='ltr'><strong>tanta,</strong></span> <span class='ocrx_word' id='word_1_44' title='bbox 1984 784 2107 835; x_wconf 89' lang='lat' dir='ltr'><strong>tam</strong></span> 
     </span>
    </p>
   </div>
   <div class='ocr_carea' id='block_1_8' title="bbox 455 868 2106 944">
    <p class='ocr_par' dir='ltr' id='par_1_8' title="bbox 455 868 2106 944">
     <span class='ocr_line' id='line_1_8' title="bbox 455 868 2106 944; baseline -0.004 -15"><span class='ocrx_word' id='word_1_45' title='bbox 455 872 725 929; x_wconf 87' lang='lat' dir='ltr'><strong>inaudita</strong></span> <span class='ocrx_word' id='word_1_46' title='bbox 748 876 1042 944; x_wconf 85' lang='lat' dir='ltr'><strong>gestuum,</strong></span> <span class='ocrx_word' id='word_1_47' title='bbox 1076 870 1124 925; x_wconf 89' lang='lat' dir='ltr'><strong>si</strong></span> <span class='ocrx_word' id='word_1_48' title='bbox 1168 874 1364 925; x_wconf 90' lang='lat' dir='ltr'><strong>tamen</strong></span> <span class='ocrx_word' id='word_1_49' title='bbox 1396 874 1450 923; x_wconf 84' lang='lat' dir='ltr'><strong>et</strong></span> <span class='ocrx_word' id='word_1_50' title='bbox 1476 869 1875 925; x_wconf 88' lang='lat' dir='ltr'><strong>inventionum</strong></span> <span class='ocrx_word' id='word_1_51' title='bbox 1898 869 1986 939; x_wconf 85' lang='lat' dir='ltr'><strong>[f.,</strong></span> <span class='ocrx_word' id='word_1_52' title='bbox 2019 868 2106 922; x_wconf 92' lang='lat' dir='ltr'><strong>iu-</strong></span> 
     </span>
    </p>
   </div>
   <div class='ocr_carea' id='block_1_9' title="bbox 458 956 2108 1031">
    <p class='ocr_par' dir='ltr' id='par_1_9' title="bbox 458 956 2108 1031">
     <span class='ocr_line' id='line_1_9' title="bbox 458 956 2108 1031; baseline -0.004 -14"><span class='ocrx_word' id='word_1_53' title='bbox 458 961 807 1031; x_wconf 87' lang='lat' dir='ltr'><strong>tentionum]</strong></span> <span class='ocrx_word' id='word_1_54' title='bbox 838 960 1240 1016; x_wconf 84' lang='lat' dir='ltr'><strong>considerasse</strong></span> <span class='ocrx_word' id='word_1_55' title='bbox 1287 958 1392 1013; x_wconf 85' lang='lat' dir='ltr'><strong>tibi</strong></span> <span class='ocrx_word' id='word_1_56' title='bbox 1442 958 1645 1013; x_wconf 90' lang='lat' dir='ltr'><strong>datum</strong></span> <span class='ocrx_word' id='word_1_57' title='bbox 1692 956 1921 1024; x_wconf 86' lang='lat' dir='ltr'><strong>fuisset,</strong></span> <span class='ocrx_word' id='word_1_58' title='bbox 1953 957 2108 1029; x_wconf 85' lang='lat' dir='ltr'><strong>ipso-</strong></span> 
     </span>
    </p>
   </div>
   <div class='ocr_carea' id='block_1_10' title="bbox 459 1044 2109 1119">
    <p class='ocr_par' dir='ltr' id='par_1_10' title="bbox 459 1044 2109 1119">
     <span class='ocr_line' id='line_1_10' title="bbox 459 1044 2109 1119; baseline -0.004 -13"><span class='ocrx_word' id='word_1_59' title='bbox 459 1067 591 1106; x_wconf 87' lang='lat' dir='ltr'><strong>rum</strong></span> <span class='ocrx_word' id='word_1_60' title='bbox 635 1049 929 1105; x_wconf 85' lang='lat' dir='ltr'><strong>insaniam</strong></span> <span class='ocrx_word' id='word_1_61' title='bbox 979 1048 1051 1104; x_wconf 90' lang='lat' dir='ltr'><strong>de</strong></span> <span class='ocrx_word' id='word_1_62' title='bbox 1101 1063 1193 1102; x_wconf 89' lang='lat' dir='ltr'><strong>me</strong></span> <span class='ocrx_word' id='word_1_63' title='bbox 1242 1047 1367 1119; x_wconf 89' lang='lat' dir='ltr'><strong>ipso</strong></span> <span class='ocrx_word' id='word_1_64' title='bbox 1416 1046 1647 1115; x_wconf 87' lang='lat' dir='ltr'><strong>referre,</strong></span> <span class='ocrx_word' id='word_1_65' title='bbox 1681 1050 1747 1101; x_wconf 91' lang='lat' dir='ltr'><strong>ut</strong></span> <span class='ocrx_word' id='word_1_66' title='bbox 1775 1044 2109 1101; x_wconf 88' lang='lat' dir='ltr'><strong>oneratissi-</strong></span> 
     </span>
    </p>
   </div>
   <div class='ocr_carea' id='block_1_11' title="bbox 2218 597 3824 673">
    <p class='ocr_par' dir='ltr' id='par_1_11' title="bbox 2218 597 3824 673">
     <span class='ocr_line' id='line_1_11' title="bbox 2218 597 3824 673; baseline 0.002 -19"><span class='ocrx_word' id='word_1_67' title='bbox 2218 604 2362 673; x_wconf 89' lang='lat' dir='ltr'><strong>quot</strong></span> <span class='ocrx_word' id='word_1_68' title='bbox 2413 599 2748 666; x_wconf 90' lang='lat' dir='ltr'><strong>homicidia,</strong></span> <span class='ocrx_word' id='word_1_69' title='bbox 2809 597 3252 666; x_wconf 87' lang='lat' dir='ltr'><strong>exoculationes,</strong></span> <span class='ocrx_word' id='word_1_70' title='bbox 3313 599 3824 672; x_wconf 81' lang='lat' dir='ltr'><strong>exmembrationes,</strong></span> 
     </span>
    </p>
   </div>
   <div class='ocr_carea' id='block_1_12' title="bbox 2218 686 3825 763">
    <p class='ocr_par' dir='ltr' id='par_1_12' title="bbox 2218 686 3825 763">
     <span class='ocr_line' id='line_1_12' title="bbox 2218 686 3825 763; baseline 0.002 -19"><span class='ocrx_word' id='word_1_71' title='bbox 2218 690 2447 762; x_wconf 78' lang='lat' dir='ltr'><strong>praedae,</strong></span> <span class='ocrx_word' id='word_1_72' title='bbox 2481 688 2768 755; x_wconf 90' lang='lat' dir='ltr'><strong>incendia,</strong></span> <span class='ocrx_word' id='word_1_73' title='bbox 2800 687 3042 743; x_wconf 80' lang='lat' dir='ltr'><strong>vastitas</strong></span> <span class='ocrx_word' id='word_1_74' title='bbox 3086 704 3151 743; x_wconf 90' lang='lat' dir='ltr'><strong>ac</strong></span> <span class='ocrx_word' id='word_1_75' title='bbox 3195 686 3558 759; x_wconf 83' lang='lat' dir='ltr'><strong>depopulatio</strong></span> <span class='ocrx_word' id='word_1_76' title='bbox 3596 690 3825 763; x_wconf 88' lang='lat' dir='ltr'><strong>contige-</strong></span> 
     </span>
    </p>
   </div>
   <div class='ocr_carea' id='block_1_13' title="bbox 2219 775 3829 849">
    <p class='ocr_par' dir='ltr' id='par_1_13' title="bbox 2219 775 3829 849">
     <span class='ocr_line' id='line_1_13' title="bbox 2219 775 3829 849; baseline 0.002 -16"><span class='ocrx_word' id='word_1_77' title='bbox 2219 778 2358 834; x_wconf 88' lang='lat' dir='ltr'><strong>rint.</strong></span> <span class='ocrx_word' id='word_1_78' title='bbox 2392 778 2600 833; x_wconf 90' lang='lat' dir='ltr'><strong>Norica</strong></span> <span class='ocrx_word' id='word_1_79' title='bbox 2624 778 2794 849; x_wconf 89' lang='lat'>(520),</span> <span class='ocrx_word' id='word_1_80' title='bbox 2819 775 3004 843; x_wconf 84' lang='lat' dir='ltr'><strong>Italia,</strong></span> <span class='ocrx_word' id='word_1_81' title='bbox 3028 775 3355 843; x_wconf 87' lang='lat' dir='ltr'><strong>Germania,</strong></span> <span class='ocrx_word' id='word_1_82' title='bbox 3399 780 3567 849; x_wconf 86' lang='lat' dir='ltr'><strong>atque</strong></span> <span class='ocrx_word' id='word_1_83' title='bbox 3615 778 3829 836; x_wconf 85' lang='lat' dir='ltr'><strong>Francia</strong></span> 
     </span>
    </p>
   </div>
   <div class='ocr_carea' id='block_1_14' title="bbox 2223 864 3828 933">
    <p class='ocr_par' dir='ltr' id='par_1_14' title="bbox 2223 864 3828 933">
     <span class='ocr_line' id='line_1_14' title="bbox 2223 864 3828 933; baseline 0.001 -12"><span class='ocrx_word' id='word_1_84' title='bbox 2223 884 2317 922; x_wconf 90' lang='lat' dir='ltr'><strong>me</strong></span> <span class='ocrx_word' id='word_1_85' title='bbox 2348 866 2558 922; x_wconf 87' lang='lat' dir='ltr'><strong>melius</strong></span> <span class='ocrx_word' id='word_1_86' title='bbox 2592 865 2777 933; x_wconf 84' lang='lat' dir='ltr'><strong>fateri,</strong></span> <span class='ocrx_word' id='word_1_87' title='bbox 2803 864 2950 922; x_wconf 72' lang='lat'><strong>251</strong></span> <span class='ocrx_word' id='word_1_88' title='bbox 2989 881 3082 921; x_wconf 91' lang='lat' dir='ltr'><strong>me</strong></span> <span class='ocrx_word' id='word_1_89' title='bbox 3112 864 3322 920; x_wconf 87' lang='lat' dir='ltr'><strong>iterum</strong></span> <span class='ocrx_word' id='word_1_90' title='bbox 3355 865 3728 923; x_wconf 87' lang='lat' dir='ltr'><strong>miserrimam</strong></span> <span class='ocrx_word' id='word_1_91' title='bbox 3753 870 3828 923; x_wconf 90' lang='lat' dir='ltr'><strong>ta-</strong></span> 
     </span>
    </p>
   </div>
   <div class='ocr_carea' id='block_1_15' title="bbox 2220 952 3829 1027">
    <p class='ocr_par' dir='ltr' id='par_1_15' title="bbox 2220 952 3829 1027">
     <span class='ocr_line' id='line_1_15' title="bbox 2220 952 3829 1027; baseline 0.001 -17"><span class='ocrx_word' id='word_1_92' title='bbox 2220 954 2360 1022; x_wconf 89' lang='lat' dir='ltr'><strong>lem,</strong></span> <span class='ocrx_word' id='word_1_93' title='bbox 2392 954 2582 1027; x_wconf 85' lang='lat' dir='ltr'><strong>qualis</strong></span> <span class='ocrx_word' id='word_1_94' title='bbox 2628 954 2840 1011; x_wconf 87' lang='lat' dir='ltr'><strong>fuerim</strong></span> <span class='ocrx_word' id='word_1_95' title='bbox 2867 953 2955 1009; x_wconf 92' lang='lat' dir='ltr'><strong>vel</strong></span> <span class='ocrx_word' id='word_1_96' title='bbox 2985 953 3099 1009; x_wconf 92' lang='lat' dir='ltr'><strong>dici</strong></span> <span class='ocrx_word' id='word_1_97' title='bbox 3138 952 3269 1009; x_wconf 78' lang='lat' dir='ltr'><strong>talis</strong></span> <span class='ocrx_word' id='word_1_98' title='bbox 3308 954 3610 1026; x_wconf 73' lang='lat' dir='ltr'><strong>potuerim,</strong></span> <span class='ocrx_word' id='word_1_99' title='bbox 3637 954 3829 1012; x_wconf 87' lang='lat' dir='ltr'><strong>valent.</strong></span> 
     </span>
    </p>
   </div>
   <div class='ocr_carea' id='block_1_16' title="bbox 2223 1041 3832 1118">
    <p class='ocr_par' dir='ltr' id='par_1_16' title="bbox 2223 1041 3832 1118">
     <span class='ocr_line' id='line_1_16' title="bbox 2223 1041 3832 1118; baseline 0.001 -19"><span class='ocrx_word' id='word_1_100' title='bbox 2223 1044 2345 1100; x_wconf 93' lang='lat' dir='ltr'><strong>Duo</strong></span> <span class='ocrx_word' id='word_1_101' title='bbox 2372 1043 2651 1118; x_wconf 89' lang='lat' dir='ltr'><strong>legitima,</strong></span> <span class='ocrx_word' id='word_1_102' title='bbox 2667 1060 2797 1100; x_wconf 89' lang='lat' dir='ltr'><strong>mea</strong></span> <span class='ocrx_word' id='word_1_103' title='bbox 2817 1041 3007 1115; x_wconf 88' lang='lat' dir='ltr'><strong>culpa,</strong></span> <span class='ocrx_word' id='word_1_104' title='bbox 3023 1042 3331 1099; x_wconf 89' lang='lat' dir='ltr'><strong>dissociavi</strong></span> <span class='ocrx_word' id='word_1_105' title='bbox 3351 1043 3645 1116; x_wconf 83' lang='lat' dir='ltr'><strong>conjugis;</strong></span> <span class='ocrx_word' id='word_1_106' title='bbox 3666 1061 3832 1101; x_wconf 89' lang='lat' dir='ltr'><strong>unum</strong></span> 
     </span>
    </p>
   </div>
   <div class='ocr_carea' id='block_1_17' title="bbox 2222 1130 3836 1205">
    <p class='ocr_par' dir='ltr' id='par_1_17' title="bbox 2222 1130 3836 1205">
     <span class='ocr_line' id='line_1_17' title="bbox 2222 1130 3836 1205; baseline 0.002 -18"><span class='ocrx_word' id='word_1_107' title='bbox 2222 1133 2391 1205; x_wconf 90' lang='lat' dir='ltr'><strong>quasi</strong></span> <span class='ocrx_word' id='word_1_108' title='bbox 2414 1150 2548 1189; x_wconf 92' lang='lat' dir='ltr'><strong>cum</strong></span> <span class='ocrx_word' id='word_1_109' title='bbox 2574 1150 2634 1188; x_wconf 91' lang='lat' dir='ltr'><strong>re</strong></span> <span class='ocrx_word' id='word_1_110' title='bbox 2655 1134 2744 1205; x_wconf 94' lang='lat' dir='ltr'><strong>[f.,</strong></span> <span class='ocrx_word' id='word_1_111' title='bbox 2769 1130 2938 1204; x_wconf 90' lang='lat' dir='ltr'><strong>quasi</strong></span> <span class='ocrx_word' id='word_1_112' title='bbox 2960 1132 3137 1204; x_wconf 83' lang='lat' dir='ltr'><strong>jure],</strong></span> <span class='ocrx_word' id='word_1_113' title='bbox 3164 1131 3412 1188; x_wconf 89' lang='lat' dir='ltr'><strong>alterum</strong></span> <span class='ocrx_word' id='word_1_114' title='bbox 3437 1132 3739 1188; x_wconf 88' lang='lat' dir='ltr'><strong>miserabili</strong></span> <span class='ocrx_word' id='word_1_115' title='bbox 3759 1150 3836 1191; x_wconf 88' lang='lat' dir='ltr'><strong>so-</strong></span> 
     </span>
    </p>
   </div>
   <div class='ocr_carea' id='block_1_18' title="bbox 2220 1220 3831 1294">
    <p class='ocr_par' dir='ltr' id='par_1_18' title="bbox 2220 1220 3831 1294">
     <span class='ocr_line' id='line_1_18' title="bbox 2220 1220 3831 1294; baseline 0.001 -17"><span class='ocrx_word' id='word_1_116' title='bbox 2220 1220 2525 1278; x_wconf 91' lang='lat' dir='ltr'><strong>lummodo</strong></span> <span class='ocrx_word' id='word_1_117' title='bbox 2553 1220 3082 1293; x_wconf 86' lang='lat' dir='ltr'><strong>vanitate.Cogitet,</strong></span> <span class='ocrx_word' id='word_1_118' title='bbox 3113 1220 3214 1294; x_wconf 87' lang='lat' dir='ltr'><strong>qui</strong></span> <span class='ocrx_word' id='word_1_119' title='bbox 3242 1224 3454 1293; x_wconf 86' lang='lat' dir='ltr'><strong>potest,</strong></span> <span class='ocrx_word' id='word_1_120' title='bbox 3486 1221 3634 1278; x_wconf 87' lang='lat' dir='ltr'><strong>istud</strong></span> <span class='ocrx_word' id='word_1_121' title='bbox 3663 1222 3831 1279; x_wconf 88' lang='lat' dir='ltr'><strong>solum</strong></span> 
     </span>
    </p>
   </div>
   <div class='ocr_carea' id='block_1_19' title="bbox 2221 1309 3835 1384">
    <p class='ocr_par' dir='ltr' id='par_1_19' title="bbox 2221 1309 3835 1384">
     <span class='ocr_line' id='line_1_19' title="bbox 2221 1309 3835 1384; baseline 0.001 -18"><span class='ocrx_word' id='word_1_122' title='bbox 2221 1312 2426 1384; x_wconf 85' lang='lat' dir='ltr'><strong>quanti</strong></span> <span class='ocrx_word' id='word_1_123' title='bbox 2487 1316 2544 1367; x_wconf 92' lang='lat' dir='ltr'><strong>et</strong></span> <span class='ocrx_word' id='word_1_124' title='bbox 2596 1310 2890 1381; x_wconf 89' lang='lat' dir='ltr'><strong>ponderis,</strong></span> <span class='ocrx_word' id='word_1_125' title='bbox 2939 1312 3217 1366; x_wconf 80' lang='lat' dir='ltr'><strong>metiatur</strong></span> <span class='ocrx_word' id='word_1_126' title='bbox 3269 1309 3479 1379; x_wconf 88' lang='lat' dir='ltr'><strong>scelus,</strong></span> <span class='ocrx_word' id='word_1_127' title='bbox 3539 1310 3835 1367; x_wconf 86' lang='lat' dir='ltr'><strong>consideret</strong></span> 
     </span>
    </p>
   </div>
   <div class='ocr_carea' id='block_1_20' title="bbox 2221 1398 3833 1472">
    <p class='ocr_par' dir='ltr' id='par_1_20' title="bbox 2221 1398 3833 1472">
     <span class='ocr_line' id='line_1_20' title="bbox 2221 1398 3833 1472; baseline 0 -15"><span class='ocrx_word' id='word_1_128' title='bbox 2221 1400 2653 1457; x_wconf 87' lang='lat' dir='ltr'><strong>enormitatem.</strong></span> <span class='ocrx_word' id='word_1_129' title='bbox 2680 1399 2828 1463; x_wconf 86' lang='lat' dir='ltr'><strong>Quid</strong></span> <span class='ocrx_word' id='word_1_130' title='bbox 2861 1400 3086 1455; x_wconf 67' lang='lat' dir='ltr'><strong>misera:</strong></span> <span class='ocrx_word' id='word_1_131' title='bbox 3115 1398 3229 1455; x_wconf 88' lang='lat' dir='ltr'><strong>heu</strong></span> <span class='ocrx_word' id='word_1_132' title='bbox 3259 1398 3556 1455; x_wconf 85' lang='lat' dir='ltr'><strong>dicebant!</strong></span> <span class='ocrx_word' id='word_1_133' title='bbox 3589 1415 3724 1471; x_wconf 88' lang='lat' dir='ltr'><strong>quos</strong></span> <span class='ocrx_word' id='word_1_134' title='bbox 3749 1415 3833 1472; x_wconf 84' lang='lat' dir='ltr'><strong>ge-</strong></span> 
     </span>
    </p>
   </div>
   <div class='ocr_carea' id='block_1_21' title="bbox 2223 1487 3836 1561">
    <p class='ocr_par' dir='ltr' id='par_1_21' title="bbox 2223 1487 3836 1561">
     <span class='ocr_line' id='line_1_21' title="bbox 2223 1487 3836 1561; baseline 0 -16"><span class='ocrx_word' id='word_1_135' title='bbox 2223 1489 2423 1558; x_wconf 89' lang='lat' dir='ltr'><strong>mitus,</strong></span> <span class='ocrx_word' id='word_1_136' title='bbox 2447 1506 2573 1561; x_wconf 64' lang='lat' dir='ltr'><strong>quae</strong></span> <span class='ocrx_word' id='word_1_137' title='bbox 2604 1487 2860 1561; x_wconf 86' lang='lat' dir='ltr'><strong>suspiria</strong></span> <span class='ocrx_word' id='word_1_138' title='bbox 2889 1488 3145 1545; x_wconf 87' lang='lat' dir='ltr'><strong>dabant?</strong></span> <span class='ocrx_word' id='word_1_139' title='bbox 3175 1503 3311 1544; x_wconf 85' lang='lat' dir='ltr'><strong>cum</strong></span> <span class='ocrx_word' id='word_1_140' title='bbox 3343 1505 3461 1544; x_wconf 87' lang='lat' dir='ltr'><strong>una</strong></span> <span class='ocrx_word' id='word_1_141' title='bbox 3488 1504 3678 1545; x_wconf 87' lang='lat' dir='ltr'><strong>earum</strong></span> <span class='ocrx_word' id='word_1_142' title='bbox 3708 1488 3836 1545; x_wconf 60' lang='lat' dir='ltr'><strong>rivao</strong></span> 
     </span>
    </p>
   </div>
   <div class='ocr_carea' id='block_1_22' title="bbox 2220 1576 3838 1649">
    <p class='ocr_par' dir='ltr' id='par_1_22' title="bbox 2220 1576 3838 1649">
     <span class='ocr_line' id='line_1_22' title="bbox 2220 1576 3838 1649; baseline -0.001 -15"><span class='ocrx_word' id='word_1_143' title='bbox 2220 1578 2334 1635; x_wconf 91' lang='lat' dir='ltr'><strong>lem</strong></span> <span class='ocrx_word' id='word_1_144' title='bbox 2368 1579 2425 1633; x_wconf 91' lang='lat' dir='ltr'><strong>in</strong></span> <span class='ocrx_word' id='word_1_145' title='bbox 2455 1578 2610 1635; x_wconf 90' lang='lat' dir='ltr'><strong>edito</strong></span> <span class='ocrx_word' id='word_1_146' title='bbox 2639 1578 2859 1645; x_wconf 89' lang='lat' dir='ltr'><strong>sedere,</strong></span> <span class='ocrx_word' id='word_1_147' title='bbox 2889 1576 3053 1633; x_wconf 89' lang='lat' dir='ltr'><strong>basia</strong></span> <span class='ocrx_word' id='word_1_148' title='bbox 3077 1577 3188 1633; x_wconf 88' lang='lat' dir='ltr'><strong>sibi</strong></span> <span class='ocrx_word' id='word_1_149' title='bbox 3219 1577 3417 1649; x_wconf 90' lang='lat' dir='ltr'><strong>potius</strong></span> <span class='ocrx_word' id='word_1_150' title='bbox 3446 1577 3634 1633; x_wconf 86' lang='lat' dir='ltr'><strong>debita</strong></span> <span class='ocrx_word' id='word_1_151' title='bbox 3660 1578 3838 1634; x_wconf 90' lang='lat' dir='ltr'><strong>misce-</strong></span> 
     </span>
    </p>
   </div>
   <div class='ocr_carea' id='block_1_23' title="bbox 462 1665 3834 1743">
    <p class='ocr_par' dir='ltr' id='par_1_23' title="bbox 462 1665 3834 1743">
     <span class='ocr_line' id='line_1_23' title="bbox 462 1665 3834 1743; baseline -0.001 -17"><span class='ocrx_word' id='word_1_152' title='bbox 462 1688 605 1743; x_wconf 90' lang='lat' dir='ltr'><strong>pens</strong></span> <span class='ocrx_word' id='word_1_153' title='bbox 666 1670 879 1742; x_wconf 88' lang='lat' dir='ltr'><strong>quippe</strong></span> <span class='ocrx_word' id='word_1_154' title='bbox 936 1668 1141 1735; x_wconf 85' lang='lat' dir='ltr'><strong>suasit,</strong></span> <span class='ocrx_word' id='word_1_155' title='bbox 1204 1669 1317 1723; x_wconf 84' lang='lat' dir='ltr'><strong>Eva</strong></span> <span class='ocrx_word' id='word_1_156' title='bbox 1373 1667 1648 1743; x_wconf 85' lang='lat' dir='ltr'><strong>peccavit,</strong></span> <span class='ocrx_word' id='word_1_157' title='bbox 1696 1668 1797 1724; x_wconf 90' lang='lat' dir='ltr'><strong>sed</strong></span> <span class='ocrx_word' id='word_1_158' title='bbox 1856 1668 2113 1724; x_wconf 88' lang='lat' dir='ltr'><strong>suadens</strong></span> <span class='ocrx_word' id='word_1_159' title='bbox 2221 1685 2302 1736; x_wconf 91' lang='lat' dir='ltr'><strong>re,</strong></span> <span class='ocrx_word' id='word_1_160' title='bbox 2340 1668 2542 1724; x_wconf 89' lang='lat' dir='ltr'><strong>domui</strong></span> <span class='ocrx_word' id='word_1_161' title='bbox 2589 1665 2900 1738; x_wconf 82' lang='lat' dir='ltr'><strong>dominari,</strong></span> <span class='ocrx_word' id='word_1_162' title='bbox 2922 1666 3571 1739; x_wconf 86' lang='lat' dir='ltr'><strong>agendadisponere,se</strong></span> <span class='ocrx_word' id='word_1_163' title='bbox 3592 1666 3834 1735; x_wconf 87' lang='lat' dir='ltr'><strong>voluisse,</strong></span> 
     </span>
    </p>
   </div>
   <div class='ocr_carea' id='block_1_24' title="bbox 460 1755 3838 1829">
    <p class='ocr_par' dir='ltr' id='par_1_24' title="bbox 460 1755 3838 1829">
     <span class='ocr_line' id='line_1_24' title="bbox 460 1755 3838 1829; baseline -0.001 -14"><span class='ocrx_word' id='word_1_164' title='bbox 460 1759 621 1815; x_wconf 88' lang='lat' dir='ltr'><strong>nullo</strong></span> <span class='ocrx_word' id='word_1_165' title='bbox 694 1760 895 1826; x_wconf 91' lang='lat' dir='ltr'><strong>modo,</strong></span> <span class='ocrx_word' id='word_1_166' title='bbox 958 1757 1307 1829; x_wconf 89' lang='lat' dir='ltr'><strong>delinquens</strong></span> <span class='ocrx_word' id='word_1_167' title='bbox 1374 1757 1602 1812; x_wconf 81' lang='lat' dir='ltr'><strong>veniam</strong></span> <span class='ocrx_word' id='word_1_168' title='bbox 1675 1755 1889 1812; x_wconf 90' lang='lat' dir='ltr'><strong>meruit</strong></span> <span class='ocrx_word' id='word_1_169' title='bbox 1958 1756 2112 1813; x_wconf 71' lang='lat'><strong>250</strong></span> <span class='ocrx_word' id='word_1_170' title='bbox 2222 1756 2540 1829; x_wconf 87' lang='lat' dir='ltr'><strong>aspernari,</strong></span> <span class='ocrx_word' id='word_1_171' title='bbox 2573 1773 2635 1812; x_wconf 90' lang='lat' dir='ltr'><strong>se</strong></span> <span class='ocrx_word' id='word_1_172' title='bbox 2678 1755 2900 1812; x_wconf 87' lang='lat' dir='ltr'><strong>videret</strong></span> <span class='ocrx_word' id='word_1_173' title='bbox 2948 1755 3245 1811; x_wconf 74' lang='lat' dir='ltr'><strong>adhaerere</strong></span> <span class='ocrx_word' id='word_1_174' title='bbox 3294 1755 3499 1813; x_wconf 91' lang='lat' dir='ltr'><strong>cineri.</strong></span> <span class='ocrx_word' id='word_1_175' title='bbox 3531 1755 3713 1813; x_wconf 81' lang='lat' dir='ltr'><strong>Altera</strong></span> <span class='ocrx_word' id='word_1_176' title='bbox 3738 1755 3838 1813; x_wconf 90' lang='lat' dir='ltr'><strong>lon-</strong></span> 
     </span>
    </p>
   </div>
   <div class='ocr_carea' id='block_1_25' title="bbox 462 1844 3837 1948">
    <p class='ocr_par' dir='ltr' id='par_1_25' title="bbox 462 1844 3837 1948">
     <span class='ocr_line' id='line_1_25' title="bbox 462 1844 3837 1948; baseline -0.001 -44"><span class='ocrx_word' id='word_1_177' title='bbox 462 1865 695 1921; x_wconf 89' lang='lat' dir='ltr'><strong>quoquo</strong></span> <span class='ocrx_word' id='word_1_178' title='bbox 770 1848 964 1904; x_wconf 91' lang='lat' dir='ltr'><strong>modo.</strong></span> <span class='ocrx_word' id='word_1_179' title='bbox 1031 1846 1217 1901; x_wconf 82' lang='lat' dir='ltr'><strong>Judaei</strong></span> <span class='ocrx_word' id='word_1_180' title='bbox 1299 1846 1565 1916; x_wconf 78' lang='lat' dir='ltr'><strong>Cruciﬁge</strong></span> <span class='ocrx_word' id='word_1_181' title='bbox 1638 1844 2035 1901; x_wconf 89' lang='lat' dir='ltr'><strong>elamaverunt</strong></span> <span class='ocrx_word' id='word_1_182' title='bbox 2092 1860 2109 1902; x_wconf 85' lang='lat'><strong>:</strong></span> <span class='ocrx_word' id='word_1_183' title='bbox 2143 1882 2191 1948; x_wconf 77' lang='grc' dir='ltr'><strong>Β</strong></span> <span class='ocrx_word' id='word_1_184' title='bbox 2220 1846 2353 1919; x_wconf 87' lang='lat' dir='ltr'><strong>gius</strong></span> <span class='ocrx_word' id='word_1_185' title='bbox 2385 1845 2535 1913; x_wconf 90' lang='lat' dir='ltr'><strong>licet,</strong></span> <span class='ocrx_word' id='word_1_186' title='bbox 2574 1844 2844 1901; x_wconf 60' lang='lat' dir='ltr'><strong>amulum</strong></span> <span class='ocrx_word' id='word_1_187' title='bbox 2876 1844 3114 1901; x_wconf 87' lang='lat' dir='ltr'><strong>divitem</strong></span> <span class='ocrx_word' id='word_1_188' title='bbox 3154 1844 3404 1913; x_wconf 84' lang='lat' dir='ltr'><strong>audiret,</strong></span> <span class='ocrx_word' id='word_1_189' title='bbox 3438 1861 3611 1918; x_wconf 90' lang='lat' dir='ltr'><strong>seque</strong></span> <span class='ocrx_word' id='word_1_190' title='bbox 3647 1862 3837 1920; x_wconf 85' lang='lat' dir='ltr'><strong>paupe-</strong></span> 
     </span>
    </p>
   </div>
   <div class='ocr_carea' id='block_1_26' title="bbox 460 1933 3838 2009">
    <p class='ocr_par' dir='ltr' id='par_1_26' title="bbox 460 1933 3838 2009">
     <span class='ocr_line' id='line_1_26' title="bbox 460 1933 3838 2009; baseline -0.002 -15"><span class='ocrx_word' id='word_1_191' title='bbox 460 1938 834 1994; x_wconf 82' lang='lat' dir='ltr'><strong>cruciﬁxores</strong></span> <span class='ocrx_word' id='word_1_192' title='bbox 866 1935 1134 1992; x_wconf 83' lang='lat' dir='ltr'><strong>Crueiﬁxi</strong></span> <span class='ocrx_word' id='word_1_193' title='bbox 1179 1935 1527 2007; x_wconf 86' lang='lat' dir='ltr'><strong>sanguinem</strong></span> <span class='ocrx_word' id='word_1_194' title='bbox 1570 1935 1628 1989; x_wconf 93' lang='lat' dir='ltr'><strong>in</strong></span> <span class='ocrx_word' id='word_1_195' title='bbox 1660 1934 1907 1990; x_wconf 87' lang='lat' dir='ltr'><strong>salutem</strong></span> <span class='ocrx_word' id='word_1_196' title='bbox 1954 1936 2112 1991; x_wconf 91' lang='lat' dir='ltr'><strong>bibe-</strong></span> <span class='ocrx_word' id='word_1_197' title='bbox 2143 1933 2190 1948; x_wconf 81' lang='lat'><em>&quot;</em></span> <span class='ocrx_word' id='word_1_198' title='bbox 2223 1952 2347 1991; x_wconf 87' lang='lat' dir='ltr'><strong>rem</strong></span> <span class='ocrx_word' id='word_1_199' title='bbox 2376 1934 2630 1991; x_wconf 81' lang='lat' dir='ltr'><strong>videret?</strong></span> <span class='ocrx_word' id='word_1_200' title='bbox 2666 1933 2775 1989; x_wconf 91' lang='lat' dir='ltr'><strong>Sed</strong></span> <span class='ocrx_word' id='word_1_201' title='bbox 2830 1933 2990 2005; x_wconf 90' lang='lat' dir='ltr'><strong>quid,</strong></span> <span class='ocrx_word' id='word_1_202' title='bbox 3045 1933 3261 2007; x_wconf 86' lang='lat' dir='ltr'><strong>inquis,</strong></span> <span class='ocrx_word' id='word_1_203' title='bbox 3298 1934 3591 1991; x_wconf 85' lang='lat' dir='ltr'><strong>dicerent?</strong></span> <span class='ocrx_word' id='word_1_204' title='bbox 3635 1934 3838 2009; x_wconf 79' lang='lat' dir='ltr'><strong>Rogas?</strong></span> 
     </span>
    </p>
   </div>
   <div class='ocr_carea' id='block_1_27' title="bbox 464 2022 3837 2096">
    <p class='ocr_par' dir='ltr' id='par_1_27' title="bbox 464 2022 3837 2096">
     <span class='ocr_line' id='line_1_27' title="bbox 464 2022 3837 2096; baseline -0.001 -15"><span class='ocrx_word' id='word_1_205' title='bbox 464 2031 621 2081; x_wconf 90' lang='lat' dir='ltr'><strong>runt.</strong></span> <span class='ocrx_word' id='word_1_206' title='bbox 798 2084 799 2087; x_wconf 33' lang='grc' dir='ltr'><strong>η</strong></span> <span class='ocrx_word' id='word_1_207' title='bbox 2224 2024 2379 2096; x_wconf 92' lang='lat' dir='ltr'><strong>quod</strong></span> <span class='ocrx_word' id='word_1_208' title='bbox 2413 2022 2517 2078; x_wconf 89' lang='lat' dir='ltr'><strong>tibi</strong></span> <span class='ocrx_word' id='word_1_209' title='bbox 2550 2023 2729 2079; x_wconf 88' lang='lat' dir='ltr'><strong>miser</strong></span> <span class='ocrx_word' id='word_1_210' title='bbox 2757 2023 2919 2094; x_wconf 88' lang='lat' dir='ltr'><strong>justo</strong></span> <span class='ocrx_word' id='word_1_211' title='bbox 2949 2022 3191 2095; x_wconf 85' lang='lat' dir='ltr'><strong>contigit</strong></span> <span class='ocrx_word' id='word_1_212' title='bbox 3229 2023 3398 2079; x_wconf 88' lang='lat' dir='ltr'><strong>forte.</strong></span> <span class='ocrx_word' id='word_1_213' title='bbox 3430 2027 3512 2078; x_wconf 89' lang='lat' dir='ltr'><strong>&#39;l‘u</strong></span> <span class='ocrx_word' id='word_1_214' title='bbox 3541 2023 3688 2080; x_wconf 90' lang='lat' dir='ltr'><strong>enim</strong></span> <span class='ocrx_word' id='word_1_215' title='bbox 3715 2023 3837 2079; x_wconf 89' lang='lat' dir='ltr'><strong>dua-</strong></span> 
     </span>
    </p>
   </div>
   <div class='ocr_carea' id='block_1_28' title="bbox 532 2112 2112 2186">
    <p class='ocr_par' dir='ltr' id='par_1_28' title="bbox 532 2112 2112 2186">
     <span class='ocr_line' id='line_1_28' title="bbox 532 2112 2112 2186; baseline -0.001 -16"><span class='ocrx_word' id='word_1_216' title='bbox 532 2119 584 2171; x_wconf 86' lang='lat'><strong>2.</strong></span> <span class='ocrx_word' id='word_1_217' title='bbox 619 2115 835 2170; x_wconf 90' lang='lat' dir='ltr'><strong>Verum</strong></span> <span class='ocrx_word' id='word_1_218' title='bbox 869 2118 932 2169; x_wconf 90' lang='lat' dir='ltr'><strong>ut</strong></span> <span class='ocrx_word' id='word_1_219' title='bbox 953 2114 1270 2185; x_wconf 90' lang='lat' dir='ltr'><strong>jam,quod</strong></span> <span class='ocrx_word' id='word_1_220' title='bbox 1301 2112 1566 2186; x_wconf 89' lang='lat' dir='ltr'><strong>promisi,</strong></span> <span class='ocrx_word' id='word_1_221' title='bbox 1594 2113 1867 2180; x_wconf 81' lang='lat' dir='ltr'><strong>efficiam,</strong></span> <span class='ocrx_word' id='word_1_222' title='bbox 1900 2112 1974 2169; x_wconf 89' lang='lat' dir='ltr'><strong>ab</strong></span> <span class='ocrx_word' id='word_1_223' title='bbox 2018 2113 2112 2168; x_wconf 90' lang='lat' dir='ltr'><strong>in-</strong></span> 
     </span>
    </p>
   </div>
   <div class='ocr_carea' id='block_1_29' title="bbox 463 2201 2112 2276">
    <p class='ocr_par' dir='ltr' id='par_1_29' title="bbox 463 2201 2112 2276">
     <span class='ocr_line' id='line_1_29' title="bbox 463 2201 2112 2276; baseline -0.003 -14"><span class='ocrx_word' id='word_1_224' title='bbox 463 2206 646 2262; x_wconf 88' lang='lat' dir='ltr'><strong>fantia</strong></span> <span class='ocrx_word' id='word_1_225' title='bbox 675 2205 802 2276; x_wconf 88' lang='lat' dir='ltr'><strong>ipsa</strong></span> <span class='ocrx_word' id='word_1_226' title='bbox 833 2204 1089 2275; x_wconf 90' lang='lat' dir='ltr'><strong>pejorem</strong></span> <span class='ocrx_word' id='word_1_227' title='bbox 1122 2218 1216 2257; x_wconf 90' lang='lat' dir='ltr'><strong>me</strong></span> <span class='ocrx_word' id='word_1_228' title='bbox 1259 2206 1316 2257; x_wconf 87' lang='lat' dir='ltr'><strong>et</strong></span> <span class='ocrx_word' id='word_1_229' title='bbox 1358 2201 1801 2274; x_wconf 90' lang='lat' dir='ltr'><strong>implicatiorem</strong></span> <span class='ocrx_word' id='word_1_230' title='bbox 1847 2201 2112 2273; x_wconf 85' lang='lat' dir='ltr'><strong>ejusdem</strong></span> 
     </span>
    </p>
   </div>
   <div class='ocr_carea' id='block_1_30' title="bbox 462 2290 2111 2363">
    <p class='ocr_par' dir='ltr' id='par_1_30' title="bbox 462 2290 2111 2363">
     <span class='ocr_line' id='line_1_30' title="bbox 462 2290 2111 2363; baseline -0.003 -13"><span class='ocrx_word' id='word_1_231' title='bbox 462 2294 650 2349; x_wconf 61' lang='lat' dir='ltr'><strong>rotatis</strong></span> <span class='ocrx_word' id='word_1_232' title='bbox 675 2292 833 2346; x_wconf 82' lang='lat' dir='ltr'><strong>vitiis</strong></span> <span class='ocrx_word' id='word_1_233' title='bbox 863 2309 975 2346; x_wconf 89' lang='lat' dir='ltr'><strong>non</strong></span> <span class='ocrx_word' id='word_1_234' title='bbox 999 2291 1103 2346; x_wconf 86' lang='lat' dir='ltr'><strong>tibi</strong></span> <span class='ocrx_word' id='word_1_235' title='bbox 1129 2306 1276 2363; x_wconf 91' lang='lat' dir='ltr'><strong>opus</strong></span> <span class='ocrx_word' id='word_1_236' title='bbox 1306 2294 1395 2346; x_wconf 88' lang='lat' dir='ltr'><strong>est</strong></span> <span class='ocrx_word' id='word_1_237' title='bbox 1426 2307 1701 2363; x_wconf 67' lang='lat' dir='ltr'><strong>qumrere.</strong></span> <span class='ocrx_word' id='word_1_238' title='bbox 1725 2292 1805 2346; x_wconf 90' lang='lat' dir='ltr'><strong>Ad</strong></span> <span class='ocrx_word' id='word_1_239' title='bbox 1832 2290 2111 2362; x_wconf 86' lang='lat' dir='ltr'><strong>juvenile,</strong></span> 
     </span>
    </p>
   </div>
   <div class='ocr_carea' id='block_1_31' title="bbox 461 2380 2113 2448">
    <p class='ocr_par' dir='ltr' id='par_1_31' title="bbox 461 2380 2113 2448">
     <span class='ocr_line' id='line_1_31' title="bbox 461 2380 2113 2448; baseline -0.003 -9"><span class='ocrx_word' id='word_1_240' title='bbox 461 2400 595 2440; x_wconf 90' lang='lat' dir='ltr'><strong>eum</strong></span> <span class='ocrx_word' id='word_1_241' title='bbox 641 2383 844 2437; x_wconf 88' lang='lat' dir='ltr'><strong>datum</strong></span> <span class='ocrx_word' id='word_1_242' title='bbox 893 2383 999 2448; x_wconf 86' lang='lat' dir='ltr'><strong>est,</strong></span> <span class='ocrx_word' id='word_1_243' title='bbox 1029 2396 1216 2435; x_wconf 66' lang='lat' dir='ltr'><strong>savum</strong></span> <span class='ocrx_word' id='word_1_244' title='bbox 1265 2397 1398 2435; x_wconf 87' lang='lat' dir='ltr'><strong>cum</strong></span> <span class='ocrx_word' id='word_1_245' title='bbox 1428 2380 1740 2447; x_wconf 89' lang='lat' dir='ltr'><strong>venissem,</strong></span> <span class='ocrx_word' id='word_1_246' title='bbox 1772 2380 1984 2436; x_wconf 89' lang='lat' dir='ltr'><strong>abhinc</strong></span> <span class='ocrx_word' id='word_1_247' title='bbox 2032 2380 2113 2435; x_wconf 87' lang='lat' dir='ltr'><strong>ita</strong></span> 
     </span>
    </p>
   </div>
   <div class='ocr_carea' id='block_1_32' title="bbox 459 2466 2109 2541">
    <p class='ocr_par' dir='ltr' id='par_1_32' title="bbox 459 2466 2109 2541">
     <span class='ocr_line' id='line_1_32' title="bbox 459 2466 2109 2541; baseline -0.003 -12"><span class='ocrx_word' id='word_1_248' title='bbox 459 2478 515 2529; x_wconf 91' lang='lat' dir='ltr'><strong>et</strong></span> <span class='ocrx_word' id='word_1_249' title='bbox 545 2478 664 2527; x_wconf 88' lang='lat' dir='ltr'><strong>tam</strong></span> <span class='ocrx_word' id='word_1_250' title='bbox 700 2474 926 2525; x_wconf 89' lang='lat' dir='ltr'><strong>mature</strong></span> <span class='ocrx_word' id='word_1_251' title='bbox 970 2468 1115 2541; x_wconf 89' lang='lat' dir='ltr'><strong>coepi</strong></span> <span class='ocrx_word' id='word_1_252' title='bbox 1161 2468 1353 2524; x_wconf 90' lang='lat' dir='ltr'><strong>modis</strong></span> <span class='ocrx_word' id='word_1_253' title='bbox 1384 2467 1794 2524; x_wconf 90' lang='lat' dir='ltr'><strong>diversissimis</strong></span> <span class='ocrx_word' id='word_1_254' title='bbox 1822 2466 2109 2535; x_wconf 84' lang='lat' dir='ltr'><strong>lascivire,</strong></span> 
     </span>
    </p>
   </div>
   <div class='ocr_carea' id='block_1_33' title="bbox 457 2556 2111 2630">
    <p class='ocr_par' dir='ltr' id='par_1_33' title="bbox 457 2556 2111 2630">
     <span class='ocr_line' id='line_1_33' title="bbox 457 2556 2111 2630; baseline -0.002 -14"><span class='ocrx_word' id='word_1_255' title='bbox 457 2560 704 2627; x_wconf 85' lang='lat' dir='ltr'><strong>lenitati,</strong></span> <span class='ocrx_word' id='word_1_256' title='bbox 730 2559 881 2630; x_wconf 90' lang='lat' dir='ltr'><strong>jocis</strong></span> <span class='ocrx_word' id='word_1_257' title='bbox 912 2575 978 2613; x_wconf 90' lang='lat' dir='ltr'><strong>ao</strong></span> <span class='ocrx_word' id='word_1_258' title='bbox 1019 2556 1356 2613; x_wconf 89' lang='lat' dir='ltr'><strong>scurrilitati</strong></span> <span class='ocrx_word' id='word_1_259' title='bbox 1387 2574 1611 2625; x_wconf 88' lang='lat' dir='ltr'><strong>vacare,</strong></span> <span class='ocrx_word' id='word_1_260' title='bbox 1643 2561 1708 2612; x_wconf 92' lang='lat' dir='ltr'><strong>ut</strong></span> <span class='ocrx_word' id='word_1_261' title='bbox 1744 2557 1975 2614; x_wconf 88' lang='lat' dir='ltr'><strong>etiamsi</strong></span> <span class='ocrx_word' id='word_1_262' title='bbox 2006 2558 2111 2613; x_wconf 87' lang='lat' dir='ltr'><strong>tibi</strong></span> 
     </span>
    </p>
   </div>
   <div class='ocr_carea' id='block_1_34' title="bbox 459 2645 2111 2718">
    <p class='ocr_par' dir='ltr' id='par_1_34' title="bbox 459 2645 2111 2718">
     <span class='ocr_line' id='line_1_34' title="bbox 459 2645 2111 2718; baseline -0.001 -14"><span class='ocrx_word' id='word_1_263' title='bbox 459 2650 661 2705; x_wconf 86' lang='lat' dir='ltr'><strong>audire</strong></span> <span class='ocrx_word' id='word_1_264' title='bbox 696 2646 901 2703; x_wconf 89' lang='lat' dir='ltr'><strong>fuisset</strong></span> <span class='ocrx_word' id='word_1_265' title='bbox 931 2647 1171 2702; x_wconf 90' lang='lat' dir='ltr'><strong>omnino</strong></span> <span class='ocrx_word' id='word_1_266' title='bbox 1204 2645 1433 2712; x_wconf 87' lang='lat' dir='ltr'><strong>inutile,</strong></span> <span class='ocrx_word' id='word_1_267' title='bbox 1461 2646 1606 2701; x_wconf 88' lang='lat' dir='ltr'><strong>mihi</strong></span> <span class='ocrx_word' id='word_1_268' title='bbox 1630 2652 1828 2702; x_wconf 89' lang='lat' dir='ltr'><strong>tamen</strong></span> <span class='ocrx_word' id='word_1_269' title='bbox 1860 2663 1963 2718; x_wconf 92' lang='lat' dir='ltr'><strong>per</strong></span> <span class='ocrx_word' id='word_1_270' title='bbox 1990 2647 2111 2702; x_wconf 90' lang='lat' dir='ltr'><strong>sin-</strong></span> 
     </span>
    </p>
   </div>
   <div class='ocr_carea' id='block_1_35' title="bbox 457 2733 2114 2811">
    <p class='ocr_par' dir='ltr' id='par_1_35' title="bbox 457 2733 2114 2811">
     <span class='ocr_line' id='line_1_35' title="bbox 457 2733 2114 2811; baseline -0.001 -19"><span class='ocrx_word' id='word_1_271' title='bbox 457 2738 597 2811; x_wconf 85' lang='lat' dir='ltr'><strong>gula</strong></span> <span class='ocrx_word' id='word_1_272' title='bbox 641 2751 982 2792; x_wconf 88' lang='lat' dir='ltr'><strong>enumerare</strong></span> <span class='ocrx_word' id='word_1_273' title='bbox 1030 2738 1186 2789; x_wconf 90' lang='lat' dir='ltr'><strong>esset</strong></span> <span class='ocrx_word' id='word_1_274' title='bbox 1232 2733 1465 2804; x_wconf 90' lang='lat' dir='ltr'><strong>penitus</strong></span> <span class='ocrx_word' id='word_1_275' title='bbox 1516 2734 1896 2806; x_wconf 89' lang='lat' dir='ltr'><strong>impossibile.</strong></span> <span class='ocrx_word' id='word_1_276' title='bbox 1927 2735 2114 2806; x_wconf 88' lang='lat' dir='ltr'><strong>Abju-</strong></span> 
     </span>
    </p>
   </div>
   <div class='ocr_carea' id='block_1_36' title="bbox 459 2821 2116 2896">
    <p class='ocr_par' dir='ltr' id='par_1_36' title="bbox 459 2821 2116 2896">
     <span class='ocr_line' id='line_1_36' title="bbox 459 2821 2116 2896; baseline -0.001 -15"><span class='ocrx_word' id='word_1_277' title='bbox 459 2831 587 2881; x_wconf 89' lang='lat' dir='ltr'><strong>rata</strong></span> <span class='ocrx_word' id='word_1_278' title='bbox 608 2824 754 2896; x_wconf 83' lang='lat'>(519)</span> <span class='ocrx_word' id='word_1_279' title='bbox 784 2822 1013 2895; x_wconf 46' lang='lat' dir='ltr'><strong>I&#39;lugoni</strong></span> <span class='ocrx_word' id='word_1_280' title='bbox 1047 2839 1149 2895; x_wconf 90' lang='lat' dir='ltr'><strong>pro</strong></span> <span class='ocrx_word' id='word_1_281' title='bbox 1176 2821 1289 2877; x_wconf 83' lang='lat' dir='ltr'><strong>ﬁde</strong></span> <span class='ocrx_word' id='word_1_282' title='bbox 1318 2822 1679 2890; x_wconf 90' lang='lat' dir='ltr'><strong>ambitionis,</strong></span> <span class='ocrx_word' id='word_1_283' title='bbox 1702 2826 1876 2894; x_wconf 90' lang='lat' dir='ltr'><strong>atque</strong></span> <span class='ocrx_word' id='word_1_284' title='bbox 1896 2824 2116 2880; x_wconf 90' lang='lat' dir='ltr'><strong>animo-</strong></span> 
     </span>
    </p>
   </div>
   <div class='ocr_carea' id='block_1_37' title="bbox 460 2911 2116 2986">
    <p class='ocr_par' dir='ltr' id='par_1_37' title="bbox 460 2911 2116 2986">
     <span class='ocr_line' id='line_1_37' title="bbox 460 2911 2116 2986; baseline -0.001 -15"><span class='ocrx_word' id='word_1_285' title='bbox 460 2915 673 2979; x_wconf 85' lang='lat' dir='ltr'><strong>sitatis,</strong></span> <span class='ocrx_word' id='word_1_286' title='bbox 701 2913 818 2969; x_wconf 90' lang='lat' dir='ltr'><strong>imo</strong></span> <span class='ocrx_word' id='word_1_287' title='bbox 846 2911 1154 2968; x_wconf 88' lang='lat' dir='ltr'><strong>oblivionis</strong></span> <span class='ocrx_word' id='word_1_288' title='bbox 1184 2926 1413 2979; x_wconf 80' lang='lat' dir='ltr'><strong>eorum,</strong></span> <span class='ocrx_word' id='word_1_289' title='bbox 1437 2927 1567 2983; x_wconf 70' lang='lat' dir='ltr'><strong>qua:</strong></span> <span class='ocrx_word' id='word_1_290' title='bbox 1593 2927 1749 2967; x_wconf 90' lang='lat' dir='ltr'><strong>nunc</strong></span> <span class='ocrx_word' id='word_1_291' title='bbox 1780 2912 1988 2969; x_wconf 87' lang='lat' dir='ltr'><strong>merito</strong></span> <span class='ocrx_word' id='word_1_292' title='bbox 2018 2930 2116 2986; x_wconf 88' lang='lat' dir='ltr'><strong>pa-</strong></span> 
     </span>
    </p>
   </div>
   <div class='ocr_carea' id='block_1_38' title="bbox 457 2998 2117 3075">
    <p class='ocr_par' dir='ltr' id='par_1_38' title="bbox 457 2998 2117 3075">
     <span class='ocr_line' id='line_1_38' title="bbox 457 2998 2117 3075; baseline 0 -17"><span class='ocrx_word' id='word_1_293' title='bbox 457 3004 571 3058; x_wconf 89' lang='lat' dir='ltr'><strong>tior</strong></span> <span class='ocrx_word' id='word_1_294' title='bbox 597 2999 853 3075; x_wconf 82' lang='lat' dir='ltr'><strong>(mentiri</strong></span> <span class='ocrx_word' id='word_1_295' title='bbox 884 3000 1099 3072; x_wconf 90' lang='lat' dir='ltr'><strong>quippe</strong></span> <span class='ocrx_word' id='word_1_296' title='bbox 1131 3014 1246 3054; x_wconf 91' lang='lat' dir='ltr'><strong>non</strong></span> <span class='ocrx_word' id='word_1_297' title='bbox 1279 3000 1455 3067; x_wconf 90' lang='lat' dir='ltr'><strong>novit,</strong></span> <span class='ocrx_word' id='word_1_298' title='bbox 1480 2998 1580 3071; x_wconf 91' lang='lat' dir='ltr'><strong>qui</strong></span> <span class='ocrx_word' id='word_1_299' title='bbox 1611 2999 1794 3055; x_wconf 89' lang='lat' dir='ltr'><strong>dixit:</strong></span> <span class='ocrx_word' id='word_1_300' title='bbox 1837 3000 1943 3069; x_wconf 86' lang='lat' dir='ltr'><strong>Qui</strong></span> <span class='ocrx_word' id='word_1_301' title='bbox 1996 3002 2117 3059; x_wconf 84' lang='lat' dir='ltr'><strong>red-</strong></span> 
     </span>
    </p>
   </div>
   <div class='ocr_carea' id='block_1_39' title="bbox 460 3086 3840 3167">
    <p class='ocr_par' dir='ltr' id='par_1_39' title="bbox 460 3086 3840 3167">
     <span class='ocr_line' id='line_1_39' title="bbox 460 3086 3840 3167; baseline -0 -20"><span class='ocrx_word' id='word_1_302' title='bbox 460 3092 540 3147; x_wconf 89' lang='lat' dir='ltr'><strong>dit</strong></span> <span class='ocrx_word' id='word_1_303' title='bbox 571 3091 719 3146; x_wconf 86' lang='lat' dir='ltr'><strong>mala</strong></span> <span class='ocrx_word' id='word_1_304' title='bbox 758 3105 859 3160; x_wconf 87' lang='lat' dir='ltr'><strong>pro</strong></span> <span class='ocrx_word' id='word_1_305' title='bbox 892 3088 1066 3159; x_wconf 86' lang='lat' dir='ltr'><strong>bonis,</strong></span> <span class='ocrx_word' id='word_1_306' title='bbox 1092 3103 1204 3143; x_wconf 87' lang='lat' dir='ltr'><strong>non</strong></span> <span class='ocrx_word' id='word_1_307' title='bbox 1233 3088 1439 3145; x_wconf 80' lang='lat' dir='ltr'><strong>recedet</strong></span> <span class='ocrx_word' id='word_1_308' title='bbox 1475 3089 1642 3161; x_wconf 86' lang='lat' dir='ltr'><strong>plaga</strong></span> <span class='ocrx_word' id='word_1_309' title='bbox 1686 3088 1750 3143; x_wconf 87' lang='lat' dir='ltr'><strong>de</strong></span> <span class='ocrx_word' id='word_1_310' title='bbox 1795 3089 1949 3146; x_wconf 89' lang='lat' dir='ltr'><strong>domo</strong></span> <span class='ocrx_word' id='word_1_311' title='bbox 1997 3092 2115 3163; x_wconf 82' lang='lat' dir='ltr'><strong>ejus</strong></span> <span class='ocrx_word' id='word_1_312' title='bbox 2223 3086 2605 3146; x_wconf 91' lang='lat' dir='ltr'><strong>dicendorum</strong></span> <span class='ocrx_word' id='word_1_313' title='bbox 2661 3089 2995 3147; x_wconf 87' lang='lat' dir='ltr'><strong>miserrima</strong></span> <span class='ocrx_word' id='word_1_314' title='bbox 3038 3090 3224 3163; x_wconf 89' lang='lat' dir='ltr'><strong>copia,</strong></span> <span class='ocrx_word' id='word_1_315' title='bbox 3276 3109 3516 3149; x_wconf 87' lang='lat' dir='ltr'><strong>summa</strong></span> <span class='ocrx_word' id='word_1_316' title='bbox 3551 3094 3689 3167; x_wconf 87' lang='lat'><strong>(523)</strong></span> <span class='ocrx_word' id='word_1_317' title='bbox 3731 3090 3840 3157; x_wconf 88' lang='lat' dir='ltr'><strong>tibi,</strong></span> 
     </span>
    </p>
   </div>
   <div class='ocr_carea' id='block_1_40' title="bbox 463 3175 3842 3254">
    <p class='ocr_par' dir='ltr' id='par_1_40' title="bbox 463 3175 3842 3254">
     <span class='ocr_line' id='line_1_40' title="bbox 463 3175 3842 3254; baseline -0 -19"><span class='ocrx_word' id='word_1_318' title='bbox 463 3182 645 3252; x_wconf 90' lang='lat' dir='ltr'><strong>[Prov.</strong></span> <span class='ocrx_word' id='word_1_319' title='bbox 677 3195 815 3246; x_wconf 80' lang='lat' dir='ltr'><strong>xvn,</strong></span> <span class='ocrx_word' id='word_1_320' title='bbox 844 3177 962 3248; x_wconf 84' lang='lat'><strong>13];</strong></span> <span class='ocrx_word' id='word_1_321' title='bbox 999 3177 1153 3249; x_wconf 90' lang='lat' dir='ltr'><strong>quod</strong></span> <span class='ocrx_word' id='word_1_322' title='bbox 1185 3177 1245 3231; x_wconf 90' lang='lat' dir='ltr'><strong>in</strong></span> <span class='ocrx_word' id='word_1_323' title='bbox 1280 3181 1334 3232; x_wconf 89' lang='lat' dir='ltr'><strong>te</strong></span> <span class='ocrx_word' id='word_1_324' title='bbox 1364 3175 1425 3250; x_wconf 81' lang='grc' dir='ltr'><strong>[ι.</strong></span> <span class='ocrx_word' id='word_1_325' title='bbox 1456 3177 1515 3232; x_wconf 90' lang='lat' dir='ltr'><strong>in</strong></span> <span class='ocrx_word' id='word_1_326' title='bbox 1548 3177 1663 3248; x_wconf 90' lang='lat' dir='ltr'><strong>me]</strong></span> <span class='ocrx_word' id='word_1_327' title='bbox 1696 3176 1919 3249; x_wconf 90' lang='lat' dir='ltr'><strong>liquido</strong></span> <span class='ocrx_word' id='word_1_328' title='bbox 1951 3195 2113 3253; x_wconf 86' lang='lat' dir='ltr'><strong>cpm-</strong></span> <span class='ocrx_word' id='word_1_329' title='bbox 2153 3247 2184 3254; x_wconf 67' lang='lat'>_</span> <span class='ocrx_word' id='word_1_330' title='bbox 2224 3196 2441 3252; x_wconf 59' lang='lat' dir='ltr'><strong>quasso,</strong></span> <span class='ocrx_word' id='word_1_331' title='bbox 2474 3178 2729 3235; x_wconf 84' lang='lat' dir='ltr'><strong>sufﬁciat</strong></span> <span class='ocrx_word' id='word_1_332' title='bbox 2757 3177 2908 3251; x_wconf 90' lang='lat' dir='ltr'><strong>ipsa,</strong></span> <span class='ocrx_word' id='word_1_333' title='bbox 2937 3177 3020 3235; x_wconf 90' lang='lat' dir='ltr'><strong>nil</strong></span> <span class='ocrx_word' id='word_1_334' title='bbox 3052 3178 3165 3235; x_wconf 90' lang='lat' dir='ltr'><strong>nisi</strong></span> <span class='ocrx_word' id='word_1_335' title='bbox 3196 3182 3504 3253; x_wconf 86' lang='lat' dir='ltr'><strong>proprium</strong></span> <span class='ocrx_word' id='word_1_336' title='bbox 3533 3181 3723 3254; x_wconf 88' lang='lat' dir='ltr'><strong>utique</strong></span> <span class='ocrx_word' id='word_1_337' title='bbox 3747 3177 3842 3236; x_wconf 89' lang='lat' dir='ltr'><strong>eol-</strong></span> 
     </span>
    </p>
   </div>
   <div class='ocr_carea' id='block_1_41' title="bbox 465 3247 3839 3344">
    <p class='ocr_par' dir='ltr' id='par_1_41' title="bbox 465 3247 3839 3344">
     <span class='ocr_line' id='line_1_41' title="bbox 465 3247 3839 3344; baseline -0.001 -19"><span class='ocrx_word' id='word_1_338' title='bbox 465 3247 732 3342; x_wconf 77' lang='lat' dir='ltr'><strong>pletum),</strong></span> <span class='ocrx_word' id='word_1_339' title='bbox 766 3283 883 3321; x_wconf 92' lang='lat' dir='ltr'><strong>non</strong></span> <span class='ocrx_word' id='word_1_340' title='bbox 915 3247 1122 3335; x_wconf 81' lang='lat' dir='ltr'><strong>debes,</strong></span> <span class='ocrx_word' id='word_1_341' title='bbox 1156 3247 1522 3321; x_wconf 80' lang='lat' dir='ltr'><strong>miserrimus</strong></span> <span class='ocrx_word' id='word_1_342' title='bbox 1552 3247 1705 3334; x_wconf 88' lang='lat' dir='ltr'><strong>dico,</strong></span> <span class='ocrx_word' id='word_1_343' title='bbox 1735 3247 2110 3336; x_wconf 75' lang='lat' dir='ltr'><strong>conscientia,</strong></span> <span class='ocrx_word' id='word_1_344' title='bbox 2144 3247 2187 3315; x_wconf 82' lang='lat' dir='ltr'>C</span> <span class='ocrx_word' id='word_1_345' title='bbox 2225 3247 2493 3335; x_wconf 72' lang='lat' dir='ltr'><strong>lectione,</strong></span> <span class='ocrx_word' id='word_1_346' title='bbox 2523 3267 2658 3325; x_wconf 88' lang='lat' dir='ltr'><strong>licet</strong></span> <span class='ocrx_word' id='word_1_347' title='bbox 2704 3247 2966 3338; x_wconf 76' lang='lat' dir='ltr'><strong>alterius,</strong></span> <span class='ocrx_word' id='word_1_348' title='bbox 2998 3247 3217 3341; x_wconf 70' lang='lat' dir='ltr'><strong>parum</strong></span> <span class='ocrx_word' id='word_1_349' title='bbox 3251 3247 3394 3328; x_wconf 74' lang='lat' dir='ltr'><strong>licet</strong></span> <span class='ocrx_word' id='word_1_350' title='bbox 3441 3247 3683 3344; x_wconf 73' lang='lat' dir='ltr'><strong>propria,</strong></span> <span class='ocrx_word' id='word_1_351' title='bbox 3712 3266 3839 3324; x_wconf 88' lang='lat' dir='ltr'><strong>rela-</strong></span> 
     </span>
    </p>
   </div>
   <div class='ocr_carea' id='block_1_42' title="bbox 465 3353 2377 3431">
    <p class='ocr_par' dir='ltr' id='par_1_42' title="bbox 465 3353 2377 3431">
     <span class='ocr_line' id='line_1_42' title="bbox 465 3353 2377 3431; baseline 0.001 -18"><span class='ocrx_word' id='word_1_352' title='bbox 465 3374 593 3431; x_wconf 74' lang='lat' dir='ltr'><strong>quae</strong></span> <span class='ocrx_word' id='word_1_353' title='bbox 623 3372 779 3412; x_wconf 90' lang='lat' dir='ltr'><strong>nunc</strong></span> <span class='ocrx_word' id='word_1_354' title='bbox 809 3355 937 3428; x_wconf 89' lang='lat' dir='ltr'><strong>ipsa</strong></span> <span class='ocrx_word' id='word_1_355' title='bbox 967 3354 1226 3427; x_wconf 77' lang='lat' dir='ltr'><strong>[f.,ipse]</strong></span> <span class='ocrx_word' id='word_1_356' title='bbox 1257 3353 1482 3427; x_wconf 89' lang='lat' dir='ltr'><strong>loquar,</strong></span> <span class='ocrx_word' id='word_1_357' title='bbox 1507 3354 1708 3410; x_wconf 87' lang='lat' dir='ltr'><strong>mirari</strong></span> <span class='ocrx_word' id='word_1_358' title='bbox 1739 3372 1844 3429; x_wconf 91' lang='lat' dir='ltr'><strong>pro</strong></span> <span class='ocrx_word' id='word_1_359' title='bbox 1876 3356 2113 3426; x_wconf 88' lang='lat' dir='ltr'><strong>scelere,</strong></span> <span class='ocrx_word' id='word_1_360' title='bbox 2223 3360 2377 3414; x_wconf 90' lang='lat' dir='ltr'><strong>tura.</strong></span> 
     </span>
    </p>
   </div>
   <div class='ocr_carea' id='block_1_43' title="bbox 462 1134 2108 1214">
    <p class='ocr_par' dir='ltr' id='par_1_43' title="bbox 462 1134 2108 1214">
     <span class='ocr_line' id='line_1_43' title="bbox 462 1134 2108 1214; baseline -0.004 -19"><span class='ocrx_word' id='word_1_361' title='bbox 462 1156 625 1214; x_wconf 76' lang='lat' dir='ltr'><strong>mum</strong></span> <span class='ocrx_word' id='word_1_362' title='bbox 654 1144 709 1194; x_wconf 88' lang='lat' dir='ltr'><strong>te</strong></span> <span class='ocrx_word' id='word_1_363' title='bbox 755 1138 922 1205; x_wconf 89' lang='lat' dir='ltr'><strong>meis,</strong></span> <span class='ocrx_word' id='word_1_364' title='bbox 954 1136 1185 1193; x_wconf 88' lang='lat' dir='ltr'><strong>etiamsi</strong></span> <span class='ocrx_word' id='word_1_365' title='bbox 1242 1134 1405 1190; x_wconf 88' lang='lat' dir='ltr'><strong>nulla</strong></span> <span class='ocrx_word' id='word_1_366' title='bbox 1462 1134 1697 1207; x_wconf 89' lang='lat' dir='ltr'><strong>propria</strong></span> <span class='ocrx_word' id='word_1_367' title='bbox 1742 1134 1848 1189; x_wconf 88' lang='lat' dir='ltr'><strong>tibi</strong></span> <span class='ocrx_word' id='word_1_368' title='bbox 1893 1138 2108 1201; x_wconf 82' lang='lat' dir='ltr'><strong>essent,</strong></span> 
     </span>
    </p>
   </div>
   <div class='ocr_carea' id='block_1_44' title="bbox 460 1222 2112 1295">
    <p class='ocr_par' dir='ltr' id='par_1_44' title="bbox 460 1222 2112 1295">
     <span class='ocr_line' id='line_1_44' title="bbox 460 1222 2112 1295; baseline -0.004 -11"><span class='ocrx_word' id='word_1_369' title='bbox 460 1229 701 1284; x_wconf 87' lang='lat' dir='ltr'><strong>reddam</strong></span> <span class='ocrx_word' id='word_1_370' title='bbox 733 1226 1074 1292; x_wconf 90' lang='lat' dir='ltr'><strong>sceleribus,</strong></span> <span class='ocrx_word' id='word_1_371' title='bbox 1106 1229 1171 1279; x_wconf 85' lang='lat' dir='ltr'><strong>ut</strong></span> <span class='ocrx_word' id='word_1_372' title='bbox 1213 1224 1431 1279; x_wconf 86' lang='lat' dir='ltr'><strong>habeas</strong></span> <span class='ocrx_word' id='word_1_373' title='bbox 1460 1223 1663 1295; x_wconf 89' lang='lat' dir='ltr'><strong>utique</strong></span> <span class='ocrx_word' id='word_1_374' title='bbox 1710 1224 1770 1278; x_wconf 90' lang='lat' dir='ltr'><strong>in</strong></span> <span class='ocrx_word' id='word_1_375' title='bbox 1818 1222 1932 1278; x_wconf 89' lang='lat' dir='ltr'><strong>ista</strong></span> <span class='ocrx_word' id='word_1_376' title='bbox 1961 1226 2112 1290; x_wconf 87' lang='lat' dir='ltr'><strong>Qua-</strong></span> 
     </span>
    </p>
   </div>
   <div class='ocr_carea' id='block_1_45' title="bbox 462 1312 2111 1388">
    <p class='ocr_par' dir='ltr' id='par_1_45' title="bbox 462 1312 2111 1388">
     <span class='ocr_line' id='line_1_45' title="bbox 462 1312 2111 1388; baseline -0.002 -16"><span class='ocrx_word' id='word_1_377' title='bbox 462 1316 813 1388; x_wconf 87' lang='lat' dir='ltr'><strong>dragesima,</strong></span> <span class='ocrx_word' id='word_1_378' title='bbox 846 1316 999 1386; x_wconf 90' lang='lat' dir='ltr'><strong>quod</strong></span> <span class='ocrx_word' id='word_1_379' title='bbox 1032 1314 1295 1386; x_wconf 86' lang='lat' dir='ltr'><strong>plangas,</strong></span> <span class='ocrx_word' id='word_1_380' title='bbox 1320 1314 1462 1368; x_wconf 89' lang='lat' dir='ltr'><strong>dum</strong></span> <span class='ocrx_word' id='word_1_381' title='bbox 1494 1329 1554 1369; x_wconf 91' lang='lat' dir='ltr'><strong>es</strong></span> <span class='ocrx_word' id='word_1_382' title='bbox 1599 1328 1744 1383; x_wconf 92' lang='lat' dir='ltr'><strong>pene</strong></span> <span class='ocrx_word' id='word_1_383' title='bbox 1774 1312 1932 1367; x_wconf 89' lang='lat' dir='ltr'><strong>omni</strong></span> <span class='ocrx_word' id='word_1_384' title='bbox 1963 1317 2111 1368; x_wconf 89' lang='lat' dir='ltr'><strong>tem-</strong></span> 
     </span>
    </p>
   </div>
   <div class='ocr_carea' id='block_1_46' title="bbox 462 1399 2111 1479">
    <p class='ocr_par' dir='ltr' id='par_1_46' title="bbox 462 1399 2111 1479">
     <span class='ocr_line' id='line_1_46' title="bbox 462 1399 2111 1479; baseline -0.004 -18"><span class='ocrx_word' id='word_1_385' title='bbox 462 1421 602 1479; x_wconf 88' lang='lat' dir='ltr'><strong>pore</strong></span> <span class='ocrx_word' id='word_1_386' title='bbox 624 1422 657 1460; x_wconf 90' lang='lat' dir='ltr'><strong>a</strong></span> <span class='ocrx_word' id='word_1_387' title='bbox 687 1404 905 1459; x_wconf 87' lang='lat' dir='ltr'><strong>talibus</strong></span> <span class='ocrx_word' id='word_1_388' title='bbox 936 1403 1179 1458; x_wconf 88' lang='lat' dir='ltr'><strong>otiosus.</strong></span> <span class='ocrx_word' id='word_1_389' title='bbox 1214 1402 1325 1457; x_wconf 88' lang='lat' dir='ltr'><strong>Sed</strong></span> <span class='ocrx_word' id='word_1_390' title='bbox 1376 1417 1447 1456; x_wconf 90' lang='lat' dir='ltr'><strong>ne</strong></span> <span class='ocrx_word' id='word_1_391' title='bbox 1496 1401 1690 1473; x_wconf 89' lang='lat' dir='ltr'><strong>ipsum</strong></span> <span class='ocrx_word' id='word_1_392' title='bbox 1722 1401 1879 1472; x_wconf 91' lang='lat' dir='ltr'><strong>quod</strong></span> <span class='ocrx_word' id='word_1_393' title='bbox 1917 1399 2111 1474; x_wconf 91' lang='lat' dir='ltr'><strong>impu-</strong></span> 
     </span>
    </p>
   </div>
   <div class='ocr_carea' id='block_1_47' title="bbox 462 1489 2110 1565">
    <p class='ocr_par' dir='ltr' id='par_1_47' title="bbox 462 1489 2110 1565">
     <span class='ocr_line' id='line_1_47' title="bbox 462 1489 2110 1565; baseline -0.002 -17"><span class='ocrx_word' id='word_1_394' title='bbox 462 1493 583 1549; x_wconf 86' lang='lat' dir='ltr'><strong>listi</strong></span> <span class='ocrx_word' id='word_1_395' title='bbox 640 1491 965 1565; x_wconf 87' lang='lat' dir='ltr'><strong>perjurium</strong></span> <span class='ocrx_word' id='word_1_396' title='bbox 1025 1508 1138 1546; x_wconf 88' lang='lat' dir='ltr'><strong>non</strong></span> <span class='ocrx_word' id='word_1_397' title='bbox 1198 1507 1325 1546; x_wconf 89' lang='lat' dir='ltr'><strong>esse</strong></span> <span class='ocrx_word' id='word_1_398' title='bbox 1383 1489 1635 1545; x_wconf 68' lang='lat' dir='ltr'><strong>testimes</strong></span> <span class='ocrx_word' id='word_1_399' title='bbox 1692 1494 1883 1554; x_wconf 89' lang='lat' dir='ltr'><strong>tuum,</strong></span> <span class='ocrx_word' id='word_1_400' title='bbox 1932 1490 2110 1545; x_wconf 80' lang='lat' dir='ltr'><strong>Evam</strong></span> 
     </span>
    </p>
   </div>
   <div class='ocr_carea' id='block_1_48' title="bbox 462 1576 2111 1650">
    <p class='ocr_par' dir='ltr' id='par_1_48' title="bbox 462 1576 2111 1650">
     <span class='ocr_line' id='line_1_48' title="bbox 462 1576 2111 1650; baseline -0.002 -13"><span class='ocrx_word' id='word_1_401' title='bbox 462 1579 785 1648; x_wconf 78' lang='lat' dir='ltr'><strong>considera,</strong></span> <span class='ocrx_word' id='word_1_402' title='bbox 819 1598 1048 1646; x_wconf 89' lang='lat' dir='ltr'><strong>moneo,</strong></span> <span class='ocrx_word' id='word_1_403' title='bbox 1099 1583 1158 1635; x_wconf 89' lang='lat' dir='ltr'><strong>et</strong></span> <span class='ocrx_word' id='word_1_404' title='bbox 1205 1580 1261 1634; x_wconf 90' lang='lat' dir='ltr'><strong>in</strong></span> <span class='ocrx_word' id='word_1_405' title='bbox 1313 1582 1580 1650; x_wconf 89' lang='lat' dir='ltr'><strong>serpente</strong></span> <span class='ocrx_word' id='word_1_406' title='bbox 1625 1576 1946 1634; x_wconf 88' lang='lat' dir='ltr'><strong>diabolum.</strong></span> <span class='ocrx_word' id='word_1_407' title='bbox 1980 1579 2111 1633; x_wconf 87' lang='lat' dir='ltr'><strong>Ser-</strong></span> 
     </span>
    </p>
   </div>
   <div class='ocr_carea' id='block_1_49' title="bbox 2223 2110 3840 2186">
    <p class='ocr_par' dir='ltr' id='par_1_49' title="bbox 2223 2110 3840 2186">
     <span class='ocr_line' id='line_1_49' title="bbox 2223 2110 3840 2186; baseline 0.001 -20"><span class='ocrx_word' id='word_1_408' title='bbox 2223 2112 2335 2167; x_wconf 91' lang='lat' dir='ltr'><strong>bus</strong></span> <span class='ocrx_word' id='word_1_409' title='bbox 2365 2111 2552 2167; x_wconf 84' lang='lat' dir='ltr'><strong>tulisti</strong></span> <span class='ocrx_word' id='word_1_410' title='bbox 2591 2112 2855 2178; x_wconf 87' lang='lat' dir='ltr'><strong>maritos,</strong></span> <span class='ocrx_word' id='word_1_411' title='bbox 2885 2115 2941 2167; x_wconf 90' lang='lat' dir='ltr'><strong>te</strong></span> <span class='ocrx_word' id='word_1_412' title='bbox 2988 2113 3106 2168; x_wconf 92' lang='lat' dir='ltr'><strong>duo</strong></span> <span class='ocrx_word' id='word_1_413' title='bbox 3154 2110 3451 2185; x_wconf 90' lang='lat' dir='ltr'><strong>episcopia</strong></span> <span class='ocrx_word' id='word_1_414' title='bbox 3497 2112 3840 2186; x_wconf 79' lang='lat' dir='ltr'><strong>perdiderunt</strong></span> 
     </span>
    </p>
   </div>
   <div class='ocr_carea' id='block_1_50' title="bbox 2221 2199 3838 2275">
    <p class='ocr_par' dir='ltr' id='par_1_50' title="bbox 2221 2199 3838 2275">
     <span class='ocr_line' id='line_1_50' title="bbox 2221 2199 3838 2275; baseline 0.001 -21"><span class='ocrx_word' id='word_1_415' title='bbox 2221 2201 2413 2255; x_wconf 92' lang='lat' dir='ltr'><strong>virum</strong></span> <span class='ocrx_word' id='word_1_416' title='bbox 2444 2202 2614 2273; x_wconf 89' lang='lat'>(521),</span> <span class='ocrx_word' id='word_1_417' title='bbox 2642 2216 2700 2257; x_wconf 85' lang='lat' dir='ltr'><strong>et</strong></span> <span class='ocrx_word' id='word_1_418' title='bbox 2730 2200 2954 2256; x_wconf 89' lang='lat' dir='ltr'><strong>utinam</strong></span> <span class='ocrx_word' id='word_1_419' title='bbox 2985 2199 3133 2256; x_wconf 90' lang='lat' dir='ltr'><strong>nihil</strong></span> <span class='ocrx_word' id='word_1_420' title='bbox 3177 2200 3283 2256; x_wconf 87' lang='lat' dir='ltr'><strong>tibi</strong></span> <span class='ocrx_word' id='word_1_421' title='bbox 3317 2201 3392 2257; x_wconf 92' lang='lat' dir='ltr'><strong>ob</strong></span> <span class='ocrx_word' id='word_1_422' title='bbox 3436 2201 3544 2258; x_wconf 91' lang='lat' dir='ltr'><strong>hoc</strong></span> <span class='ocrx_word' id='word_1_423' title='bbox 3573 2201 3838 2275; x_wconf 85' lang='lat' dir='ltr'><strong>contingat</strong></span> 
     </span>
    </p>
   </div>
   <div class='ocr_carea' id='block_1_51' title="bbox 2220 2288 2578 2345">
    <p class='ocr_par' dir='ltr' id='par_1_51' title="bbox 2220 2288 2578 2345">
     <span class='ocr_line' id='line_1_51' title="bbox 2220 2288 2578 2345; baseline 0 -2"><span class='ocrx_word' id='word_1_424' title='bbox 2220 2289 2541 2345; x_wconf 88' lang='lat' dir='ltr'><strong>infaustius</strong></span> <span class='ocrx_word' id='word_1_425' title='bbox 2566 2288 2578 2343; x_wconf 69' lang='grc' dir='ltr'><strong>ι</strong></span> 
     </span>
    </p>
   </div>
   <div class='ocr_carea' id='block_1_52' title="bbox 2291 2378 3836 2452">
    <p class='ocr_par' dir='ltr' id='par_1_52' title="bbox 2291 2378 3836 2452">
     <span class='ocr_line' id='line_1_52' title="bbox 2291 2378 3836 2452; baseline 0.001 -19"><span class='ocrx_word' id='word_1_426' title='bbox 2291 2379 2344 2434; x_wconf 91' lang='lat'><strong>3.</strong></span> <span class='ocrx_word' id='word_1_427' title='bbox 2375 2378 2454 2435; x_wconf 90' lang='lat' dir='ltr'><strong>De</strong></span> <span class='ocrx_word' id='word_1_428' title='bbox 2499 2380 2766 2435; x_wconf 86' lang='lat' dir='ltr'><strong>Warneri</strong></span> <span class='ocrx_word' id='word_1_429' title='bbox 2818 2379 3015 2436; x_wconf 86' lang='lat' dir='ltr'><strong>fratris</strong></span> <span class='ocrx_word' id='word_1_430' title='bbox 3063 2379 3364 2452; x_wconf 89' lang='lat' dir='ltr'><strong>quondam</strong></span> <span class='ocrx_word' id='word_1_431' title='bbox 3414 2380 3577 2439; x_wconf 88' lang='lat' dir='ltr'><strong>ducis</strong></span> <span class='ocrx_word' id='word_1_432' title='bbox 3619 2380 3836 2437; x_wconf 88' lang='lat' dir='ltr'><strong>Canonis</strong></span> 
     </span>
    </p>
   </div>
   <div class='ocr_carea' id='block_1_53' title="bbox 2222 2467 3835 2543">
    <p class='ocr_par' dir='ltr' id='par_1_53' title="bbox 2222 2467 3835 2543">
     <span class='ocr_line' id='line_1_53' title="bbox 2222 2467 3835 2543; baseline 0.001 -21"><span class='ocrx_word' id='word_1_433' title='bbox 2222 2468 2371 2541; x_wconf 85' lang='lat'>(522)</span> <span class='ocrx_word' id='word_1_434' title='bbox 2424 2485 2656 2540; x_wconf 89' lang='lat' dir='ltr'><strong>quoque</strong></span> <span class='ocrx_word' id='word_1_435' title='bbox 2683 2468 2929 2542; x_wconf 72' lang='lat' dir='ltr'><strong>:ﬂagitio</strong></span> <span class='ocrx_word' id='word_1_436' title='bbox 2972 2467 3117 2523; x_wconf 89' lang='lat' dir='ltr'><strong>mihi</strong></span> <span class='ocrx_word' id='word_1_437' title='bbox 3155 2469 3556 2526; x_wconf 87' lang='lat' dir='ltr'><strong>infelicissimo</strong></span> <span class='ocrx_word' id='word_1_438' title='bbox 3601 2469 3835 2543; x_wconf 86' lang='lat' dir='ltr'><strong>contigit,</strong></span> 
     </span>
    </p>
   </div>
   <div class='ocr_carea' id='block_1_54' title="bbox 2222 2556 3835 2631">
    <p class='ocr_par' dir='ltr' id='par_1_54' title="bbox 2222 2556 3835 2631">
     <span class='ocr_line' id='line_1_54' title="bbox 2222 2556 3835 2631; baseline 0.001 -19"><span class='ocrx_word' id='word_1_439' title='bbox 2222 2557 2377 2630; x_wconf 91' lang='lat' dir='ltr'><strong>quod</strong></span> <span class='ocrx_word' id='word_1_440' title='bbox 2437 2556 2686 2614; x_wconf 84' lang='lat' dir='ltr'><strong>habetur</strong></span> <span class='ocrx_word' id='word_1_441' title='bbox 2725 2556 2786 2612; x_wconf 91' lang='lat' dir='ltr'><strong>in</strong></span> <span class='ocrx_word' id='word_1_442' title='bbox 2837 2556 3062 2630; x_wconf 91' lang='lat' dir='ltr'><strong>psalmo</strong></span> <span class='ocrx_word' id='word_1_443' title='bbox 3096 2574 3109 2612; x_wconf 86' lang='lat'><strong>:</strong></span> <span class='ocrx_word' id='word_1_444' title='bbox 3142 2557 3278 2613; x_wconf 83' lang='lat' dir='ltr'><strong>Cum</strong></span> <span class='ocrx_word' id='word_1_445' title='bbox 3326 2558 3606 2630; x_wconf 74' lang='lat' dir='ltr'><strong>adulteris,</strong></span> <span class='ocrx_word' id='word_1_446' title='bbox 3653 2557 3835 2631; x_wconf 88' lang='lat' dir='ltr'><strong>inquit,</strong></span> 
     </span>
    </p>
   </div>
   <div class='ocr_carea' id='block_1_55' title="bbox 2216 2646 3838 2720">
    <p class='ocr_par' dir='ltr' id='par_1_55' title="bbox 2216 2646 3838 2720">
     <span class='ocr_line' id='line_1_55' title="bbox 2216 2646 3838 2720; baseline 0 -18"><span class='ocrx_word' id='word_1_447' title='bbox 2216 2648 2521 2717; x_wconf 82' lang='lat' dir='ltr'><strong>portionem</strong></span> <span class='ocrx_word' id='word_1_448' title='bbox 2578 2654 2733 2702; x_wconf 87' lang='lat' dir='ltr'><strong>tuam</strong></span> <span class='ocrx_word' id='word_1_449' title='bbox 2783 2648 3021 2718; x_wconf 76' lang='lat' dir='ltr'><strong>ponebas</strong></span> <span class='ocrx_word' id='word_1_450' title='bbox 3051 2646 3221 2718; x_wconf 84' lang='lat' dir='ltr'><strong>(Psat.</strong></span> <span class='ocrx_word' id='word_1_451' title='bbox 3254 2664 3406 2716; x_wconf 80' lang='lat' dir='ltr'><strong>xux,</strong></span> <span class='ocrx_word' id='word_1_452' title='bbox 3442 2648 3552 2720; x_wconf 89' lang='grc'><strong>18).</strong></span> <span class='ocrx_word' id='word_1_453' title='bbox 3591 2648 3667 2704; x_wconf 91' lang='lat' dir='ltr'><strong>De</strong></span> <span class='ocrx_word' id='word_1_454' title='bbox 3717 2646 3838 2702; x_wconf 89' lang='lat' dir='ltr'><strong>locis</strong></span> 
     </span>
    </p>
   </div>
   <div class='ocr_carea' id='block_1_56' title="bbox 2223 2734 3840 2810">
    <p class='ocr_par' dir='ltr' id='par_1_56' title="bbox 2223 2734 3840 2810">
     <span class='ocr_line' id='line_1_56' title="bbox 2223 2734 3840 2810; baseline 0.001 -21"><span class='ocrx_word' id='word_1_455' title='bbox 2223 2734 2538 2807; x_wconf 84' lang='lat' dir='ltr'><strong>provisioni</strong></span> <span class='ocrx_word' id='word_1_456' title='bbox 2590 2751 2730 2790; x_wconf 64' lang='lat' dir='ltr'><strong>meae</strong></span> <span class='ocrx_word' id='word_1_457' title='bbox 2780 2735 3136 2802; x_wconf 87' lang='lat' dir='ltr'><strong>commissis,</strong></span> <span class='ocrx_word' id='word_1_458' title='bbox 3167 2751 3495 2810; x_wconf 87' lang='lat' dir='ltr'><strong>eorumque</strong></span> <span class='ocrx_word' id='word_1_459' title='bbox 3541 2735 3840 2809; x_wconf 85' lang='lat' dir='ltr'><strong>dilapidatis</strong></span> 
     </span>
    </p>
   </div>
   <div class='ocr_carea' id='block_1_57' title="bbox 2222 2823 3841 2900">
    <p class='ocr_par' dir='ltr' id='par_1_57' title="bbox 2222 2823 3841 2900">
     <span class='ocr_line' id='line_1_57' title="bbox 2222 2823 3841 2900; baseline 0.001 -21"><span class='ocrx_word' id='word_1_460' title='bbox 2222 2824 2592 2893; x_wconf 87' lang='lat' dir='ltr'><strong>substantiis,</strong></span> <span class='ocrx_word' id='word_1_461' title='bbox 2644 2823 2957 2880; x_wconf 90' lang='lat' dir='ltr'><strong>animabus</strong></span> <span class='ocrx_word' id='word_1_462' title='bbox 3015 2823 3319 2898; x_wconf 86' lang='lat' dir='ltr'><strong>neglectis,</strong></span> <span class='ocrx_word' id='word_1_463' title='bbox 3371 2843 3443 2884; x_wconf 88' lang='lat' dir='ltr'><strong>ne</strong></span> <span class='ocrx_word' id='word_1_464' title='bbox 3489 2843 3642 2900; x_wconf 86' lang='lat' dir='ltr'><strong>rogo,</strong></span> <span class='ocrx_word' id='word_1_465' title='bbox 3688 2826 3841 2882; x_wconf 82' lang='lat' dir='ltr'><strong>inter-</strong></span> 
     </span>
    </p>
   </div>
   <div class='ocr_carea' id='block_1_58' title="bbox 2214 2911 3841 2988">
    <p class='ocr_par' dir='ltr' id='par_1_58' title="bbox 2214 2911 3841 2988">
     <span class='ocr_line' id='line_1_58' title="bbox 2214 2911 3841 2988; baseline 0.001 -21"><span class='ocrx_word' id='word_1_466' title='bbox 2214 2924 2392 2985; x_wconf 83' lang='lat' dir='ltr'><strong>roges</strong></span> <span class='ocrx_word' id='word_1_467' title='bbox 2423 2931 2436 2969; x_wconf 92' lang='lat'><strong>:</strong></span> <span class='ocrx_word' id='word_1_468' title='bbox 2469 2911 2649 2969; x_wconf 89' lang='lat' dir='ltr'><strong>istum</strong></span> <span class='ocrx_word' id='word_1_469' title='bbox 2689 2911 3059 2969; x_wconf 91' lang='lat' dir='ltr'><strong>solummodo</strong></span> <span class='ocrx_word' id='word_1_470' title='bbox 3098 2912 3251 2978; x_wconf 87' lang='lat' dir='ltr'><strong>vide,</strong></span> <span class='ocrx_word' id='word_1_471' title='bbox 3280 2918 3341 2971; x_wconf 92' lang='lat' dir='ltr'><strong>et</strong></span> <span class='ocrx_word' id='word_1_472' title='bbox 3384 2916 3757 2988; x_wconf 88' lang='lat' dir='ltr'><strong>conjecturam</strong></span> <span class='ocrx_word' id='word_1_473' title='bbox 3782 2914 3841 2969; x_wconf 89' lang='lat' dir='ltr'><strong>de</strong></span> 
     </span>
    </p>
   </div>
   <div class='ocr_carea' id='block_1_59' title="bbox 2223 3000 3842 3074">
    <p class='ocr_par' dir='ltr' id='par_1_59' title="bbox 2223 3000 3842 3074">
     <span class='ocr_line' id='line_1_59' title="bbox 2223 3000 3842 3074; baseline 0.001 -18"><span class='ocrx_word' id='word_1_474' title='bbox 2223 3017 2290 3057; x_wconf 91' lang='lat' dir='ltr'><strong>eo</strong></span> <span class='ocrx_word' id='word_1_475' title='bbox 2316 3017 2476 3073; x_wconf 84' lang='lat' dir='ltr'><strong>cape.</strong></span> <span class='ocrx_word' id='word_1_476' title='bbox 2509 3001 2620 3057; x_wconf 82' lang='lat' dir='ltr'><strong>Sed</strong></span> <span class='ocrx_word' id='word_1_477' title='bbox 2668 3001 2808 3074; x_wconf 86' lang='lat' dir='ltr'><strong>quia</strong></span> <span class='ocrx_word' id='word_1_478' title='bbox 2851 3000 3057 3057; x_wconf 84' lang='lat' dir='ltr'><strong>defecit</strong></span> <span class='ocrx_word' id='word_1_479' title='bbox 3102 3004 3412 3072; x_wconf 89' lang='lat' dir='ltr'><strong>memoria,</strong></span> <span class='ocrx_word' id='word_1_480' title='bbox 3436 3021 3568 3061; x_wconf 91' lang='lat' dir='ltr'><strong>cum</strong></span> <span class='ocrx_word' id='word_1_481' title='bbox 3617 3002 3842 3060; x_wconf 85' lang='lat' dir='ltr'><strong>abundet</strong></span> 
     </span>
    </p>
   </div>
   <div class='ocr_carea' id='block_1_60' title="bbox 462 3470 2110 3547">
    <p class='ocr_par' dir='ltr' id='par_1_60' title="bbox 462 3470 2110 3547">
     <span class='ocr_line' id='line_1_60' title="bbox 462 3470 2110 3547; baseline -0.002 -15"><span class='ocrx_word' id='word_1_482' title='bbox 462 3473 839 3547; x_wconf 86' lang='lat' dir='ltr'><strong>ambigimus,</strong></span> <span class='ocrx_word' id='word_1_483' title='bbox 874 3472 1016 3545; x_wconf 91' lang='lat' dir='ltr'><strong>quin</strong></span> <span class='ocrx_word' id='word_1_484' title='bbox 1052 3476 1187 3547; x_wconf 70' lang='lat' dir='ltr'><strong>tam</strong></span> <span class='ocrx_word' id='word_1_485' title='bbox 1218 3470 1689 3547; x_wconf 10' lang='lat' dir='ltr'><strong>prolixumqopus</strong></span> <span class='ocrx_word' id='word_1_486' title='bbox 1726 3471 1793 3547; x_wconf 83' lang='lat' dir='ltr'><strong>in</strong></span> <span class='ocrx_word' id='word_1_487' title='bbox 1843 3473 2110 3547; x_wconf 82' lang='lat' dir='ltr'><strong>Lobiensi</strong></span> 
     </span>
    </p>
   </div>
   <div class='ocr_carea' id='block_1_61' title="bbox 461 3543 2905 3616">
    <p class='ocr_par' dir='ltr' id='par_1_61' title="bbox 461 3543 2905 3616">
     <span class='ocr_line' id='line_1_61' title="bbox 461 3543 2905 3616; baseline -0 -13"><span class='ocrx_word' id='word_1_488' title='bbox 461 3543 816 3603; x_wconf 69' lang='lat' dir='ltr'><strong>monasterio</strong></span> <span class='ocrx_word' id='word_1_489' title='bbox 865 3543 1247 3616; x_wconf 76' lang='lat' dir='ltr'><strong>custoditum,</strong></span> <span class='ocrx_word' id='word_1_490' title='bbox 1278 3547 1465 3616; x_wconf 89' lang='lat' dir='ltr'><strong>totum</strong></span> <span class='ocrx_word' id='word_1_491' title='bbox 1513 3543 1657 3616; x_wconf 74' lang='lat' dir='ltr'><strong>illud</strong></span> <span class='ocrx_word' id='word_1_492' title='bbox 1689 3544 1788 3610; x_wconf 89' lang='lat' dir='ltr'><strong>sit,</strong></span> <span class='ocrx_word' id='word_1_493' title='bbox 1816 3545 1971 3616; x_wconf 92' lang='lat' dir='ltr'><strong>quod</strong></span> <span class='ocrx_word' id='word_1_494' title='bbox 2006 3546 2113 3602; x_wconf 85' lang='lat' dir='ltr'><strong>Ra-</strong></span> <span class='ocrx_word' id='word_1_495' title='bbox 2220 3545 2344 3601; x_wconf 90' lang='lat' dir='ltr'><strong>sius</strong></span> <span class='ocrx_word' id='word_1_496' title='bbox 2379 3545 2768 3601; x_wconf 89' lang='lat' dir='ltr'><strong>disseruimus</strong></span> <span class='ocrx_word' id='word_1_497' title='bbox 2796 3548 2824 3615; x_wconf 89' lang='lat'>§</span> <span class='ocrx_word' id='word_1_498' title='bbox 2854 3547 2905 3602; x_wconf 87' lang='grc'><strong>4.</strong></span> 
     </span>
    </p>
   </div>
   <div class='ocr_carea' id='block_1_62' title="bbox 459 3614 3838 3692">
    <p class='ocr_par' dir='ltr' id='par_1_62' title="bbox 459 3614 3838 3692">
     <span class='ocr_line' id='line_1_62' title="bbox 459 3614 3838 3692; baseline -0.001 -19"><span class='ocrx_word' id='word_1_499' title='bbox 459 3616 684 3692; x_wconf 77' lang='lat' dir='ltr'><strong>therius</strong></span> <span class='ocrx_word' id='word_1_500' title='bbox 713 3616 905 3692; x_wconf 88' lang='lat' dir='ltr'><strong>reips_a</strong></span> <span class='ocrx_word' id='word_1_501' title='bbox 939 3614 1315 3692; x_wconf 82' lang='lat' dir='ltr'><strong>_l_u_eubravit_,_</strong></span> <span class='ocrx_word' id='word_1_502' title='bbox 1333 3614 1562 3692; x_wconf 83' lang='lat' dir='ltr'><strong>cuique_</strong></span> <span class='ocrx_word' id='word_1_503' title='bbox 1585 3614 1851 3692; x_wconf 70' lang='lat' dir='ltr'><strong>Excerpti</strong></span> <span class='ocrx_word' id='word_1_504' title='bbox 1871 3616 2110 3692; x_wconf 82' lang='lat' dir='ltr'><strong>titulum</strong></span> <span class='ocrx_word' id='word_1_505' title='bbox 2281 3618 2439 3692; x_wconf 74' lang='lat'>(520)</span> <span class='ocrx_word' id='word_1_506' title='bbox 2472 3616 2784 3692; x_wconf 77' lang='lat' dir='ltr'><strong>Provinciae</strong></span> <span class='ocrx_word' id='word_1_507' title='bbox 2808 3614 3190 3692; x_wconf 62' lang='lat' dir='ltr'><strong>indicantur,</strong></span> <span class='ocrx_word' id='word_1_508' title='bbox 3209 3617 3530 3692; x_wconf 78' lang='lat' dir='ltr'><strong>inquibus</strong></span> <span class='ocrx_word' id='word_1_509' title='bbox 3560 3616 3838 3692; x_wconf 74' lang='lat' dir='ltr'><strong>Ratherius</strong></span> 
     </span>
    </p>
   </div>
   <div class='ocr_carea' id='block_1_63' title="bbox 458 3685 3838 3761">
    <p class='ocr_par' dir='ltr' id='par_1_63' title="bbox 458 3685 3838 3761">
     <span class='ocr_line' id='line_1_63' title="bbox 458 3685 3838 3761; baseline -0.001 -15"><span class='ocrx_word' id='word_1_510' title='bbox 458 3694 516 3746; x_wconf 90' lang='lat' dir='ltr'><strong>et</strong></span> <span class='ocrx_word' id='word_1_511' title='bbox 562 3685 818 3744; x_wconf 76' lang='lat' dir='ltr'><strong>formam</strong></span> <span class='ocrx_word' id='word_1_512' title='bbox 858 3686 1090 3755; x_wconf 89' lang='lat' dir='ltr'><strong>indidit,</strong></span> <span class='ocrx_word' id='word_1_513' title='bbox 1132 3690 1198 3741; x_wconf 91' lang='lat' dir='ltr'><strong>ut</strong></span> <span class='ocrx_word' id='word_1_514' title='bbox 1243 3685 1359 3742; x_wconf 86' lang='lat' dir='ltr'><strong>alia</strong></span> <span class='ocrx_word' id='word_1_515' title='bbox 1401 3685 1667 3758; x_wconf 65' lang='lat' dir='ltr'><strong>quaedam</strong></span> <span class='ocrx_word' id='word_1_516' title='bbox 1717 3685 2111 3759; x_wconf 66' lang='lat' dir='ltr'><strong>praetermissa</strong></span> <span class='ocrx_word' id='word_1_517' title='bbox 2219 3685 2599 3761; x_wconf 81' lang='lat' dir='ltr'><strong>e_Veronensi</strong></span> <span class='ocrx_word' id='word_1_518' title='bbox 2629 3687 2774 3744; x_wconf 90' lang='lat' dir='ltr'><strong>urbe</strong></span> <span class='ocrx_word' id='word_1_519' title='bbox 2810 3688 3015 3761; x_wconf 52' lang='lat' dir='ltr'><strong>exsul,</strong></span> <span class='ocrx_word' id='word_1_520' title='bbox 3031 3705 3098 3744; x_wconf 87' lang='lat' dir='ltr'><strong>ac</strong></span> <span class='ocrx_word' id='word_1_521' title='bbox 3137 3685 3410 3761; x_wconf 68' lang='lat' dir='ltr'><strong>pluribus</strong></span> <span class='ocrx_word' id='word_1_522' title='bbox 3439 3689 3838 3761; x_wconf 78' lang='lat' dir='ltr'><strong>calamitatibus</strong></span> 
     </span>
    </p>
   </div>
   <div class='ocr_carea' id='block_1_64' title="bbox 459 3758 3837 3837">
    <p class='ocr_par' dir='ltr' id='par_1_64' title="bbox 459 3758 3837 3837">
     <span class='ocr_line' id='line_1_64' title="bbox 459 3758 3837 3837; baseline -0 -23"><span class='ocrx_word' id='word_1_523' title='bbox 459 3761 756 3837; x_wconf 35' lang='lat' dir='ltr'><strong>innue‘ret.</strong></span> <span class='ocrx_word' id='word_1_524' title='bbox 1135 3831 1144 3837; x_wconf 28' lang='grc' dir='ltr'><strong><em>η</em></strong></span> <span class='ocrx_word' id='word_1_525' title='bbox 1211 3829 1229 3837; x_wconf 37' lang='grc' dir='ltr'><strong>Δ</strong></span> <span class='ocrx_word' id='word_1_526' title='bbox 1299 3828 1309 3837; x_wconf 86' lang='lat'>_</span> <span class='ocrx_word' id='word_1_527' title='bbox 1469 3828 1520 3837; x_wconf 48' lang='grc' dir='ltr'>η</span> <span class='ocrx_word' id='word_1_528' title='bbox 1624 3831 1633 3837; x_wconf 85' lang='lat'>_</span> <span class='ocrx_word' id='word_1_529' title='bbox 1722 3758 1734 3759; x_wconf 31' lang='grc' dir='ltr'>ί</span> <span class='ocrx_word' id='word_1_530' title='bbox 2021 3830 2033 3837; x_wconf 87' lang='lat'><strong>_</strong></span> <span class='ocrx_word' id='word_1_531' title='bbox 2218 3759 2840 3837; x_wconf 79' lang='lat' dir='ltr'><strong>9_bn_oxius_divagatus</strong></span> <span class='ocrx_word' id='word_1_532' title='bbox 2861 3764 2969 3837; x_wconf 75' lang='lat' dir='ltr'><strong>est.</strong></span> <span class='ocrx_word' id='word_1_533' title='bbox 2996 3760 3060 3837; x_wconf 87' lang='lat' dir='ltr'><strong>I_n</strong></span> <span class='ocrx_word' id='word_1_534' title='bbox 3081 3758 3378 3837; x_wconf 66' lang='lat' dir='ltr'><strong>Qualitatis</strong></span> <span class='ocrx_word' id='word_1_535' title='bbox 3396 3765 3698 3837; x_wconf 73' lang='lat' dir='ltr'><strong>conjectura</strong></span> <span class='ocrx_word' id='word_1_536' title='bbox 3719 3776 3769 3837; x_wconf 62' lang='grc' dir='ltr'><strong>ρ.</strong></span> <span class='ocrx_word' id='word_1_537' title='bbox 3790 3758 3837 3827; x_wconf 88' lang='grc'><strong>3,</strong></span> 
     </span>
    </p>
   </div>
   <div class='ocr_carea' id='block_1_65' title="bbox 529 3826 3839 3909">
    <p class='ocr_par' dir='ltr' id='par_1_65' title="bbox 529 3826 3839 3909">
     <span class='ocr_line' id='line_1_65' title="bbox 529 3826 3839 3909; baseline 0 -25"><span class='ocrx_word' id='word_1_538' title='bbox 529 3829 679 3899; x_wconf 88' lang='lat'>(518)</span> <span class='ocrx_word' id='word_1_539' title='bbox 715 3829 888 3909; x_wconf 66' lang='lat' dir='ltr'><strong>Unum</strong></span> <span class='ocrx_word' id='word_1_540' title='bbox 936 3826 1154 3909; x_wconf 83' lang='lat' dir='ltr'><strong>scilicet</strong></span> <span class='ocrx_word' id='word_1_541' title='bbox 1195 3828 1432 3906; x_wconf 85' lang='lat' dir='ltr'><strong>facinus,</strong></span> <span class='ocrx_word' id='word_1_542' title='bbox 1465 3828 1522 3883; x_wconf 94' lang='lat' dir='ltr'><strong>id</strong></span> <span class='ocrx_word' id='word_1_543' title='bbox 1554 3831 1643 3909; x_wconf 76' lang='lat' dir='ltr'><strong>est</strong></span> <span class='ocrx_word' id='word_1_544' title='bbox 1682 3845 1872 3909; x_wconf 75' lang='lat' dir='ltr'><strong>unum</strong></span> <span class='ocrx_word' id='word_1_545' title='bbox 1909 3830 2108 3909; x_wconf 82' lang='lat' dir='ltr'><strong>perju-</strong></span> <span class='ocrx_word' id='word_1_546' title='bbox 2219 3829 2466 3909; x_wconf 76' lang='lat' dir='ltr'><strong>Italiam,</strong></span> <span class='ocrx_word' id='word_1_547' title='bbox 2519 3826 2847 3909; x_wconf 60' lang='lat' dir='ltr'><strong>ljranciam,</strong></span> <span class='ocrx_word' id='word_1_548' title='bbox 2900 3826 3220 3909; x_wconf 55' lang='grc' dir='ltr'><strong>Νοιιξθείω,Δ</strong></span> <span class='ocrx_word' id='word_1_549' title='bbox 3251 3826 3669 3909; x_wconf 74' lang='lat' dir='ltr'><strong>Burgundiam,</strong></span> <span class='ocrx_word' id='word_1_550' title='bbox 3721 3826 3839 3887; x_wconf 53' lang='lat' dir='ltr'><strong>Pro?</strong></span> 
     </span>
    </p>
   </div>
   <div class='ocr_carea' id='block_1_66' title="bbox 458 3899 3839 3982">
    <p class='ocr_par' dir='ltr' id='par_1_66' title="bbox 458 3899 3839 3982">
     <span class='ocr_line' id='line_1_66' title="bbox 458 3899 3839 3982; baseline 0.001 -28"><span class='ocrx_word' id='word_1_551' title='bbox 458 3900 651 3982; x_wconf 74' lang='lat' dir='ltr'><strong>rium;</strong></span> <span class='ocrx_word' id='word_1_552' title='bbox 686 3899 859 3965; x_wconf 89' lang='lat' dir='ltr'><strong>unde,</strong></span> <span class='ocrx_word' id='word_1_553' title='bbox 885 3902 1016 3970; x_wconf 88' lang='lat' dir='ltr'><strong>post</strong></span> <span class='ocrx_word' id='word_1_554' title='bbox 1047 3913 1252 3969; x_wconf 89' lang='lat' dir='ltr'><strong>pauca,</strong></span> <span class='ocrx_word' id='word_1_555' title='bbox 1277 3902 1457 3969; x_wconf 86' lang='lat' dir='ltr'><strong>ipsum</strong></span> <span class='ocrx_word' id='word_1_556' title='bbox 1486 3899 1624 3969; x_wconf 87' lang='lat' dir='ltr'><strong>quod</strong></span> <span class='ocrx_word' id='word_1_557' title='bbox 1672 3899 1944 3971; x_wconf 83' lang='lat' dir='ltr'><strong>impulisti</strong></span> <span class='ocrx_word' id='word_1_558' title='bbox 1979 3899 2107 3972; x_wconf 78' lang='lat' dir='ltr'><strong>per-</strong></span> <span class='ocrx_word' id='word_1_559' title='bbox 2216 3900 2488 3982; x_wconf 79' lang='lat' dir='ltr'><strong>vinciam,</strong></span> <span class='ocrx_word' id='word_1_560' title='bbox 2523 3901 2968 3974; x_wconf 86' lang='lat' dir='ltr'><strong>Septimaniam,</strong></span> <span class='ocrx_word' id='word_1_561' title='bbox 3011 3899 3348 3973; x_wconf 84' lang='lat' dir='ltr'><strong>Saxoniam,</strong></span> <span class='ocrx_word' id='word_1_562' title='bbox 3374 3899 3441 3963; x_wconf 61' lang='lat' dir='ltr'><strong>Et</strong></span> <span class='ocrx_word' id='word_1_563' title='bbox 3469 3899 3725 3963; x_wconf 84' lang='lat' dir='ltr'><strong>Sueviam</strong></span> <span class='ocrx_word' id='word_1_564' title='bbox 3751 3917 3839 3957; x_wconf 89' lang='lat' dir='ltr'><strong>no-</strong></span> 
     </span>
    </p>
   </div>
   <div class='ocr_carea' id='block_1_67' title="bbox 486 3973 2426 4029">
    <p class='ocr_par' dir='ltr' id='par_1_67' title="bbox 486 3973 2426 4029">
     <span class='ocr_line' id='line_1_67' title="bbox 486 3973 2426 4029; baseline 0.002 -4"><span class='ocrx_word' id='word_1_565' title='bbox 486 3973 693 4025; x_wconf 87' lang='lat' dir='ltr'><strong>urium.</strong></span> <span class='ocrx_word' id='word_1_566' title='bbox 2220 3973 2426 4029; x_wconf 89' lang='lat' dir='ltr'><strong>minat.</strong></span> 
     </span>
    </p>
   </div>
   <div class='ocr_carea' id='block_1_68' title="bbox 452 3988 3839 4167">
    <p class='ocr_par' dir='ltr' id='par_1_68' title="bbox 452 3988 3839 4167">
     <span class='ocr_line' id='line_1_68' title="bbox 486 3988 2426 4029; baseline 0.002 -4"><span class='ocrx_word' id='word_1_567' title='bbox 486 3988 693 4025; x_wconf 79' lang='lat' dir='ltr'><strong>unum.</strong></span> <span class='ocrx_word' id='word_1_568' title='bbox 2220 3988 2426 4029; x_wconf 84' lang='lat' dir='ltr'><strong>mmat.</strong></span> 
     </span>
     <span class='ocr_line' id='line_1_69' title="bbox 452 3988 3839 4167; baseline 0 -71"><span class='ocrx_word' id='word_1_569' title='bbox 452 3988 478 4042; x_wconf 63' lang='lat' dir='ltr'><strong><em>J</em></strong></span> <span class='ocrx_word' id='word_1_570' title='bbox 530 4040 679 4167; x_wconf 62' lang='lat' dir='ltr'>(I519)</span> <span class='ocrx_word' id='word_1_571' title='bbox 708 4041 894 4121; x_wconf 64' lang='lat' dir='ltr'><strong>Locus</strong></span> <span class='ocrx_word' id='word_1_572' title='bbox 915 4037 1274 4110; x_wconf 86' lang='lat' dir='ltr'><strong>perdifﬁcilis</strong></span> <span class='ocrx_word' id='word_1_573' title='bbox 1301 4044 1357 4094; x_wconf 92' lang='lat' dir='ltr'><strong>et</strong></span> <span class='ocrx_word' id='word_1_574' title='bbox 1378 4040 1716 4121; x_wconf 76' lang='lat' dir='ltr'><strong>mendosus,</strong></span> <span class='ocrx_word' id='word_1_575' title='bbox 1744 4040 1801 4096; x_wconf 87' lang='lat' dir='ltr'><strong>in</strong></span> <span class='ocrx_word' id='word_1_576' title='bbox 1830 4057 1944 4112; x_wconf 90' lang='lat' dir='ltr'><strong>quo</strong></span> <span class='ocrx_word' id='word_1_577' title='bbox 1967 4059 2111 4099; x_wconf 89' lang='lat' dir='ltr'><strong>non-</strong></span> <span class='ocrx_word' id='word_1_578' title='bbox 2289 4045 2435 4116; x_wconf 89' lang='grc'>(521)</span> <span class='ocrx_word' id='word_1_579' title='bbox 2468 4043 2783 4100; x_wconf 80' lang='lat' dir='ltr'><strong>Ratherius</strong></span> <span class='ocrx_word' id='word_1_580' title='bbox 2821 4043 3042 4100; x_wconf 86' lang='lat' dir='ltr'><strong>scilicet</strong></span> <span class='ocrx_word' id='word_1_581' title='bbox 3088 4044 3210 4102; x_wconf 64' lang='lat' dir='ltr'><strong>haec</strong></span> <span class='ocrx_word' id='word_1_582' title='bbox 3260 4048 3503 4122; x_wconf 87' lang='lat' dir='ltr'><strong>scripsit</strong></span> <span class='ocrx_word' id='word_1_583' title='bbox 3530 4063 3659 4105; x_wconf 91' lang='lat' dir='ltr'><strong>cum</strong></span> <span class='ocrx_word' id='word_1_584' title='bbox 3687 4044 3839 4099; x_wconf 86' lang='lat' dir='ltr'><strong>Vero-</strong></span> 
     </span>
     <span class='ocr_line' id='line_1_70' title="bbox 459 4109 3839 4167; baseline 0 0"><span class='ocrx_word' id='word_1_585' title='bbox 459 4130 538 4167; x_wconf 91' lang='lat' dir='ltr'><strong>nu</strong></span> <span class='ocrx_word' id='word_1_586' title='bbox 567 4112 631 4167; x_wconf 72' lang='lat' dir='ltr'><strong>Ia:</strong></span> <span class='ocrx_word' id='word_1_587' title='bbox 654 4116 827 4166; x_wconf 76' lang='lat' dir='ltr'><strong>etiam</strong></span> <span class='ocrx_word' id='word_1_588' title='bbox 852 4126 1018 4166; x_wconf 87' lang='lat' dir='ltr'><strong>voces</strong></span> <span class='ocrx_word' id='word_1_589' title='bbox 1050 4114 1215 4166; x_wconf 87' lang='lat' dir='ltr'><strong>extra</strong></span> <span class='ocrx_word' id='word_1_590' title='bbox 1249 4126 1549 4167; x_wconf 78' lang='lat' dir='ltr'><strong>nronrium</strong></span> <span class='ocrx_word' id='word_1_591' title='bbox 1580 4109 1773 4167; x_wconf 89' lang='lat' dir='ltr'><strong>locum</strong></span> <span class='ocrx_word' id='word_1_592' title='bbox 1803 4129 2106 4167; x_wconf 79' lang='lat' dir='ltr'><strong>perperam</strong></span> <span class='ocrx_word' id='word_1_593' title='bbox 2218 4116 2384 4167; x_wconf 87' lang='lat' dir='ltr'><strong>nensi</strong></span> <span class='ocrx_word' id='word_1_594' title='bbox 2408 4115 2688 4167; x_wconf 89' lang='lat' dir='ltr'><strong>nrimum.</strong></span> <span class='ocrx_word' id='word_1_595' title='bbox 2716 4115 2849 4167; x_wconf 90' lang='lat' dir='ltr'><strong>dein</strong></span> <span class='ocrx_word' id='word_1_596' title='bbox 2869 4133 3005 4167; x_wconf 86' lang='lat' dir='ltr'><strong>vero</strong></span> <span class='ocrx_word' id='word_1_597' title='bbox 3028 4117 3364 4167; x_wconf 77' lang='lat' dir='ltr'><strong>Leodieensi</strong></span> <span class='ocrx_word' id='word_1_598' title='bbox 3393 4120 3722 4167; x_wconf 71' lang='lat' dir='ltr'><strong>enincnnatu</strong></span> <span class='ocrx_word' id='word_1_599' title='bbox 3746 4111 3839 4167; x_wconf 85' lang='lat' dir='ltr'><strong>ori-</strong></span> 
     </span>
    </p>
   </div>
   <div class='ocr_carea' id='block_1_69' title="bbox 459 4109 3846 4194">
    <p class='ocr_par' dir='ltr' id='par_1_69' title="bbox 459 4109 3846 4194">
     <span class='ocr_line' id='line_1_71' title="bbox 459 4109 3846 4194; baseline 0.001 -26"><span class='ocrx_word' id='word_1_600' title='bbox 459 4109 631 4194; x_wconf 69' lang='lat' dir='ltr'><strong>nulla}</strong></span> <span class='ocrx_word' id='word_1_601' title='bbox 654 4109 827 4194; x_wconf 77' lang='lat' dir='ltr'><strong>etiam</strong></span> <span class='ocrx_word' id='word_1_602' title='bbox 845 4109 1018 4194; x_wconf 70' lang='lat' dir='ltr'><strong>voces</strong></span> <span class='ocrx_word' id='word_1_603' title='bbox 1050 4114 1215 4194; x_wconf 53' lang='lat' dir='ltr'><strong>ostra</strong></span> <span class='ocrx_word' id='word_1_604' title='bbox 1249 4111 1549 4194; x_wconf 82' lang='lat' dir='ltr'><strong>proprium</strong></span> <span class='ocrx_word' id='word_1_605' title='bbox 1580 4109 1773 4167; x_wconf 90' lang='lat' dir='ltr'><strong>locum</strong></span> <span class='ocrx_word' id='word_1_606' title='bbox 1803 4109 2106 4194; x_wconf 78' lang='lat' dir='ltr'><strong>perperam</strong></span> <span class='ocrx_word' id='word_1_607' title='bbox 2218 4109 2384 4194; x_wconf 79' lang='lat' dir='ltr'><strong>nensi</strong></span> <span class='ocrx_word' id='word_1_608' title='bbox 2408 4109 2688 4194; x_wconf 70' lang='lat' dir='ltr'><strong>primum,</strong></span> <span class='ocrx_word' id='word_1_609' title='bbox 2716 4115 2849 4171; x_wconf 92' lang='lat' dir='ltr'><strong>dein</strong></span> <span class='ocrx_word' id='word_1_610' title='bbox 2869 4133 3005 4173; x_wconf 90' lang='lat' dir='ltr'><strong>vero</strong></span> <span class='ocrx_word' id='word_1_611' title='bbox 3028 4117 3367 4175; x_wconf 89' lang='lat' dir='ltr'><strong>Leodicensi</strong></span> <span class='ocrx_word' id='word_1_612' title='bbox 3381 4109 3723 4194; x_wconf 64' lang='lat' dir='ltr'><strong>episcopatu</strong></span> <span class='ocrx_word' id='word_1_613' title='bbox 3746 4111 3846 4187; x_wconf 82' lang='lat' dir='ltr'><strong>pri-</strong></span> 
     </span>
    </p>
   </div>
   <div class='ocr_carea' id='block_1_70' title="bbox 458 4183 2644 4254">
    <p class='ocr_par' dir='ltr' id='par_1_70' title="bbox 458 4183 2644 4254">
     <span class='ocr_line' id='line_1_72' title="bbox 458 4183 2644 4254; baseline 0.001 -15"><span class='ocrx_word' id='word_1_614' title='bbox 458 4185 741 4239; x_wconf 76' lang='lat' dir='ltr'><strong>traductai</strong></span> <span class='ocrx_word' id='word_1_615' title='bbox 769 4183 1057 4254; x_wconf 85' lang='lat' dir='ltr'><strong>videntur.</strong></span> <span class='ocrx_word' id='word_1_616' title='bbox 1090 4183 1228 4254; x_wconf 65' lang='lat' dir='ltr'><strong>Quis</strong></span> <span class='ocrx_word' id='word_1_617' title='bbox 1256 4186 1321 4237; x_wconf 88' lang='lat' dir='ltr'><strong>ut</strong></span> <span class='ocrx_word' id='word_1_618' title='bbox 1349 4197 1672 4254; x_wconf 87' lang='lat' dir='ltr'><strong>congruum</strong></span> <span class='ocrx_word' id='word_1_619' title='bbox 1700 4183 1941 4240; x_wconf 81' lang='lat' dir='ltr'><strong>sensum</strong></span> <span class='ocrx_word' id='word_1_620' title='bbox 1972 4186 2107 4241; x_wconf 92' lang='lat' dir='ltr'><strong>red-</strong></span> <span class='ocrx_word' id='word_1_621' title='bbox 2216 4192 2386 4243; x_wconf 88' lang='lat' dir='ltr'><strong>vatus</strong></span> <span class='ocrx_word' id='word_1_622' title='bbox 2410 4183 2644 4242; x_wconf 76' lang='lat' dir='ltr'><strong>fuisset.</strong></span> 
     </span>
    </p>
   </div>
   <div class='ocr_carea' id='block_1_71' title="bbox 458 4252 3840 4335">
    <p class='ocr_par' dir='ltr' id='par_1_71' title="bbox 458 4252 3840 4335">
     <span class='ocr_line' id='line_1_73' title="bbox 458 4252 3840 4335; baseline -0 -25"><span class='ocrx_word' id='word_1_623' title='bbox 458 4257 620 4335; x_wconf 74' lang='lat' dir='ltr'><strong>dant,</strong></span> <span class='ocrx_word' id='word_1_624' title='bbox 640 4254 862 4335; x_wconf 37' lang='lat' dir='ltr'><strong>‘aptiori</strong></span> <span class='ocrx_word' id='word_1_625' title='bbox 921 4252 1485 4335; x_wconf 31' lang='lat' dir='ltr'><strong>loeo‘restituendai</strong></span> <span class='ocrx_word' id='word_1_626' title='bbox 1508 4258 1676 4335; x_wconf 66' lang='lat' dir='ltr'><strong>sunt,</strong></span> <span class='ocrx_word' id='word_1_627' title='bbox 1700 4270 1766 4310; x_wconf 89' lang='lat' dir='ltr'><strong>ac</strong></span> <span class='ocrx_word' id='word_1_628' title='bbox 1802 4258 1939 4335; x_wconf 76' lang='lat' dir='ltr'><strong>tota</strong></span> <span class='ocrx_word' id='word_1_629' title='bbox 1984 4255 2107 4335; x_wconf 81' lang='lat' dir='ltr'><strong>h_aec</strong></span> <span class='ocrx_word' id='word_1_630' title='bbox 2288 4258 2434 4335; x_wconf 82' lang='lat'>(52_2)</span> <span class='ocrx_word' id='word_1_631' title='bbox 2467 4256 2647 4335; x_wconf 59' lang='lat' dir='ltr'><strong>(Iuno,</strong></span> <span class='ocrx_word' id='word_1_632' title='bbox 2681 4274 2784 4335; x_wconf 67' lang='lat' dir='ltr'><strong>sep</strong></span> <span class='ocrx_word' id='word_1_633' title='bbox 2813 4257 3162 4335; x_wconf 79' lang='lat' dir='ltr'><strong>Cono,_a_lias</strong></span> <span class='ocrx_word' id='word_1_634' title='bbox 3187 4260 3495 4335; x_wconf 74' lang='lat' dir='ltr'><strong>Qonradus</strong></span> <span class='ocrx_word' id='word_1_635' title='bbox 3525 4258 3840 4335; x_wconf 87' lang='lat' dir='ltr'><strong>appellatus,</strong></span> 
     </span>
    </p>
   </div>
   <div class='ocr_carea' id='block_1_72' title="bbox 458 4323 3841 4407">
    <p class='ocr_par' dir='ltr' id='par_1_72' title="bbox 458 4323 3841 4407">
     <span class='ocr_line' id='line_1_74' title="bbox 458 4323 3841 4407; baseline 0.002 -26"><span class='ocrx_word' id='word_1_636' title='bbox 458 4323 734 4407; x_wconf 75' lang='lat' dir='ltr'><strong>periodus</strong></span> <span class='ocrx_word' id='word_1_637' title='bbox 782 4325 864 4381; x_wconf 90' lang='lat' dir='ltr'><strong>sic</strong></span> <span class='ocrx_word' id='word_1_638' title='bbox 913 4324 1175 4407; x_wconf 75' lang='lat' dir='ltr'><strong>construi</strong></span> <span class='ocrx_word' id='word_1_639' title='bbox 1232 4323 1670 4407; x_wconf 62' lang='lat' dir='ltr'><strong>seuexplieari</strong></span> <span class='ocrx_word' id='word_1_640' title='bbox 1720 4330 1956 4407; x_wconf 81' lang='lat' dir='ltr'><strong>potest:</strong></span> <span class='ocrx_word' id='word_1_641' title='bbox 1996 4329 2106 4407; x_wconf 49' lang='lat' dir='ltr'><strong>ligo</strong></span> <span class='ocrx_word' id='word_1_642' title='bbox 2216 4323 2316 4407; x_wconf 79' lang='lat' dir='ltr'><strong>qui</strong></span> <span class='ocrx_word' id='word_1_643' title='bbox 2358 4323 2694 4407; x_wconf 79' lang='lat' dir='ltr'><strong>Lu_tl_1_arden</strong></span> <span class='ocrx_word' id='word_1_644' title='bbox 2724 4328 2953 4407; x_wconf 73' lang='lat' dir='ltr'><strong>O_t_toni_s</strong></span> <span class='ocrx_word' id='word_1_645' title='bbox 2977 4323 3165 4407; x_wconf 69' lang='lat' dir='ltr'><strong>filiam</strong></span> <span class='ocrx_word' id='word_1_646' title='bbox 3196 4331 3382 4407; x_wconf 79' lang='lat' dir='ltr'><strong>duxit,</strong></span> <span class='ocrx_word' id='word_1_647' title='bbox 3411 4323 3841 4407; x_wconf 69' lang='lat' dir='ltr'><strong>supremumtu</strong></span> 
     </span>
    </p>
   </div>
   <div class='ocr_carea' id='block_1_73' title="bbox 455 4397 3842 4476">
    <p class='ocr_par' dir='ltr' id='par_1_73' title="bbox 455 4397 3842 4476">
     <span class='ocr_line' id='line_1_75' title="bbox 455 4397 3842 4476; baseline 0.001 -22"><span class='ocrx_word' id='word_1_648' title='bbox 455 4397 805 4476; x_wconf 65' lang='lat' dir='ltr'><strong>miserrimus</strong></span> <span class='ocrx_word' id='word_1_649' title='bbox 823 4397 1179 4476; x_wconf 69' lang='lat' dir='ltr'><strong>conscientia</strong></span> <span class='ocrx_word' id='word_1_650' title='bbox 1206 4397 1541 4464; x_wconf 76' lang='lat' dir='ltr'><strong>ambitionis,</strong></span> <span class='ocrx_word' id='word_1_651' title='bbox 1573 4397 1734 4468; x_wconf 88' lang='lat' dir='ltr'><strong>atque</strong></span> <span class='ocrx_word' id='word_1_652' title='bbox 1780 4397 2104 4476; x_wconf 78' lang='lat' dir='ltr'><strong>animosita-</strong></span> <span class='ocrx_word' id='word_1_653' title='bbox 2216 4397 2378 4476; x_wconf 14' lang='lat' dir='ltr'><strong>diemg</strong></span> <span class='ocrx_word' id='word_1_654' title='bbox 2402 4401 2548 4457; x_wconf 88' lang='lat' dir='ltr'><strong>obiit</strong></span> <span class='ocrx_word' id='word_1_655' title='bbox 2574 4401 2878 4476; x_wconf 39' lang='lat' dir='ltr'><strong>anpo,955,</strong></span> <span class='ocrx_word' id='word_1_656' title='bbox 2902 4401 3290 4476; x_wconf 70' lang='lat' dir='ltr'><strong>Lotharingia:</strong></span> <span class='ocrx_word' id='word_1_657' title='bbox 3320 4397 3443 4461; x_wconf 81' lang='lat' dir='ltr'><strong>dux</strong></span> <span class='ocrx_word' id='word_1_658' title='bbox 3486 4397 3612 4460; x_wconf 76' lang='lat' dir='ltr'><strong>fuit.</strong></span> <span class='ocrx_word' id='word_1_659' title='bbox 3645 4397 3787 4476; x_wconf 70' lang='lat' dir='ltr'><strong>idem</strong></span> <span class='ocrx_word' id='word_1_660' title='bbox 3812 4412 3842 4476; x_wconf 61' lang='grc' dir='ltr'><strong>θἶ</strong></span> 
     </span>
    </p>
   </div>
   <div class='ocr_carea' id='block_1_74' title="bbox 2219 3472 3837 3551">
    <p class='ocr_par' dir='ltr' id='par_1_74' title="bbox 2219 3472 3837 3551">
     <span class='ocr_line' id='line_1_76' title="bbox 2219 3472 3837 3551; baseline 0.001 -22"><span class='ocrx_word' id='word_1_661' title='bbox 2219 3472 2364 3551; x_wconf 77' lang='lat' dir='ltr'><strong>lioni</strong></span> <span class='ocrx_word' id='word_1_662' title='bbox 2395 3473 2598 3551; x_wconf 63' lang='lat' dir='ltr'><strong>favere</strong></span> <span class='ocrx_word' id='word_1_663' title='bbox 2615 3474 2783 3551; x_wconf 74' lang='lat' dir='ltr'><strong>visus</strong></span> <span class='ocrx_word' id='word_1_664' title='bbox 2803 3479 2904 3551; x_wconf 79' lang='lat' dir='ltr'><strong>est</strong></span> <span class='ocrx_word' id='word_1_665' title='bbox 2932 3475 3003 3531; x_wconf 89' lang='lat' dir='ltr'><strong>de</strong></span> <span class='ocrx_word' id='word_1_666' title='bbox 3032 3491 3150 3547; x_wconf 91' lang='lat' dir='ltr'><strong>quo</strong></span> <span class='ocrx_word' id='word_1_667' title='bbox 3179 3475 3308 3533; x_wconf 88' lang='lat' dir='ltr'><strong>vide</strong></span> <span class='ocrx_word' id='word_1_668' title='bbox 3360 3494 3491 3551; x_wconf 69' lang='lat' dir='ltr'><strong>qua:</strong></span> <span class='ocrx_word' id='word_1_669' title='bbox 3519 3476 3577 3534; x_wconf 90' lang='lat' dir='ltr'><strong>in</strong></span> <span class='ocrx_word' id='word_1_670' title='bbox 3606 3476 3727 3532; x_wconf 87' lang='lat' dir='ltr'><strong>Vita</strong></span> <span class='ocrx_word' id='word_1_671' title='bbox 3762 3475 3837 3530; x_wconf 85' lang='lat' dir='ltr'><strong>fu-</strong></span> 
     </span>
    </p>
   </div>
   <div class='ocr_carea' id='block_1_75' title="bbox 455 4470 2106 4542">
    <p class='ocr_par' dir='ltr' id='par_1_75' title="bbox 455 4470 2106 4542">
     <span class='ocr_line' id='line_1_77' title="bbox 455 4470 2106 4542; baseline 0.002 -18"><span class='ocrx_word' id='word_1_672' title='bbox 455 4474 547 4541; x_wconf 81' lang='lat' dir='ltr'><strong>tis,</strong></span> <span class='ocrx_word' id='word_1_673' title='bbox 582 4473 689 4542; x_wconf 86' lang='lat' dir='ltr'><strong>imo</strong></span> <span class='ocrx_word' id='word_1_674' title='bbox 718 4470 1274 4542; x_wconf 43' lang='grc' dir='ltr'><strong>οἰηιίυἱθηίδμεθιιίιηῑ,Δ</strong></span> <span class='ocrx_word' id='word_1_675' title='bbox 1300 4482 1449 4542; x_wconf 12' lang='lat' dir='ltr'><strong>qam,</strong></span> <span class='ocrx_word' id='word_1_676' title='bbox 1476 4484 1642 4542; x_wconf 13' lang='lat' dir='ltr'><strong>nunc,</strong></span> <span class='ocrx_word' id='word_1_677' title='bbox 1676 4471 1871 4524; x_wconf 87' lang='lat' dir='ltr'><strong>merita</strong></span> <span class='ocrx_word' id='word_1_678' title='bbox 1922 4472 2106 4542; x_wconf 85' lang='lat' dir='ltr'><strong>patior</strong></span> 
     </span>
    </p>
   </div>
   <div class='ocr_carea' id='block_1_76' title="bbox 2216 4468 3841 4547">
    <p class='ocr_par' dir='ltr' id='par_1_76' title="bbox 2216 4468 3841 4547">
     <span class='ocr_line' id='line_1_78' title="bbox 2216 4468 3841 4547; baseline -0.004 -19"><span class='ocrx_word' id='word_1_679' title='bbox 2216 4473 2629 4547; x_wconf 65' lang='lat' dir='ltr'><strong>gontinuatore</strong></span> <span class='ocrx_word' id='word_1_680' title='bbox 2650 4468 2966 4547; x_wconf 82' lang='lat' dir='ltr'><strong>Reginonis</strong></span> <span class='ocrx_word' id='word_1_681' title='bbox 2990 4468 3219 4530; x_wconf 55' lang='lat' dir='ltr'><strong>annua?</strong></span> <span class='ocrx_word' id='word_1_682' title='bbox 3240 4475 3347 4547; x_wconf 74' lang='grc'>943</span> <span class='ocrx_word' id='word_1_683' title='bbox 3370 4477 3529 4547; x_wconf 86' lang='lat' dir='ltr'><strong>ﬂtius</strong></span> <span class='ocrx_word' id='word_1_684' title='bbox 3562 4468 3841 4547; x_wconf 63' lang='lat' dir='ltr'><strong>Werinberi</strong></span> 
     </span>
    </p>
   </div>
   <div class='ocr_carea' id='block_1_77' title="bbox 450 4539 3838 4665">
    <p class='ocr_par' dir='ltr' id='par_1_77' title="bbox 450 4539 3838 4665">
     <span class='ocr_line' id='line_1_79' title="bbox 450 4539 3838 4665; baseline 0.001 -71"><span class='ocrx_word' id='word_1_685' title='bbox 450 4539 552 4612; x_wconf 82' lang='lat' dir='ltr'><strong>pro</strong></span> <span class='ocrx_word' id='word_1_686' title='bbox 599 4541 703 4610; x_wconf 83' lang='lat' dir='ltr'><strong>ﬁde</strong></span> <span class='ocrx_word' id='word_1_687' title='bbox 730 4540 985 4611; x_wconf 85' lang='lat' dir='ltr'><strong>abjurala</strong></span> <span class='ocrx_word' id='word_1_688' title='bbox 1014 4540 1230 4619; x_wconf 80' lang='lat' dir='ltr'><strong>Hugoni</strong></span> <span class='ocrx_word' id='word_1_689' title='bbox 1258 4539 1504 4665; x_wconf 53' lang='lat' dir='ltr'><strong>(mentiri</strong></span> <span class='ocrx_word' id='word_1_690' title='bbox 1548 4541 1745 4611; x_wconf 83' lang='lat' dir='ltr'><strong>quippe</strong></span> <span class='ocrx_word' id='word_1_691' title='bbox 1791 4557 1903 4597; x_wconf 84' lang='lat' dir='ltr'><strong>non</strong></span> <span class='ocrx_word' id='word_1_692' title='bbox 1923 4539 2105 4598; x_wconf 53' lang='lat' dir='ltr'><strong>&#39;novit</strong></span> <span class='ocrx_word' id='word_1_693' title='bbox 2134 4547 2180 4612; x_wconf 83' lang='grc' dir='ltr'>Ι)</span> <span class='ocrx_word' id='word_1_694' title='bbox 2210 4544 2454 4609; x_wconf 91' lang='lat' dir='ltr'><strong>dicitur,</strong></span> <span class='ocrx_word' id='word_1_695' title='bbox 2504 4539 2765 4615; x_wconf 65' lang='lat' dir='ltr'><strong>ejusque</strong></span> <span class='ocrx_word' id='word_1_696' title='bbox 2815 4545 2993 4599; x_wconf 86' lang='lat' dir='ltr'><strong>frater</strong></span> <span class='ocrx_word' id='word_1_697' title='bbox 3049 4539 3389 4601; x_wconf 80' lang='lat' dir='ltr'><strong>Warnerius</strong></span> <span class='ocrx_word' id='word_1_698' title='bbox 3448 4546 3547 4603; x_wconf 89' lang='lat' dir='ltr'><strong>ille</strong></span> <span class='ocrx_word' id='word_1_699' title='bbox 3598 4539 3838 4602; x_wconf 76' lang='lat' dir='ltr'><strong>fortassis</strong></span> 
     </span>
     <span class='ocr_line' id='line_1_80' title="bbox 456 4610 3838 4665; baseline 0 0"><span class='ocrx_word' id='word_1_700' title='bbox 456 4615 552 4665; x_wconf 83' lang='lat' dir='ltr'><strong>aui</strong></span> <span class='ocrx_word' id='word_1_701' title='bbox 578 4613 724 4665; x_wconf 67' lang='lat' dir='ltr'><strong>dixit</strong></span> <span class='ocrx_word' id='word_1_702' title='bbox 752 4628 770 4665; x_wconf 89' lang='lat'><em>:</em></span> <span class='ocrx_word' id='word_1_703' title='bbox 801 4611 907 4665; x_wconf 92' lang='lat' dir='ltr'><strong>Oui</strong></span> <span class='ocrx_word' id='word_1_704' title='bbox 938 4611 1131 4665; x_wconf 77' lang='lat' dir='ltr'><strong>reddit</strong></span> <span class='ocrx_word' id='word_1_705' title='bbox 1158 4627 1253 4665; x_wconf 87' lang='lat' dir='ltr'><strong>ma</strong></span> <span class='ocrx_word' id='word_1_706' title='bbox 1281 4628 1315 4665; x_wconf 91' lang='lat' dir='ltr'><strong>a</strong></span> <span class='ocrx_word' id='word_1_707' title='bbox 1357 4626 1459 4665; x_wconf 89' lang='lat' dir='ltr'><strong>uro</strong></span> <span class='ocrx_word' id='word_1_708' title='bbox 1502 4610 1694 4665; x_wconf 90' lang='lat' dir='ltr'><strong>bonis.</strong></span> <span class='ocrx_word' id='word_1_709' title='bbox 1728 4628 1845 4665; x_wconf 87' lang='lat' dir='ltr'><strong>non</strong></span> <span class='ocrx_word' id='word_1_710' title='bbox 1877 4614 2105 4665; x_wconf 87' lang='lat' dir='ltr'><strong>recedet</strong></span> <span class='ocrx_word' id='word_1_711' title='bbox 2211 4619 2319 4665; x_wconf 85' lang='lat' dir='ltr'><strong>est.</strong></span> <span class='ocrx_word' id='word_1_712' title='bbox 2345 4614 2445 4665; x_wconf 86' lang='lat' dir='ltr'><strong>nui</strong></span> <span class='ocrx_word' id='word_1_713' title='bbox 2476 4613 2535 4665; x_wconf 93' lang='lat' dir='ltr'><strong>in</strong></span> <span class='ocrx_word' id='word_1_714' title='bbox 2566 4613 2699 4665; x_wconf 81' lang='lat' dir='ltr'><strong>Vita</strong></span> <span class='ocrx_word' id='word_1_715' title='bbox 2736 4614 2794 4665; x_wconf 88' lang='lat' dir='ltr'><strong>S.</strong></span> <span class='ocrx_word' id='word_1_716' title='bbox 2817 4614 3058 4665; x_wconf 78' lang='lat' dir='ltr'><strong>Joannis</strong></span> <span class='ocrx_word' id='word_1_717' title='bbox 3097 4615 3450 4665; x_wconf 72' lang='lat' dir='ltr'><strong>G0rziensis-</strong></span> <span class='ocrx_word' id='word_1_718' title='bbox 3478 4634 3637 4665; x_wconf 84' lang='lat' dir='ltr'><strong>num-</strong></span> <span class='ocrx_word' id='word_1_719' title='bbox 3666 4615 3743 4665; x_wconf 87' lang='grc'><strong>13.</strong></span> <span class='ocrx_word' id='word_1_720' title='bbox 3766 4612 3838 4665; x_wconf 86' lang='lat' dir='ltr'><strong>vir</strong></span> 
     </span>
    </p>
   </div>
   <div class='ocr_carea' id='block_1_78' title="bbox 456 4611 1253 4683">
    <p class='ocr_par' dir='ltr' id='par_1_78' title="bbox 456 4611 1253 4683">
     <span class='ocr_line' id='line_1_81' title="bbox 456 4611 1253 4683; baseline -0.003 -16"><span class='ocrx_word' id='word_1_721' title='bbox 456 4611 552 4683; x_wconf 69' lang='lat' dir='ltr'><strong>qui</strong></span> <span class='ocrx_word' id='word_1_722' title='bbox 578 4613 724 4667; x_wconf 65' lang='lat' dir='ltr'><strong>dixit</strong></span> <span class='ocrx_word' id='word_1_723' title='bbox 801 4611 907 4677; x_wconf 88' lang='lat' dir='ltr'><strong>Qui</strong></span> <span class='ocrx_word' id='word_1_724' title='bbox 938 4611 1131 4683; x_wconf 88' lang='lat' dir='ltr'><strong>reddit</strong></span> <span class='ocrx_word' id='word_1_725' title='bbox 1158 4627 1253 4665; x_wconf 87' lang='lat' dir='ltr'><strong>ma</strong></span> 
     </span>
    </p>
   </div>
   <div class='ocr_carea' id='block_1_79' title="bbox 476 4681 2102 4755">
    <p class='ocr_par' dir='ltr' id='par_1_79' title="bbox 476 4681 2102 4755">
     <span class='ocr_line' id='line_1_82' title="bbox 476 4681 2102 4755; baseline 0.002 -19"><span class='ocrx_word' id='word_1_726' title='bbox 476 4683 625 4755; x_wconf 56' lang='lat' dir='ltr'><strong>,ilaga</strong></span> <span class='ocrx_word' id='word_1_727' title='bbox 657 4684 727 4737; x_wconf 91' lang='lat' dir='ltr'><strong>de</strong></span> <span class='ocrx_word' id='word_1_728' title='bbox 757 4682 931 4737; x_wconf 90' lang='lat' dir='ltr'><strong>domo</strong></span> <span class='ocrx_word' id='word_1_729' title='bbox 971 4682 1098 4753; x_wconf 89' lang='lat' dir='ltr'><strong>ejus</strong></span> <span class='ocrx_word' id='word_1_730' title='bbox 1132 4699 1144 4736; x_wconf 91' lang='lat'>:</span> <span class='ocrx_word' id='word_1_731' title='bbox 1179 4683 1320 4752; x_wconf 88' lang='lat' dir='ltr'><strong>quod</strong></span> <span class='ocrx_word' id='word_1_732' title='bbox 1358 4681 1579 4755; x_wconf 73' lang='lat' dir='ltr'><strong>liquido</strong></span> <span class='ocrx_word' id='word_1_733' title='bbox 1626 4683 1914 4755; x_wconf 76' lang='lat' dir='ltr'><strong>impletum</strong></span> <span class='ocrx_word' id='word_1_734' title='bbox 1941 4686 2002 4739; x_wconf 85' lang='lat' dir='ltr'><strong>in</strong></span> <span class='ocrx_word' id='word_1_735' title='bbox 2031 4693 2102 4750; x_wconf 87' lang='lat' dir='ltr'><strong>te,</strong></span> 
     </span>
    </p>
   </div>
   <div class='ocr_carea' id='block_1_80' title="bbox 477 4753 2102 4825">
    <p class='ocr_par' dir='ltr' id='par_1_80' title="bbox 477 4753 2102 4825">
     <span class='ocr_line' id='line_1_83' title="bbox 477 4753 2102 4825; baseline 0.003 -18"><span class='ocrx_word' id='word_1_736' title='bbox 477 4753 574 4823; x_wconf 78' lang='lat' dir='ltr'><strong>eg.</strong></span> <span class='ocrx_word' id='word_1_737' title='bbox 601 4756 659 4808; x_wconf 87' lang='lat' dir='ltr'><strong>in</strong></span> <span class='ocrx_word' id='word_1_738' title='bbox 686 4755 813 4819; x_wconf 89' lang='lat' dir='ltr'><strong>me),</strong></span> <span class='ocrx_word' id='word_1_739' title='bbox 842 4769 955 4823; x_wconf 86' lang='lat' dir='ltr'><strong>ego,</strong></span> <span class='ocrx_word' id='word_1_740' title='bbox 989 4755 1236 4825; x_wconf 87' lang='lat' dir='ltr'><strong>inquam,</strong></span> <span class='ocrx_word' id='word_1_741' title='bbox 1266 4754 1610 4809; x_wconf 78' lang='lat' dir='ltr'><strong>miserrimus</strong></span> <span class='ocrx_word' id='word_1_742' title='bbox 1636 4753 1775 4820; x_wconf 87' lang='lat' dir='ltr'><strong>dico,</strong></span> <span class='ocrx_word' id='word_1_743' title='bbox 1807 4771 1919 4810; x_wconf 85' lang='lat' dir='ltr'><strong>non</strong></span> <span class='ocrx_word' id='word_1_744' title='bbox 1947 4755 2102 4813; x_wconf 86' lang='lat' dir='ltr'><strong>debes</strong></span> 
     </span>
    </p>
   </div>
   <div class='ocr_carea' id='block_1_81' title="bbox 451 4825 2100 4897">
    <p class='ocr_par' dir='ltr' id='par_1_81' title="bbox 451 4825 2100 4897">
     <span class='ocr_line' id='line_1_84' title="bbox 451 4825 2100 4897; baseline 0.002 -18"><span class='ocrx_word' id='word_1_745' title='bbox 451 4825 655 4880; x_wconf 83' lang='lat' dir='ltr'><strong>mirari</strong></span> <span class='ocrx_word' id='word_1_746' title='bbox 682 4839 806 4895; x_wconf 72' lang='lat' dir='ltr'><strong>qua?</strong></span> <span class='ocrx_word' id='word_1_747' title='bbox 846 4841 994 4879; x_wconf 82' lang='lat' dir='ltr'><strong>nunc</strong></span> <span class='ocrx_word' id='word_1_748' title='bbox 1023 4827 1135 4896; x_wconf 87' lang='lat' dir='ltr'><strong>ipse</strong></span> <span class='ocrx_word' id='word_1_749' title='bbox 1163 4825 1374 4896; x_wconf 85' lang='lat' dir='ltr'><strong>loquar,</strong></span> <span class='ocrx_word' id='word_1_750' title='bbox 1409 4825 1689 4879; x_wconf 90' lang='lat' dir='ltr'><strong>nimirum</strong></span> <span class='ocrx_word' id='word_1_751' title='bbox 1719 4829 1847 4897; x_wconf 76' lang='lat' dir='ltr'><strong>quot</strong></span> <span class='ocrx_word' id='word_1_752' title='bbox 1873 4827 2100 4882; x_wconf 82' lang='lat' dir='ltr'><strong>homici-</strong></span> 
     </span>
    </p>
   </div>
   <div class='ocr_carea' id='block_1_82' title="bbox 450 4896 2099 4963">
    <p class='ocr_par' dir='ltr' id='par_1_82' title="bbox 450 4896 2099 4963">
     <span class='ocr_line' id='line_1_85' title="bbox 450 4896 2099 4963; baseline 0.001 -12"><span class='ocrx_word' id='word_1_753' title='bbox 450 4897 564 4961; x_wconf 80' lang='lat' dir='ltr'><strong>dia,</strong></span> <span class='ocrx_word' id='word_1_754' title='bbox 611 4897 1037 4963; x_wconf 72' lang='lat' dir='ltr'><strong>exoculationes,</strong></span> <span class='ocrx_word' id='word_1_755' title='bbox 1087 4897 1591 4959; x_wconf 76' lang='lat' dir='ltr'><strong>exmembrationes,</strong></span> <span class='ocrx_word' id='word_1_756' title='bbox 1642 4896 1856 4962; x_wconf 66' lang='lat' dir='ltr'><strong>praedae,</strong></span> <span class='ocrx_word' id='word_1_757' title='bbox 1911 4900 2099 4953; x_wconf 84' lang='lat' dir='ltr'><strong>incen-</strong></span> 
     </span>
    </p>
   </div>
   <div class='ocr_carea' id='block_1_83' title="bbox 450 4967 2101 5038">
    <p class='ocr_par' dir='ltr' id='par_1_83' title="bbox 450 4967 2101 5038">
     <span class='ocr_line' id='line_1_86' title="bbox 450 4967 2101 5038; baseline 0.002 -15"><span class='ocrx_word' id='word_1_758' title='bbox 450 4970 563 5031; x_wconf 82' lang='lat' dir='ltr'><strong>dia,</strong></span> <span class='ocrx_word' id='word_1_759' title='bbox 596 4970 821 5024; x_wconf 76' lang='lat' dir='ltr'><strong>vastitas</strong></span> <span class='ocrx_word' id='word_1_760' title='bbox 879 4983 943 5021; x_wconf 89' lang='lat' dir='ltr'><strong>ac</strong></span> <span class='ocrx_word' id='word_1_761' title='bbox 998 4967 1341 5038; x_wconf 79' lang='lat' dir='ltr'><strong>depopulatio</strong></span> <span class='ocrx_word' id='word_1_762' title='bbox 1378 4967 1702 5038; x_wconf 66' lang='lat' dir='ltr'><strong>contigerint</strong></span> <span class='ocrx_word' id='word_1_763' title='bbox 1752 4984 1853 5038; x_wconf 88' lang='lat' dir='ltr'><strong>pro</strong></span> <span class='ocrx_word' id='word_1_764' title='bbox 1902 4971 2101 5026; x_wconf 78' lang='lat' dir='ltr'><strong>scelere</strong></span> 
     </span>
    </p>
   </div>
   <div class='ocr_carea' id='block_1_84' title="bbox 451 5035 2101 5108">
    <p class='ocr_par' dir='ltr' id='par_1_84' title="bbox 451 5035 2101 5108">
     <span class='ocr_line' id='line_1_87' title="bbox 451 5035 2101 5108; baseline 0.001 -14"><span class='ocrx_word' id='word_1_765' title='bbox 451 5045 772 5095; x_wconf 66' lang='lat' dir='ltr'><strong>memorato</strong></span> <span class='ocrx_word' id='word_1_766' title='bbox 802 5035 1080 5108; x_wconf 77' lang='lat' dir='ltr'><strong>abjuratae</strong></span> <span class='ocrx_word' id='word_1_767' title='bbox 1129 5035 1350 5108; x_wconf 72' lang='lat' dir='ltr'><strong>scilicet</strong></span> <span class='ocrx_word' id='word_1_768' title='bbox 1378 5035 1534 5101; x_wconf 75' lang='lat' dir='ltr'><strong>fidei,</strong></span> <span class='ocrx_word' id='word_1_769' title='bbox 1563 5053 1661 5108; x_wconf 85' lang='lat' dir='ltr'><strong>pro</strong></span> <span class='ocrx_word' id='word_1_770' title='bbox 1699 5035 2101 5097; x_wconf 69' lang='lat' dir='ltr'><strong>constructione</strong></span> 
     </span>
    </p>
   </div>
   <div class='ocr_carea' id='block_1_85' title="bbox 449 5106 2099 5183">
    <p class='ocr_par' dir='ltr' id='par_1_85' title="bbox 449 5106 2099 5183">
     <span class='ocr_line' id='line_1_88' title="bbox 449 5106 2099 5183; baseline 0 -17"><span class='ocrx_word' id='word_1_771' title='bbox 449 5113 533 5166; x_wconf 83' lang='lat' dir='ltr'><strong>vel</strong></span> <span class='ocrx_word' id='word_1_772' title='bbox 563 5106 921 5183; x_wconf 78' lang='lat' dir='ltr'><strong>restrucIione</strong></span> <span class='ocrx_word' id='word_1_773' title='bbox 941 5106 1331 5183; x_wconf 64' lang='lat' dir='ltr'><strong>praesidiorum</strong></span> <span class='ocrx_word' id='word_1_774' title='bbox 1359 5106 1576 5183; x_wconf 71' lang='lat' dir='ltr'><strong>contra</strong></span> <span class='ocrx_word' id='word_1_775' title='bbox 1598 5109 1873 5165; x_wconf 90' lang='lat' dir='ltr'><strong>eumdem</strong></span> <span class='ocrx_word' id='word_1_776' title='bbox 1905 5111 2099 5183; x_wconf 90' lang='lat' dir='ltr'><strong>Hugo-</strong></span> 
     </span>
    </p>
   </div>
   <div class='ocr_carea' id='block_1_86' title="bbox 452 5178 2098 5251">
    <p class='ocr_par' dir='ltr' id='par_1_86' title="bbox 452 5178 2098 5251">
     <span class='ocr_line' id='line_1_89' title="bbox 452 5178 2098 5251; baseline -0.001 -14"><span class='ocrx_word' id='word_1_777' title='bbox 452 5200 613 5249; x_wconf 89' lang='lat' dir='ltr'><strong>nem;</strong></span> <span class='ocrx_word' id='word_1_778' title='bbox 648 5182 851 5251; x_wconf 83' lang='lat' dir='ltr'><strong>ubieae</strong></span> <span class='ocrx_word' id='word_1_779' title='bbox 883 5178 1245 5233; x_wconf 88' lang='lat' dir='ltr'><strong>calamitates</strong></span> <span class='ocrx_word' id='word_1_780' title='bbox 1276 5178 1630 5245; x_wconf 88' lang='lat' dir='ltr'><strong>indicantur,</strong></span> <span class='ocrx_word' id='word_1_781' title='bbox 1654 5196 1780 5251; x_wconf 62' lang='lat' dir='ltr'><strong>quae</strong></span> <span class='ocrx_word' id='word_1_782' title='bbox 1812 5197 1881 5236; x_wconf 85' lang='lat' dir='ltr'><strong>ex</strong></span> <span class='ocrx_word' id='word_1_783' title='bbox 1912 5178 2098 5238; x_wconf 56' lang='lat' dir='ltr'><strong>reb&#39;el-</strong></span> 
     </span>
    </p>
   </div>
   <div class='ocr_carea' id='block_1_87' title="bbox 449 5250 2097 5320">
    <p class='ocr_par' dir='ltr' id='par_1_87' title="bbox 449 5250 2097 5320">
     <span class='ocr_line' id='line_1_90' title="bbox 449 5250 2097 5320; baseline 0.002 -13"><span class='ocrx_word' id='word_1_784' title='bbox 449 5252 602 5308; x_wconf 91' lang='lat' dir='ltr'><strong>lione</strong></span> <span class='ocrx_word' id='word_1_785' title='bbox 656 5252 713 5305; x_wconf 91' lang='lat' dir='ltr'><strong>in</strong></span> <span class='ocrx_word' id='word_1_786' title='bbox 748 5250 1049 5320; x_wconf 90' lang='lat' dir='ltr'><strong>Hugonem</strong></span> <span class='ocrx_word' id='word_1_787' title='bbox 1093 5254 1415 5305; x_wconf 73' lang='lat' dir='ltr'><strong>consecuta:</strong></span> <span class='ocrx_word' id='word_1_788' title='bbox 1445 5256 1602 5306; x_wconf 89' lang='lat' dir='ltr'><strong>sunt.</strong></span> <span class='ocrx_word' id='word_1_789' title='bbox 1637 5250 1935 5314; x_wconf 87' lang='lat' dir='ltr'><strong>Quatenus</strong></span> <span class='ocrx_word' id='word_1_790' title='bbox 1964 5271 2097 5311; x_wconf 90' lang='lat' dir='ltr'><strong>vero</strong></span> 
     </span>
    </p>
   </div>
   <div class='ocr_carea' id='block_1_88' title="bbox 450 5320 2095 5444">
    <p class='ocr_par' dir='ltr' id='par_1_88' title="bbox 450 5320 2095 5444">
     <span class='ocr_line' id='line_1_91' title="bbox 450 5320 2095 5444; baseline 0.003 -68"><span class='ocrx_word' id='word_1_791' title='bbox 450 5322 569 5376; x_wconf 75' lang='lat' dir='ltr'><strong>haec</strong></span> <span class='ocrx_word' id='word_1_792' title='bbox 620 5323 691 5375; x_wconf 92' lang='lat' dir='ltr'><strong>ab</strong></span> <span class='ocrx_word' id='word_1_793' title='bbox 748 5321 878 5374; x_wconf 87' lang='lat' dir='ltr'><strong>aliis</strong></span> <span class='ocrx_word' id='word_1_794' title='bbox 922 5325 1257 5444; x_wconf 60' lang='lat' dir='ltr'><strong>(perpetrata</strong></span> <span class='ocrx_word' id='word_1_795' title='bbox 1313 5320 1569 5377; x_wconf 84' lang='lat' dir='ltr'><strong>facinora</strong></span> <span class='ocrx_word' id='word_1_796' title='bbox 1626 5321 1882 5377; x_wconf 82' lang='lat' dir='ltr'><strong>Ratherii</strong></span> <span class='ocrx_word' id='word_1_797' title='bbox 1912 5324 2095 5397; x_wconf 66' lang='lat' dir='ltr'><strong>culpas</strong></span> 
     </span>
     <span class='ocr_line' id='line_1_92' title="bbox 450 5389 2094 5444; baseline -0.001 0"><span class='ocrx_word' id='word_1_798' title='bbox 450 5391 591 5444; x_wconf 85' lang='lat' dir='ltr'><strong>verti</strong></span> <span class='ocrx_word' id='word_1_799' title='bbox 622 5390 867 5444; x_wconf 79' lang='lat' dir='ltr'><strong>possint.</strong></span> <span class='ocrx_word' id='word_1_800' title='bbox 900 5389 915 5443; x_wconf 93' lang='lat' dir='ltr'><strong>i</strong></span> <span class='ocrx_word' id='word_1_801' title='bbox 961 5407 1052 5444; x_wconf 90' lang='lat' dir='ltr'><strong>em</strong></span> <span class='ocrx_word' id='word_1_802' title='bbox 1104 5391 1228 5444; x_wconf 87' lang='lat' dir='ltr'><strong>inse</strong></span> <span class='ocrx_word' id='word_1_803' title='bbox 1272 5390 1521 5444; x_wconf 83' lang='lat' dir='ltr'><strong>exulieat</strong></span> <span class='ocrx_word' id='word_1_804' title='bbox 1568 5409 1731 5444; x_wconf 90' lang='lat' dir='ltr'><strong>num.</strong></span> <span class='ocrx_word' id='word_1_805' title='bbox 1763 5395 1834 5444; x_wconf 76' lang='grc'><strong>24</strong></span> <span class='ocrx_word' id='word_1_806' title='bbox 1866 5412 1879 5444; x_wconf 90' lang='lat'>:</span> <span class='ocrx_word' id='word_1_807' title='bbox 1911 5394 2094 5444; x_wconf 76' lang='lat' dir='ltr'><strong>Sinni-</strong></span> 
     </span>
    </p>
   </div>
   <div class='ocr_carea' id='block_1_89' title="bbox 446 5389 2094 5468">
    <p class='ocr_par' dir='ltr' id='par_1_89' title="bbox 446 5389 2094 5468">
     <span class='ocr_line' id='line_1_93' title="bbox 446 5389 2094 5468; baseline 0.003 -23"><span class='ocrx_word' id='word_1_808' title='bbox 446 5391 591 5468; x_wconf 80' lang='lat' dir='ltr'><strong>verti</strong></span> <span class='ocrx_word' id='word_1_809' title='bbox 617 5390 867 5468; x_wconf 82' lang='lat' dir='ltr'><strong>possint,</strong></span> <span class='ocrx_word' id='word_1_810' title='bbox 1104 5391 1228 5464; x_wconf 92' lang='lat' dir='ltr'><strong>ipse</strong></span> <span class='ocrx_word' id='word_1_811' title='bbox 1272 5390 1521 5468; x_wconf 84' lang='lat' dir='ltr'><strong>explicat</strong></span> <span class='ocrx_word' id='word_1_812' title='bbox 1549 5409 1731 5468; x_wconf 74' lang='lat' dir='ltr'><strong>num.</strong></span> <span class='ocrx_word' id='word_1_813' title='bbox 1763 5395 1834 5468; x_wconf 69' lang='lat'><strong>24</strong></span> <span class='ocrx_word' id='word_1_814' title='bbox 1866 5412 1879 5451; x_wconf 90' lang='lat'><strong>:</strong></span> <span class='ocrx_word' id='word_1_815' title='bbox 1911 5389 2094 5468; x_wconf 76' lang='lat' dir='ltr'><strong>Siqui-</strong></span> 
     </span>
    </p>
   </div>
   <div class='ocr_carea' id='block_1_90' title="bbox 447 5461 2090 5539">
    <p class='ocr_par' dir='ltr' id='par_1_90' title="bbox 447 5461 2090 5539">
     <span class='ocr_line' id='line_1_94' title="bbox 447 5461 2090 5539; baseline 0.005 -24"><span class='ocrx_word' id='word_1_816' title='bbox 447 5461 1007 5539; x_wconf 79' lang='lat' dir='ltr'><strong>dem,_inquit,_nihil</strong></span> <span class='ocrx_word' id='word_1_817' title='bbox 1029 5461 1232 5539; x_wconf 65' lang='lat' dir='ltr'><strong>[torum</strong></span> <span class='ocrx_word' id='word_1_818' title='bbox 1254 5461 1381 5539; x_wconf 81' lang='lat' dir='ltr'><strong>feci,</strong></span> <span class='ocrx_word' id='word_1_819' title='bbox 1414 5468 1510 5520; x_wconf 87' lang='lat' dir='ltr'><strong>aut</strong></span> <span class='ocrx_word' id='word_1_820' title='bbox 1529 5464 1800 5539; x_wconf 10' lang='lat' dir='ltr'><strong>jussi,qvel</strong></span> <span class='ocrx_word' id='word_1_821' title='bbox 1829 5474 1891 5521; x_wconf 87' lang='lat' dir='ltr'><strong>ut</strong></span> <span class='ocrx_word' id='word_1_822' title='bbox 1917 5461 2090 5539; x_wconf 71' lang='lat' dir='ltr'><strong>ﬁeret,</strong></span> 
     </span>
    </p>
   </div>
   <div class='ocr_carea' id='block_1_91' title="bbox 444 5532 2092 5611">
    <p class='ocr_par' dir='ltr' id='par_1_91' title="bbox 444 5532 2092 5611">
     <span class='ocr_line' id='line_1_95' title="bbox 444 5532 2092 5611; baseline 0.005 -24"><span class='ocrx_word' id='word_1_823' title='bbox 444 5533 626 5611; x_wconf 71' lang='lat' dir='ltr'><strong>uolui;</strong></span> <span class='ocrx_word' id='word_1_824' title='bbox 654 5532 746 5589; x_wconf 81' lang='lat' dir='ltr'><strong>sed</strong></span> <span class='ocrx_word' id='word_1_825' title='bbox 772 5532 887 5611; x_wconf 79' lang='lat' dir='ltr'><strong>tate</strong></span> <span class='ocrx_word' id='word_1_826' title='bbox 911 5533 1061 5611; x_wconf 65' lang='lat' dir='ltr'><strong>quid,</strong></span> <span class='ocrx_word' id='word_1_827' title='bbox 1091 5552 1162 5591; x_wconf 72' lang='lat' dir='ltr'><strong>ea:</strong></span> <span class='ocrx_word' id='word_1_828' title='bbox 1188 5532 1344 5607; x_wconf 76' lang='lat' dir='ltr'><strong>cujus</strong></span> <span class='ocrx_word' id='word_1_829' title='bbox 1383 5532 1791 5611; x_wconf 66' lang='lat' dir='ltr'><strong>occasimieista</strong></span> <span class='ocrx_word' id='word_1_830' title='bbox 1836 5532 1968 5611; x_wconf 82' lang='lat' dir='ltr'><strong>sunt</strong></span> <span class='ocrx_word' id='word_1_831' title='bbox 1989 5532 2092 5611; x_wconf 55' lang='lat' dir='ltr'><strong>pa:-</strong></span> 
     </span>
    </p>
   </div>
   <div class='ocr_carea' id='block_1_92' title="bbox 445 5606 2093 5674">
    <p class='ocr_par' dir='ltr' id='par_1_92' title="bbox 445 5606 2093 5674">
     <span class='ocr_line' id='line_1_96' title="bbox 445 5606 2093 5674; baseline 0.005 -15"><span class='ocrx_word' id='word_1_832' title='bbox 445 5607 607 5670; x_wconf 84' lang='lat' dir='ltr'><strong>trata,</strong></span> <span class='ocrx_word' id='word_1_833' title='bbox 639 5606 903 5662; x_wconf 84' lang='lat' dir='ltr'><strong>commisi.</strong></span> <span class='ocrx_word' id='word_1_834' title='bbox 930 5606 1059 5661; x_wconf 87' lang='lat' dir='ltr'><strong>Haec</strong></span> <span class='ocrx_word' id='word_1_835' title='bbox 1090 5606 1285 5662; x_wconf 87' lang='lat' dir='ltr'><strong>autem</strong></span> <span class='ocrx_word' id='word_1_836' title='bbox 1312 5607 1539 5664; x_wconf 87' lang='lat' dir='ltr'><strong>occasio</strong></span> <span class='ocrx_word' id='word_1_837' title='bbox 1570 5606 1700 5674; x_wconf 89' lang='lat' dir='ltr'><strong>fuit,</strong></span> <span class='ocrx_word' id='word_1_838' title='bbox 1726 5623 1859 5662; x_wconf 90' lang='lat' dir='ltr'><strong>cum</strong></span> <span class='ocrx_word' id='word_1_839' title='bbox 1890 5606 2093 5666; x_wconf 81' lang='lat' dir='ltr'><strong>Arnol-</strong></span> 
     </span>
    </p>
   </div>
   <div class='ocr_carea' id='block_1_93' title="bbox 442 5677 2092 5758">
    <p class='ocr_par' dir='ltr' id='par_1_93' title="bbox 442 5677 2092 5758">
     <span class='ocr_line' id='line_1_97' title="bbox 442 5677 2092 5758; baseline 0.003 -20"><span class='ocrx_word' id='word_1_840' title='bbox 442 5677 607 5749; x_wconf 89' lang='lat' dir='ltr'><strong>dum,</strong></span> <span class='ocrx_word' id='word_1_841' title='bbox 666 5677 942 5757; x_wconf 81' lang='lat' dir='ltr'><strong>Bajoariae</strong></span> <span class='ocrx_word' id='word_1_842' title='bbox 991 5678 1222 5751; x_wconf 88' lang='lat' dir='ltr'><strong>ducem,</strong></span> <span class='ocrx_word' id='word_1_843' title='bbox 1253 5677 1495 5741; x_wconf 85' lang='lat' dir='ltr'><strong>Veronae</strong></span> <span class='ocrx_word' id='word_1_844' title='bbox 1540 5678 1849 5758; x_wconf 82' lang='lat' dir='ltr'><strong>recipiens,</strong></span> <span class='ocrx_word' id='word_1_845' title='bbox 1899 5681 2092 5743; x_wconf 87' lang='lat' dir='ltr'><strong>rebel-</strong></span> 
     </span>
    </p>
   </div>
   <div class='ocr_carea' id='block_1_94' title="bbox 1281 4610 3839 4687">
    <p class='ocr_par' dir='ltr' id='par_1_94' title="bbox 1281 4610 3839 4687">
     <span class='ocr_line' id='line_1_98' title="bbox 1281 4610 3839 4687; baseline 0.002 -22"><span class='ocrx_word' id='word_1_846' title='bbox 1281 4628 1320 4687; x_wconf 80' lang='lat' dir='ltr'><strong>a_</strong></span> <span class='ocrx_word' id='word_1_847' title='bbox 1356 4626 1459 4687; x_wconf 81' lang='lat' dir='ltr'><strong>pro</strong></span> <span class='ocrx_word' id='word_1_848' title='bbox 1502 4610 1694 4687; x_wconf 68' lang='lat' dir='ltr'><strong>benis,</strong></span> <span class='ocrx_word' id='word_1_849' title='bbox 1728 4628 1845 4687; x_wconf 82' lang='lat' dir='ltr'><strong>non</strong></span> <span class='ocrx_word' id='word_1_850' title='bbox 1877 4614 2105 4687; x_wconf 89' lang='lat' dir='ltr'><strong>recedet</strong></span> <span class='ocrx_word' id='word_1_851' title='bbox 2135 4610 2163 4612; x_wconf 48' lang='grc'><strong>’⁷</strong></span> <span class='ocrx_word' id='word_1_852' title='bbox 2211 4619 2320 4682; x_wconf 91' lang='lat' dir='ltr'><strong>est,</strong></span> <span class='ocrx_word' id='word_1_853' title='bbox 2345 4614 2445 4687; x_wconf 87' lang='lat' dir='ltr'><strong>qui</strong></span> <span class='ocrx_word' id='word_1_854' title='bbox 2476 4610 2699 4670; x_wconf 53' lang='lat' dir='ltr'><strong>in&#39;Vit&#39;a</strong></span> <span class='ocrx_word' id='word_1_855' title='bbox 2736 4614 2794 4671; x_wconf 77' lang='grc' dir='ltr'><strong>Β.</strong></span> <span class='ocrx_word' id='word_1_856' title='bbox 2817 4614 3058 4687; x_wconf 73' lang='lat' dir='ltr'><strong>Joannis</strong></span> <span class='ocrx_word' id='word_1_857' title='bbox 3097 4615 3451 4686; x_wconf 89' lang='lat' dir='ltr'><strong>Gorziensis,</strong></span> <span class='ocrx_word' id='word_1_858' title='bbox 3478 4634 3637 4673; x_wconf 89' lang='lat' dir='ltr'><strong>num.</strong></span> <span class='ocrx_word' id='word_1_859' title='bbox 3666 4615 3743 4682; x_wconf 89' lang='grc'><strong>13,</strong></span> <span class='ocrx_word' id='word_1_860' title='bbox 3766 4612 3839 4666; x_wconf 82' lang='lat' dir='ltr'><strong>vir</strong></span> 
     </span>
    </p>
   </div>
   <div class='ocr_carea' id='block_1_95' title="bbox 2209 4686 3839 4760">
    <p class='ocr_par' dir='ltr' id='par_1_95' title="bbox 2209 4686 3839 4760">
     <span class='ocr_line' id='line_1_99' title="bbox 2209 4686 3839 4760; baseline -0.001 -20"><span class='ocrx_word' id='word_1_861' title='bbox 2209 4686 2415 4760; x_wconf 62' lang='lat' dir='ltr'><strong>nobilis</strong></span> <span class='ocrx_word' id='word_1_862' title='bbox 2441 4689 2701 4760; x_wconf 78' lang='lat' dir='ltr'><strong>vocatur,</strong></span> <span class='ocrx_word' id='word_1_863' title='bbox 2733 4691 2790 4741; x_wconf 91' lang='lat' dir='ltr'><strong>et</strong></span> <span class='ocrx_word' id='word_1_864' title='bbox 2820 4686 2878 4760; x_wconf 85' lang='lat' dir='ltr'><strong>in</strong></span> <span class='ocrx_word' id='word_1_865' title='bbox 2899 4686 3292 4760; x_wconf 8' lang='lat' dir='ltr'><strong>(Lotharingia</strong></span> <span class='ocrx_word' id='word_1_866' title='bbox 3317 4705 3421 4760; x_wconf 85' lang='lat' dir='ltr'><strong>per</strong></span> <span class='ocrx_word' id='word_1_867' title='bbox 3448 4689 3570 4745; x_wconf 60' lang='lat' dir='ltr'><strong>hac</strong></span> <span class='ocrx_word' id='word_1_868' title='bbox 3600 4692 3839 4758; x_wconf 82' lang='lat' dir='ltr'><strong>tempora</strong></span> 
     </span>
    </p>
   </div>
   <div class='ocr_carea' id='block_1_96' title="bbox 2211 4755 3837 4833">
    <p class='ocr_par' dir='ltr' id='par_1_96' title="bbox 2211 4755 3837 4833">
     <span class='ocr_line' id='line_1_100' title="bbox 2211 4755 3837 4833; baseline -0.002 -21"><span class='ocrx_word' id='word_1_869' title='bbox 2211 4755 2862 4833; x_wconf 78' lang='lat' dir='ltr'><strong>poll_ebat;_quippe_cui</strong></span> <span class='ocrx_word' id='word_1_870' title='bbox 2894 4756 3057 4833; x_wconf 77' lang='lat' dir='ltr'><strong>idem</strong></span> <span class='ocrx_word' id='word_1_871' title='bbox 3091 4755 3352 4833; x_wconf 49' lang='lat' dir='ltr'><strong>sanctus,</strong></span> <span class='ocrx_word' id='word_1_872' title='bbox 3383 4765 3694 4833; x_wconf 79' lang='lat' dir='ltr'><strong>antequam</strong></span> <span class='ocrx_word' id='word_1_873' title='bbox 3716 4755 3837 4833; x_wconf 76' lang='lat' dir='ltr'><strong>ipo-</strong></span> 
     </span>
    </p>
   </div>
   <div class='ocr_carea' id='block_1_97' title="bbox 2211 4825 3834 4904">
    <p class='ocr_par' dir='ltr' id='par_1_97' title="bbox 2211 4825 3834 4904">
     <span class='ocr_line' id='line_1_101' title="bbox 2211 4825 3834 4904; baseline -0.002 -21"><span class='ocrx_word' id='word_1_874' title='bbox 2211 4825 2466 4904; x_wconf 71' lang='lat' dir='ltr'><strong>nachum</strong></span> <span class='ocrx_word' id='word_1_875' title='bbox 2500 4825 2785 4904; x_wconf 67' lang='lat' dir='ltr'><strong>indueret.</strong></span> <span class='ocrx_word' id='word_1_876' title='bbox 2818 4828 2879 4882; x_wconf 85' lang='lat' dir='ltr'><strong>in</strong></span> <span class='ocrx_word' id='word_1_877' title='bbox 2912 4828 3157 4899; x_wconf 79' lang='lat' dir='ltr'><strong>Conﬁnio</strong></span> <span class='ocrx_word' id='word_1_878' title='bbox 3197 4825 3437 4904; x_wconf 80' lang='lat' dir='ltr'><strong>Tullensi</strong></span> <span class='ocrx_word' id='word_1_879' title='bbox 3464 4825 3713 4904; x_wconf 77' lang='lat' dir='ltr'><strong>(Tullum</strong></span> <span class='ocrx_word' id='word_1_880' title='bbox 3742 4825 3834 4880; x_wconf 91' lang='lat' dir='ltr'><strong>Lo-</strong></span> 
     </span>
    </p>
   </div>
   <div class='ocr_carea' id='block_1_98' title="bbox 2210 4898 3836 4971">
    <p class='ocr_par' dir='ltr' id='par_1_98' title="bbox 2210 4898 3836 4971">
     <span class='ocr_line' id='line_1_102' title="bbox 2210 4898 3836 4971; baseline -0.002 -17"><span class='ocrx_word' id='word_1_881' title='bbox 2210 4899 2516 4971; x_wconf 84' lang='lat' dir='ltr'><strong>tharingiae</strong></span> <span class='ocrx_word' id='word_1_882' title='bbox 2563 4898 2766 4954; x_wconf 87' lang='lat' dir='ltr'><strong>civitas</strong></span> <span class='ocrx_word' id='word_1_883' title='bbox 2823 4904 2933 4965; x_wconf 91' lang='lat' dir='ltr'><strong>est)</strong></span> <span class='ocrx_word' id='word_1_884' title='bbox 2984 4916 3152 4955; x_wconf 85' lang='lat' dir='ltr'><strong>causa</strong></span> <span class='ocrx_word' id='word_1_885' title='bbox 3205 4898 3565 4960; x_wconf 46' lang='lat' dir='ltr'><strong>ecclesiae‘S.</strong></span> <span class='ocrx_word' id='word_1_886' title='bbox 3613 4903 3836 4956; x_wconf 80' lang='lat' dir='ltr'><strong>Lauren-</strong></span> 
     </span>
    </p>
   </div>
   <div class='ocr_carea' id='block_1_99' title="bbox 2208 4971 3838 5046">
    <p class='ocr_par' dir='ltr' id='par_1_99' title="bbox 2208 4971 3838 5046">
     <span class='ocr_line' id='line_1_103' title="bbox 2208 4971 3838 5046; baseline 0.001 -20"><span class='ocrx_word' id='word_1_887' title='bbox 2208 4972 2293 5046; x_wconf 79' lang='lat' dir='ltr'><strong>tii.</strong></span> <span class='ocrx_word' id='word_1_888' title='bbox 2450 4985 2509 5046; x_wconf 78' lang='lat' dir='ltr'><strong>se</strong></span> <span class='ocrx_word' id='word_1_889' title='bbox 2533 4971 2757 5046; x_wconf 78' lang='lat' dir='ltr'><strong>nomine</strong></span> <span class='ocrx_word' id='word_1_890' title='bbox 2784 4971 3005 5046; x_wconf 83' lang='lat' dir='ltr'><strong>D_omin_i</strong></span> <span class='ocrx_word' id='word_1_891' title='bbox 3041 4972 3278 5046; x_wconf 80' lang='lat' dir='ltr'><strong>socians,</strong></span> <span class='ocrx_word' id='word_1_892' title='bbox 3309 4975 3428 5046; x_wconf 84' lang='lat' dir='ltr'><strong>ejus</strong></span> <span class='ocrx_word' id='word_1_893' title='bbox 3469 4974 3663 5046; x_wconf 82' lang='lat' dir='ltr'><strong>ofﬁciis</strong></span> <span class='ocrx_word' id='word_1_894' title='bbox 3691 4981 3838 5046; x_wconf 61' lang='lat' dir='ltr'><strong>quam</strong></span> 
     </span>
    </p>
   </div>
   <div class='ocr_carea' id='block_1_100' title="bbox 2205 5038 3837 5114">
    <p class='ocr_par' dir='ltr' id='par_1_100' title="bbox 2205 5038 3837 5114">
     <span class='ocr_line' id='line_1_104' title="bbox 2205 5038 3837 5114; baseline 0.002 -19"><span class='ocrx_word' id='word_1_895' title='bbox 2205 5042 2568 5114; x_wconf 77' lang='lat' dir='ltr'><strong>familiariter</strong></span> <span class='ocrx_word' id='word_1_896' title='bbox 2622 5042 2925 5114; x_wconf 86' lang='lat' dir='ltr'><strong>insistebat.</strong></span> <span class='ocrx_word' id='word_1_897' title='bbox 2968 5041 3279 5114; x_wconf 81' lang='lat' dir='ltr'><strong>Ratherius</strong></span> <span class='ocrx_word' id='word_1_898' title='bbox 3330 5038 3535 5100; x_wconf 70' lang='lat' dir='ltr'><strong>autem</strong></span> <span class='ocrx_word' id='word_1_899' title='bbox 3588 5038 3837 5114; x_wconf 52' lang='lat' dir='ltr'><strong>quondm&quot;</strong></span> 
     </span>
    </p>
   </div>
   <div class='ocr_carea' id='block_1_101' title="bbox 2205 5105 3836 5188">
    <p class='ocr_par' dir='ltr' id='par_1_101' title="bbox 2205 5105 3836 5188">
     <span class='ocr_line' id='line_1_105' title="bbox 2205 5105 3836 5188; baseline -0.004 -21"><span class='ocrx_word' id='word_1_900' title='bbox 2205 5105 2716 5188; x_wconf 61' lang='lat' dir='ltr'><strong>Cimonem</strong></span> <span class='ocrx_word' id='word_1_901' title='bbox 2763 5112 2872 5182; x_wconf 88' lang='lat' dir='ltr'><strong>ait;</strong></span> <span class='ocrx_word' id='word_1_902' title='bbox 2928 5111 3068 5184; x_wconf 89' lang='lat' dir='ltr'><strong>quia</strong></span> <span class='ocrx_word' id='word_1_903' title='bbox 3117 5129 3252 5170; x_wconf 92' lang='lat' dir='ltr'><strong>cum</strong></span> <span class='ocrx_word' id='word_1_904' title='bbox 3301 5115 3423 5172; x_wconf 76' lang='lat' dir='ltr'><strong>haec</strong></span> <span class='ocrx_word' id='word_1_905' title='bbox 3475 5105 3722 5188; x_wconf 77' lang='lat' dir='ltr'><strong>scripsit,</strong></span> <span class='ocrx_word' id='word_1_906' title='bbox 3752 5105 3836 5164; x_wconf 90' lang='lat' dir='ltr'><strong>ille</strong></span> 
     </span>
    </p>
   </div>
   <div class='ocr_carea' id='block_1_102' title="bbox 2196 5182 2594 5255">
    <p class='ocr_par' dir='ltr' id='par_1_102' title="bbox 2196 5182 2594 5255">
     <span class='ocr_line' id='line_1_106' title="bbox 2196 5182 2594 5255; baseline -0.003 -16"><span class='ocrx_word' id='word_1_907' title='bbox 2196 5184 2321 5255; x_wconf 89' lang='lat' dir='ltr'><strong>jam</strong></span> <span class='ocrx_word' id='word_1_908' title='bbox 2356 5182 2594 5255; x_wconf 83' lang='lat' dir='ltr'><strong>obierat.</strong></span> 
     </span>
    </p>
   </div>
   <div class='ocr_carea' id='block_1_103' title="bbox 2275 5253 3829 5330">
    <p class='ocr_par' dir='ltr' id='par_1_103' title="bbox 2275 5253 3829 5330">
     <span class='ocr_line' id='line_1_107' title="bbox 2275 5253 3829 5330; baseline 0.003 -20"><span class='ocrx_word' id='word_1_909' title='bbox 2275 5255 2423 5330; x_wconf 58' lang='lat'>(533)</span> <span class='ocrx_word' id='word_1_910' title='bbox 2455 5254 2679 5330; x_wconf 76' lang='lat' dir='ltr'><strong>Summa</strong></span> <span class='ocrx_word' id='word_1_911' title='bbox 2721 5253 2974 5330; x_wconf 80' lang='lat' dir='ltr'><strong>appellat</strong></span> <span class='ocrx_word' id='word_1_912' title='bbox 3015 5262 3361 5330; x_wconf 80' lang='lat' dir='ltr'><strong>sequentem</strong></span> <span class='ocrx_word' id='word_1_913' title='bbox 3393 5254 3829 5330; x_wconf 61' lang='lat' dir='ltr'><strong>Confessioneu}:</strong></span> 
     </span>
    </p>
   </div>
   <div class='ocr_carea' id='block_1_104' title="bbox 2202 5325 3829 5401">
    <p class='ocr_par' dir='ltr' id='par_1_104' title="bbox 2202 5325 3829 5401">
     <span class='ocr_line' id='line_1_108' title="bbox 2202 5325 3829 5401; baseline -0.002 -19"><span class='ocrx_word' id='word_1_914' title='bbox 2202 5325 2307 5401; x_wconf 79' lang='lat' dir='ltr'><strong>seu</strong></span> <span class='ocrx_word' id='word_1_915' title='bbox 2337 5325 2648 5401; x_wconf 79' lang='lat' dir='ltr'><strong>formulam</strong></span> <span class='ocrx_word' id='word_1_916' title='bbox 2678 5325 3061 5401; x_wconf 71' lang='lat' dir='ltr'><strong>confessionis</strong></span> <span class='ocrx_word' id='word_1_917' title='bbox 3086 5325 3398 5401; x_wconf 82' lang='lat' dir='ltr'><strong>generalis,</strong></span> <span class='ocrx_word' id='word_1_918' title='bbox 3422 5330 3589 5401; x_wconf 83' lang='lat' dir='ltr'><strong>cujus</strong></span> <span class='ocrx_word' id='word_1_919' title='bbox 3607 5325 3829 5401; x_wconf 75' lang='lat' dir='ltr'><strong>generis</strong></span> 
     </span>
    </p>
   </div>
   <div class='ocr_carea' id='block_1_105' title="bbox 2203 5396 3831 5456">
    <p class='ocr_par' dir='ltr' id='par_1_105' title="bbox 2203 5396 3831 5456">
     <span class='ocr_line' id='line_1_109' title="bbox 2203 5396 3831 5456; baseline -0.002 -4"><span class='ocrx_word' id='word_1_920' title='bbox 2203 5397 2328 5453; x_wconf 75' lang='lat' dir='ltr'><strong>alia:</strong></span> <span class='ocrx_word' id='word_1_921' title='bbox 2353 5396 2412 5453; x_wconf 92' lang='lat' dir='ltr'><strong>in</strong></span> <span class='ocrx_word' id='word_1_922' title='bbox 2434 5396 2600 5454; x_wconf 89' lang='lat' dir='ltr'><strong>libris</strong></span> <span class='ocrx_word' id='word_1_923' title='bbox 2623 5396 3121 5456; x_wconf 76' lang='lat' dir='ltr'><strong>ncenitentialibus</strong></span> <span class='ocrx_word' id='word_1_924' title='bbox 3140 5396 3542 5456; x_wconf 73' lang='lat' dir='ltr'><strong>inveniuntur.</strong></span> <span class='ocrx_word' id='word_1_925' title='bbox 3561 5396 3831 5455; x_wconf 60' lang='lat' dir='ltr'><strong>Id&#39;iortas-</strong></span> 
     </span>
    </p>
   </div>
   <div class='ocr_carea' id='block_1_106' title="bbox 2203 5414 3833 5548">
    <p class='ocr_par' dir='ltr' id='par_1_106' title="bbox 2203 5414 3833 5548">
     <span class='ocr_line' id='line_1_110' title="bbox 2203 5414 3831 5456; baseline -0.002 -4"><span class='ocrx_word' id='word_1_926' title='bbox 2203 5414 2328 5453; x_wconf 66' lang='lat' dir='ltr'><strong>ante</strong></span> <span class='ocrx_word' id='word_1_927' title='bbox 2353 5414 2412 5453; x_wconf 85' lang='lat' dir='ltr'><strong>1n</strong></span> <span class='ocrx_word' id='word_1_928' title='bbox 2435 5414 2600 5454; x_wconf 83' lang='lat' dir='ltr'><strong>noris</strong></span> <span class='ocrx_word' id='word_1_929' title='bbox 2661 5414 3121 5454; x_wconf 75' lang='lat' dir='ltr'><strong>(enitentiauous</strong></span> <span class='ocrx_word' id='word_1_930' title='bbox 3140 5414 3542 5456; x_wconf 79' lang='lat' dir='ltr'><strong>inveniuntur.</strong></span> <span class='ocrx_word' id='word_1_931' title='bbox 3562 5414 3623 5455; x_wconf 77' lang='grc' dir='ltr'><strong>ια</strong></span> <span class='ocrx_word' id='word_1_932' title='bbox 3647 5414 3831 5452; x_wconf 73' lang='lat' dir='ltr'><strong>tortas-</strong></span> 
     </span>
     <span class='ocr_line' id='line_1_111' title="bbox 2203 5414 3833 5548; baseline -0.003 -24"><span class='ocrx_word' id='word_1_933' title='bbox 2203 5468 2287 5548; x_wconf 82' lang='lat' dir='ltr'><strong>sis</strong></span> <span class='ocrx_word' id='word_1_934' title='bbox 2301 5469 2577 5548; x_wconf 77' lang='lat' dir='ltr'><strong>indicant</strong></span> <span class='ocrx_word' id='word_1_935' title='bbox 2606 5414 2736 5548; x_wconf 53' lang='lat' dir='ltr'><strong>illa,</strong></span> <span class='ocrx_word' id='word_1_936' title='bbox 2752 5468 2895 5548; x_wconf 79' lang='lat' dir='ltr'><strong>licet</strong></span> <span class='ocrx_word' id='word_1_937' title='bbox 2950 5468 3118 5548; x_wconf 73' lang='lat' dir='ltr'><strong>valde</strong></span> <span class='ocrx_word' id='word_1_938' title='bbox 3162 5469 3552 5548; x_wconf 12' lang='lat' dir='ltr'><strong>implexa,‘nil</strong></span> <span class='ocrx_word' id='word_1_939' title='bbox 3584 5468 3833 5548; x_wconf 54' lang='lat' dir='ltr'><strong>“relatura</strong></span> 
     </span>
    </p>
   </div>
   <div class='ocr_carea' id='block_1_107' title="bbox 2198 5539 3833 5614">
    <p class='ocr_par' dir='ltr' id='par_1_107' title="bbox 2198 5539 3833 5614">
     <span class='ocr_line' id='line_1_112' title="bbox 2198 5539 3833 5614; baseline -0.003 -18"><span class='ocrx_word' id='word_1_940' title='bbox 2198 5542 2311 5596; x_wconf 86' lang='lat' dir='ltr'><strong>nisi</strong></span> <span class='ocrx_word' id='word_1_941' title='bbox 2344 5541 2630 5614; x_wconf 84' lang='lat' dir='ltr'><strong>proprium</strong></span> <span class='ocrx_word' id='word_1_942' title='bbox 2676 5541 2880 5614; x_wconf 64' lang='lat' dir='ltr'><strong>utique</strong></span> <span class='ocrx_word' id='word_1_943' title='bbox 2908 5539 3331 5614; x_wconf 54' lang='lat' dir='ltr'><strong>cottedionefid</strong></span> <span class='ocrx_word' id='word_1_944' title='bbox 3377 5545 3485 5608; x_wconf 91' lang='lat' dir='ltr'><strong>est,</strong></span> <span class='ocrx_word' id='word_1_945' title='bbox 3515 5539 3833 5614; x_wconf 65' lang='lat' dir='ltr'><strong>collectione</strong></span> 
     </span>
    </p>
   </div>
   <div class='ocr_carea' id='block_1_108' title="bbox 2201 5606 3833 5683">
    <p class='ocr_par' dir='ltr' id='par_1_108' title="bbox 2201 5606 3833 5683">
     <span class='ocr_line' id='line_1_113' title="bbox 2201 5606 3833 5683; baseline -0.003 -15"><span class='ocrx_word' id='word_1_946' title='bbox 2201 5627 2305 5668; x_wconf 88' lang='lat' dir='ltr'><strong>seu</strong></span> <span class='ocrx_word' id='word_1_947' title='bbox 2344 5606 2587 5683; x_wconf 75' lang='lat' dir='ltr'><strong>summa</strong></span> <span class='ocrx_word' id='word_1_948' title='bbox 2628 5606 2886 5683; x_wconf 77' lang='lat' dir='ltr'><strong>generali</strong></span> <span class='ocrx_word' id='word_1_949' title='bbox 2928 5611 3193 5668; x_wconf 93' lang='lat' dir='ltr'><strong>omnium</strong></span> <span class='ocrx_word' id='word_1_950' title='bbox 3225 5606 3559 5671; x_wconf 78' lang='lat' dir='ltr'><strong>criminum.</strong></span> <span class='ocrx_word' id='word_1_951' title='bbox 3604 5606 3833 5680; x_wconf 73' lang='lat' dir='ltr'><strong>Reliqua</strong></span> 
     </span>
    </p>
   </div>
   <div class='ocr_carea' id='block_1_109' title="bbox 2200 5680 3500 5765">
    <p class='ocr_par' dir='ltr' id='par_1_109' title="bbox 2200 5680 3500 5765">
     <span class='ocr_line' id='line_1_114' title="bbox 2200 5680 3500 5765; baseline 0 -22"><span class='ocrx_word' id='word_1_952' title='bbox 2200 5682 2431 5745; x_wconf 86' lang='lat' dir='ltr'><strong>lineolis</strong></span> <span class='ocrx_word' id='word_1_953' title='bbox 2459 5680 2688 5743; x_wconf 78' lang='lat' dir='ltr'><strong>inclusa</strong></span> <span class='ocrx_word' id='word_1_954' title='bbox 2710 5681 3128 5764; x_wconf 78' lang='lat' dir='ltr'><strong>interpretatur</strong></span> <span class='ocrx_word' id='word_1_955' title='bbox 3157 5685 3259 5763; x_wconf 87' lang='lat' dir='ltr'><strong>qui</strong></span> <span class='ocrx_word' id='word_1_956' title='bbox 3287 5686 3500 5765; x_wconf 80' lang='lat' dir='ltr'><strong>potest.</strong></span> 
     </span>
    </p>
   </div>
  </div>
