4060 6176
288 317 412 385 403

1223 323 1601 388 RATHERII
1643 321 1892 386 EPISC.
1933 319 2223 384 VERON;
2267 320 2440 385 OPP.
2483 318 2684 384 PARS
2727 319 2777 383 Ι.

3580 315 3706 381 404

251 511 263 518 ,
290 457 465 513 modo
509 459 618 526 est,
652 453 871 530 inquis,
908 456 1223 530 judicium,
1278 460 1328 515 si
1378 476 1510 515 caro
1554 462 1610 514 et
1657 456 1939 531 sanguis?
1966 456 2023 523 Α
2049 471 2166 528 gna
2195 448 2515 528 Magisterii
2546 454 2753 525 arte,id
2783 455 2873 512 est
2902 469 3017 512 non
3047 447 3109 510 in
3132 452 3210 524 te,
3233 448 3335 512 sed
3362 447 3424 510 in
3453 450 3704 510 Domino

293 546 458 614 Caro,
492 545 756 618 inquam,
789 552 846 603 et
877 548 1118 621 sanguis
1148 548 1344 621 digno,
1373 549 1666 621 judicium
1691 564 1824 604 vero
1855 547 1942 602 in-

291 633 489 708 digno.
527 635 668 700 Quis
699 640 788 692 est
817 637 1076 710 dignus?
1127 638 1232 693 ais.
1278 637 1507 694 Audisti
1538 638 1599 692 in
1629 635 1938 709 Apostolo;

292 725 640 796 respondeo,
672 725 730 781 id
764 730 853 782 est
886 726 948 798 [Ῑ.
979 726 1029 781 is
1061 726 1191 800 est],
1226 726 1326 799 qui
1369 727 1451 782 sic
1505 725 1757 782 comedit
1787 725 1943 781 sicut

291 812 422 885 ipse
450 813 730 886 praecipit.
764 814 844 871 De
875 814 1319 887 praesentialiter
1346 816 1503 871 enim
1542 815 1643 871 ita.
1688 857 1701 871 .
1748 857 1761 870 .
1807 857 1820 869 .
1865 858 1878 870 .
1924 856 1937 870 .

294 901 457 967 dicit,
491 919 606 958 non
638 902 707 957 de
737 919 823 971 eo,
858 903 957 976 qui
989 902 1128 959 olim
1176 904 1383 959 fuerat.
1430 945 1443 959 .
1491 946 1502 959 .
1550 948 1562 960 .
1608 947 1620 959 .
1668 945 1679 958 .
1724 903 1941 959 discal-

295 994 517 1058 ceatus,
548 991 825 1047 baculum
860 1009 974 1047 non
1007 993 1275 1065 gestabat
1319 1034 1331 1047 .
1378 1034 1390 1047 .
1438 1033 1451 1047 .
1498 1035 1510 1046 .
1557 1035 1569 1047 .
1611 992 1735 1048 luto
1757 992 1941 1048 sccle-

294 1095 428 1135 rum
453 1078 701 1136 volutari
744 1123 756 1136 .
803 1121 817 1134 .
861 1122 876 1136 .
922 1123 934 1136 .
982 1122 993 1135 .
1041 1123 1053 1136 .
1096 1080 1320 1135 malum
1352 1080 1627 1137 maluerit
1665 1080 1942 1137 festinare

296 1208 314 1225 .
359 1210 373 1224 .
418 1210 431 1223 .
477 1210 490 1224 .
523 1169 820 1239 judicium
853 1169 964 1224 sibi
997 1169 1429 1225 manducasset.
1462 1168 1563 1224 His
1614 1169 1942 1226 emendatis

295 1261 398 1313 aut
417 1257 477 1312 in
495 1257 920 1313 emendationis
950 1257 1144 1313 studio
1168 1257 1622 1324 manentibus,si
1645 1274 1759 1313 non
1784 1273 1944 1312 man-

295 1346 493 1413 ducat,
525 1362 643 1401 non
692 1345 948 1413 habebit,
997 1349 1257 1413 autumo,
1290 1346 1492 1402 vitam.
1544 1347 1610 1401 Et
1658 1346 1767 1402 hoc
1814 1362 1942 1403 esse

295 1450 446 1503 reor,
483 1434 639 1507 quod
697 1438 894 1492 monet
939 1435 1306 1507 subsequens
1358 1434 1693 1507 Apostolus,
1725 1436 1938 1505 Probet,

295 1523 593 1597 inquiens,
615 1526 851 1598 seipsum
879 1523 1034 1580 homo
1061 1525 1111 1595 (Ι
1138 1522 1256 1580 Cor.
1302 1541 1381 1592 x1,
1412 1524 1525 1597 28),
1559 1524 1616 1579 id
1665 1528 1775 1594 est,
1827 1524 1944 1581 dis-

296 1614 480 1670 cutiat
507 1614 567 1668 in
599 1630 714 1686 quo
741 1614 950 1670 affectu
984 1614 1086 1681 sit;
1120 1613 1169 1670 si
1216 1614 1518 1687 peccandi,
1569 1613 1857 1684 dimittat;
1890 1615 1941 1670 si

295 1703 671 1773 emendandi,
703 1720 838 1759 cum
881 1708 1134 1760 tremore
1183 1705 1519 1760 manducet.
1551 1703 1762 1760 Nullus
1807 1721 1941 1761 vero

293 1790 441 1848 illud
501 1792 725 1866 Regum
784 1792 1129 1865 posthabeat
1160 1810 1173 1848 :
1201 1794 1267 1849 Si
1308 1792 1504 1847 mundi
1548 1801 1694 1861 sunt,
1726 1792 1938 1864 inquit,

287 1882 455 1953 pueri
481 1880 549 1936 ab
576 1880 698 1937 heri
723 1885 776 1938 et
802 1881 1007 1937 nudius
1056 1883 1248 1937 tertius
1290 1883 1532 1937 maxime
1558 1898 1593 1936 a
1619 1881 1945 1937 mulieribus

293 1970 345 2042 (Ι
364 1971 493 2037 Reg.
521 1985 640 2036 XXI,
672 1969 759 2040 4);
791 1970 862 2024 de
888 1968 1139 2041 panibus
1172 1968 1584 2042 propositionis
1632 1986 1768 2025 cum
1810 1985 1944 2042 age-

296 2060 458 2114 retur
486 2057 724 2129 utique;
759 2061 814 2113 et
849 2058 1002 2129 quod
1032 2057 1093 2113 in
1124 2057 1251 2130 lege
1281 2058 1434 2115 258
1484 2058 1720 2114 auditur
1744 2058 1943 2131 saepis-

294 2144 446 2202 sime
477 2162 490 2201 :
526 2145 1052 2217 Sanctiﬁcamini,id
1085 2149 1193 2212 est,
1225 2164 1259 2202 a
1288 2147 1599 2203 concubitu
1631 2148 1939 2214 abstinete,

298 2234 568 2290 Prohatio
600 2251 944 2307 sane,quam
978 2239 1174 2292 monet
1203 2236 1511 2308 Apostolus
1534 2237 1858 2293 faciendam
1882 2237 1941 2292 in

295 2323 694 2380 criminalium
744 2324 1099 2381 conscientia
1157 2326 1549 2393 emundanda,
1604 2326 1664 2381 in
1712 2326 1940 2383 invidia

297 2413 652 2482 extrusioue,
681 2418 738 2469 et
765 2413 882 2469 odii
928 2413 1301 2487 laesionisque
1352 2415 1617 2472 fraterna:
1667 2417 1941 2472 emenda-

294 2500 475 2572 tione,
509 2502 568 2557 in
600 2500 849 2569 luxuria,
882 2501 970 2558 vel
999 2501 1199 2574 aliqua
1228 2502 1667 2560 incestuositate
1688 2504 1944 2575 [subaudi

296 2591 706 2663 emendanda],
741 2591 1030 2657 consistit,
1063 2596 1222 2665 puto,
1253 2592 1633 2665 przecipue,et
1661 2595 1816 2665 quod
1852 2611 1940 2649 re-

297 2678 532 2734 minisci
562 2679 842 2735 instante.
875 2679 1179 2748 debueras,
1214 2680 1541 2736 miserrime
1562 2681 1649 2753 (ut
1679 2682 1946 2738 sacratis-

297 2767 520 2824 simum
553 2766 747 2823 cibum
771 2785 805 2822 a
833 2768 1056 2824 caeteris
1086 2770 1581 2840 noveraqsubaudi
1607 2771 1943 2842 Apostolus]

295 2855 677 2928 distinguere)
708 2854 840 2910 illos
870 2856 1097 2927 corpori
1127 2855 1344 2922 solum,
1377 2856 1556 2912 istum
1590 2858 1849 2930 corporis
1888 2863 1945 2913 et

296 2944 506 3001 animas
536 2942 712 3000 saluti
744 2959 1086 2999 concessum
1116 2946 1491 3017 perpendere,
1517 2962 1623 3002 nec
1653 2963 1721 3002 ea
1741 2948 1940 3019 praeci-

294 3033 601 3107 pitatione,
626 3032 714 3089 vel
740 3031 1065 3106 petulantia
1092 3033 1289 3105 ipsum
1310 3033 1519 3091 saltem
1547 3036 1939 3106 tractandum,

298 3138 477 3195 quam
506 3113 674 3178 illum
705 3122 924 3179 nedum
954 3139 1186 3196 quoque
1208 3124 1583 3193 sumendum.

2047 546 2228 616 vales,
2261 544 2522 616 alioquin
2571 545 2778 600 timere
2809 560 2924 600 non
2957 561 3169 617 parum
3218 547 3311 600 est
3356 542 3703 616 evangelicae

2047 633 2314 690 lectionis
2362 633 2586 689 dictum
2642 651 2655 689 :
2703 635 2768 689 Et
2812 650 2938 689 cum
2986 633 3327 701 intinxisset,
3359 632 3506 689 dedit
3542 631 3705 690 Iudae

2048 722 2287 778 Simonis
2316 724 2591 778 Iscariotis
2620 722 2808 795 (Joan.
2843 739 2968 790 xm,
3001 722 3113 795 26).
3148 722 3295 777 Vide
3340 738 3499 795 ergo,
3533 737 3605 777 ne
3635 725 3703 777 tu

2047 810 2377 867 imitatione
2408 811 2596 884 ipsius
2630 811 2754 883 ipse
2787 812 2889 866 sis.
2923 811 3006 866 Ne
3037 827 3171 884 ergo
3202 810 3586 883 decipiamur,
3610 810 3702 866 vel

2050 900 2163 973 ipsi
2194 917 2301 957 nos
2350 900 2737 973 decipiamus,
2769 902 2925 957 Deus
2955 904 3044 958 est
3074 901 3174 974 qui
3215 901 3515 974 recipitur,
3547 905 3703 957 Deus

2050 990 2274 1062 utique,
2309 990 2410 1047 sed
2441 989 2599 1046 sicut
2624 993 2765 1046 tunc
2793 989 2983 1047 latens
3012 990 3073 1046 in
3103 1006 3299 1062 carne,
3332 990 3418 1046 ita
3451 1007 3604 1045 nunc
3640 990 3701 1046 in

2049 1094 2283 1134 carnem
2314 1095 2482 1135 verso
2506 1079 2812 1136 verissime
2843 1096 2994 1152 pane
3028 1096 3042 1134 :
3077 1079 3232 1136 unde
3262 1078 3594 1152 expressius
3638 1079 3701 1134 in

2051 1167 2278 1236 Graeco;
2310 1169 2519 1224 Panem
2561 1176 2813 1224 nostrum
2861 1169 3385 1225 consubstantiatum
3432 1168 3505 1224 da
3546 1169 3704 1225 nobis

2050 1254 2229 1325 hodie,
2260 1257 2475 1313 dicitur
2503 1257 2639 1327 Deo,
2668 1258 2727 1313 id
2776 1261 2863 1314 est
2913 1258 3069 1330 quod
3114 1261 3180 1313 tu
3224 1258 3351 1331 ipse
3381 1274 3444 1314 es
3481 1274 3585 1331 per
3612 1258 3701 1313 tui

2048 1342 2238 1416 ipsius
2268 1345 2713 1415 invocationem,
2747 1362 2963 1418 perque
2992 1346 3081 1402 tui
3113 1345 3267 1404 259
3298 1347 3487 1420 ipsius
3515 1347 3705 1403 intro-

2050 1433 2222 1501 itum,
2247 1434 2621 1491 inelfabiliter
2649 1434 3109 1507 quidem,tamen
3136 1452 3251 1492 non
3283 1435 3704 1492 incredibiliter

2049 1522 2292 1589 factum,
2324 1523 2433 1579 hoc
2463 1528 2553 1581 est
2582 1522 2738 1580 enim
2783 1523 3104 1597 dijudicare
3135 1540 3348 1596 corpus
3378 1523 3633 1591 Domini,
3668 1541 3704 1580 a

2051 1610 2276 1668 caeteris
2306 1612 2706 1685 corporalibus
2737 1613 2942 1685 utique
2973 1612 3120 1670 cibis
3149 1611 3701 1686 discernere,digni-

2050 1702 2169 1756 tate
2216 1704 2273 1757 et
2317 1701 2614 1771 dealitate,
2644 1719 2820 1774 super
2874 1718 3049 1759 omne
3091 1702 3248 1775 quod
3274 1701 3456 1758 videri
3488 1705 3704 1759 etesse

2051 1789 2811 1860 possit,valere.Cavendum
2835 1807 2970 1848 vero
3002 1795 3092 1847 est
3120 1807 3256 1847 cum
3286 1790 3387 1847 Dei
3409 1790 3702 1862 adiutorio

2053 1893 2523 1951 summopere,ne
2538 1880 2774 1952 penitus
2785 1884 3055 1937 mortuus
3067 1879 3408 1952 hujusmodi
3424 1880 3705 1953 mysteria

2053 1967 2266 2023 audeat
2293 1967 2661 2035 temerare,id
2693 1971 2801 2037 est,
2824 1984 3003 2039 quem
3035 1967 3116 2025 nil
3148 1968 3450 2025 charitatis
3470 1971 3704 2026 constat

2051 2055 2265 2112 habere
2317 2075 2329 2112 :
2388 2058 2492 2125 Qui
2526 2058 2696 2113 enim
2747 2074 2857 2114 non
2905 2058 3110 2130 diligit,
3136 2062 3322 2115 manet
3351 2060 3412 2115 in
3447 2061 3623 2115 nwrte
3648 2059 3707 2126 (Ι

2052 2144 2230 2216 (Joan.
2265 2162 2350 2211 ιιι,
2384 2146 2494 2218 14).
2528 2145 2588 2202 Si
2618 2162 2754 2219 ergo
2785 2146 3128 2203 charitatem
3174 2150 3230 2203 te
3277 2145 3461 2202 'sentis
3501 2162 3611 2203 nec
3638 2146 3701 2203 in

2052 2233 2257 2302 Deum,
2291 2250 2393 2290 nec
2424 2236 2483 2290 in
2514 2235 2848 2308 proximum
2879 2235 3117 2292 omnino
3143 2235 3378 2306 habere,
3405 2235 3549 2293 time
3576 2238 3701 2292 tam

2051 2327 2254 2379 sancta
2285 2325 2561 2397 mysteria
2589 2328 2907 2394 temerare;
2941 2329 2997 2381 et
3032 2328 3252 2397 quanto
3283 2325 3483 2381 minus
3530 2324 3592 2380 in
3643 2330 3702 2382 te

2051 2410 2387 2467 consideras
2433 2411 2759 2482 charitatis,
2816 2416 2976 2468 tanto
3042 2411 3501 2478 formidolosius,
3543 2412 3699 2480 dico,

2051 2500 2521 2556 accesseris.Non
2540 2501 2738 2556 minus
2753 2517 2885 2557 vero
2914 2502 3217 2573 pensanda
3249 2500 3500 2557 reversio
3524 2516 3707 2573 quam

2052 2590 2328 2657 accessio,
2365 2589 2504 2661 quia
2535 2606 2651 2645 non
2681 2588 2927 2645 minoris
2957 2590 3156 2664 gratia:
3186 2593 3276 2645 est
3304 2589 3560 2662 recipere
3589 2590 3705 2645 Do-

2051 2678 2279 2733 minum
2333 2694 2510 2750 quam
2561 2695 2760 2734 secum
2804 2678 3042 2734 habere.
3090 2682 3217 2735 Post
3262 2679 3579 2746 buccellam,
3614 2678 3701 2735 in-

2052 2768 2198 2837 quit,
2234 2770 2363 2822 tum:
2392 2769 2642 2823 introivit
2672 2768 2733 2821 in
2780 2784 2905 2822 eum
2947 2768 3180 2824 Satanas
3209 2768 3387 2841 (Joan.
3417 2783 3545 2834 xm,
3574 2769 3667 2840 27)
3686 2810 3701 2822 .

2052 2855 2121 2909 Et
2143 2855 2214 2910 de
2246 2872 2461 2911 manna
2491 2855 2754 2926 cibisque
2785 2854 3013 2912 caelitus
3040 2854 3194 2911 datis
3224 2854 3380 2911 idem
3416 2855 3704 2929 signanti-

2050 2944 2163 2999 bus
2198 2962 2210 3000 :
2239 2944 2425 3000 Adhuc
2452 2960 2611 3010 escae,
2642 2945 2854 3016 inquit,
2886 2962 3077 3002 eorum
3106 2953 3263 3002 erant
3310 2947 3373 3001 in
3414 2961 3507 3001 ore
3555 2947 3706 3019 ipso-

2049 3050 2195 3103 rum,
2218 3037 2271 3089 et
2300 3034 2387 3089 ira
2414 3035 2513 3090 Dei
2541 3034 2786 3090 ascendit
2812 3051 2975 3107 super
3024 3050 3111 3091 eos
3141 3035 3313 3108 (Psat.
3348 3051 3555 3103 Lxxvn,
3583 3034 3704 3106 30).

2050 3122 2455 3178 Mundandum
2488 3139 2625 3196 ergo
2657 3128 2789 3180 ante
2820 3124 3251 3197 perceptionem
3284 3123 3477 3181 cordis
3509 3123 3711 3197 hospi-

366 3209 455 3266 l5.
500 3210 699 3283 Neque
745 3213 1119 3266 transeunter
1165 3210 1523 3267 audiendum
1560 3229 1573 3268 :
1609 3212 1811 3285 Corpus
1842 3216 1944 3271 Do-
1976 3200 2020 3268 C
2057 3212 2206 3266 tium
2237 3212 2803 3277 est,custodiendum
2832 3216 2966 3287 post
2995 3212 3445 3286 perceptionem.
3469 3212 3620 3269 Nota
3649 3217 3709 3268 et

294 3301 443 3356 mini
466 3316 599 3355 cum
628 3299 977 3368 dicitur;sed
1010 3300 1498 3356 considerandum
1531 3301 1770 3374 quid,de
1801 3320 1939 3376 quo,

297 3389 389 3445 cui
420 3388 667 3445 dicatur.
721 3389 908 3455 Quid?
956 3389 1111 3444 idem
1161 3405 1375 3462 corpus
1422 3389 1677 3448 Domini.
1713 3396 1789 3447 De
1825 3400 1939 3465 quo

293 3478 539 3535 Domino
569 3478 619 3535 si
651 3477 817 3543 dicis,
851 3477 922 3533 de
952 3477 1050 3534 illo
1073 3467 1294 3551 utique,
1328 3477 1428 3550 qui
1461 3478 1520 3534 in
1566 3496 1737 3537 carne
1769 3482 1938 3554 (533),

293 3583 473 3640 quam
505 3583 607 3639 pro
638 3570 693 3622 te
721 3568 1065 3639 assumpsit,
1119 3571 1174 3623 et
1221 3566 1281 3623 in
1333 3584 1450 3639 qua
1498 3585 1601 3640 pro
1650 3573 1706 3625 te
1755 3570 1942 3626 multa

293 3672 625 3729 perpessus,
660 3656 975 3712 cruciﬁxus
1005 3659 1115 3725 est,
1148 3660 1419 3712 mortuus
1449 3661 1505 3713 et
1534 3658 1820 3730 sepultus,
1858 3676 1941 3715 re-

290 3745 563 3813 surrexit,
597 3748 655 3801 et
684 3761 861 3815 quam
893 3744 952 3799 in
985 3744 1195 3799 coelum
1227 3744 1452 3813 levavit,
1483 3745 1542 3800 in
1574 3751 1630 3802 te
1661 3749 1937 3816 nunc,cui

288 3832 400 3890 hoc
425 3831 1013 3899 dicitur,intrat.Vide
1035 3832 1284 3903 qualiter
1314 3834 1459 3888 tanti
1494 3834 1745 3907 hospitis
1772 3852 1941 3892 mun-

290 3922 494 3977 datum
525 3924 583 3976 et
611 3924 881 3975 ornatum
928 3919 1109 3976 habes
1161 3920 1482 3993 hospitium
1513 3941 1525 3978 :
1558 3923 1608 3977 si
1640 3924 1796 3979 enim
1852 3924 1938 3980 illi

290 4009 540 4082 pl‘aceat,
570 4008 857 4080 approbat
879 4012 937 4064 et
966 4008 1312 4078 benedicit,;
1346 4011 1394 4064 si
1430 4010 1755 4085 displiceat,
1800 4014 1940 4085 quia

291 4096 583 4170 reprobat,
615 4095 1012 4167 consequitur,
1036 4097 1193 4167 quod
1222 4096 1388 4152 valde
1414 4102 1502 4154 est
1532 4102 1933 4170 metuendum,

291 4189 360 4242 ut
391 4185 567 4241 etiam
615 4181 945 4248 maledicat,
977 4183 1092 4240 nisi
1138 4184 1509 4242 velocissima
1555 4189 1843 4245 confessio
1881 4195 1938 4246 ct

290 4272 631 4347 pcenitentia
659 4272 769 4329 hoc
800 4288 933 4329 cum
964 4271 1151 4346 ipsius
1180 4273 1599 4343 misericordia,
1625 4279 1779 4349 quod
1811 4279 1935 4351 ipse

287 4363 397 4420 tibi
430 4361 884 4420 misericorditer
912 4363 1189 4419 concedat
1219 4368 1457 4420 avertat.
1501 4365 1603 4421 Cui
1625 4366 1653 4421 ?
1683 4371 1745 4422 tu
1775 4367 1934 4423 vide-

286 4453 399 4522 ris;
429 4453 482 4509 si
512 4453 670 4509 enim
700 4452 827 4525 ipse
875 4468 957 4520 es,
1004 4452 1106 4525 qui
1154 4451 1299 4507 illud
1332 4453 1686 4526 impleveris,
1720 4455 1837 4513 imo
1867 4474 1936 4514 ea

2053 3301 2207 3372 quod
2273 3317 2386 3356 non
2444 3301 2615 3357 modo
2671 3302 3077 3359 descendentem
3141 3302 3355 3358 dicitur
3417 3301 3707 3374 Spiritum

2053 3404 2229 3461 super
2259 3388 2594 3456 Dominum,
2628 3391 2729 3447 sed
2778 3396 2836 3447 ct
2875 3399 3183 3448 manentem
3214 3394 3397 3465 (Joan,
3428 3409 3470 3461 ι,
3494 3391 3607 3464 25),
3641 3394 3711 3447 ut

2050 3476 2343 3551 intelligas
2376 3478 2432 3532 in
2466 3477 2597 3535 aliis
2640 3496 2755 3536 non
2807 3480 2891 3536 sic
2937 3496 3087 3549 esse,
3122 3481 3223 3536 sed
3254 3480 3450 3536 venire
3479 3480 3538 3535 in
3570 3480 3705 3553 qui-

2050 3566 2302 3623 busdam
2335 3585 2437 3639 per
2465 3568 2736 3640 gratiam,
2772 3570 3038 3625 recedere
3064 3586 3168 3642 per
3211 3570 3518 3625 offensam.
3551 3569 3702 3634 Quid

2052 3656 2225 3711 inde?
2254 3656 2361 3711 ais.
2398 3657 2467 3711 Et
2498 3660 2709 3723 metus,
2742 3663 2800 3712 et
2829 3656 3452 3731 consolatio,inquam.
3487 3658 3703 3728 Metus,

2050 3743 2100 3799 si
2122 3744 2463 3799 contristato
2476 3744 2669 3817 pravis
2687 3745 2905 3801 nostris
2946 3745 3209 3802 moribus
3225 3744 3446 3818 Spiritu
3470 3748 3695 3812 sancto,

2049 3833 2420 3889 cumanobis
2452 3832 2796 3905 expellimus
2819 3833 3169 3903 ;timendum
3202 3833 3357 3889 enim
3388 3850 3462 3888 ne
3492 3833 3706 3890 irrevo-

2047 3921 2668 3979 cabiliter.Consolatio
2696 3939 2851 3990 vero,
2883 3922 3023 3995 quia
3071 3922 3467 3980 satisfactione
3508 3926 3706 3995 potest

2047 4010 2301 4066 revocari
2332 4015 2549 4067 nostra.
2583 4011 2905 4068 Possumus
2942 4016 3001 4068 et
3020 4011 3159 4067 hinc
3187 4010 3625 4085 colligere.quia
3649 4012 3701 4067 si

2046 4099 2106 4154 in
2137 4098 3158 4173 considerationem,confirmatione]
3177 4105 3234 4157 et
3265 4099 3704 4156 consecratione

2047 4205 2150 4260 per
2177 4188 2598 4244 invocationem
2628 4206 2893 4245 veracem
2925 4194 2982 4246 et
3011 4207 3129 4246 non
3159 4190 3299 4244 vitio
3341 4190 3700 4263 scriptorum

2047 4276 2422 4348 depravatam
2453 4278 2626 4333 datus
2657 4277 2897 4334 cuilibet
2925 4278 3181 4352 Spiritus
3202 4282 3463 4345 sanctus,
3488 4277 3698 4334 malis-

2046 4381 2159 4437 que
2189 4366 2317 4437 ejus
2350 4365 2579 4421 actibus
2629 4368 2803 4422 fuerit
2848 4384 3087 4424 rursum
3137 4365 3439 4440 expulsus,
3468 4382 3586 4421 non
3618 4365 3702 4422 ita

2045 4471 2179 4511 eum
2197 4471 2371 4511 suum
2387 4456 2620 4527 penitus
2633 4455 2942 4528 reliquisse
2955 4455 3414 4523 domicilium,ut
3429 4453 3700 4527 placatus

285 4558 412 4615 quae
461 4546 749 4615 praecepta
787 4546 945 4611 sunt,
980 4540 1090 4597 hoc
1119 4546 1209 4597 est
1241 4559 1253 4597 :
1286 4543 1454 4599 Renes
1496 4548 1696 4600 vestros
1742 4548 1933 4601 accin-
1964 4572 2009 4637 D
2047 4560 2161 4599 non
2195 4543 2381 4616 possit
2397 4561 2531 4600 eum
2548 4549 2902 4617 repetere,ac
2928 4548 3233 4617 propterea
3262 4543 3472 4600 timore
3497 4543 3703 4616 despe-

282 4633 436 4703 getis,
468 4632 837 4688 calceamenta
866 4630 1130 4686 habebitis
1176 4631 1238 4685 in
1279 4630 1526 4721 pedibus,
1558 4636 1798 4690 tenentes
1839 4637 1933 4691 ba-

283 4720 434 4775 cutos
462 4721 524 4774 in
551 4720 831 4786 manibus,
856 4723 906 4775 et
933 4719 1223 4775 comedetis
1250 4719 1587 4790 festinantur
1616 4723 1807 4792 (Exod.
1824 4741 1927 4792 xu,

285 4807 397 4879 11),
429 4806 487 4862 id
516 4811 623 4875 est,
660 4823 798 4873 non,
825 4823 974 4875 cras,
1008 4824 1158 4875 cras,
1185 4807 1476 4876 dicentes;
1510 4811 1764 4883 gaudere
1804 4828 1929 4868 ma-

352 4912 503 4984 (533)
536 4911 909 4985 Recentiores
933 4911 1292 4985 heterodoxi,
1312 4914 1411 4985 qui
1443 4915 1795 4972 catholicum
1828 4919 1928 4973 do-

282 4999 421 5057 gma
475 4982 793 5060 praesentiae
838 4982 1719 5060 realis_Christiin‘Eucharistia
1747 4988 1935 5060 impu-

277 5052 556 5180 gnarunt,
588 5052 970 5111 Paschasium
1003 5055 1342 5111 Ratbertum
1383 5057 1561 5112 veluti
1594 5052 1931 5115 novatorem

306 5126 606 5180 reduxere.
638 5125 693 5180 Is
723 5125 782 5180 in
816 5125 963 5180 libro
992 5125 1058 5180 de
1083 5142 1304 5180 corpore
1332 5132 1384 5180 et
1412 5132 1682 5180 sanguine
1712 5132 1930 5180 Domini

306 5125 606 5207 reduxere.
638 5125 693 5181 Is
723 5125 782 5207 in
816 5125 963 5207 libro
992 5125 1058 5181 de
1083 5142 1304 5207 corpore
1332 5132 1384 5183 ct
1412 5132 1682 5199 sanguine
1709 5132 1930 5207 Domini

279 5196 441 5269 idem,
474 5197 689 5269 dogma
718 5197 907 5253 fusius
949 5196 1215 5269 exposuit
1264 5213 1277 5253 :
1331 5196 1584 5269 cumque
1628 5202 1926 5258 nonnullis

278 5267 806 5340 ejusdem—reviﬂui
832 5267 1184 5340 ceteroquin
1216 5269 1273 5323 in
1306 5267 1593 5325 catholica
1638 5274 1928 5328 sententia

277 5338 905 5413 consentiebanﬁnovae
934 5338 1074 5395 visai
1101 5344 1298 5413 essent
1327 5342 1596 5413 quaedam
1629 5344 1787 5400 illius
1809 5345 1924 5399 for-

276 5409 469 5482 multa,
490 5409 718 5482 quibus
749 5427 1095 5481 cap.i,num.
1129 5415 1183 5477 2,
1216 5409 1415 5466 docuit
1448 5430 1682 5470 carnem
1709 5415 1924 5471 Christi

274 5479 346 5556 in,
368 5479 735 5556 Euch'arigstia
753 5479 865 5537 non
883 5484 1062 5537 alium
1085 5483 1251 5553 pla-ne
1280 5500 1420 5538 essse
1448 5502 1613 5553 quam
1643 5503 1761 5556 quae
1789 5491 1925 5542 nata

270 5555 349 5608 est
378 5552 443 5607 de
469 5554 675 5624 Maria,
708 5557 759 5607 et
782 5569 950 5624 passa
979 5556 1038 5607 in
1066 5552 1242 5619 cruce,
1289 5559 1339 5609 et
1386 5552 1692 5613 resurrexit
1735 5559 1800 5613 de
1844 5574 1922 5614 se-

266 5624 488 5693 pulcro;
522 5623 630 5681 hos
679 5623 963 5697 tanquam
1013 5624 1103 5680 sui
1157 5625 1369 5681 erroris
1418 5630 1696 5697 patronos
1744 5628 1922 5685 iidem

2043 4632 2215 4689 rabili
2241 4631 2851 4699 dimisso,constanter
2868 4634 2938 4689 de
2959 4633 3088 4704 eius
3119 4630 3445 4689 reversione
3475 4647 3699 4704 praesu-

2039 4739 2217 4792 mere,
2261 4726 2322 4777 et
2359 4721 2607 4793 jugibus
2649 4738 2786 4777 eum
2834 4722 3106 4794 precibus
3164 4737 3433 4777 revocare
3463 4720 3698 4787 debere,

2038 4811 2360 4886 praesertim
2392 4826 2527 4866 cum
2556 4809 2890 4882 promiserit
2934 4811 3061 4884 ipse
3112 4827 3127 4867 :
3182 4811 3582 4867 Convertimini
3627 4809 3702 4865 ad

2040 4916 2732 4998 hiereticipraetulerunt.
2756 4917 2981 4998 H_orum_
3006 4934 3142 4998 vero
3191 4918 3407 4998 nisum
3420 4914 3699 4998 pluribus

2040 4986 2823 5061 eliserunt—prmstantissimi
2871 4989 3209 5061 scriptores,
3243 4988 3343 5061 qui
3375 4986 3697 5061 dissidium

2042 5061 2197 5116 inter
2227 5058 2607 5131 Paschasium
2637 5063 2697 5131 et
2726 5059 2873 5116 alios
2922 5058 3239 5116 catholicos
3259 5058 3552 5131 ‘ejusdem
3590 5063 3702 5131 aut

2043 5130 2381 5204 posterioris
2413 5131 2599 5204 sitatis
2628 5130 2781 5187 viros
2812 5148 2925 5188 non
2956 5129 3450 5204 ingdogmate',_sed
3482 5129 3552 5204 in_
3577 5129 3697 5184 for-

2037 5199 2357 5275 mularum,
2392 5201 2827 5275 utiﬂperperam
2882 5199 3481 5275 putabant,_novitate
3507 5199 3693 5275 situm

2036 5271 2586 5330 ostenderunt.Vide
2613 5271 2767 5329 inter
2787 5271 3025 5330 ciet—eros
3056 5273 3463 5330 Mabillonium
3491 5271 3699 5330 praefa-

2035 5346 2211 5417 tione
2241 5344 2500 5417 sccunda
2543 5344 2604 5399 in
2650 5344 2930 5401 saeculum
2979 5350 3256 5417 quartum
3292 5344 3429 5417 _ord.
3471 5344 3693 5417 Bened.

2033 5433 2083 5489 ρ.
2118 5433 2158 5483 1,
2192 5415 2227 5489 §A
2253 5417 2306 5469 4.
2341 5414 2554 5489 Mirum
2603 5421 2877 5489 veroest
2921 5413 3103 5489 qu'am
3152 5415 3405 5489 maxime
3450 5413 3691 5489 eosdem

2032 5486 2336 5568 haereticos
2367 5486 2467 5559 qui
2493 5486 2874 5568 Paschasium
2906 5486 3344 5568 impe-tiverunt,
3376 5486 3532 5541 inter
3559 5486 3693 5568 ejus

2031 5557 2409 5632 adversarios
2424 5557 2701 5632 retulisse
2732 5558 2911 5632 etiam
2936 5557 3313 5632 _Ratherium,
3365 5572 3541 5629 quem
3570 5557 3694 5632 riis-

2033 5630 2167 5687 dem
2200 5627 2470 5686 formulis
2500 5647 2677 5686 usum
2708 5628 2777 5686 ex
2802 5629 2911 5687 hoc
2936 5629 3063 5688 loco
3093 5627 3472 5689 manifestum
3493 5631 3606 5684 est.
