  <div class='ocr_page' id='page_1' title='image "/cluster/home/n/w/nwhite01/storage/ocr_20150623/136/hvd.32044054759964/210.png"; bbox 0 0 4060 6176; ppageno 0'>
   <div class='ocr_carea' id='block_1_1' title="bbox 276 275 399 343">
    <p class='ocr_par' dir='ltr' id='par_1_1' title="bbox 276 275 399 343">
     <span class='ocr_line' id='line_1_1' title="bbox 276 275 399 343; baseline 0 0"><span class='ocrx_word' id='word_1_1' title='bbox 276 275 399 343; x_wconf 74' lang='grc'><strong>405</strong></span> 
     </span>
    </p>
   </div>
   <div class='ocr_carea' id='block_1_2' title="bbox 1137 262 2827 356">
    <p class='ocr_par' dir='ltr' id='par_1_2' title="bbox 1137 262 2827 356">
     <span class='ocr_line' id='line_1_2' title="bbox 1137 262 2827 356; baseline 0.005 -13"><span class='ocrx_word' id='word_1_2' title='bbox 1137 262 1614 356; x_wconf 75' lang='lat' dir='ltr'><strong>EXCEBPTUM</strong></span> <span class='ocrx_word' id='word_1_3' title='bbox 1660 280 1763 353; x_wconf 82' lang='lat' dir='ltr'><strong>EX</strong></span> <span class='ocrx_word' id='word_1_4' title='bbox 1804 278 2143 347; x_wconf 77' lang='lat' dir='ltr'><strong>DIALOGO</strong></span> <span class='ocrx_word' id='word_1_5' title='bbox 2186 280 2827 351; x_wconf 80' lang='lat' dir='ltr'><strong>CONFESSIONALI.</strong></span> 
     </span>
    </p>
   </div>
   <div class='ocr_carea' id='block_1_3' title="bbox 3559 272 3678 349">
    <p class='ocr_par' dir='ltr' id='par_1_3' title="bbox 3559 272 3678 349">
     <span class='ocr_line' id='line_1_3' title="bbox 3559 272 3678 349; baseline -0.008 -2"><span class='ocrx_word' id='word_1_6' title='bbox 3559 272 3678 349; x_wconf 71' lang='lat'><strong>406</strong></span> 
     </span>
    </p>
   </div>
   <div class='ocr_carea' id='block_1_4' title="bbox 274 409 3675 493">
    <p class='ocr_par' dir='ltr' id='par_1_4' title="bbox 274 409 3675 493">
     <span class='ocr_line' id='line_1_4' title="bbox 274 409 3675 493; baseline 0 -20"><span class='ocrx_word' id='word_1_7' title='bbox 274 430 383 484; x_wconf 86' lang='lat' dir='ltr'><strong>me,</strong></span> <span class='ocrx_word' id='word_1_8' title='bbox 413 417 465 472; x_wconf 88' lang='lat' dir='ltr'><strong>et</strong></span> <span class='ocrx_word' id='word_1_9' title='bbox 490 426 586 487; x_wconf 84' lang='lat' dir='ltr'><strong>ego</strong></span> <span class='ocrx_word' id='word_1_10' title='bbox 613 412 861 471; x_wconf 82' lang='lat' dir='ltr'><strong>revertar</strong></span> <span class='ocrx_word' id='word_1_11' title='bbox 895 409 967 471; x_wconf 87' lang='lat' dir='ltr'><strong>ad</strong></span> <span class='ocrx_word' id='word_1_12' title='bbox 1007 428 1100 472; x_wconf 86' lang='lat' dir='ltr'><strong>vos</strong></span> <span class='ocrx_word' id='word_1_13' title='bbox 1141 414 1353 489; x_wconf 75' lang='lat' dir='ltr'><strong>(Malae.</strong></span> <span class='ocrx_word' id='word_1_14' title='bbox 1383 432 1465 485; x_wconf 84' lang='lat' dir='ltr'><strong>III,</strong></span> <span class='ocrx_word' id='word_1_15' title='bbox 1495 416 1553 487; x_wconf 88' lang='grc'><strong>6)</strong></span> <span class='ocrx_word' id='word_1_16' title='bbox 1588 434 1602 473; x_wconf 89' lang='lat'><strong>:</strong></span> <span class='ocrx_word' id='word_1_17' title='bbox 1633 416 1777 484; x_wconf 88' lang='lat' dir='ltr'><strong>Noli,</strong></span> <span class='ocrx_word' id='word_1_18' title='bbox 1826 415 1919 472; x_wconf 88' lang='lat' dir='ltr'><strong>in-</strong></span> <span class='ocrx_word' id='word_1_19' title='bbox 1948 416 2007 485; x_wconf 84' lang='grc' dir='ltr'><strong>Α</strong></span> <span class='ocrx_word' id='word_1_20' title='bbox 2035 417 2219 475; x_wconf 89' lang='lat' dir='ltr'><strong>situm</strong></span> <span class='ocrx_word' id='word_1_21' title='bbox 2270 420 2652 493; x_wconf 82' lang='lat' dir='ltr'><strong>professionis</strong></span> <span class='ocrx_word' id='word_1_22' title='bbox 2699 438 2839 480; x_wconf 65' lang='lat' dir='ltr'><strong>mea</strong></span> <span class='ocrx_word' id='word_1_23' title='bbox 2896 434 3165 479; x_wconf 77' lang='lat' dir='ltr'><strong>reversus</strong></span> <span class='ocrx_word' id='word_1_24' title='bbox 3218 416 3479 477; x_wconf 78' lang='lat' dir='ltr'><strong>fuissem.</strong></span> <span class='ocrx_word' id='word_1_25' title='bbox 3509 416 3675 474; x_wconf 88' lang='lat' dir='ltr'><strong>Nunc</strong></span> 
     </span>
    </p>
   </div>
   <div class='ocr_carea' id='block_1_5' title="bbox 276 503 1928 579">
    <p class='ocr_par' dir='ltr' id='par_1_5' title="bbox 276 503 1928 579">
     <span class='ocr_line' id='line_1_5' title="bbox 276 503 1928 579; baseline 0 -18"><span class='ocrx_word' id='word_1_26' title='bbox 276 504 425 579; x_wconf 85' lang='lat' dir='ltr'><strong>quit,</strong></span> <span class='ocrx_word' id='word_1_27' title='bbox 464 503 706 561; x_wconf 81' lang='lat' dir='ltr'><strong>occidere</strong></span> <span class='ocrx_word' id='word_1_28' title='bbox 747 520 866 571; x_wconf 81' lang='lat' dir='ltr'><strong>nos,</strong></span> <span class='ocrx_word' id='word_1_29' title='bbox 896 506 1159 577; x_wconf 86' lang='lat' dir='ltr'><strong>quoniam</strong></span> <span class='ocrx_word' id='word_1_30' title='bbox 1204 505 1465 562; x_wconf 85' lang='lat' dir='ltr'><strong>habemus</strong></span> <span class='ocrx_word' id='word_1_31' title='bbox 1492 507 1779 562; x_wconf 77' lang='lat' dir='ltr'><strong>thesauros</strong></span> <span class='ocrx_word' id='word_1_32' title='bbox 1810 507 1928 562; x_wconf 89' lang='lat' dir='ltr'><strong>abs-</strong></span> 
     </span>
    </p>
   </div>
   <div class='ocr_carea' id='block_1_6' title="bbox 2035 507 3676 585">
    <p class='ocr_par' dir='ltr' id='par_1_6' title="bbox 2035 507 3676 585">
     <span class='ocr_line' id='line_1_6' title="bbox 2035 507 3676 585; baseline 0.001 -23"><span class='ocrx_word' id='word_1_33' title='bbox 2035 507 2215 580; x_wconf 91' lang='lat' dir='ltr'><strong>igitur</strong></span> <span class='ocrx_word' id='word_1_34' title='bbox 2244 511 2385 583; x_wconf 91' lang='lat' dir='ltr'><strong>quid</strong></span> <span class='ocrx_word' id='word_1_35' title='bbox 2404 510 2433 566; x_wconf 75' lang='lat' dir='ltr'><strong>‘l</strong></span> <span class='ocrx_word' id='word_1_36' title='bbox 2460 511 2724 581; x_wconf 80' lang='lat' dir='ltr'><strong>Videtur,</strong></span> <span class='ocrx_word' id='word_1_37' title='bbox 2752 512 3017 585; x_wconf 88' lang='lat' dir='ltr'><strong>inquam,</strong></span> <span class='ocrx_word' id='word_1_38' title='bbox 3050 509 3352 578; x_wconf 85' lang='lat' dir='ltr'><strong>mibi,.sed</strong></span> <span class='ocrx_word' id='word_1_39' title='bbox 3386 507 3551 581; x_wconf 89' lang='lat' dir='ltr'><strong>quasi</strong></span> <span class='ocrx_word' id='word_1_40' title='bbox 3576 524 3676 579; x_wconf 88' lang='lat' dir='ltr'><strong>per</strong></span> 
     </span>
    </p>
   </div>
   <div class='ocr_carea' id='block_1_7' title="bbox 272 594 3678 673">
    <p class='ocr_par' dir='ltr' id='par_1_7' title="bbox 272 594 3678 673">
     <span class='ocr_line' id='line_1_7' title="bbox 272 594 3678 673; baseline -0.001 -21"><span class='ocrx_word' id='word_1_41' title='bbox 272 594 514 652; x_wconf 79' lang='lat' dir='ltr'><strong>conditos</strong></span> <span class='ocrx_word' id='word_1_42' title='bbox 542 594 603 648; x_wconf 85' lang='lat' dir='ltr'><strong>in</strong></span> <span class='ocrx_word' id='word_1_43' title='bbox 632 609 788 663; x_wconf 86' lang='lat' dir='ltr'><strong><em>agro,</em></strong></span> <span class='ocrx_word' id='word_1_44' title='bbox 819 600 1004 649; x_wconf 82' lang='lat' dir='ltr'><strong>etnon</strong></span> <span class='ocrx_word' id='word_1_45' title='bbox 1031 594 1223 652; x_wconf 87' lang='lat' dir='ltr'><strong>occidit</strong></span> <span class='ocrx_word' id='word_1_46' title='bbox 1247 611 1337 652; x_wconf 89' lang='lat' dir='ltr'><strong>eos</strong></span> <span class='ocrx_word' id='word_1_47' title='bbox 1365 595 1496 668; x_wconf 87' lang='lat' dir='ltr'><strong>(Jer.</strong></span> <span class='ocrx_word' id='word_1_48' title='bbox 1528 613 1642 663; x_wconf 76' lang='lat' dir='ltr'><strong>xm,</strong></span> <span class='ocrx_word' id='word_1_49' title='bbox 1669 595 1746 667; x_wconf 93' lang='lat'><strong>8).</strong></span> <span class='ocrx_word' id='word_1_50' title='bbox 1781 595 1927 651; x_wconf 88' lang='lat' dir='ltr'><strong>The-</strong></span> <span class='ocrx_word' id='word_1_51' title='bbox 2034 598 2303 654; x_wconf 80' lang='lat' dir='ltr'><strong>tenebras</strong></span> <span class='ocrx_word' id='word_1_52' title='bbox 2326 599 2506 656; x_wconf 89' lang='lat' dir='ltr'><strong>dubia</strong></span> <span class='ocrx_word' id='word_1_53' title='bbox 2534 599 2844 672; x_wconf 68' lang='lat' dir='ltr'><strong>luce,qu&#39;vd</strong></span> <span class='ocrx_word' id='word_1_54' title='bbox 2875 600 2925 657; x_wconf 89' lang='lat' dir='ltr'><strong>ei</strong></span> <span class='ocrx_word' id='word_1_55' title='bbox 2951 600 3173 673; x_wconf 89' lang='lat' dir='ltr'><strong>possim</strong></span> <span class='ocrx_word' id='word_1_56' title='bbox 3205 615 3370 655; x_wconf 90' lang='lat' dir='ltr'><strong>servo</strong></span> <span class='ocrx_word' id='word_1_57' title='bbox 3401 612 3678 669; x_wconf 80' lang='lat' dir='ltr'><strong>congrue—</strong></span> 
     </span>
    </p>
   </div>
   <div class='ocr_carea' id='block_1_8' title="bbox 273 681 1919 757">
    <p class='ocr_par' dir='ltr' id='par_1_8' title="bbox 273 681 1919 757">
     <span class='ocr_line' id='line_1_8' title="bbox 273 681 1919 757; baseline -0.001 -16"><span class='ocrx_word' id='word_1_58' title='bbox 273 700 487 742; x_wconf 90' lang='lat' dir='ltr'><strong>saurus</strong></span> <span class='ocrx_word' id='word_1_59' title='bbox 512 681 896 738; x_wconf 82' lang='lat' dir='ltr'><strong>absconditus</strong></span> <span class='ocrx_word' id='word_1_60' title='bbox 925 682 985 737; x_wconf 92' lang='lat' dir='ltr'><strong>in</strong></span> <span class='ocrx_word' id='word_1_61' title='bbox 1019 699 1179 756; x_wconf 83' lang='lat' dir='ltr'><strong><em>agro,</em></strong></span> <span class='ocrx_word' id='word_1_62' title='bbox 1201 700 1335 756; x_wconf 85' lang='lat' dir='ltr'><strong>spes</strong></span> <span class='ocrx_word' id='word_1_63' title='bbox 1360 684 1527 740; x_wconf 90' lang='lat' dir='ltr'><strong>estin</strong></span> <span class='ocrx_word' id='word_1_64' title='bbox 1562 684 1919 757; x_wconf 86' lang='lat' dir='ltr'><strong>poenitentia.</strong></span> 
     </span>
    </p>
   </div>
   <div class='ocr_carea' id='block_1_9' title="bbox 271 770 1394 846">
    <p class='ocr_par' dir='ltr' id='par_1_9' title="bbox 271 770 1394 846">
     <span class='ocr_line' id='line_1_9' title="bbox 271 770 1394 846; baseline -0.004 -13"><span class='ocrx_word' id='word_1_65' title='bbox 271 774 491 833; x_wconf 67' lang='lat' dir='ltr'><strong>Caetera</strong></span> <span class='ocrx_word' id='word_1_66' title='bbox 518 770 677 828; x_wconf 91' lang='lat' dir='ltr'><strong>unde</strong></span> <span class='ocrx_word' id='word_1_67' title='bbox 702 771 861 827; x_wconf 83' lang='lat' dir='ltr'><strong>istud</strong></span> <span class='ocrx_word' id='word_1_68' title='bbox 892 771 1118 845; x_wconf 85' lang='lat' dir='ltr'><strong>sumpsi</strong></span> <span class='ocrx_word' id='word_1_69' title='bbox 1147 772 1394 846; x_wconf 81' lang='lat' dir='ltr'><strong>require.</strong></span> 
     </span>
    </p>
   </div>
   <div class='ocr_carea' id='block_1_10' title="bbox 342 860 1916 937">
    <p class='ocr_par' dir='ltr' id='par_1_10' title="bbox 342 860 1916 937">
     <span class='ocr_line' id='line_1_10' title="bbox 342 860 1916 937; baseline 0.001 -19"><span class='ocrx_word' id='word_1_70' title='bbox 342 863 430 918; x_wconf 85' lang='grc'><strong>16.</strong></span> <span class='ocrx_word' id='word_1_71' title='bbox 464 862 646 931; x_wconf 83' lang='lat' dir='ltr'><strong><em>Quare</em></strong></span> <span class='ocrx_word' id='word_1_72' title='bbox 672 863 734 915; x_wconf 86' lang='lat' dir='ltr'><strong>tu</strong></span> <span class='ocrx_word' id='word_1_73' title='bbox 752 875 1002 928; x_wconf 80' lang='lat' dir='ltr'><strong>enarras,</strong></span> <span class='ocrx_word' id='word_1_74' title='bbox 1034 860 1246 933; x_wconf 85' lang='lat' dir='ltr'><strong>inquit,</strong></span> <span class='ocrx_word' id='word_1_75' title='bbox 1268 864 1551 935; x_wconf 73' lang='lat' dir='ltr'><strong>justitiam</strong></span> <span class='ocrx_word' id='word_1_76' title='bbox 1568 864 1916 937; x_wconf 82' lang='lat' dir='ltr'><strong>meas?(Psal.</strong></span> 
     </span>
    </p>
   </div>
   <div class='ocr_carea' id='block_1_11' title="bbox 240 949 1916 1022">
    <p class='ocr_par' dir='ltr' id='par_1_11' title="bbox 240 949 1916 1022">
     <span class='ocr_line' id='line_1_11' title="bbox 240 949 1916 1022; baseline 0 -14"><span class='ocrx_word' id='word_1_77' title='bbox 240 1010 245 1013; x_wconf 88' lang='lat'>_</span> <span class='ocrx_word' id='word_1_78' title='bbox 272 969 422 1017; x_wconf 74' lang='lat' dir='ltr'><strong>LXIX,</strong></span> <span class='ocrx_word' id='word_1_79' title='bbox 456 949 571 1022; x_wconf 77' lang='grc'><strong>46).</strong></span> <span class='ocrx_word' id='word_1_80' title='bbox 602 949 722 1021; x_wconf 90' lang='lat' dir='ltr'><strong>Ego</strong></span> <span class='ocrx_word' id='word_1_81' title='bbox 752 953 973 1016; x_wconf 90' lang='lat' dir='ltr'><strong>contra,</strong></span> <span class='ocrx_word' id='word_1_82' title='bbox 1005 949 1054 1004; x_wconf 91' lang='lat' dir='ltr'><strong>si</strong></span> <span class='ocrx_word' id='word_1_83' title='bbox 1102 950 1218 1006; x_wconf 91' lang='lat' dir='ltr'><strong>dici</strong></span> <span class='ocrx_word' id='word_1_84' title='bbox 1278 951 1357 1007; x_wconf 89' lang='lat' dir='ltr'><strong>sit</strong></span> <span class='ocrx_word' id='word_1_85' title='bbox 1386 950 1754 1016; x_wconf 85' lang='lat' dir='ltr'><strong>conveniens,</strong></span> <span class='ocrx_word' id='word_1_86' title='bbox 1789 952 1869 1007; x_wconf 89' lang='lat' dir='ltr'><strong>ita</strong></span> <span class='ocrx_word' id='word_1_87' title='bbox 1890 956 1916 1008; x_wconf 84' lang='lat'><strong>&#39;:</strong></span> 
     </span>
    </p>
   </div>
   <div class='ocr_carea' id='block_1_12' title="bbox 272 1039 1920 1112">
    <p class='ocr_par' dir='ltr' id='par_1_12' title="bbox 272 1039 1920 1112">
     <span class='ocr_line' id='line_1_12' title="bbox 272 1039 1920 1112; baseline 0 -15"><span class='ocrx_word' id='word_1_88' title='bbox 272 1043 414 1112; x_wconf 70' lang='lat' dir='ltr'><strong>Quia</strong></span> <span class='ocrx_word' id='word_1_89' title='bbox 440 1039 640 1096; x_wconf 88' lang='lat' dir='ltr'><strong>melior</strong></span> <span class='ocrx_word' id='word_1_90' title='bbox 684 1046 763 1093; x_wconf 86' lang='lat' dir='ltr'><strong>est</strong></span> <span class='ocrx_word' id='word_1_91' title='bbox 811 1039 1190 1095; x_wconf 79' lang='lat' dir='ltr'><strong>misericordia</strong></span> <span class='ocrx_word' id='word_1_92' title='bbox 1230 1044 1328 1097; x_wconf 83' lang='lat' dir='ltr'><strong>tua</strong></span> <span class='ocrx_word' id='word_1_93' title='bbox 1368 1057 1533 1112; x_wconf 85' lang='lat' dir='ltr'><strong>super</strong></span> <span class='ocrx_word' id='word_1_94' title='bbox 1573 1042 1736 1109; x_wconf 85' lang='lat' dir='ltr'><strong>vitas,</strong></span> <span class='ocrx_word' id='word_1_95' title='bbox 1769 1041 1920 1097; x_wconf 80' lang='lat' dir='ltr'><strong>labia</strong></span> 
     </span>
    </p>
   </div>
   <div class='ocr_carea' id='block_1_13' title="bbox 268 1126 1919 1203">
    <p class='ocr_par' dir='ltr' id='par_1_13' title="bbox 268 1126 1919 1203">
     <span class='ocr_line' id='line_1_13' title="bbox 268 1126 1919 1203; baseline 0 -17"><span class='ocrx_word' id='word_1_96' title='bbox 268 1146 392 1186; x_wconf 87' lang='lat' dir='ltr'><strong>mea</strong></span> <span class='ocrx_word' id='word_1_97' title='bbox 419 1127 726 1186; x_wconf 87' lang='lat' dir='ltr'><strong>laudabunt</strong></span> <span class='ocrx_word' id='word_1_98' title='bbox 751 1130 803 1183; x_wconf 85' lang='lat' dir='ltr'><strong>te</strong></span> <span class='ocrx_word' id='word_1_99' title='bbox 830 1126 1003 1198; x_wconf 89' lang='lat' dir='ltr'><strong>(Psal.</strong></span> <span class='ocrx_word' id='word_1_100' title='bbox 1038 1145 1174 1198; x_wconf 80' lang='lat' dir='ltr'><strong>um,</strong></span> <span class='ocrx_word' id='word_1_101' title='bbox 1203 1128 1568 1202; x_wconf 67' lang='lat' dir='ltr'><strong>4).Sequitur</strong></span> <span class='ocrx_word' id='word_1_102' title='bbox 1597 1130 1755 1186; x_wconf 91' lang='lat' dir='ltr'><strong>enim</strong></span> <span class='ocrx_word' id='word_1_103' title='bbox 1785 1133 1919 1203; x_wconf 88' lang='lat' dir='ltr'><strong>post</strong></span> 
     </span>
    </p>
   </div>
   <div class='ocr_carea' id='block_1_14' title="bbox 269 1215 1916 1288">
    <p class='ocr_par' dir='ltr' id='par_1_14' title="bbox 269 1215 1916 1288">
     <span class='ocr_line' id='line_1_14' title="bbox 269 1215 1916 1288; baseline -0.001 -12"><span class='ocrx_word' id='word_1_104' title='bbox 269 1218 640 1277; x_wconf 80' lang='lat' dir='ltr'><strong>severitatem</strong></span> <span class='ocrx_word' id='word_1_105' title='bbox 662 1215 912 1287; x_wconf 71' lang='lat' dir='ltr'><strong>justitiae</strong></span> <span class='ocrx_word' id='word_1_106' title='bbox 943 1216 1017 1272; x_wconf 92' lang='lat' dir='ltr'><strong>de</strong></span> <span class='ocrx_word' id='word_1_107' title='bbox 1043 1216 1258 1288; x_wconf 81' lang='lat' dir='ltr'><strong>pietate</strong></span> <span class='ocrx_word' id='word_1_108' title='bbox 1286 1218 1605 1274; x_wconf 83' lang='lat' dir='ltr'><strong>consolatio</strong></span> <span class='ocrx_word' id='word_1_109' title='bbox 1634 1218 1695 1273; x_wconf 90' lang='lat' dir='ltr'><strong>in</strong></span> <span class='ocrx_word' id='word_1_110' title='bbox 1712 1219 1916 1275; x_wconf 89' lang='lat' dir='ltr'><strong>eodem</strong></span> 
     </span>
    </p>
   </div>
   <div class='ocr_carea' id='block_1_15' title="bbox 269 1302 1917 1381">
    <p class='ocr_par' dir='ltr' id='par_1_15' title="bbox 269 1302 1917 1381">
     <span class='ocr_line' id='line_1_15' title="bbox 269 1302 1917 1381; baseline 0 -18"><span class='ocrx_word' id='word_1_111' title='bbox 269 1306 501 1381; x_wconf 81' lang='lat' dir='ltr'><strong>psalmo</strong></span> <span class='ocrx_word' id='word_1_112' title='bbox 518 1302 795 1378; x_wconf 13' lang='lat' dir='ltr'><strong>{piissime</strong></span> <span class='ocrx_word' id='word_1_113' title='bbox 824 1303 1212 1378; x_wconf 81' lang='lat' dir='ltr'><strong>promulgata:</strong></span> <span class='ocrx_word' id='word_1_114' title='bbox 1226 1306 1515 1379; x_wconf 81' lang='lat' dir='ltr'><strong>Sacriﬁcio</strong></span> <span class='ocrx_word' id='word_1_115' title='bbox 1536 1307 1718 1362; x_wconf 85' lang='lat' dir='ltr'><strong>laudis</strong></span> <span class='ocrx_word' id='word_1_116' title='bbox 1749 1308 1917 1363; x_wconf 85' lang='lat' dir='ltr'><strong>hono-</strong></span> 
     </span>
    </p>
   </div>
   <div class='ocr_carea' id='block_1_16' title="bbox 266 1393 1918 1467">
    <p class='ocr_par' dir='ltr' id='par_1_16' title="bbox 266 1393 1918 1467">
     <span class='ocr_line' id='line_1_16' title="bbox 266 1393 1918 1467; baseline -0.001 -14"><span class='ocrx_word' id='word_1_117' title='bbox 266 1395 511 1467; x_wconf 81' lang='lat' dir='ltr'><strong>riﬁcabit</strong></span> <span class='ocrx_word' id='word_1_118' title='bbox 538 1408 645 1462; x_wconf 87' lang='lat' dir='ltr'><strong>me,</strong></span> <span class='ocrx_word' id='word_1_119' title='bbox 674 1397 728 1449; x_wconf 87' lang='lat' dir='ltr'><strong>et</strong></span> <span class='ocrx_word' id='word_1_120' title='bbox 757 1393 879 1449; x_wconf 88' lang='lat' dir='ltr'><strong>illic</strong></span> <span class='ocrx_word' id='word_1_121' title='bbox 916 1394 1038 1462; x_wconf 87' lang='lat' dir='ltr'><strong>iter,</strong></span> <span class='ocrx_word' id='word_1_122' title='bbox 1070 1410 1174 1467; x_wconf 86' lang='lat' dir='ltr'><strong>quo</strong></span> <span class='ocrx_word' id='word_1_123' title='bbox 1223 1394 1502 1451; x_wconf 77' lang='lat' dir='ltr'><strong>ostendam</strong></span> <span class='ocrx_word' id='word_1_124' title='bbox 1542 1396 1634 1451; x_wconf 83' lang='lat' dir='ltr'><strong>illi</strong></span> <span class='ocrx_word' id='word_1_125' title='bbox 1678 1396 1918 1451; x_wconf 88' lang='lat' dir='ltr'><strong>salutare</strong></span> 
     </span>
    </p>
   </div>
   <div class='ocr_carea' id='block_1_17' title="bbox 273 1483 1915 1557">
    <p class='ocr_par' dir='ltr' id='par_1_17' title="bbox 273 1483 1915 1557">
     <span class='ocr_line' id='line_1_17' title="bbox 273 1483 1915 1557; baseline -0.001 -16"><span class='ocrx_word' id='word_1_126' title='bbox 273 1485 381 1541; x_wconf 88' lang='lat' dir='ltr'><strong>Dei</strong></span> <span class='ocrx_word' id='word_1_127' title='bbox 408 1483 579 1555; x_wconf 87' lang='lat' dir='ltr'><strong>(Psal.</strong></span> <span class='ocrx_word' id='word_1_128' title='bbox 602 1498 755 1550; x_wconf 81' lang='lat' dir='ltr'><strong>xux,</strong></span> <span class='ocrx_word' id='word_1_129' title='bbox 773 1483 865 1551; x_wconf 89' lang='lat'><strong>23)</strong></span> <span class='ocrx_word' id='word_1_130' title='bbox 890 1500 904 1551; x_wconf 89' lang='lat'><strong>;</strong></span> <span class='ocrx_word' id='word_1_131' title='bbox 938 1483 1094 1554; x_wconf 91' lang='lat' dir='ltr'><strong>quod</strong></span> <span class='ocrx_word' id='word_1_132' title='bbox 1115 1488 1312 1539; x_wconf 88' lang='lat' dir='ltr'><strong>tamen</strong></span> <span class='ocrx_word' id='word_1_133' title='bbox 1345 1484 1696 1540; x_wconf 86' lang='lat' dir='ltr'><strong>sacriﬁcium</strong></span> <span class='ocrx_word' id='word_1_134' title='bbox 1725 1483 1915 1557; x_wconf 89' lang='lat' dir='ltr'><strong>magis</strong></span> 
     </span>
    </p>
   </div>
   <div class='ocr_carea' id='block_1_18' title="bbox 265 1569 1917 1644">
    <p class='ocr_par' dir='ltr' id='par_1_18' title="bbox 265 1569 1917 1644">
     <span class='ocr_line' id='line_1_18' title="bbox 265 1569 1917 1644; baseline 0.001 -16"><span class='ocrx_word' id='word_1_135' title='bbox 265 1575 358 1629; x_wconf 87' lang='lat' dir='ltr'><strong>est</strong></span> <span class='ocrx_word' id='word_1_136' title='bbox 380 1569 574 1644; x_wconf 88' lang='lat' dir='ltr'><strong>operis</strong></span> <span class='ocrx_word' id='word_1_137' title='bbox 605 1587 784 1643; x_wconf 91' lang='lat' dir='ltr'><strong>quam</strong></span> <span class='ocrx_word' id='word_1_138' title='bbox 812 1570 992 1638; x_wconf 84' lang='lat' dir='ltr'><strong>vocis,</strong></span> <span class='ocrx_word' id='word_1_139' title='bbox 1025 1576 1084 1627; x_wconf 87' lang='lat' dir='ltr'><strong>et</strong></span> <span class='ocrx_word' id='word_1_140' title='bbox 1112 1575 1310 1628; x_wconf 89' lang='lat' dir='ltr'><strong>tamen</strong></span> <span class='ocrx_word' id='word_1_141' title='bbox 1340 1572 1514 1629; x_wconf 86' lang='lat' dir='ltr'><strong>vocis.</strong></span> <span class='ocrx_word' id='word_1_142' title='bbox 1549 1572 1697 1629; x_wconf 80' lang='lat' dir='ltr'><strong>Nam</strong></span> <span class='ocrx_word' id='word_1_143' title='bbox 1732 1576 1794 1629; x_wconf 91' lang='lat' dir='ltr'><strong>ut</strong></span> <span class='ocrx_word' id='word_1_144' title='bbox 1819 1589 1917 1629; x_wconf 70' lang='grc' dir='ltr'><strong>κιο·</strong></span> 
     </span>
    </p>
   </div>
   <div class='ocr_carea' id='block_1_19' title="bbox 259 1658 1909 1733">
    <p class='ocr_par' dir='ltr' id='par_1_19' title="bbox 259 1658 1909 1733">
     <span class='ocr_line' id='line_1_19' title="bbox 259 1658 1909 1733; baseline 0.001 -16"><span class='ocrx_word' id='word_1_145' title='bbox 259 1660 415 1717; x_wconf 90' lang='lat' dir='ltr'><strong>veris</strong></span> <span class='ocrx_word' id='word_1_146' title='bbox 446 1676 629 1732; x_wconf 88' lang='lat' dir='ltr'><strong>quare</strong></span> <span class='ocrx_word' id='word_1_147' title='bbox 647 1658 736 1715; x_wconf 92' lang='lat' dir='ltr'><strong>vel</strong></span> <span class='ocrx_word' id='word_1_148' title='bbox 746 1659 840 1714; x_wconf 91' lang='lat' dir='ltr'><strong>cui</strong></span> <span class='ocrx_word' id='word_1_149' title='bbox 858 1658 1168 1716; x_wconf 87' lang='lat' dir='ltr'><strong>interdicat</strong></span> <span class='ocrx_word' id='word_1_150' title='bbox 1188 1660 1455 1733; x_wconf 86' lang='lat' dir='ltr'><strong>justitias</strong></span> <span class='ocrx_word' id='word_1_151' title='bbox 1466 1676 1737 1717; x_wconf 85' lang='lat' dir='ltr'><strong>enarrare</strong></span> <span class='ocrx_word' id='word_1_152' title='bbox 1749 1678 1909 1729; x_wconf 89' lang='lat' dir='ltr'><strong>suas,</strong></span> 
     </span>
    </p>
   </div>
   <div class='ocr_carea' id='block_1_20' title="bbox 263 1746 1915 1822">
    <p class='ocr_par' dir='ltr' id='par_1_20' title="bbox 263 1746 1915 1822">
     <span class='ocr_line' id='line_1_20' title="bbox 263 1746 1915 1822; baseline -0.001 -16"><span class='ocrx_word' id='word_1_153' title='bbox 263 1749 315 1807; x_wconf 89' lang='lat' dir='ltr'><strong>si</strong></span> <span class='ocrx_word' id='word_1_154' title='bbox 345 1748 652 1822; x_wconf 85' lang='lat' dir='ltr'><strong>sequentia</strong></span> <span class='ocrx_word' id='word_1_155' title='bbox 681 1763 798 1804; x_wconf 93' lang='lat' dir='ltr'><strong>non</strong></span> <span class='ocrx_word' id='word_1_156' title='bbox 828 1746 1151 1815; x_wconf 90' lang='lat' dir='ltr'><strong>sufﬁciunt,</strong></span> <span class='ocrx_word' id='word_1_157' title='bbox 1184 1748 1323 1804; x_wconf 88' lang='lat' dir='ltr'><strong>audi</strong></span> <span class='ocrx_word' id='word_1_158' title='bbox 1352 1748 1506 1821; x_wconf 92' lang='lat' dir='ltr'><strong>quod</strong></span> <span class='ocrx_word' id='word_1_159' title='bbox 1537 1750 1808 1821; x_wconf 87' lang='lat' dir='ltr'><strong>superius</strong></span> <span class='ocrx_word' id='word_1_160' title='bbox 1824 1754 1915 1807; x_wconf 91' lang='lat' dir='ltr'><strong>est</strong></span> 
     </span>
    </p>
   </div>
   <div class='ocr_carea' id='block_1_21' title="bbox 262 1836 1905 1912">
    <p class='ocr_par' dir='ltr' id='par_1_21' title="bbox 262 1836 1905 1912">
     <span class='ocr_line' id='line_1_21' title="bbox 262 1836 1905 1912; baseline -0.001 -18"><span class='ocrx_word' id='word_1_161' title='bbox 262 1836 637 1912; x_wconf 68' lang='lat' dir='ltr'><strong>praemissum</strong></span> <span class='ocrx_word' id='word_1_162' title='bbox 670 1852 686 1892; x_wconf 89' lang='lat'><strong>:</strong></span> <span class='ocrx_word' id='word_1_163' title='bbox 720 1837 951 1893; x_wconf 88' lang='lat' dir='ltr'><strong>Immola</strong></span> <span class='ocrx_word' id='word_1_164' title='bbox 989 1837 1098 1893; x_wconf 89' lang='lat' dir='ltr'><strong>Deo</strong></span> <span class='ocrx_word' id='word_1_165' title='bbox 1126 1839 1464 1909; x_wconf 61' lang='lat' dir='ltr'><strong>sacriﬁcium</strong></span> <span class='ocrx_word' id='word_1_166' title='bbox 1510 1837 1696 1893; x_wconf 81' lang='lat' dir='ltr'><strong>laudis</strong></span> <span class='ocrx_word' id='word_1_167' title='bbox 1721 1838 1905 1907; x_wconf 83' lang='lat' dir='ltr'><strong>(Ibid.,</strong></span> 
     </span>
    </p>
   </div>
   <div class='ocr_carea' id='block_1_22' title="bbox 261 1923 1906 1998">
    <p class='ocr_par' dir='ltr' id='par_1_22' title="bbox 261 1923 1906 1998">
     <span class='ocr_line' id='line_1_22' title="bbox 261 1923 1906 1998; baseline -0.001 -14"><span class='ocrx_word' id='word_1_168' title='bbox 261 1929 373 1995; x_wconf 80' lang='grc'><strong>14).</strong></span> <span class='ocrx_word' id='word_1_169' title='bbox 398 1924 751 1983; x_wconf 83' lang='lat' dir='ltr'><strong>Prohibeor?</strong></span> <span class='ocrx_word' id='word_1_170' title='bbox 780 1924 998 1997; x_wconf 84' lang='lat' dir='ltr'><strong>inquis.</strong></span> <span class='ocrx_word' id='word_1_171' title='bbox 1032 1923 1382 1992; x_wconf 90' lang='lat' dir='ltr'><strong>Probiberis,</strong></span> <span class='ocrx_word' id='word_1_172' title='bbox 1414 1925 1677 1998; x_wconf 91' lang='lat' dir='ltr'><strong>inquam,</strong></span> <span class='ocrx_word' id='word_1_173' title='bbox 1710 1926 1906 1998; x_wconf 84' lang='lat' dir='ltr'><strong>probi-</strong></span> 
     </span>
    </p>
   </div>
   <div class='ocr_carea' id='block_1_23' title="bbox 256 2013 1902 2087">
    <p class='ocr_par' dir='ltr' id='par_1_23' title="bbox 256 2013 1902 2087">
     <span class='ocr_line' id='line_1_23' title="bbox 256 2013 1902 2087; baseline -0.002 -13"><span class='ocrx_word' id='word_1_174' title='bbox 256 2016 439 2083; x_wconf 86' lang='lat' dir='ltr'><strong>beris,</strong></span> <span class='ocrx_word' id='word_1_175' title='bbox 472 2015 523 2072; x_wconf 88' lang='lat' dir='ltr'><strong>si</strong></span> <span class='ocrx_word' id='word_1_176' title='bbox 556 2013 743 2070; x_wconf 89' lang='lat' dir='ltr'><strong>facere</strong></span> <span class='ocrx_word' id='word_1_177' title='bbox 772 2013 928 2085; x_wconf 91' lang='lat' dir='ltr'><strong>quod</strong></span> <span class='ocrx_word' id='word_1_178' title='bbox 969 2014 1241 2086; x_wconf 84' lang='lat' dir='ltr'><strong>sequitur</strong></span> <span class='ocrx_word' id='word_1_179' title='bbox 1285 2013 1533 2087; x_wconf 87' lang='lat' dir='ltr'><strong>negligis</strong></span> <span class='ocrx_word' id='word_1_180' title='bbox 1566 2032 1580 2070; x_wconf 91' lang='lat'><strong>:</strong></span> <span class='ocrx_word' id='word_1_181' title='bbox 1611 2018 1679 2072; x_wconf 82' lang='lat' dir='ltr'><strong>Et</strong></span> <span class='ocrx_word' id='word_1_182' title='bbox 1722 2015 1902 2083; x_wconf 87' lang='lat' dir='ltr'><strong>redde,</strong></span> 
     </span>
    </p>
   </div>
   <div class='ocr_carea' id='block_1_24' title="bbox 254 2102 1903 2179">
    <p class='ocr_par' dir='ltr' id='par_1_24' title="bbox 254 2102 1903 2179">
     <span class='ocr_line' id='line_1_24' title="bbox 254 2102 1903 2179; baseline -0.002 -17"><span class='ocrx_word' id='word_1_183' title='bbox 254 2104 836 2179; x_wconf 81' lang='lat' dir='ltr'><strong>inquiens,Altissimo</strong></span> <span class='ocrx_word' id='word_1_184' title='bbox 865 2111 985 2159; x_wconf 86' lang='lat' dir='ltr'><strong>vota</strong></span> <span class='ocrx_word' id='word_1_185' title='bbox 1015 2110 1110 2158; x_wconf 88' lang='lat' dir='ltr'><strong>tua</strong></span> <span class='ocrx_word' id='word_1_186' title='bbox 1134 2102 1344 2175; x_wconf 86' lang='lat' dir='ltr'><strong>(lbid.).</strong></span> <span class='ocrx_word' id='word_1_187' title='bbox 1377 2103 1526 2159; x_wconf 86' lang='lat' dir='ltr'><strong>Vota</strong></span> <span class='ocrx_word' id='word_1_188' title='bbox 1553 2119 1709 2170; x_wconf 90' lang='lat' dir='ltr'><strong>vero,</strong></span> <span class='ocrx_word' id='word_1_189' title='bbox 1738 2103 1903 2160; x_wconf 89' lang='lat' dir='ltr'><strong>Chri-</strong></span> 
     </span>
    </p>
   </div>
   <div class='ocr_carea' id='block_1_25' title="bbox 253 2190 1903 2266">
    <p class='ocr_par' dir='ltr' id='par_1_25' title="bbox 253 2190 1903 2266">
     <span class='ocr_line' id='line_1_25' title="bbox 253 2190 1903 2266; baseline -0.002 -14"><span class='ocrx_word' id='word_1_190' title='bbox 253 2194 471 2262; x_wconf 86' lang='lat' dir='ltr'><strong>stiane,</strong></span> <span class='ocrx_word' id='word_1_191' title='bbox 514 2209 642 2266; x_wconf 65' lang='lat' dir='ltr'><strong>qua</strong></span> <span class='ocrx_word' id='word_1_192' title='bbox 671 2190 791 2248; x_wconf 88' lang='lat' dir='ltr'><strong>sint</strong></span> <span class='ocrx_word' id='word_1_193' title='bbox 817 2194 940 2258; x_wconf 88' lang='lat' dir='ltr'><strong>tua,</strong></span> <span class='ocrx_word' id='word_1_194' title='bbox 972 2191 1022 2247; x_wconf 89' lang='lat' dir='ltr'><strong>si</strong></span> <span class='ocrx_word' id='word_1_195' title='bbox 1052 2190 1199 2247; x_wconf 87' lang='lat' dir='ltr'><strong>forte</strong></span> <span class='ocrx_word' id='word_1_196' title='bbox 1227 2190 1903 2265; x_wconf 89' lang='lat' dir='ltr'><strong>oblitus,requiris,quod</strong></span> 
     </span>
    </p>
   </div>
   <div class='ocr_carea' id='block_1_26' title="bbox 250 2278 1902 2356">
    <p class='ocr_par' dir='ltr' id='par_1_26' title="bbox 250 2278 1902 2356">
     <span class='ocr_line' id='line_1_26' title="bbox 250 2278 1902 2356; baseline -0.002 -16"><span class='ocrx_word' id='word_1_197' title='bbox 250 2285 311 2340; x_wconf 89' lang='lat' dir='ltr'><strong>in</strong></span> <span class='ocrx_word' id='word_1_198' title='bbox 366 2282 660 2356; x_wconf 88' lang='lat' dir='ltr'><strong>baptismo</strong></span> <span class='ocrx_word' id='word_1_199' title='bbox 690 2278 1012 2353; x_wconf 83' lang='lat' dir='ltr'><strong>promisisti</strong></span> <span class='ocrx_word' id='word_1_200' title='bbox 1044 2284 1178 2349; x_wconf 90' lang='lat' dir='ltr'><strong>Deo,</strong></span> <span class='ocrx_word' id='word_1_201' title='bbox 1211 2280 1571 2336; x_wconf 87' lang='lat' dir='ltr'><strong>memineris.</strong></span> <span class='ocrx_word' id='word_1_202' title='bbox 1604 2280 1902 2348; x_wconf 88' lang='lat' dir='ltr'><strong>Monacbe,</strong></span> 
     </span>
    </p>
   </div>
   <div class='ocr_carea' id='block_1_27' title="bbox 251 2368 1904 2445">
    <p class='ocr_par' dir='ltr' id='par_1_27' title="bbox 251 2368 1904 2445">
     <span class='ocr_line' id='line_1_27' title="bbox 251 2368 1904 2445; baseline -0.002 -15"><span class='ocrx_word' id='word_1_203' title='bbox 251 2373 301 2430; x_wconf 92' lang='lat' dir='ltr'><strong>si</strong></span> <span class='ocrx_word' id='word_1_204' title='bbox 340 2387 543 2445; x_wconf 86' lang='lat' dir='ltr'><strong>rogas;</strong></span> <span class='ocrx_word' id='word_1_205' title='bbox 575 2386 704 2443; x_wconf 58' lang='lat' dir='ltr'><strong>quas</strong></span> <span class='ocrx_word' id='word_1_206' title='bbox 735 2372 867 2442; x_wconf 87' lang='lat' dir='ltr'><strong>post</strong></span> <span class='ocrx_word' id='word_1_207' title='bbox 894 2368 1069 2424; x_wconf 90' lang='lat' dir='ltr'><strong>etiam</strong></span> <span class='ocrx_word' id='word_1_208' title='bbox 1100 2368 1715 2441; x_wconf 88' lang='lat' dir='ltr'><strong>spopondisti,moneo</strong></span> <span class='ocrx_word' id='word_1_209' title='bbox 1745 2386 1904 2426; x_wconf 76' lang='lat' dir='ltr'><strong>reco-</strong></span> 
     </span>
    </p>
   </div>
   <div class='ocr_carea' id='block_1_28' title="bbox 248 2456 1908 2530">
    <p class='ocr_par' dir='ltr' id='par_1_28' title="bbox 248 2456 1908 2530">
     <span class='ocr_line' id='line_1_28' title="bbox 248 2456 1908 2530; baseline -0.002 -12"><span class='ocrx_word' id='word_1_210' title='bbox 248 2461 369 2530; x_wconf 79' lang='lat' dir='ltr'><strong>las,</strong></span> <span class='ocrx_word' id='word_1_211' title='bbox 396 2460 541 2517; x_wconf 92' lang='lat' dir='ltr'><strong>illud</strong></span> <span class='ocrx_word' id='word_1_212' title='bbox 569 2458 915 2528; x_wconf 90' lang='lat' dir='ltr'><strong>redde;dicit</strong></span> <span class='ocrx_word' id='word_1_213' title='bbox 942 2457 1182 2530; x_wconf 89' lang='lat' dir='ltr'><strong>sponsio</strong></span> <span class='ocrx_word' id='word_1_214' title='bbox 1212 2456 1542 2513; x_wconf 88' lang='lat' dir='ltr'><strong>Conditoris</strong></span> <span class='ocrx_word' id='word_1_215' title='bbox 1576 2474 1589 2513; x_wconf 90' lang='lat'><strong>:</strong></span> <span class='ocrx_word' id='word_1_216' title='bbox 1623 2458 1687 2514; x_wconf 85' lang='lat' dir='ltr'><strong>Et</strong></span> <span class='ocrx_word' id='word_1_217' title='bbox 1716 2460 1908 2515; x_wconf 81' lang='lat' dir='ltr'><strong>invoca</strong></span> 
     </span>
    </p>
   </div>
   <div class='ocr_carea' id='block_1_29' title="bbox 249 2548 1906 2617">
    <p class='ocr_par' dir='ltr' id='par_1_29' title="bbox 249 2548 1906 2617">
     <span class='ocr_line' id='line_1_29' title="bbox 249 2548 1906 2617; baseline -0.004 -8"><span class='ocrx_word' id='word_1_218' title='bbox 249 2552 417 2609; x_wconf 65' lang='grc' dir='ltr'><strong>που</strong></span> <span class='ocrx_word' id='word_1_219' title='bbox 443 2566 531 2606; x_wconf 86' lang='lat' dir='ltr'><strong>me</strong></span> <span class='ocrx_word' id='word_1_220' title='bbox 559 2551 620 2605; x_wconf 85' lang='lat' dir='ltr'><strong>in</strong></span> <span class='ocrx_word' id='word_1_221' title='bbox 648 2548 738 2605; x_wconf 87' lang='lat' dir='ltr'><strong>die</strong></span> <span class='ocrx_word' id='word_1_222' title='bbox 765 2548 1162 2614; x_wconf 83' lang='lat' dir='ltr'><strong>tribulationis,</strong></span> <span class='ocrx_word' id='word_1_223' title='bbox 1193 2554 1244 2603; x_wconf 88' lang='lat' dir='ltr'><strong>et</strong></span> <span class='ocrx_word' id='word_1_224' title='bbox 1273 2563 1464 2603; x_wconf 88' lang='lat' dir='ltr'><strong>eruam</strong></span> <span class='ocrx_word' id='word_1_225' title='bbox 1494 2555 1563 2615; x_wconf 87' lang='lat' dir='ltr'><strong>te,</strong></span> <span class='ocrx_word' id='word_1_226' title='bbox 1596 2555 1648 2602; x_wconf 89' lang='lat' dir='ltr'><strong>et</strong></span> <span class='ocrx_word' id='word_1_227' title='bbox 1684 2551 1906 2617; x_wconf 81' lang='lat' dir='ltr'><strong>magni-</strong></span> 
     </span>
    </p>
   </div>
   <div class='ocr_carea' id='block_1_30' title="bbox 245 2636 922 2713">
    <p class='ocr_par' dir='ltr' id='par_1_30' title="bbox 245 2636 922 2713">
     <span class='ocr_line' id='line_1_30' title="bbox 245 2636 922 2713; baseline -0.01 -16"><span class='ocrx_word' id='word_1_228' title='bbox 245 2640 449 2713; x_wconf 83' lang='lat' dir='ltr'><strong>ﬁcabis</strong></span> <span class='ocrx_word' id='word_1_229' title='bbox 474 2654 564 2695; x_wconf 87' lang='lat' dir='ltr'><strong>me</strong></span> <span class='ocrx_word' id='word_1_230' title='bbox 591 2637 774 2707; x_wconf 86' lang='lat' dir='ltr'><strong>(Ibid.,</strong></span> <span class='ocrx_word' id='word_1_231' title='bbox 804 2636 922 2707; x_wconf 74' lang='grc'><strong>45).</strong></span> 
     </span>
    </p>
   </div>
   <div class='ocr_carea' id='block_1_31' title="bbox 316 2726 1905 2799">
    <p class='ocr_par' dir='ltr' id='par_1_31' title="bbox 316 2726 1905 2799">
     <span class='ocr_line' id='line_1_31' title="bbox 316 2726 1905 2799; baseline -0.002 -15"><span class='ocrx_word' id='word_1_232' title='bbox 316 2731 420 2785; x_wconf 84' lang='grc'><strong>17.</strong></span> <span class='ocrx_word' id='word_1_233' title='bbox 454 2729 653 2798; x_wconf 81' lang='lat' dir='ltr'><strong>Quare,</strong></span> <span class='ocrx_word' id='word_1_234' title='bbox 704 2726 927 2799; x_wconf 81' lang='lat' dir='ltr'><strong>inquis,</strong></span> <span class='ocrx_word' id='word_1_235' title='bbox 980 2726 1157 2780; x_wconf 82' lang='lat' dir='ltr'><strong>tristis</strong></span> <span class='ocrx_word' id='word_1_236' title='bbox 1202 2741 1276 2793; x_wconf 88' lang='lat' dir='ltr'><strong>es,</strong></span> <span class='ocrx_word' id='word_1_237' title='bbox 1323 2728 1517 2781; x_wconf 86' lang='lat' dir='ltr'><strong>anima</strong></span> <span class='ocrx_word' id='word_1_238' title='bbox 1562 2730 1731 2781; x_wconf 81' lang='lat' dir='ltr'><strong>mea?</strong></span> <span class='ocrx_word' id='word_1_239' title='bbox 1756 2727 1905 2782; x_wconf 88' lang='lat' dir='ltr'><strong>Audi</strong></span> 
     </span>
    </p>
   </div>
   <div class='ocr_carea' id='block_1_32' title="bbox 242 2815 1907 2886">
    <p class='ocr_par' dir='ltr' id='par_1_32' title="bbox 242 2815 1907 2886">
     <span class='ocr_line' id='line_1_32' title="bbox 242 2815 1907 2886; baseline -0.004 -10"><span class='ocrx_word' id='word_1_240' title='bbox 242 2819 415 2877; x_wconf 87' lang='lat' dir='ltr'><strong>unde</strong></span> <span class='ocrx_word' id='word_1_241' title='bbox 444 2815 761 2874; x_wconf 88' lang='lat' dir='ltr'><strong>consoleris</strong></span> <span class='ocrx_word' id='word_1_242' title='bbox 793 2830 806 2869; x_wconf 96' lang='lat'>:</span> <span class='ocrx_word' id='word_1_243' title='bbox 853 2815 1033 2886; x_wconf 68' lang='lat' dir='ltr'><strong>Spera”</strong></span> <span class='ocrx_word' id='word_1_244' title='bbox 1068 2815 1129 2869; x_wconf 86' lang='lat' dir='ltr'><strong>in</strong></span> <span class='ocrx_word' id='word_1_245' title='bbox 1170 2815 1321 2870; x_wconf 82' lang='lat' dir='ltr'><strong>Deo?</strong></span> <span class='ocrx_word' id='word_1_246' title='bbox 1357 2815 1592 2880; x_wconf 86' lang='lat' dir='ltr'><strong>Quare?</strong></span> <span class='ocrx_word' id='word_1_247' title='bbox 1639 2815 1907 2883; x_wconf 85' lang='lat' dir='ltr'><strong>Quoniam</strong></span> 
     </span>
    </p>
   </div>
   <div class='ocr_carea' id='block_1_33' title="bbox 240 2902 1902 2977">
    <p class='ocr_par' dir='ltr' id='par_1_33' title="bbox 240 2902 1902 2977">
     <span class='ocr_line' id='line_1_33' title="bbox 240 2902 1902 2977; baseline -0.004 -12"><span class='ocrx_word' id='word_1_248' title='bbox 240 2908 437 2965; x_wconf 72' lang='lat' dir='ltr'><strong>adhuc</strong></span> <span class='ocrx_word' id='word_1_249' title='bbox 462 2904 754 2977; x_wconf 80' lang='lat' dir='ltr'><strong>conﬁtebor</strong></span> <span class='ocrx_word' id='word_1_250' title='bbox 778 2904 870 2958; x_wconf 89' lang='lat' dir='ltr'><strong>illi</strong></span> <span class='ocrx_word' id='word_1_251' title='bbox 897 2902 1066 2972; x_wconf 89' lang='lat' dir='ltr'><strong>(Psal.</strong></span> <span class='ocrx_word' id='word_1_252' title='bbox 1100 2902 1513 2973; x_wconf 80' lang='lat' dir='ltr'><strong>xu,5),adbuc</strong></span> <span class='ocrx_word' id='word_1_253' title='bbox 1543 2902 1688 2972; x_wconf 90' lang='lat' dir='ltr'><strong>vivo,</strong></span> <span class='ocrx_word' id='word_1_254' title='bbox 1722 2904 1902 2976; x_wconf 89' lang='lat' dir='ltr'><strong>spiro,</strong></span> 
     </span>
    </p>
   </div>
   <div class='ocr_carea' id='block_1_34' title="bbox 241 2990 1903 3070">
    <p class='ocr_par' dir='ltr' id='par_1_34' title="bbox 241 2990 1903 3070">
     <span class='ocr_line' id='line_1_34' title="bbox 241 2990 1903 3070; baseline -0.003 -15"><span class='ocrx_word' id='word_1_255' title='bbox 241 3003 300 3055; x_wconf 87' lang='lat' dir='ltr'><strong>et</strong></span> <span class='ocrx_word' id='word_1_256' title='bbox 332 2996 597 3070; x_wconf 82' lang='lat' dir='ltr'><strong>pedibus</strong></span> <span class='ocrx_word' id='word_1_257' title='bbox 626 2992 775 3050; x_wconf 83' lang='lat' dir='ltr'><strong>meis</strong></span> <span class='ocrx_word' id='word_1_258' title='bbox 805 3008 899 3048; x_wconf 91' lang='lat' dir='ltr'><strong>me</strong></span> <span class='ocrx_word' id='word_1_259' title='bbox 927 2990 1180 3064; x_wconf 76' lang='lat' dir='ltr'><strong>propriis</strong></span> <span class='ocrx_word' id='word_1_260' title='bbox 1210 3000 1398 3064; x_wconf 89' lang='lat' dir='ltr'><strong>porto,</strong></span> <span class='ocrx_word' id='word_1_261' title='bbox 1432 2992 1626 3048; x_wconf 90' lang='lat' dir='ltr'><strong>adhuc</strong></span> <span class='ocrx_word' id='word_1_262' title='bbox 1662 2997 1753 3049; x_wconf 89' lang='lat' dir='ltr'><strong>est</strong></span> <span class='ocrx_word' id='word_1_263' title='bbox 1778 2994 1903 3050; x_wconf 90' lang='lat' dir='ltr'><strong>dies</strong></span> 
     </span>
    </p>
   </div>
   <div class='ocr_carea' id='block_1_35' title="bbox 245 3080 1899 3154">
    <p class='ocr_par' dir='ltr' id='par_1_35' title="bbox 245 3080 1899 3154">
     <span class='ocr_line' id='line_1_35' title="bbox 245 3080 1899 3154; baseline -0.002 -12"><span class='ocrx_word' id='word_1_264' title='bbox 245 3085 490 3154; x_wconf 87' lang='lat' dir='ltr'><strong>salutis,</strong></span> <span class='ocrx_word' id='word_1_265' title='bbox 540 3081 734 3138; x_wconf 87' lang='lat' dir='ltr'><strong>adhuc</strong></span> <span class='ocrx_word' id='word_1_266' title='bbox 781 3085 1016 3152; x_wconf 89' lang='lat' dir='ltr'><strong>tempus</strong></span> <span class='ocrx_word' id='word_1_267' title='bbox 1063 3080 1418 3152; x_wconf 86' lang='lat' dir='ltr'><strong>acceptabile</strong></span> <span class='ocrx_word' id='word_1_268' title='bbox 1461 3082 1532 3153; x_wconf 91' lang='lat' dir='ltr'><strong>(II</strong></span> <span class='ocrx_word' id='word_1_269' title='bbox 1558 3081 1679 3138; x_wconf 83' lang='lat' dir='ltr'><strong>Cor.</strong></span> <span class='ocrx_word' id='word_1_270' title='bbox 1712 3100 1788 3149; x_wconf 86' lang='lat' dir='ltr'><strong>v1,</strong></span> <span class='ocrx_word' id='word_1_271' title='bbox 1821 3086 1899 3154; x_wconf 88' lang='lat'><strong>2).</strong></span> 
     </span>
    </p>
   </div>
   <div class='ocr_carea' id='block_1_36' title="bbox 2034 686 3672 763">
    <p class='ocr_par' dir='ltr' id='par_1_36' title="bbox 2034 686 3672 763">
     <span class='ocr_line' id='line_1_36' title="bbox 2034 686 3672 763; baseline 0.001 -23"><span class='ocrx_word' id='word_1_272' title='bbox 2034 701 2114 749; x_wconf 90' lang='lat' dir='ltr'><strong>re,</strong></span> <span class='ocrx_word' id='word_1_273' title='bbox 2148 687 2249 759; x_wconf 87' lang='lat' dir='ltr'><strong>qui</strong></span> <span class='ocrx_word' id='word_1_274' title='bbox 2278 688 2418 761; x_wconf 86' lang='lat' dir='ltr'><strong>fuga</strong></span> <span class='ocrx_word' id='word_1_275' title='bbox 2453 686 2676 761; x_wconf 88' lang='lat' dir='ltr'><strong>lapsus,</strong></span> <span class='ocrx_word' id='word_1_276' title='bbox 2710 689 3000 763; x_wconf 86' lang='lat' dir='ltr'><strong>longoque</strong></span> <span class='ocrx_word' id='word_1_277' title='bbox 3045 694 3306 762; x_wconf 89' lang='lat' dir='ltr'><strong>tempore</strong></span> <span class='ocrx_word' id='word_1_278' title='bbox 3355 704 3390 743; x_wconf 93' lang='lat' dir='ltr'><strong>a</strong></span> <span class='ocrx_word' id='word_1_279' title='bbox 3436 686 3672 741; x_wconf 90' lang='lat' dir='ltr'><strong>domino</strong></span> 
     </span>
    </p>
   </div>
   <div class='ocr_carea' id='block_1_37' title="bbox 2030 774 3672 851">
    <p class='ocr_par' dir='ltr' id='par_1_37' title="bbox 2030 774 3672 851">
     <span class='ocr_line' id='line_1_37' title="bbox 2030 774 3672 851; baseline -0.001 -21"><span class='ocrx_word' id='word_1_280' title='bbox 2030 775 2393 844; x_wconf 83' lang='lat' dir='ltr'><strong>absentatus,</strong></span> <span class='ocrx_word' id='word_1_281' title='bbox 2426 779 2662 834; x_wconf 84' lang='lat' dir='ltr'><strong>tandem</strong></span> <span class='ocrx_word' id='word_1_282' title='bbox 2711 778 3024 851; x_wconf 87' lang='lat' dir='ltr'><strong>aliquando</strong></span> <span class='ocrx_word' id='word_1_283' title='bbox 3073 776 3400 833; x_wconf 85' lang='lat' dir='ltr'><strong>minitantis</strong></span> <span class='ocrx_word' id='word_1_284' title='bbox 3448 774 3672 830; x_wconf 90' lang='lat' dir='ltr'><strong>domini</strong></span> 
     </span>
    </p>
   </div>
   <div class='ocr_carea' id='block_1_38' title="bbox 2030 864 3675 939">
    <p class='ocr_par' dir='ltr' id='par_1_38' title="bbox 2030 864 3675 939">
     <span class='ocr_line' id='line_1_38' title="bbox 2030 864 3675 939; baseline -0.001 -20"><span class='ocrx_word' id='word_1_285' title='bbox 2030 868 2247 922; x_wconf 87' lang='lat' dir='ltr'><strong>terrore</strong></span> <span class='ocrx_word' id='word_1_286' title='bbox 2294 865 2657 939; x_wconf 89' lang='lat' dir='ltr'><strong>compulsus,</strong></span> <span class='ocrx_word' id='word_1_287' title='bbox 2691 885 2763 923; x_wconf 89' lang='lat' dir='ltr'><strong>ne</strong></span> <span class='ocrx_word' id='word_1_288' title='bbox 2811 868 3029 935; x_wconf 90' lang='lat' dir='ltr'><strong>subito,</strong></span> <span class='ocrx_word' id='word_1_289' title='bbox 3058 866 3279 924; x_wconf 89' lang='lat' dir='ltr'><strong>scilicet</strong></span> <span class='ocrx_word' id='word_1_290' title='bbox 3315 865 3455 921; x_wconf 90' lang='lat' dir='ltr'><strong>dum</strong></span> <span class='ocrx_word' id='word_1_291' title='bbox 3488 864 3675 920; x_wconf 88' lang='lat' dir='ltr'><strong>nescit</strong></span> 
     </span>
    </p>
   </div>
   <div class='ocr_carea' id='block_1_39' title="bbox 2027 954 3670 1030">
    <p class='ocr_par' dir='ltr' id='par_1_39' title="bbox 2027 954 3670 1030">
     <span class='ocr_line' id='line_1_39' title="bbox 2027 954 3670 1030; baseline 0 -22"><span class='ocrx_word' id='word_1_292' title='bbox 2027 955 2642 1027; x_wconf 85' lang='lat' dir='ltr'><strong>comprehendatur,et</strong></span> <span class='ocrx_word' id='word_1_293' title='bbox 2666 960 2769 1013; x_wconf 90' lang='lat' dir='ltr'><strong>aut</strong></span> <span class='ocrx_word' id='word_1_294' title='bbox 2798 956 3060 1030; x_wconf 91' lang='lat' dir='ltr'><strong>patibulo</strong></span> <span class='ocrx_word' id='word_1_295' title='bbox 3092 960 3193 1012; x_wconf 90' lang='lat' dir='ltr'><strong>aut</strong></span> <span class='ocrx_word' id='word_1_296' title='bbox 3223 954 3531 1027; x_wconf 89' lang='lat' dir='ltr'><strong>suppliciis</strong></span> <span class='ocrx_word' id='word_1_297' title='bbox 3553 957 3670 1008; x_wconf 85' lang='lat' dir='ltr'><strong>tra-</strong></span> 
     </span>
    </p>
   </div>
   <div class='ocr_carea' id='block_1_40' title="bbox 2024 1041 3670 1118">
    <p class='ocr_par' dir='ltr' id='par_1_40' title="bbox 2024 1041 3670 1118">
     <span class='ocr_line' id='line_1_40' title="bbox 2024 1041 3670 1118; baseline -0.001 -22"><span class='ocrx_word' id='word_1_298' title='bbox 2024 1041 2217 1109; x_wconf 88' lang='lat' dir='ltr'><strong>datur,</strong></span> <span class='ocrx_word' id='word_1_299' title='bbox 2251 1044 2350 1116; x_wconf 93' lang='lat' dir='ltr'><strong>qui</strong></span> <span class='ocrx_word' id='word_1_300' title='bbox 2379 1043 2579 1102; x_wconf 89' lang='lat' dir='ltr'><strong>missis</strong></span> <span class='ocrx_word' id='word_1_301' title='bbox 2609 1043 2817 1118; x_wconf 88' lang='lat' dir='ltr'><strong>legatis</strong></span> <span class='ocrx_word' id='word_1_302' title='bbox 2848 1049 3046 1117; x_wconf 88' lang='lat' dir='ltr'><strong>sperat</strong></span> <span class='ocrx_word' id='word_1_303' title='bbox 3073 1044 3309 1117; x_wconf 87' lang='lat' dir='ltr'><strong>aliquod</strong></span> <span class='ocrx_word' id='word_1_304' title='bbox 3346 1042 3670 1099; x_wconf 90' lang='lat' dir='ltr'><strong>remedium</strong></span> 
     </span>
    </p>
   </div>
   <div class='ocr_carea' id='block_1_41' title="bbox 2023 1130 3666 1206">
    <p class='ocr_par' dir='ltr' id='par_1_41' title="bbox 2023 1130 3666 1206">
     <span class='ocr_line' id='line_1_41' title="bbox 2023 1130 3666 1206; baseline 0.001 -22"><span class='ocrx_word' id='word_1_305' title='bbox 2023 1130 2281 1202; x_wconf 88' lang='lat' dir='ltr'><strong>pietatis.</strong></span> <span class='ocrx_word' id='word_1_306' title='bbox 2302 1132 2411 1197; x_wconf 88' lang='lat' dir='ltr'><strong>Qui</strong></span> <span class='ocrx_word' id='word_1_307' title='bbox 2441 1137 2610 1201; x_wconf 92' lang='lat' dir='ltr'><strong>sunt;</strong></span> <span class='ocrx_word' id='word_1_308' title='bbox 2634 1132 2853 1205; x_wconf 89' lang='lat' dir='ltr'><strong>inquis,</strong></span> <span class='ocrx_word' id='word_1_309' title='bbox 2870 1133 2955 1189; x_wconf 90' lang='lat' dir='ltr'><strong>tui</strong></span> <span class='ocrx_word' id='word_1_310' title='bbox 2990 1133 3257 1206; x_wconf 85' lang='lat' dir='ltr'><strong>legati?Si</strong></span> <span class='ocrx_word' id='word_1_311' title='bbox 3290 1132 3431 1204; x_wconf 91' lang='lat' dir='ltr'><strong>quid</strong></span> <span class='ocrx_word' id='word_1_312' title='bbox 3460 1130 3666 1196; x_wconf 89' lang='lat' dir='ltr'><strong>enitor,</strong></span> 
     </span>
    </p>
   </div>
   <div class='ocr_carea' id='block_1_42' title="bbox 2023 1217 3666 1291">
    <p class='ocr_par' dir='ltr' id='par_1_42' title="bbox 2023 1217 3666 1291">
     <span class='ocr_line' id='line_1_42' title="bbox 2023 1217 3666 1291; baseline 0.001 -19"><span class='ocrx_word' id='word_1_313' title='bbox 2023 1217 2285 1291; x_wconf 88' lang='lat' dir='ltr'><strong>inquam.</strong></span> <span class='ocrx_word' id='word_1_314' title='bbox 2320 1220 2379 1277; x_wconf 92' lang='lat' dir='ltr'><strong>Si</strong></span> <span class='ocrx_word' id='word_1_315' title='bbox 2409 1226 2607 1279; x_wconf 84' lang='lat' dir='ltr'><strong>tamen</strong></span> <span class='ocrx_word' id='word_1_316' title='bbox 2653 1223 2903 1279; x_wconf 89' lang='lat' dir='ltr'><strong>eniterer</strong></span> <span class='ocrx_word' id='word_1_317' title='bbox 2947 1222 3008 1277; x_wconf 92' lang='lat' dir='ltr'><strong>in</strong></span> <span class='ocrx_word' id='word_1_318' title='bbox 3057 1221 3160 1278; x_wconf 91' lang='lat' dir='ltr'><strong>Dei</strong></span> <span class='ocrx_word' id='word_1_319' title='bbox 3207 1220 3442 1277; x_wconf 90' lang='lat' dir='ltr'><strong>servitio</strong></span> <span class='ocrx_word' id='word_1_320' title='bbox 3489 1220 3666 1287; x_wconf 88' lang='lat' dir='ltr'><strong>forte;</strong></span> 
     </span>
    </p>
   </div>
   <div class='ocr_carea' id='block_1_43' title="bbox 2024 1308 3668 1383">
    <p class='ocr_par' dir='ltr' id='par_1_43' title="bbox 2024 1308 3668 1383">
     <span class='ocr_line' id='line_1_43' title="bbox 2024 1308 3668 1383; baseline 0.002 -22"><span class='ocrx_word' id='word_1_321' title='bbox 2024 1310 2082 1362; x_wconf 88' lang='lat' dir='ltr'><strong>et</strong></span> <span class='ocrx_word' id='word_1_322' title='bbox 2110 1308 2158 1363; x_wconf 90' lang='lat' dir='ltr'><strong>si</strong></span> <span class='ocrx_word' id='word_1_323' title='bbox 2184 1325 2300 1366; x_wconf 90' lang='lat' dir='ltr'><strong>non</strong></span> <span class='ocrx_word' id='word_1_324' title='bbox 2331 1309 2510 1378; x_wconf 88' lang='lat' dir='ltr'><strong>aliud,</strong></span> <span class='ocrx_word' id='word_1_325' title='bbox 2538 1311 2894 1368; x_wconf 89' lang='lat' dir='ltr'><strong>desiderium</strong></span> <span class='ocrx_word' id='word_1_326' title='bbox 2924 1311 3132 1368; x_wconf 85' lang='lat' dir='ltr'><strong>saltem</strong></span> <span class='ocrx_word' id='word_1_327' title='bbox 3176 1310 3424 1383; x_wconf 89' lang='lat' dir='ltr'><strong>loquens</strong></span> <span class='ocrx_word' id='word_1_328' title='bbox 3465 1310 3668 1380; x_wconf 88' lang='lat' dir='ltr'><strong>utique</strong></span> 
     </span>
    </p>
   </div>
   <div class='ocr_carea' id='block_1_44' title="bbox 2026 1392 3665 1471">
    <p class='ocr_par' dir='ltr' id='par_1_44' title="bbox 2026 1392 3665 1471">
     <span class='ocr_line' id='line_1_44' title="bbox 2026 1392 3665 1471; baseline 0 -22"><span class='ocrx_word' id='word_1_329' title='bbox 2026 1411 2157 1450; x_wconf 87' lang='lat' dir='ltr'><strong>cum</strong></span> <span class='ocrx_word' id='word_1_330' title='bbox 2192 1396 2459 1466; x_wconf 91' lang='lat' dir='ltr'><strong>Domino,</strong></span> <span class='ocrx_word' id='word_1_331' title='bbox 2481 1403 2539 1455; x_wconf 89' lang='lat' dir='ltr'><strong>et</strong></span> <span class='ocrx_word' id='word_1_332' title='bbox 2566 1399 2792 1455; x_wconf 90' lang='lat' dir='ltr'><strong>utinam</strong></span> <span class='ocrx_word' id='word_1_333' title='bbox 2822 1399 3020 1471; x_wconf 89' lang='lat' dir='ltr'><strong>ipsum</strong></span> <span class='ocrx_word' id='word_1_334' title='bbox 3049 1398 3139 1456; x_wconf 88' lang='lat' dir='ltr'><strong>vel</strong></span> <span class='ocrx_word' id='word_1_335' title='bbox 3170 1403 3531 1462; x_wconf 63' lang='lat' dir='ltr'><strong>ceterorum,</strong></span> <span class='ocrx_word' id='word_1_336' title='bbox 3564 1392 3665 1466; x_wconf 90' lang='lat' dir='ltr'><strong>qui</strong></span> 
     </span>
    </p>
   </div>
   <div class='ocr_carea' id='block_1_45' title="bbox 2027 1483 3667 1560">
    <p class='ocr_par' dir='ltr' id='par_1_45' title="bbox 2027 1483 3667 1560">
     <span class='ocr_line' id='line_1_45' title="bbox 2027 1483 3667 1560; baseline 0 -21"><span class='ocrx_word' id='word_1_337' title='bbox 2027 1483 2101 1539; x_wconf 86' lang='lat' dir='ltr'><strong>ad</strong></span> <span class='ocrx_word' id='word_1_338' title='bbox 2132 1483 2243 1541; x_wconf 87' lang='lat' dir='ltr'><strong>hoc</strong></span> <span class='ocrx_word' id='word_1_339' title='bbox 2271 1490 2413 1541; x_wconf 90' lang='lat' dir='ltr'><strong>sunt</strong></span> <span class='ocrx_word' id='word_1_340' title='bbox 2439 1487 2779 1560; x_wconf 87' lang='lat' dir='ltr'><strong>suppliciter</strong></span> <span class='ocrx_word' id='word_1_341' title='bbox 2805 1487 3221 1557; x_wconf 89' lang='lat' dir='ltr'><strong>invocandi;sic</strong></span> <span class='ocrx_word' id='word_1_342' title='bbox 3239 1485 3395 1543; x_wconf 91' lang='lat' dir='ltr'><strong>enim</strong></span> <span class='ocrx_word' id='word_1_343' title='bbox 3416 1485 3667 1541; x_wconf 88' lang='lat' dir='ltr'><strong>habetur</strong></span> 
     </span>
    </p>
   </div>
   <div class='ocr_carea' id='block_1_46' title="bbox 2025 1571 3663 1648">
    <p class='ocr_par' dir='ltr' id='par_1_46' title="bbox 2025 1571 3663 1648">
     <span class='ocr_line' id='line_1_46' title="bbox 2025 1571 3663 1648; baseline 0.001 -22"><span class='ocrx_word' id='word_1_344' title='bbox 2025 1571 2086 1626; x_wconf 84' lang='lat' dir='ltr'><strong>in</strong></span> <span class='ocrx_word' id='word_1_345' title='bbox 2114 1573 2345 1645; x_wconf 88' lang='lat' dir='ltr'><strong>psalmo</strong></span> <span class='ocrx_word' id='word_1_346' title='bbox 2369 1591 2383 1630; x_wconf 87' lang='lat'><strong>:</strong></span> <span class='ocrx_word' id='word_1_347' title='bbox 2408 1576 2747 1632; x_wconf 87' lang='lat' dir='ltr'><strong>Desiderium</strong></span> <span class='ocrx_word' id='word_1_348' title='bbox 2765 1592 3063 1648; x_wconf 82' lang='lat' dir='ltr'><strong>pauperem</strong></span> <span class='ocrx_word' id='word_1_349' title='bbox 3090 1577 3375 1632; x_wconf 64' lang='lat' dir='ltr'><strong>exaudivit</strong></span> <span class='ocrx_word' id='word_1_350' title='bbox 3403 1576 3663 1630; x_wconf 88' lang='lat' dir='ltr'><strong>Dominus</strong></span> 
     </span>
    </p>
   </div>
   <div class='ocr_carea' id='block_1_47' title="bbox 2028 1660 3662 1737">
    <p class='ocr_par' dir='ltr' id='par_1_47' title="bbox 2028 1660 3662 1737">
     <span class='ocr_line' id='line_1_47' title="bbox 2028 1660 3662 1737; baseline -0.001 -21"><span class='ocrx_word' id='word_1_351' title='bbox 2028 1661 2195 1733; x_wconf 89' lang='lat' dir='ltr'><strong>(Psal.</strong></span> <span class='ocrx_word' id='word_1_352' title='bbox 2236 1680 2292 1733; x_wconf 90' lang='lat' dir='ltr'><strong>x,</strong></span> <span class='ocrx_word' id='word_1_353' title='bbox 2344 1664 2454 1737; x_wconf 81' lang='lat' dir='ltr'><strong>l7),</strong></span> <span class='ocrx_word' id='word_1_354' title='bbox 2493 1665 2667 1737; x_wconf 89' lang='lat' dir='ltr'><strong>quasi</strong></span> <span class='ocrx_word' id='word_1_355' title='bbox 2709 1664 2970 1722; x_wconf 84' lang='lat' dir='ltr'><strong>diceret:</strong></span> <span class='ocrx_word' id='word_1_356' title='bbox 3022 1664 3389 1721; x_wconf 84' lang='lat' dir='ltr'><strong>Desiderium</strong></span> <span class='ocrx_word' id='word_1_357' title='bbox 3439 1660 3662 1734; x_wconf 83' lang='lat' dir='ltr'><strong>fugitivi</strong></span> 
     </span>
    </p>
   </div>
   <div class='ocr_carea' id='block_1_48' title="bbox 2023 1750 3666 1826">
    <p class='ocr_par' dir='ltr' id='par_1_48' title="bbox 2023 1750 3666 1826">
     <span class='ocr_line' id='line_1_48' title="bbox 2023 1750 3666 1826; baseline 0 -21"><span class='ocrx_word' id='word_1_358' title='bbox 2023 1750 2184 1808; x_wconf 90' lang='lat' dir='ltr'><strong>novit</strong></span> <span class='ocrx_word' id='word_1_359' title='bbox 2211 1752 2430 1824; x_wconf 89' lang='lat' dir='ltr'><strong>optime</strong></span> <span class='ocrx_word' id='word_1_360' title='bbox 2472 1752 2757 1810; x_wconf 89' lang='lat' dir='ltr'><strong>Dominus</strong></span> <span class='ocrx_word' id='word_1_361' title='bbox 2804 1755 2953 1826; x_wconf 86' lang='lat' dir='ltr'><strong>ejus.</strong></span> <span class='ocrx_word' id='word_1_362' title='bbox 2980 1754 3129 1810; x_wconf 86' lang='lat' dir='ltr'><strong>Audi</strong></span> <span class='ocrx_word' id='word_1_363' title='bbox 3174 1752 3331 1809; x_wconf 90' lang='lat' dir='ltr'><strong>enim</strong></span> <span class='ocrx_word' id='word_1_364' title='bbox 3381 1752 3551 1824; x_wconf 85' lang='lat' dir='ltr'><strong>quasi</strong></span> <span class='ocrx_word' id='word_1_365' title='bbox 3594 1752 3666 1805; x_wconf 92' lang='lat' dir='ltr'><strong>de</strong></span> 
     </span>
    </p>
   </div>
   <div class='ocr_carea' id='block_1_49' title="bbox 2016 1840 3665 1915">
    <p class='ocr_par' dir='ltr' id='par_1_49' title="bbox 2016 1840 3665 1915">
     <span class='ocr_line' id='line_1_49' title="bbox 2016 1840 3665 1915; baseline 0 -21"><span class='ocrx_word' id='word_1_366' title='bbox 2016 1840 2328 1911; x_wconf 86' lang='lat' dir='ltr'><strong>cujusdam</strong></span> <span class='ocrx_word' id='word_1_367' title='bbox 2384 1841 2613 1898; x_wconf 87' lang='lat' dir='ltr'><strong>itineris</strong></span> <span class='ocrx_word' id='word_1_368' title='bbox 2684 1842 3108 1915; x_wconf 64' lang='lat' dir='ltr'><strong>praeparatione</strong></span> <span class='ocrx_word' id='word_1_369' title='bbox 3153 1860 3166 1898; x_wconf 93' lang='lat'>:</span> <span class='ocrx_word' id='word_1_370' title='bbox 3226 1842 3665 1913; x_wconf 77' lang='lat' dir='ltr'><strong>Praeparationes</strong></span> 
     </span>
    </p>
   </div>
   <div class='ocr_carea' id='block_1_50' title="bbox 2013 1929 3663 2003">
    <p class='ocr_par' dir='ltr' id='par_1_50' title="bbox 2013 1929 3663 2003">
     <span class='ocr_line' id='line_1_50' title="bbox 2013 1929 3663 2003; baseline -0.001 -20"><span class='ocrx_word' id='word_1_371' title='bbox 2013 1929 2191 1984; x_wconf 86' lang='lat' dir='ltr'><strong>cordis</strong></span> <span class='ocrx_word' id='word_1_372' title='bbox 2218 1945 2409 1985; x_wconf 87' lang='lat' dir='ltr'><strong>eorum</strong></span> <span class='ocrx_word' id='word_1_373' title='bbox 2454 1930 2670 1988; x_wconf 75' lang='lat' dir='ltr'><strong>audivit</strong></span> <span class='ocrx_word' id='word_1_374' title='bbox 2696 1933 2852 1986; x_wconf 87' lang='lat' dir='ltr'><strong>auris</strong></span> <span class='ocrx_word' id='word_1_375' title='bbox 2891 1937 2987 1987; x_wconf 87' lang='lat' dir='ltr'><strong>tua</strong></span> <span class='ocrx_word' id='word_1_376' title='bbox 3018 1932 3221 2003; x_wconf 86' lang='lat' dir='ltr'><strong>(Ibid.).</strong></span> <span class='ocrx_word' id='word_1_377' title='bbox 3256 1931 3458 1985; x_wconf 91' lang='lat' dir='ltr'><strong>Nonne</strong></span> <span class='ocrx_word' id='word_1_378' title='bbox 3504 1929 3663 1984; x_wconf 89' lang='lat' dir='ltr'><strong>enim</strong></span> 
     </span>
    </p>
   </div>
   <div class='ocr_carea' id='block_1_51' title="bbox 2012 2016 3660 2092">
    <p class='ocr_par' dir='ltr' id='par_1_51' title="bbox 2012 2016 3660 2092">
     <span class='ocr_line' id='line_1_51' title="bbox 2012 2016 3660 2092; baseline 0 -21"><span class='ocrx_word' id='word_1_379' title='bbox 2012 2016 2118 2073; x_wconf 90' lang='lat' dir='ltr'><strong>tibi</strong></span> <span class='ocrx_word' id='word_1_380' title='bbox 2148 2017 2376 2075; x_wconf 90' lang='lat' dir='ltr'><strong>videtur</strong></span> <span class='ocrx_word' id='word_1_381' title='bbox 2411 2020 2679 2091; x_wconf 66' lang='lat' dir='ltr'><strong>quaedam</strong></span> <span class='ocrx_word' id='word_1_382' title='bbox 2706 2018 2918 2092; x_wconf 87' lang='lat' dir='ltr'><strong>legatio</strong></span> <span class='ocrx_word' id='word_1_383' title='bbox 2939 2036 3069 2076; x_wconf 90' lang='lat' dir='ltr'><strong>esse</strong></span> <span class='ocrx_word' id='word_1_384' title='bbox 3099 2019 3325 2092; x_wconf 87' lang='lat' dir='ltr'><strong>fugitivi</strong></span> <span class='ocrx_word' id='word_1_385' title='bbox 3371 2019 3442 2074; x_wconf 91' lang='lat' dir='ltr'><strong>ab</strong></span> <span class='ocrx_word' id='word_1_386' title='bbox 3472 2017 3660 2073; x_wconf 87' lang='lat' dir='ltr'><strong>alieno</strong></span> 
     </span>
    </p>
   </div>
   <div class='ocr_carea' id='block_1_52' title="bbox 2011 2106 3656 2177">
    <p class='ocr_par' dir='ltr' id='par_1_52' title="bbox 2011 2106 3656 2177">
     <span class='ocr_line' id='line_1_52' title="bbox 2011 2106 3656 2177; baseline -0.001 -15"><span class='ocrx_word' id='word_1_387' title='bbox 2011 2106 2259 2164; x_wconf 89' lang='lat' dir='ltr'><strong>Domino</strong></span> <span class='ocrx_word' id='word_1_388' title='bbox 2287 2107 2937 2177; x_wconf 88' lang='lat' dir='ltr'><strong>evadendi,medullitus</strong></span> <span class='ocrx_word' id='word_1_389' title='bbox 2948 2108 3294 2166; x_wconf 85' lang='lat' dir='ltr'><strong>clamantem</strong></span> <span class='ocrx_word' id='word_1_390' title='bbox 3308 2108 3449 2163; x_wconf 90' lang='lat' dir='ltr'><strong>dum</strong></span> <span class='ocrx_word' id='word_1_391' title='bbox 3464 2107 3656 2163; x_wconf 87' lang='lat' dir='ltr'><strong>audis:</strong></span> 
     </span>
    </p>
   </div>
   <div class='ocr_carea' id='block_1_53' title="bbox 2012 2196 3656 2270">
    <p class='ocr_par' dir='ltr' id='par_1_53' title="bbox 2012 2196 3656 2270">
     <span class='ocr_line' id='line_1_53' title="bbox 2012 2196 3656 2270; baseline 0.001 -19"><span class='ocrx_word' id='word_1_392' title='bbox 2012 2196 2175 2268; x_wconf 88' lang='lat' dir='ltr'><strong>Eripe</strong></span> <span class='ocrx_word' id='word_1_393' title='bbox 2220 2213 2306 2252; x_wconf 89' lang='lat' dir='ltr'><strong>me</strong></span> <span class='ocrx_word' id='word_1_394' title='bbox 2352 2197 2420 2254; x_wconf 88' lang='lat' dir='ltr'><strong>de</strong></span> <span class='ocrx_word' id='word_1_395' title='bbox 2462 2214 2637 2253; x_wconf 84' lang='lat' dir='ltr'><strong>manu</strong></span> <span class='ocrx_word' id='word_1_396' title='bbox 2679 2198 3013 2270; x_wconf 79' lang='lat' dir='ltr'><strong>peccatoris?</strong></span> <span class='ocrx_word' id='word_1_397' title='bbox 3042 2198 3212 2270; x_wconf 84' lang='lat' dir='ltr'><strong>(Psal.</strong></span> <span class='ocrx_word' id='word_1_398' title='bbox 3265 2214 3390 2264; x_wconf 81' lang='lat' dir='ltr'><strong>Lxx,</strong></span> <span class='ocrx_word' id='word_1_399' title='bbox 3438 2198 3513 2266; x_wconf 84' lang='grc'><strong>4).</strong></span> <span class='ocrx_word' id='word_1_400' title='bbox 3543 2196 3656 2253; x_wconf 88' lang='lat' dir='ltr'><strong>Iste</strong></span> 
     </span>
    </p>
   </div>
   <div class='ocr_carea' id='block_1_54' title="bbox 2013 2284 3657 2355">
    <p class='ocr_par' dir='ltr' id='par_1_54' title="bbox 2013 2284 3657 2355">
     <span class='ocr_line' id='line_1_54' title="bbox 2013 2284 3657 2355; baseline 0.001 -17"><span class='ocrx_word' id='word_1_401' title='bbox 2013 2284 2172 2339; x_wconf 89' lang='lat' dir='ltr'><strong>enim</strong></span> <span class='ocrx_word' id='word_1_402' title='bbox 2201 2284 2325 2340; x_wconf 90' lang='lat' dir='ltr'><strong>vult</strong></span> <span class='ocrx_word' id='word_1_403' title='bbox 2348 2286 2608 2352; x_wconf 88' lang='lat' dir='ltr'><strong>evadere,</strong></span> <span class='ocrx_word' id='word_1_404' title='bbox 2640 2287 2742 2341; x_wconf 88' lang='lat' dir='ltr'><strong>sed</strong></span> <span class='ocrx_word' id='word_1_405' title='bbox 2788 2302 2903 2341; x_wconf 92' lang='lat' dir='ltr'><strong>non</strong></span> <span class='ocrx_word' id='word_1_406' title='bbox 2948 2285 3119 2353; x_wconf 88' lang='lat' dir='ltr'><strong>valet,</strong></span> <span class='ocrx_word' id='word_1_407' title='bbox 3152 2286 3265 2341; x_wconf 89' lang='lat' dir='ltr'><strong>nisi</strong></span> <span class='ocrx_word' id='word_1_408' title='bbox 3316 2302 3351 2339; x_wconf 91' lang='lat' dir='ltr'><strong>a</strong></span> <span class='ocrx_word' id='word_1_409' title='bbox 3396 2284 3657 2355; x_wconf 81' lang='lat' dir='ltr'><strong>legitimo</strong></span> 
     </span>
    </p>
   </div>
   <div class='ocr_carea' id='block_1_55' title="bbox 2012 2372 3660 2446">
    <p class='ocr_par' dir='ltr' id='par_1_55' title="bbox 2012 2372 3660 2446">
     <span class='ocr_line' id='line_1_55' title="bbox 2012 2372 3660 2446; baseline -0.001 -17"><span class='ocrx_word' id='word_1_410' title='bbox 2012 2372 2259 2429; x_wconf 90' lang='lat' dir='ltr'><strong>Domino</strong></span> <span class='ocrx_word' id='word_1_411' title='bbox 2285 2375 2612 2445; x_wconf 86' lang='lat' dir='ltr'><strong>adjuvetur,</strong></span> <span class='ocrx_word' id='word_1_412' title='bbox 2645 2375 2764 2430; x_wconf 92' lang='lat' dir='ltr'><strong>imo</strong></span> <span class='ocrx_word' id='word_1_413' title='bbox 2792 2374 2988 2446; x_wconf 89' lang='lat' dir='ltr'><strong>potius</strong></span> <span class='ocrx_word' id='word_1_414' title='bbox 3018 2373 3318 2445; x_wconf 89' lang='lat' dir='ltr'><strong>eripiatur.</strong></span> <span class='ocrx_word' id='word_1_415' title='bbox 3334 2373 3660 2444; x_wconf 80' lang='lat' dir='ltr'><strong>Przeparare</strong></span> 
     </span>
    </p>
   </div>
   <div class='ocr_carea' id='block_1_56' title="bbox 2015 2460 3658 2541">
    <p class='ocr_par' dir='ltr' id='par_1_56' title="bbox 2015 2460 3658 2541">
     <span class='ocr_line' id='line_1_56' title="bbox 2015 2460 3658 2541; baseline -0.002 -25"><span class='ocrx_word' id='word_1_416' title='bbox 2015 2462 2194 2517; x_wconf 90' lang='lat' dir='ltr'><strong>etiam</strong></span> <span class='ocrx_word' id='word_1_417' title='bbox 2226 2462 2424 2535; x_wconf 88' lang='lat' dir='ltr'><strong>fugam</strong></span> <span class='ocrx_word' id='word_1_418' title='bbox 2456 2479 2650 2518; x_wconf 87' lang='lat' dir='ltr'><strong>nonne</strong></span> <span class='ocrx_word' id='word_1_419' title='bbox 2699 2467 2890 2541; x_wconf 77' lang='lat' dir='ltr'><strong>pptest</strong></span> <span class='ocrx_word' id='word_1_420' title='bbox 2914 2460 3097 2516; x_wconf 90' lang='lat' dir='ltr'><strong>videri</strong></span> <span class='ocrx_word' id='word_1_421' title='bbox 3146 2462 3219 2528; x_wconf 89' lang='lat' dir='ltr'><strong>is,</strong></span> <span class='ocrx_word' id='word_1_422' title='bbox 3250 2461 3351 2532; x_wconf 89' lang='lat' dir='ltr'><strong>qui</strong></span> <span class='ocrx_word' id='word_1_423' title='bbox 3400 2460 3614 2515; x_wconf 89' lang='lat' dir='ltr'><strong>clamat</strong></span> <span class='ocrx_word' id='word_1_424' title='bbox 3645 2476 3658 2512; x_wconf 85' lang='lat'><strong>:</strong></span> 
     </span>
    </p>
   </div>
   <div class='ocr_carea' id='block_1_57' title="bbox 2013 2548 3660 2621">
    <p class='ocr_par' dir='ltr' id='par_1_57' title="bbox 2013 2548 3660 2621">
     <span class='ocr_line' id='line_1_57' title="bbox 2013 2548 3660 2621; baseline -0.003 -15"><span class='ocrx_word' id='word_1_425' title='bbox 2013 2552 2284 2606; x_wconf 83' lang='lat' dir='ltr'><strong>Paratum</strong></span> <span class='ocrx_word' id='word_1_426' title='bbox 2312 2566 2405 2607; x_wconf 91' lang='lat' dir='ltr'><strong>cor</strong></span> <span class='ocrx_word' id='word_1_427' title='bbox 2430 2567 2633 2613; x_wconf 87' lang='lat' dir='ltr'><strong>meum,</strong></span> <span class='ocrx_word' id='word_1_428' title='bbox 2666 2552 2828 2615; x_wconf 87' lang='lat' dir='ltr'><strong>Deus,</strong></span> <span class='ocrx_word' id='word_1_429' title='bbox 2854 2557 3118 2621; x_wconf 82' lang='lat' dir='ltr'><strong>paratum</strong></span> <span class='ocrx_word' id='word_1_430' title='bbox 3146 2565 3238 2603; x_wconf 88' lang='lat' dir='ltr'><strong>cor</strong></span> <span class='ocrx_word' id='word_1_431' title='bbox 3276 2565 3459 2604; x_wconf 86' lang='lat' dir='ltr'><strong>meum</strong></span> <span class='ocrx_word' id='word_1_432' title='bbox 3490 2548 3660 2618; x_wconf 82' lang='lat' dir='ltr'><strong>(Psal.</strong></span> 
     </span>
    </p>
   </div>
   <div class='ocr_carea' id='block_1_58' title="bbox 2018 2637 3663 2711">
    <p class='ocr_par' dir='ltr' id='par_1_58' title="bbox 2018 2637 3663 2711">
     <span class='ocr_line' id='line_1_58' title="bbox 2018 2637 3663 2711; baseline -0.002 -17"><span class='ocrx_word' id='word_1_433' title='bbox 2018 2656 2127 2707; x_wconf 76' lang='lat' dir='ltr'><strong>va,</strong></span> <span class='ocrx_word' id='word_1_434' title='bbox 2159 2639 2236 2711; x_wconf 89' lang='lat'><strong>8),</strong></span> <span class='ocrx_word' id='word_1_435' title='bbox 2269 2639 2319 2695; x_wconf 91' lang='lat' dir='ltr'><strong>si</strong></span> <span class='ocrx_word' id='word_1_436' title='bbox 2369 2643 2564 2694; x_wconf 89' lang='lat' dir='ltr'><strong>tamen</strong></span> <span class='ocrx_word' id='word_1_437' title='bbox 2612 2639 2897 2696; x_wconf 87' lang='lat' dir='ltr'><strong>veraciter</strong></span> <span class='ocrx_word' id='word_1_438' title='bbox 2944 2638 3201 2694; x_wconf 85' lang='lat' dir='ltr'><strong>clamat?</strong></span> <span class='ocrx_word' id='word_1_439' title='bbox 3232 2637 3291 2693; x_wconf 93' lang='lat' dir='ltr'><strong>Si</strong></span> <span class='ocrx_word' id='word_1_440' title='bbox 3341 2637 3495 2693; x_wconf 91' lang='lat' dir='ltr'><strong>enim</strong></span> <span class='ocrx_word' id='word_1_441' title='bbox 3546 2654 3663 2691; x_wconf 92' lang='lat' dir='ltr'><strong>non</strong></span> 
     </span>
    </p>
   </div>
   <div class='ocr_carea' id='block_1_59' title="bbox 2016 2726 3660 2800">
    <p class='ocr_par' dir='ltr' id='par_1_59' title="bbox 2016 2726 3660 2800">
     <span class='ocr_line' id='line_1_59' title="bbox 2016 2726 3660 2800; baseline -0.002 -17"><span class='ocrx_word' id='word_1_442' title='bbox 2016 2727 2305 2800; x_wconf 86' lang='lat' dir='ltr'><strong>ﬂagitium</strong></span> <span class='ocrx_word' id='word_1_443' title='bbox 2350 2727 2644 2799; x_wconf 84' lang='lat' dir='ltr'><strong>duplicat;</strong></span> <span class='ocrx_word' id='word_1_444' title='bbox 2674 2728 2776 2783; x_wconf 88' lang='lat' dir='ltr'><strong>sed</strong></span> <span class='ocrx_word' id='word_1_445' title='bbox 2822 2728 2975 2783; x_wconf 83' lang='lat' dir='ltr'><strong>sicut</strong></span> <span class='ocrx_word' id='word_1_446' title='bbox 3025 2726 3332 2800; x_wconf 90' lang='lat' dir='ltr'><strong>fugitivum</strong></span> <span class='ocrx_word' id='word_1_447' title='bbox 3367 2726 3555 2782; x_wconf 89' lang='lat' dir='ltr'><strong>redire</strong></span> <span class='ocrx_word' id='word_1_448' title='bbox 3588 2726 3660 2781; x_wconf 91' lang='lat' dir='ltr'><strong>ad</strong></span> 
     </span>
    </p>
   </div>
   <div class='ocr_carea' id='block_1_60' title="bbox 2014 2815 3656 2890">
    <p class='ocr_par' dir='ltr' id='par_1_60' title="bbox 2014 2815 3656 2890">
     <span class='ocr_line' id='line_1_60' title="bbox 2014 2815 3656 2890; baseline 0 -19"><span class='ocrx_word' id='word_1_449' title='bbox 2014 2816 2323 2871; x_wconf 89' lang='lat' dir='ltr'><strong>dominum</strong></span> <span class='ocrx_word' id='word_1_450' title='bbox 2355 2816 2603 2890; x_wconf 89' lang='lat' dir='ltr'><strong>quilibet</strong></span> <span class='ocrx_word' id='word_1_451' title='bbox 2617 2820 2901 2890; x_wconf 86' lang='lat' dir='ltr'><strong>tyrannus</strong></span> <span class='ocrx_word' id='word_1_452' title='bbox 2914 2815 3216 2887; x_wconf 78' lang='lat' dir='ltr'><strong>etiniquus</strong></span> <span class='ocrx_word' id='word_1_453' title='bbox 3232 2816 3656 2888; x_wconf 89' lang='lat' dir='ltr'><strong>possessorim-</strong></span> 
     </span>
    </p>
   </div>
   <div class='ocr_carea' id='block_1_61' title="bbox 2012 2904 3659 2978">
    <p class='ocr_par' dir='ltr' id='par_1_61' title="bbox 2012 2904 3659 2978">
     <span class='ocr_line' id='line_1_61' title="bbox 2012 2904 3659 2978; baseline -0.001 -17"><span class='ocrx_word' id='word_1_454' title='bbox 2012 2905 2190 2978; x_wconf 79' lang='lat' dir='ltr'><strong>pedit,</strong></span> <span class='ocrx_word' id='word_1_455' title='bbox 2224 2910 2302 2972; x_wconf 91' lang='lat' dir='ltr'><strong>et,</strong></span> <span class='ocrx_word' id='word_1_456' title='bbox 2336 2923 2407 2961; x_wconf 90' lang='lat' dir='ltr'><strong>ne</strong></span> <span class='ocrx_word' id='word_1_457' title='bbox 2435 2905 2714 2962; x_wconf 86' lang='lat' dir='ltr'><strong>evadendi</strong></span> <span class='ocrx_word' id='word_1_458' title='bbox 2747 2905 3019 2962; x_wconf 86' lang='lat' dir='ltr'><strong>facultate</strong></span> <span class='ocrx_word' id='word_1_459' title='bbox 3048 2904 3322 2978; x_wconf 87' lang='lat' dir='ltr'><strong>potiatur,</strong></span> <span class='ocrx_word' id='word_1_460' title='bbox 3343 2906 3490 2963; x_wconf 73' lang='lat'><strong>261</strong></span> <span class='ocrx_word' id='word_1_461' title='bbox 3526 2904 3659 2960; x_wconf 84' lang='lat' dir='ltr'><strong>illa-</strong></span> 
     </span>
    </p>
   </div>
   <div class='ocr_carea' id='block_1_62' title="bbox 2012 2994 3660 3067">
    <p class='ocr_par' dir='ltr' id='par_1_62' title="bbox 2012 2994 3660 3067">
     <span class='ocr_line' id='line_1_62' title="bbox 2012 2994 3660 3067; baseline 0 -17"><span class='ocrx_word' id='word_1_462' title='bbox 2012 2994 2297 3067; x_wconf 86' lang='lat' dir='ltr'><strong>quoat;sic</strong></span> <span class='ocrx_word' id='word_1_463' title='bbox 2326 2998 2381 3050; x_wconf 91' lang='lat' dir='ltr'><strong>et</strong></span> <span class='ocrx_word' id='word_1_464' title='bbox 2409 2994 2699 3061; x_wconf 87' lang='lat' dir='ltr'><strong>diabolus,</strong></span> <span class='ocrx_word' id='word_1_465' title='bbox 2724 2999 2789 3050; x_wconf 88' lang='lat' dir='ltr'><strong>ut</strong></span> <span class='ocrx_word' id='word_1_466' title='bbox 2814 2996 2987 3051; x_wconf 90' lang='lat' dir='ltr'><strong>modo</strong></span> <span class='ocrx_word' id='word_1_467' title='bbox 3017 2995 3193 3051; x_wconf 90' lang='lat' dir='ltr'><strong>etiam</strong></span> <span class='ocrx_word' id='word_1_468' title='bbox 3226 2995 3404 3062; x_wconf 87' lang='lat' dir='ltr'><strong>sensi,</strong></span> <span class='ocrx_word' id='word_1_469' title='bbox 3432 2994 3660 3050; x_wconf 87' lang='lat' dir='ltr'><strong>diversa</strong></span> 
     </span>
    </p>
   </div>
   <div class='ocr_carea' id='block_1_63' title="bbox 2013 3083 3661 3157">
    <p class='ocr_par' dir='ltr' id='par_1_63' title="bbox 2013 3083 3661 3157">
     <span class='ocr_line' id='line_1_63' title="bbox 2013 3083 3661 3157; baseline 0.001 -19"><span class='ocrx_word' id='word_1_470' title='bbox 2013 3084 2226 3157; x_wconf 83' lang='lat' dir='ltr'><strong>ingerit</strong></span> <span class='ocrx_word' id='word_1_471' title='bbox 2253 3083 2692 3155; x_wconf 88' lang='lat' dir='ltr'><strong>impedimenta,</strong></span> <span class='ocrx_word' id='word_1_472' title='bbox 2726 3090 2793 3139; x_wconf 93' lang='lat' dir='ltr'><strong>ut</strong></span> <span class='ocrx_word' id='word_1_473' title='bbox 2822 3089 2922 3140; x_wconf 91' lang='lat' dir='ltr'><strong>aut</strong></span> <span class='ocrx_word' id='word_1_474' title='bbox 2951 3084 3118 3151; x_wconf 92' lang='lat' dir='ltr'><strong>nolit,</strong></span> <span class='ocrx_word' id='word_1_475' title='bbox 3147 3091 3248 3139; x_wconf 90' lang='lat' dir='ltr'><strong>aut</strong></span> <span class='ocrx_word' id='word_1_476' title='bbox 3279 3088 3661 3156; x_wconf 88' lang='lat' dir='ltr'><strong>nequeat,aut</strong></span> 
     </span>
    </p>
   </div>
   <div class='ocr_carea' id='block_1_64' title="bbox 246 3152 3659 3245">
    <p class='ocr_par' dir='ltr' id='par_1_64' title="bbox 246 3152 3659 3245">
     <span class='ocr_line' id='line_1_64' title="bbox 246 3152 3659 3245; baseline -0.001 -13"><span class='ocrx_word' id='word_1_477' title='bbox 246 3175 522 3245; x_wconf 88' lang='lat' dir='ltr'><strong>Itemque</strong></span> <span class='ocrx_word' id='word_1_478' title='bbox 555 3189 568 3228; x_wconf 91' lang='lat'><strong>:</strong></span> <span class='ocrx_word' id='word_1_479' title='bbox 602 3169 974 3227; x_wconf 90' lang='lat' dir='ltr'><strong>Lenocinaris</strong></span> <span class='ocrx_word' id='word_1_480' title='bbox 1002 3168 1253 3224; x_wconf 91' lang='lat' dir='ltr'><strong>nimium</strong></span> <span class='ocrx_word' id='word_1_481' title='bbox 1292 3169 1421 3237; x_wconf 91' lang='lat' dir='ltr'><strong>tibi,</strong></span> <span class='ocrx_word' id='word_1_482' title='bbox 1458 3170 1653 3243; x_wconf 90' lang='lat' dir='ltr'><strong>inquis</strong></span> <span class='ocrx_word' id='word_1_483' title='bbox 1685 3188 1698 3227; x_wconf 89' lang='lat'><strong>:</strong></span> <span class='ocrx_word' id='word_1_484' title='bbox 1734 3172 1902 3243; x_wconf 82' lang='lat' dir='ltr'><strong>(Non)</strong></span> <span class='ocrx_word' id='word_1_485' title='bbox 1934 3152 1978 3220; x_wconf 72' lang='grc' dir='ltr'>Ο</span> <span class='ocrx_word' id='word_1_486' title='bbox 2014 3173 2302 3245; x_wconf 89' lang='lat' dir='ltr'><strong>desperet,</strong></span> <span class='ocrx_word' id='word_1_487' title='bbox 2336 3177 2435 3227; x_wconf 88' lang='lat' dir='ltr'><strong>aut</strong></span> <span class='ocrx_word' id='word_1_488' title='bbox 2459 3173 2636 3229; x_wconf 87' lang='lat' dir='ltr'><strong>etiam</strong></span> <span class='ocrx_word' id='word_1_489' title='bbox 2664 3174 3083 3229; x_wconf 89' lang='lat' dir='ltr'><strong>verecundelur</strong></span> <span class='ocrx_word' id='word_1_490' title='bbox 3113 3173 3322 3239; x_wconf 89' lang='lat' dir='ltr'><strong>redire,</strong></span> <span class='ocrx_word' id='word_1_491' title='bbox 3356 3152 3457 3227; x_wconf 78' lang='lat' dir='ltr'><strong>aut</strong></span> <span class='ocrx_word' id='word_1_492' title='bbox 3484 3176 3659 3240; x_wconf 85' lang='lat' dir='ltr'><strong>certe,</strong></span> 
     </span>
    </p>
   </div>
   <div class='ocr_carea' id='block_1_65' title="bbox 246 3258 1903 3339">
    <p class='ocr_par' dir='ltr' id='par_1_65' title="bbox 246 3258 1903 3339">
     <span class='ocr_line' id='line_1_65' title="bbox 246 3258 1903 3339; baseline -0.004 -18"><span class='ocrx_word' id='word_1_493' title='bbox 246 3263 598 3339; x_wconf 87' lang='lat' dir='ltr'><strong>ignoremus</strong></span> <span class='ocrx_word' id='word_1_494' title='bbox 646 3260 819 3333; x_wconf 82' lang='grc'><strong>(534),</strong></span> <span class='ocrx_word' id='word_1_495' title='bbox 852 3258 1004 3314; x_wconf 89' lang='lat' dir='ltr'><strong>sicut</strong></span> <span class='ocrx_word' id='word_1_496' title='bbox 1045 3258 1126 3313; x_wconf 87' lang='lat' dir='ltr'><strong>ait</strong></span> <span class='ocrx_word' id='word_1_497' title='bbox 1168 3258 1577 3332; x_wconf 85' lang='lat' dir='ltr'><strong>Hieronymus,</strong></span> <span class='ocrx_word' id='word_1_498' title='bbox 1620 3261 1903 3331; x_wconf 70' lang='lat' dir='ltr'><strong>poeniten-</strong></span> 
     </span>
    </p>
   </div>
   <div class='ocr_carea' id='block_1_66' title="bbox 246 3348 1902 3421">
    <p class='ocr_par' dir='ltr' id='par_1_66' title="bbox 246 3348 1902 3421">
     <span class='ocr_line' id='line_1_66' title="bbox 246 3348 1902 3421; baseline -0.003 -12"><span class='ocrx_word' id='word_1_499' title='bbox 246 3353 421 3421; x_wconf 87' lang='lat' dir='ltr'><strong>tiam,</strong></span> <span class='ocrx_word' id='word_1_500' title='bbox 458 3366 564 3407; x_wconf 89' lang='lat' dir='ltr'><strong>nec</strong></span> <span class='ocrx_word' id='word_1_501' title='bbox 593 3348 762 3405; x_wconf 88' lang='lat' dir='ltr'><strong>facile</strong></span> <span class='ocrx_word' id='word_1_502' title='bbox 788 3363 1096 3421; x_wconf 90' lang='lat' dir='ltr'><strong>peccemus</strong></span> <span class='ocrx_word' id='word_1_503' title='bbox 1123 3363 1137 3415; x_wconf 92' lang='lat'><strong>;</strong></span> <span class='ocrx_word' id='word_1_504' title='bbox 1170 3363 1244 3402; x_wconf 85' lang='lat' dir='ltr'><strong>ne</strong></span> <span class='ocrx_word' id='word_1_505' title='bbox 1273 3363 1600 3419; x_wconf 89' lang='lat' dir='ltr'><strong>peccemus,</strong></span> <span class='ocrx_word' id='word_1_506' title='bbox 1639 3348 1902 3420; x_wconf 88' lang='lat' dir='ltr'><strong>inquam.</strong></span> 
     </span>
    </p>
   </div>
   <div class='ocr_carea' id='block_1_67' title="bbox 247 3434 1905 3513">
    <p class='ocr_par' dir='ltr' id='par_1_67' title="bbox 247 3434 1905 3513">
     <span class='ocr_line' id='line_1_67' title="bbox 247 3434 1905 3513; baseline -0.005 -14"><span class='ocrx_word' id='word_1_507' title='bbox 247 3441 401 3506; x_wconf 84' lang='lat' dir='ltr'><strong>Quid</strong></span> <span class='ocrx_word' id='word_1_508' title='bbox 439 3437 694 3513; x_wconf 89' lang='lat' dir='ltr'><strong>amplius</strong></span> <span class='ocrx_word' id='word_1_509' title='bbox 722 3435 1083 3510; x_wconf 90' lang='lat' dir='ltr'><strong>peccandum</strong></span> <span class='ocrx_word' id='word_1_510' title='bbox 1105 3434 1133 3489; x_wconf 85' lang='lat'><strong>?</strong></span> <span class='ocrx_word' id='word_1_511' title='bbox 1162 3434 1572 3507; x_wconf 90' lang='lat' dir='ltr'><strong>superabunde</strong></span> <span class='ocrx_word' id='word_1_512' title='bbox 1603 3441 1905 3507; x_wconf 88' lang='lat' dir='ltr'><strong>peccatum</strong></span> 
     </span>
    </p>
   </div>
   <div class='ocr_carea' id='block_1_68' title="bbox 246 3523 1910 3598">
    <p class='ocr_par' dir='ltr' id='par_1_68' title="bbox 246 3523 1910 3598">
     <span class='ocr_line' id='line_1_68' title="bbox 246 3523 1910 3598; baseline -0.005 -11"><span class='ocrx_word' id='word_1_513' title='bbox 246 3535 355 3588; x_wconf 88' lang='lat' dir='ltr'><strong>est.</strong></span> <span class='ocrx_word' id='word_1_514' title='bbox 389 3526 625 3585; x_wconf 89' lang='lat' dir='ltr'><strong>Tabula</strong></span> <span class='ocrx_word' id='word_1_515' title='bbox 651 3530 742 3583; x_wconf 88' lang='lat' dir='ltr'><strong>est</strong></span> <span class='ocrx_word' id='word_1_516' title='bbox 785 3524 899 3581; x_wconf 89' lang='lat' dir='ltr'><strong>ista</strong></span> <span class='ocrx_word' id='word_1_517' title='bbox 943 3528 1076 3598; x_wconf 89' lang='lat' dir='ltr'><strong>post</strong></span> <span class='ocrx_word' id='word_1_518' title='bbox 1122 3523 1520 3597; x_wconf 87' lang='lat' dir='ltr'><strong>naufragium,</strong></span> <span class='ocrx_word' id='word_1_519' title='bbox 1558 3540 1674 3579; x_wconf 93' lang='lat' dir='ltr'><strong>non</strong></span> <span class='ocrx_word' id='word_1_520' title='bbox 1722 3524 1910 3579; x_wconf 86' lang='lat' dir='ltr'><strong>solida</strong></span> 
     </span>
    </p>
   </div>
   <div class='ocr_carea' id='block_1_69' title="bbox 245 3612 1910 3686">
    <p class='ocr_par' dir='ltr' id='par_1_69' title="bbox 245 3612 1910 3686">
     <span class='ocr_line' id='line_1_69' title="bbox 245 3612 1910 3686; baseline -0.003 -12"><span class='ocrx_word' id='word_1_521' title='bbox 245 3620 443 3676; x_wconf 85' lang='lat' dir='ltr'><strong>navis.</strong></span> <span class='ocrx_word' id='word_1_522' title='bbox 476 3618 538 3675; x_wconf 89' lang='lat' dir='ltr'><strong>Si</strong></span> <span class='ocrx_word' id='word_1_523' title='bbox 569 3616 916 3672; x_wconf 87' lang='lat' dir='ltr'><strong>desinamus</strong></span> <span class='ocrx_word' id='word_1_524' title='bbox 941 3628 1277 3686; x_wconf 85' lang='lat' dir='ltr'><strong>peccare,ea</strong></span> <span class='ocrx_word' id='word_1_525' title='bbox 1305 3612 1508 3685; x_wconf 88' lang='lat' dir='ltr'><strong>utique</strong></span> <span class='ocrx_word' id='word_1_526' title='bbox 1538 3613 1741 3668; x_wconf 89' lang='lat' dir='ltr'><strong>referri</strong></span> <span class='ocrx_word' id='word_1_527' title='bbox 1764 3613 1910 3669; x_wconf 90' lang='lat' dir='ltr'><strong>vale-</strong></span> 
     </span>
    </p>
   </div>
   <div class='ocr_carea' id='block_1_70' title="bbox 247 3699 1911 3774">
    <p class='ocr_par' dir='ltr' id='par_1_70' title="bbox 247 3699 1911 3774">
     <span class='ocr_line' id='line_1_70' title="bbox 247 3699 1911 3774; baseline -0.006 -9"><span class='ocrx_word' id='word_1_528' title='bbox 247 3724 381 3764; x_wconf 88' lang='lat' dir='ltr'><strong>mus</strong></span> <span class='ocrx_word' id='word_1_529' title='bbox 411 3707 488 3763; x_wconf 83' lang='lat' dir='ltr'><strong>ad</strong></span> <span class='ocrx_word' id='word_1_530' title='bbox 519 3703 746 3771; x_wconf 88' lang='lat' dir='ltr'><strong>salutis,</strong></span> <span class='ocrx_word' id='word_1_531' title='bbox 779 3703 933 3758; x_wconf 90' lang='lat' dir='ltr'><strong>unde</strong></span> <span class='ocrx_word' id='word_1_532' title='bbox 965 3719 1067 3774; x_wconf 90' lang='lat' dir='ltr'><strong>per</strong></span> <span class='ocrx_word' id='word_1_533' title='bbox 1092 3699 1382 3756; x_wconf 88' lang='lat' dir='ltr'><strong>incuriam</strong></span> <span class='ocrx_word' id='word_1_534' title='bbox 1415 3700 1911 3773; x_wconf 84' lang='lat' dir='ltr'><strong>deﬁeximus,por-</strong></span> 
     </span>
    </p>
   </div>
   <div class='ocr_carea' id='block_1_71' title="bbox 242 3789 1910 3864">
    <p class='ocr_par' dir='ltr' id='par_1_71' title="bbox 242 3789 1910 3864">
     <span class='ocr_line' id='line_1_71' title="bbox 242 3789 1910 3864; baseline -0.005 -11"><span class='ocrx_word' id='word_1_535' title='bbox 242 3800 396 3854; x_wconf 88' lang='lat' dir='ltr'><strong>tum.</strong></span> <span class='ocrx_word' id='word_1_536' title='bbox 442 3794 556 3851; x_wconf 88' lang='lat' dir='ltr'><strong>Sed</strong></span> <span class='ocrx_word' id='word_1_537' title='bbox 605 3798 672 3849; x_wconf 93' lang='lat' dir='ltr'><strong>ut</strong></span> <span class='ocrx_word' id='word_1_538' title='bbox 717 3791 942 3864; x_wconf 90' lang='lat' dir='ltr'><strong>aliquid</strong></span> <span class='ocrx_word' id='word_1_539' title='bbox 994 3805 1349 3862; x_wconf 71' lang='lat' dir='ltr'><strong>praesumere</strong></span> <span class='ocrx_word' id='word_1_540' title='bbox 1395 3789 1910 3855; x_wconf 78' lang='lat' dir='ltr'><strong>audeam,&#39;docent</strong></span> 
     </span>
    </p>
   </div>
   <div class='ocr_carea' id='block_1_72' title="bbox 244 3878 1910 3959">
    <p class='ocr_par' dir='ltr' id='par_1_72' title="bbox 244 3878 1910 3959">
     <span class='ocr_line' id='line_1_72' title="bbox 244 3878 1910 3959; baseline -0.004 -17"><span class='ocrx_word' id='word_1_541' title='bbox 244 3887 472 3959; x_wconf 86' lang='lat' dir='ltr'><strong>quippe</strong></span> <span class='ocrx_word' id='word_1_542' title='bbox 499 3900 606 3939; x_wconf 91' lang='lat' dir='ltr'><strong>nos</strong></span> <span class='ocrx_word' id='word_1_543' title='bbox 635 3887 867 3939; x_wconf 90' lang='lat' dir='ltr'><strong>terrena</strong></span> <span class='ocrx_word' id='word_1_544' title='bbox 882 3895 1034 3952; x_wconf 69' lang='lat' dir='ltr'><strong>saepe</strong></span> <span class='ocrx_word' id='word_1_545' title='bbox 1063 3878 1205 3950; x_wconf 92' lang='lat' dir='ltr'><strong>quid</strong></span> <span class='ocrx_word' id='word_1_546' title='bbox 1234 3878 1552 3934; x_wconf 88' lang='lat' dir='ltr'><strong>debeamus</strong></span> <span class='ocrx_word' id='word_1_547' title='bbox 1580 3894 1815 3951; x_wconf 89' lang='lat' dir='ltr'><strong>sperare</strong></span> <span class='ocrx_word' id='word_1_548' title='bbox 1838 3880 1910 3935; x_wconf 89' lang='lat' dir='ltr'><strong>de</strong></span> 
     </span>
    </p>
   </div>
   <div class='ocr_carea' id='block_1_73' title="bbox 244 3967 1905 4040">
    <p class='ocr_par' dir='ltr' id='par_1_73' title="bbox 244 3967 1905 4040">
     <span class='ocr_line' id='line_1_73' title="bbox 244 3967 1905 4040; baseline -0.004 -9"><span class='ocrx_word' id='word_1_549' title='bbox 244 3972 607 4033; x_wconf 68' lang='lat' dir='ltr'><strong>ccelestibus.</strong></span> <span class='ocrx_word' id='word_1_550' title='bbox 640 3969 953 4028; x_wconf 81' lang='lat' dir='ltr'><strong>Invisibilia</strong></span> <span class='ocrx_word' id='word_1_551' title='bbox 981 3968 1138 4023; x_wconf 90' lang='lat' dir='ltr'><strong>enim</strong></span> <span class='ocrx_word' id='word_1_552' title='bbox 1169 3968 1305 4038; x_wconf 82' lang='lat' dir='ltr'><strong>ejus,</strong></span> <span class='ocrx_word' id='word_1_553' title='bbox 1342 3971 1406 4023; x_wconf 89' lang='lat' dir='ltr'><strong>ut</strong></span> <span class='ocrx_word' id='word_1_554' title='bbox 1455 3967 1537 4023; x_wconf 86' lang='lat' dir='ltr'><strong>ait</strong></span> <span class='ocrx_word' id='word_1_555' title='bbox 1573 3967 1905 4040; x_wconf 84' lang='lat' dir='ltr'><strong>Apostolus,</strong></span> 
     </span>
    </p>
   </div>
   <div class='ocr_carea' id='block_1_74' title="bbox 240 4056 1908 4137">
    <p class='ocr_par' dir='ltr' id='par_1_74' title="bbox 240 4056 1908 4137">
     <span class='ocr_line' id='line_1_74' title="bbox 240 4056 1908 4137; baseline -0.006 -16"><span class='ocrx_word' id='word_1_556' title='bbox 240 4080 433 4137; x_wconf 86' lang='lat' dir='ltr'><strong>perea</strong></span> <span class='ocrx_word' id='word_1_557' title='bbox 457 4076 583 4136; x_wconf 69' lang='lat' dir='ltr'><strong>quae</strong></span> <span class='ocrx_word' id='word_1_558' title='bbox 608 4062 757 4133; x_wconf 72' lang='lat' dir='ltr'><strong>fada</strong></span> <span class='ocrx_word' id='word_1_559' title='bbox 775 4066 904 4114; x_wconf 85' lang='lat' dir='ltr'><strong>sunt</strong></span> <span class='ocrx_word' id='word_1_560' title='bbox 927 4056 1339 4126; x_wconf 83' lang='lat' dir='ltr'><strong>intelliguntur</strong></span> <span class='ocrx_word' id='word_1_561' title='bbox 1368 4056 1540 4129; x_wconf 86' lang='lat' dir='ltr'><strong>(Rom.</strong></span> <span class='ocrx_word' id='word_1_562' title='bbox 1575 4074 1613 4124; x_wconf 83' lang='lat'><strong>1,</strong></span> <span class='ocrx_word' id='word_1_563' title='bbox 1649 4060 1760 4126; x_wconf 82' lang='lat'><strong>20).</strong></span> <span class='ocrx_word' id='word_1_564' title='bbox 1796 4058 1908 4113; x_wconf 90' lang='lat' dir='ltr'><strong>Fu-</strong></span> 
     </span>
    </p>
   </div>
   <div class='ocr_carea' id='block_1_75' title="bbox 246 4144 1911 4226">
    <p class='ocr_par' dir='ltr' id='par_1_75' title="bbox 246 4144 1911 4226">
     <span class='ocr_line' id='line_1_75' title="bbox 246 4144 1911 4226; baseline -0.004 -18"><span class='ocrx_word' id='word_1_565' title='bbox 246 4153 477 4226; x_wconf 84' lang='lat' dir='ltr'><strong>gitivus</strong></span> <span class='ocrx_word' id='word_1_566' title='bbox 506 4150 556 4205; x_wconf 91' lang='lat' dir='ltr'><strong>si</strong></span> <span class='ocrx_word' id='word_1_567' title='bbox 588 4147 1051 4221; x_wconf 89' lang='lat' dir='ltr'><strong>comprehensus</strong></span> <span class='ocrx_word' id='word_1_568' title='bbox 1098 4162 1133 4200; x_wconf 91' lang='lat' dir='ltr'><strong>a</strong></span> <span class='ocrx_word' id='word_1_569' title='bbox 1178 4144 1416 4202; x_wconf 77' lang='lat' dir='ltr'><strong>domino</strong></span> <span class='ocrx_word' id='word_1_570' title='bbox 1465 4145 1641 4201; x_wconf 84' lang='lat' dir='ltr'><strong>fuerit</strong></span> <span class='ocrx_word' id='word_1_571' title='bbox 1688 4147 1911 4219; x_wconf 88' lang='lat' dir='ltr'><strong>absque</strong></span> 
     </span>
    </p>
   </div>
   <div class='ocr_carea' id='block_1_76' title="bbox 252 4234 1908 4309">
    <p class='ocr_par' dir='ltr' id='par_1_76' title="bbox 252 4234 1908 4309">
     <span class='ocr_line' id='line_1_76' title="bbox 252 4234 1908 4309; baseline -0.005 -11"><span class='ocrx_word' id='word_1_572' title='bbox 252 4258 363 4298; x_wconf 89' lang='lat' dir='ltr'><strong>sua</strong></span> <span class='ocrx_word' id='word_1_573' title='bbox 402 4238 727 4304; x_wconf 86' lang='lat' dir='ltr'><strong>voluntate,</strong></span> <span class='ocrx_word' id='word_1_574' title='bbox 762 4236 902 4309; x_wconf 90' lang='lat' dir='ltr'><strong>quid</strong></span> <span class='ocrx_word' id='word_1_575' title='bbox 952 4238 1140 4307; x_wconf 89' lang='lat' dir='ltr'><strong>potest</strong></span> <span class='ocrx_word' id='word_1_576' title='bbox 1168 4234 1450 4307; x_wconf 83' lang='lat' dir='ltr'><strong>sperare?</strong></span> <span class='ocrx_word' id='word_1_577' title='bbox 1488 4234 1612 4289; x_wconf 90' lang='lat' dir='ltr'><strong>Non</strong></span> <span class='ocrx_word' id='word_1_578' title='bbox 1663 4235 1908 4291; x_wconf 88' lang='lat' dir='ltr'><strong>dubium</strong></span> 
     </span>
    </p>
   </div>
   <div class='ocr_carea' id='block_1_77' title="bbox 253 4323 1912 4403">
    <p class='ocr_par' dir='ltr' id='par_1_77' title="bbox 253 4323 1912 4403">
     <span class='ocr_line' id='line_1_77' title="bbox 253 4323 1912 4403; baseline -0.004 -17"><span class='ocrx_word' id='word_1_579' title='bbox 253 4330 401 4403; x_wconf 89' lang='lat' dir='ltr'><strong>quin</strong></span> <span class='ocrx_word' id='word_1_580' title='bbox 438 4325 727 4401; x_wconf 90' lang='lat' dir='ltr'><strong>supplicia</strong></span> <span class='ocrx_word' id='word_1_581' title='bbox 774 4323 972 4380; x_wconf 88' lang='lat' dir='ltr'><strong>debita</strong></span> <span class='ocrx_word' id='word_1_582' title='bbox 1016 4323 1225 4379; x_wconf 86' lang='lat' dir='ltr'><strong>debeat</strong></span> <span class='ocrx_word' id='word_1_583' title='bbox 1269 4323 1644 4393; x_wconf 90' lang='lat' dir='ltr'><strong>respondere.</strong></span> <span class='ocrx_word' id='word_1_584' title='bbox 1696 4324 1754 4379; x_wconf 91' lang='lat' dir='ltr'><strong>Si</strong></span> <span class='ocrx_word' id='word_1_585' title='bbox 1802 4341 1912 4379; x_wconf 87' lang='lat' dir='ltr'><strong>sua</strong></span> 
     </span>
    </p>
   </div>
   <div class='ocr_carea' id='block_1_78' title="bbox 253 4409 1909 4491">
    <p class='ocr_par' dir='ltr' id='par_1_78' title="bbox 253 4409 1909 4491">
     <span class='ocr_line' id='line_1_78' title="bbox 253 4409 1909 4491; baseline -0.005 -17"><span class='ocrx_word' id='word_1_586' title='bbox 253 4422 471 4491; x_wconf 88' lang='lat' dir='ltr'><strong>sponte</strong></span> <span class='ocrx_word' id='word_1_587' title='bbox 516 4414 844 4480; x_wconf 89' lang='lat' dir='ltr'><strong>revertitur,</strong></span> <span class='ocrx_word' id='word_1_588' title='bbox 895 4411 1086 4483; x_wconf 82' lang='lat' dir='ltr'><strong>quid?</strong></span> <span class='ocrx_word' id='word_1_589' title='bbox 1134 4409 1598 4465; x_wconf 89' lang='lat' dir='ltr'><strong>misericordiam</strong></span> <span class='ocrx_word' id='word_1_590' title='bbox 1666 4411 1909 4483; x_wconf 85' lang='lat' dir='ltr'><strong>utique;</strong></span> 
     </span>
    </p>
   </div>
   <div class='ocr_carea' id='block_1_79' title="bbox 2016 3257 3660 3332">
    <p class='ocr_par' dir='ltr' id='par_1_79' title="bbox 2016 3257 3660 3332">
     <span class='ocr_line' id='line_1_79' title="bbox 2016 3257 3660 3332; baseline -0.001 -17"><span class='ocrx_word' id='word_1_591' title='bbox 2016 3261 2168 3332; x_wconf 91' lang='lat' dir='ltr'><strong>quod</strong></span> <span class='ocrx_word' id='word_1_592' title='bbox 2219 3260 2403 3316; x_wconf 89' lang='lat' dir='ltr'><strong>multo</strong></span> <span class='ocrx_word' id='word_1_593' title='bbox 2451 3264 2541 3315; x_wconf 90' lang='lat' dir='ltr'><strong>est</strong></span> <span class='ocrx_word' id='word_1_594' title='bbox 2588 3259 2843 3332; x_wconf 85' lang='lat' dir='ltr'><strong>gravius,</strong></span> <span class='ocrx_word' id='word_1_595' title='bbox 2892 3264 3013 3315; x_wconf 89' lang='lat' dir='ltr'><strong>tam</strong></span> <span class='ocrx_word' id='word_1_596' title='bbox 3062 3257 3474 3316; x_wconf 84' lang='lat' dir='ltr'><strong>exsecrabilem</strong></span> <span class='ocrx_word' id='word_1_597' title='bbox 3526 3275 3660 3314; x_wconf 88' lang='lat' dir='ltr'><strong>eum</strong></span> 
     </span>
    </p>
   </div>
   <div class='ocr_carea' id='block_1_80' title="bbox 2014 3347 3662 3421">
    <p class='ocr_par' dir='ltr' id='par_1_80' title="bbox 2014 3347 3662 3421">
     <span class='ocr_line' id='line_1_80' title="bbox 2014 3347 3662 3421; baseline -0.001 -17"><span class='ocrx_word' id='word_1_598' title='bbox 2014 3348 2250 3421; x_wconf 91' lang='lat' dir='ltr'><strong>proprio</strong></span> <span class='ocrx_word' id='word_1_599' title='bbox 2281 3349 2454 3404; x_wconf 87' lang='lat' dir='ltr'><strong>faciat</strong></span> <span class='ocrx_word' id='word_1_600' title='bbox 2481 3347 2749 3415; x_wconf 91' lang='lat' dir='ltr'><strong>Domino,</strong></span> <span class='ocrx_word' id='word_1_601' title='bbox 2782 3352 2847 3403; x_wconf 92' lang='lat' dir='ltr'><strong>ut</strong></span> <span class='ocrx_word' id='word_1_602' title='bbox 2877 3349 3065 3420; x_wconf 89' lang='lat' dir='ltr'><strong>magis</strong></span> <span class='ocrx_word' id='word_1_603' title='bbox 3093 3349 3272 3421; x_wconf 90' lang='lat' dir='ltr'><strong>eligat</strong></span> <span class='ocrx_word' id='word_1_604' title='bbox 3299 3364 3435 3404; x_wconf 90' lang='lat' dir='ltr'><strong>eum</strong></span> <span class='ocrx_word' id='word_1_605' title='bbox 3468 3347 3662 3403; x_wconf 90' lang='lat' dir='ltr'><strong>subito</strong></span> 
     </span>
    </p>
   </div>
   <div class='ocr_carea' id='block_1_81' title="bbox 2016 3435 3661 3509">
    <p class='ocr_par' dir='ltr' id='par_1_81' title="bbox 2016 3435 3661 3509">
     <span class='ocr_line' id='line_1_81' title="bbox 2016 3435 3661 3509; baseline -0.002 -17"><span class='ocrx_word' id='word_1_606' title='bbox 2016 3454 2219 3509; x_wconf 88' lang='lat' dir='ltr'><strong>rapere</strong></span> <span class='ocrx_word' id='word_1_607' title='bbox 2247 3442 2304 3492; x_wconf 90' lang='lat' dir='ltr'><strong>et</strong></span> <span class='ocrx_word' id='word_1_608' title='bbox 2334 3435 2686 3508; x_wconf 90' lang='lat' dir='ltr'><strong>perennibus</strong></span> <span class='ocrx_word' id='word_1_609' title='bbox 2717 3435 3021 3507; x_wconf 81' lang='lat' dir='ltr'><strong>suppliciis</strong></span> <span class='ocrx_word' id='word_1_610' title='bbox 3050 3437 3297 3503; x_wconf 89' lang='lat' dir='ltr'><strong>tradere,</strong></span> <span class='ocrx_word' id='word_1_611' title='bbox 3333 3452 3511 3506; x_wconf 88' lang='lat' dir='ltr'><strong>quam</strong></span> <span class='ocrx_word' id='word_1_612' title='bbox 3542 3453 3661 3491; x_wconf 68' lang='lat' dir='ltr'><strong>sure</strong></span> 
     </span>
    </p>
   </div>
   <div class='ocr_carea' id='block_1_82' title="bbox 2016 3522 3664 3598">
    <p class='ocr_par' dir='ltr' id='par_1_82' title="bbox 2016 3522 3664 3598">
     <span class='ocr_line' id='line_1_82' title="bbox 2016 3522 3664 3598; baseline -0.003 -18"><span class='ocrx_word' id='word_1_613' title='bbox 2016 3525 2217 3598; x_wconf 69' lang='lat' dir='ltr'><strong>gratiae</strong></span> <span class='ocrx_word' id='word_1_614' title='bbox 2267 3541 2370 3596; x_wconf 92' lang='lat' dir='ltr'><strong>per</strong></span> <span class='ocrx_word' id='word_1_615' title='bbox 2420 3523 2820 3595; x_wconf 68' lang='lat' dir='ltr'><strong>poznitentiam</strong></span> <span class='ocrx_word' id='word_1_616' title='bbox 2881 3522 3260 3578; x_wconf 89' lang='lat' dir='ltr'><strong>reconciliari.</strong></span> <span class='ocrx_word' id='word_1_617' title='bbox 3311 3523 3471 3585; x_wconf 90' lang='lat' dir='ltr'><strong>Quod</strong></span> <span class='ocrx_word' id='word_1_618' title='bbox 3522 3527 3664 3576; x_wconf 84' lang='lat' dir='ltr'><strong>tunc</strong></span> 
     </span>
    </p>
   </div>
   <div class='ocr_carea' id='block_1_83' title="bbox 2018 3610 3664 3681">
    <p class='ocr_par' dir='ltr' id='par_1_83' title="bbox 2018 3610 3664 3681">
     <span class='ocr_line' id='line_1_83' title="bbox 2018 3610 3664 3681; baseline -0.002 -13"><span class='ocrx_word' id='word_1_619' title='bbox 2018 3613 2270 3668; x_wconf 84' lang='lat' dir='ltr'><strong>maxime</strong></span> <span class='ocrx_word' id='word_1_620' title='bbox 2303 3612 2685 3677; x_wconf 89' lang='lat' dir='ltr'><strong>obtinet,cum</strong></span> <span class='ocrx_word' id='word_1_621' title='bbox 2718 3626 2820 3681; x_wconf 88' lang='lat' dir='ltr'><strong>per</strong></span> <span class='ocrx_word' id='word_1_622' title='bbox 2844 3610 3179 3681; x_wconf 87' lang='lat' dir='ltr'><strong>superbiam</strong></span> <span class='ocrx_word' id='word_1_623' title='bbox 3211 3611 3283 3665; x_wconf 91' lang='lat' dir='ltr'><strong>de</strong></span> <span class='ocrx_word' id='word_1_624' title='bbox 3308 3611 3511 3665; x_wconf 87' lang='lat' dir='ltr'><strong>eadem</strong></span> <span class='ocrx_word' id='word_1_625' title='bbox 3530 3626 3664 3665; x_wconf 91' lang='lat' dir='ltr'><strong>cum</strong></span> 
     </span>
    </p>
   </div>
   <div class='ocr_carea' id='block_1_84' title="bbox 2017 3697 3663 3774">
    <p class='ocr_par' dir='ltr' id='par_1_84' title="bbox 2017 3697 3663 3774">
     <span class='ocr_line' id='line_1_84' title="bbox 2017 3697 3663 3774; baseline -0.003 -17"><span class='ocrx_word' id='word_1_626' title='bbox 2017 3700 2304 3774; x_wconf 86' lang='lat' dir='ltr'><strong>legatione</strong></span> <span class='ocrx_word' id='word_1_627' title='bbox 2334 3715 2596 3772; x_wconf 90' lang='lat' dir='ltr'><strong>precum,</strong></span> <span class='ocrx_word' id='word_1_628' title='bbox 2619 3698 2893 3754; x_wconf 90' lang='lat' dir='ltr'><strong>desiderii</strong></span> <span class='ocrx_word' id='word_1_629' title='bbox 2919 3703 3021 3754; x_wconf 86' lang='lat' dir='ltr'><strong>aut</strong></span> <span class='ocrx_word' id='word_1_630' title='bbox 3051 3697 3301 3770; x_wconf 87' lang='lat' dir='ltr'><strong>alicujus</strong></span> <span class='ocrx_word' id='word_1_631' title='bbox 3334 3702 3436 3754; x_wconf 90' lang='lat' dir='ltr'><strong>aut</strong></span> <span class='ocrx_word' id='word_1_632' title='bbox 3467 3698 3663 3771; x_wconf 89' lang='lat' dir='ltr'><strong>magni</strong></span> 
     </span>
    </p>
   </div>
   <div class='ocr_carea' id='block_1_85' title="bbox 2019 3786 3663 3862">
    <p class='ocr_par' dir='ltr' id='par_1_85' title="bbox 2019 3786 3663 3862">
     <span class='ocr_line' id='line_1_85' title="bbox 2019 3786 3663 3862; baseline -0.002 -14"><span class='ocrx_word' id='word_1_633' title='bbox 2019 3795 2121 3848; x_wconf 87' lang='lat' dir='ltr'><strong>aut</strong></span> <span class='ocrx_word' id='word_1_634' title='bbox 2152 3789 2310 3862; x_wconf 91' lang='lat' dir='ltr'><strong>parvi</strong></span> <span class='ocrx_word' id='word_1_635' title='bbox 2340 3786 2711 3843; x_wconf 79' lang='lat' dir='ltr'><strong>securitatem</strong></span> <span class='ocrx_word' id='word_1_636' title='bbox 2743 3786 2795 3842; x_wconf 91' lang='lat' dir='ltr'><strong>ei</strong></span> <span class='ocrx_word' id='word_1_637' title='bbox 2818 3787 3103 3855; x_wconf 85' lang='lat' dir='ltr'><strong>immittit,</strong></span> <span class='ocrx_word' id='word_1_638' title='bbox 3136 3793 3239 3844; x_wconf 89' lang='lat' dir='ltr'><strong>aut</strong></span> <span class='ocrx_word' id='word_1_639' title='bbox 3267 3788 3663 3845; x_wconf 80' lang='lat' dir='ltr'><strong>extollentiam</strong></span> 
     </span>
    </p>
   </div>
   <div class='ocr_carea' id='block_1_86' title="bbox 2016 3876 3665 3951">
    <p class='ocr_par' dir='ltr' id='par_1_86' title="bbox 2016 3876 3665 3951">
     <span class='ocr_line' id='line_1_86' title="bbox 2016 3876 3665 3951; baseline -0.001 -15"><span class='ocrx_word' id='word_1_640' title='bbox 2016 3879 2176 3947; x_wconf 92' lang='lat' dir='ltr'><strong>boni,</strong></span> <span class='ocrx_word' id='word_1_641' title='bbox 2210 3883 2312 3934; x_wconf 88' lang='lat' dir='ltr'><strong>aut</strong></span> <span class='ocrx_word' id='word_1_642' title='bbox 2342 3882 2496 3934; x_wconf 89' lang='lat' dir='ltr'><strong>certe</strong></span> <span class='ocrx_word' id='word_1_643' title='bbox 2528 3877 2750 3949; x_wconf 84' lang='lat' dir='ltr'><strong>absque</strong></span> <span class='ocrx_word' id='word_1_644' title='bbox 2781 3876 2978 3950; x_wconf 88' lang='lat' dir='ltr'><strong>aliqua</strong></span> <span class='ocrx_word' id='word_1_645' title='bbox 3023 3879 3330 3935; x_wconf 87' lang='lat' dir='ltr'><strong>securitate</strong></span> <span class='ocrx_word' id='word_1_646' title='bbox 3372 3884 3665 3951; x_wconf 90' lang='lat' dir='ltr'><strong>torporem</strong></span> 
     </span>
    </p>
   </div>
   <div class='ocr_carea' id='block_1_87' title="bbox 2015 3966 3666 4042">
    <p class='ocr_par' dir='ltr' id='par_1_87' title="bbox 2015 3966 3666 4042">
     <span class='ocr_line' id='line_1_87' title="bbox 2015 3966 3666 4042; baseline -0.001 -17"><span class='ocrx_word' id='word_1_647' title='bbox 2015 3968 2104 4025; x_wconf 92' lang='lat' dir='ltr'><strong>vel</strong></span> <span class='ocrx_word' id='word_1_648' title='bbox 2153 3968 2470 4042; x_wconf 91' lang='lat' dir='ltr'><strong>ignaviam.</strong></span> <span class='ocrx_word' id='word_1_649' title='bbox 2520 3967 2665 4023; x_wconf 91' lang='lat' dir='ltr'><strong>Nam</strong></span> <span class='ocrx_word' id='word_1_650' title='bbox 2717 3971 2856 4022; x_wconf 88' lang='lat' dir='ltr'><strong>sunt</strong></span> <span class='ocrx_word' id='word_1_651' title='bbox 2904 3966 3192 4035; x_wconf 89' lang='lat' dir='ltr'><strong>nonnulli,</strong></span> <span class='ocrx_word' id='word_1_652' title='bbox 3225 3967 3415 4041; x_wconf 89' lang='lat' dir='ltr'><strong>qualis</strong></span> <span class='ocrx_word' id='word_1_653' title='bbox 3459 3973 3516 4024; x_wconf 88' lang='lat' dir='ltr'><strong>et</strong></span> <span class='ocrx_word' id='word_1_654' title='bbox 3560 3984 3666 4041; x_wconf 90' lang='lat' dir='ltr'><strong>ego</strong></span> 
     </span>
    </p>
   </div>
   <div class='ocr_carea' id='block_1_88' title="bbox 2017 4056 3666 4131">
    <p class='ocr_par' dir='ltr' id='par_1_88' title="bbox 2017 4056 3666 4131">
     <span class='ocr_line' id='line_1_88' title="bbox 2017 4056 3666 4131; baseline -0.001 -17"><span class='ocrx_word' id='word_1_655' title='bbox 2017 4058 2210 4115; x_wconf 90' lang='lat' dir='ltr'><strong>adhuc</strong></span> <span class='ocrx_word' id='word_1_656' title='bbox 2261 4075 2415 4124; x_wconf 90' lang='lat' dir='ltr'><strong>sum,</strong></span> <span class='ocrx_word' id='word_1_657' title='bbox 2449 4056 2549 4129; x_wconf 92' lang='lat' dir='ltr'><strong>qui</strong></span> <span class='ocrx_word' id='word_1_658' title='bbox 2598 4057 2853 4129; x_wconf 90' lang='lat' dir='ltr'><strong>quadam</strong></span> <span class='ocrx_word' id='word_1_659' title='bbox 2899 4057 3150 4131; x_wconf 89' lang='lat' dir='ltr'><strong>segnitia</strong></span> <span class='ocrx_word' id='word_1_660' title='bbox 3198 4058 3452 4124; x_wconf 89' lang='lat' dir='ltr'><strong>remissi,</strong></span> <span class='ocrx_word' id='word_1_661' title='bbox 3484 4058 3566 4112; x_wconf 87' lang='lat' dir='ltr'><strong>ita</strong></span> <span class='ocrx_word' id='word_1_662' title='bbox 3605 4074 3666 4113; x_wconf 90' lang='lat' dir='ltr'><strong>se</strong></span> 
     </span>
    </p>
   </div>
   <div class='ocr_carea' id='block_1_89' title="bbox 2019 4145 3667 4218">
    <p class='ocr_par' dir='ltr' id='par_1_89' title="bbox 2019 4145 3667 4218">
     <span class='ocr_line' id='line_1_89' title="bbox 2019 4145 3667 4218; baseline -0.002 -14"><span class='ocrx_word' id='word_1_663' title='bbox 2019 4152 2171 4204; x_wconf 89' lang='lat' dir='ltr'><strong>totos</strong></span> <span class='ocrx_word' id='word_1_664' title='bbox 2197 4147 2380 4202; x_wconf 90' lang='lat' dir='ltr'><strong>libero</strong></span> <span class='ocrx_word' id='word_1_665' title='bbox 2413 4145 2694 4217; x_wconf 84' lang='lat' dir='ltr'><strong>neglecto,</strong></span> <span class='ocrx_word' id='word_1_666' title='bbox 2729 4147 2885 4217; x_wconf 90' lang='lat' dir='ltr'><strong>quod</strong></span> <span class='ocrx_word' id='word_1_667' title='bbox 2920 4146 3067 4202; x_wconf 88' lang='lat' dir='ltr'><strong>Deus</strong></span> <span class='ocrx_word' id='word_1_668' title='bbox 3111 4147 3314 4218; x_wconf 86' lang='lat' dir='ltr'><strong>utique</strong></span> <span class='ocrx_word' id='word_1_669' title='bbox 3364 4152 3422 4203; x_wconf 90' lang='lat' dir='ltr'><strong>et</strong></span> <span class='ocrx_word' id='word_1_670' title='bbox 3468 4146 3667 4218; x_wconf 80' lang='lat' dir='ltr'><strong>exigit,</strong></span> 
     </span>
    </p>
   </div>
   <div class='ocr_carea' id='block_1_90' title="bbox 2018 4234 3667 4307">
    <p class='ocr_par' dir='ltr' id='par_1_90' title="bbox 2018 4234 3667 4307">
     <span class='ocr_line' id='line_1_90' title="bbox 2018 4234 3667 4307; baseline -0.003 -15"><span class='ocrx_word' id='word_1_671' title='bbox 2018 4236 2261 4292; x_wconf 88' lang='lat' dir='ltr'><strong>arbitrio</strong></span> <span class='ocrx_word' id='word_1_672' title='bbox 2291 4234 2682 4307; x_wconf 88' lang='lat' dir='ltr'><strong>negligunt,et</strong></span> <span class='ocrx_word' id='word_1_673' title='bbox 2713 4234 2882 4305; x_wconf 90' lang='lat' dir='ltr'><strong>quasi</strong></span> <span class='ocrx_word' id='word_1_674' title='bbox 2916 4234 3016 4289; x_wconf 90' lang='lat' dir='ltr'><strong>Dei</strong></span> <span class='ocrx_word' id='word_1_675' title='bbox 3047 4235 3245 4305; x_wconf 88' lang='lat' dir='ltr'><strong>pietati</strong></span> <span class='ocrx_word' id='word_1_676' title='bbox 3268 4235 3667 4301; x_wconf 89' lang='lat' dir='ltr'><strong>committunt,</strong></span> 
     </span>
    </p>
   </div>
   <div class='ocr_carea' id='block_1_91' title="bbox 2019 4320 3667 4397">
    <p class='ocr_par' dir='ltr' id='par_1_91' title="bbox 2019 4320 3667 4397">
     <span class='ocr_line' id='line_1_91' title="bbox 2019 4320 3667 4397; baseline -0.004 -17"><span class='ocrx_word' id='word_1_677' title='bbox 2019 4330 2085 4380; x_wconf 89' lang='lat' dir='ltr'><strong>ut</strong></span> <span class='ocrx_word' id='word_1_678' title='bbox 2113 4324 2331 4397; x_wconf 88' lang='lat' dir='ltr'><strong>eligant</strong></span> <span class='ocrx_word' id='word_1_679' title='bbox 2361 4323 2639 4378; x_wconf 82' lang='lat' dir='ltr'><strong>otiositati</strong></span> <span class='ocrx_word' id='word_1_680' title='bbox 2674 4324 2837 4377; x_wconf 80' lang='lat' dir='ltr'><strong>frena</strong></span> <span class='ocrx_word' id='word_1_681' title='bbox 2866 4322 3142 4387; x_wconf 84' lang='lat' dir='ltr'><strong>laxare,et</strong></span> <span class='ocrx_word' id='word_1_682' title='bbox 3161 4322 3462 4376; x_wconf 88' lang='lat' dir='ltr'><strong>oscitando</strong></span> <span class='ocrx_word' id='word_1_683' title='bbox 3493 4320 3667 4375; x_wconf 89' lang='lat' dir='ltr'><strong>etiam</strong></span> 
     </span>
    </p>
   </div>
   <div class='ocr_carea' id='block_1_92' title="bbox 2022 4408 3670 4478">
    <p class='ocr_par' dir='ltr' id='par_1_92' title="bbox 2022 4408 3670 4478">
     <span class='ocr_line' id='line_1_92' title="bbox 2022 4408 3670 4478; baseline -0.003 -12"><span class='ocrx_word' id='word_1_684' title='bbox 2022 4413 2080 4467; x_wconf 92' lang='lat' dir='ltr'><strong>in</strong></span> <span class='ocrx_word' id='word_1_685' title='bbox 2115 4412 2377 4478; x_wconf 86' lang='lat' dir='ltr'><strong>ecclesia,</strong></span> <span class='ocrx_word' id='word_1_686' title='bbox 2411 4416 2468 4466; x_wconf 91' lang='lat' dir='ltr'><strong>et</strong></span> <span class='ocrx_word' id='word_1_687' title='bbox 2496 4409 2945 4465; x_wconf 80' lang='lat' dir='ltr'><strong>somniculando</strong></span> <span class='ocrx_word' id='word_1_688' title='bbox 2996 4412 3171 4472; x_wconf 88' lang='lat' dir='ltr'><strong>stare,</strong></span> <span class='ocrx_word' id='word_1_689' title='bbox 3213 4408 3670 4478; x_wconf 90' lang='lat' dir='ltr'><strong>circumquaque</strong></span> 
     </span>
    </p>
   </div>
   <div class='ocr_carea' id='block_1_93' title="bbox 254 4496 3671 4581">
    <p class='ocr_par' dir='ltr' id='par_1_93' title="bbox 254 4496 3671 4581">
     <span class='ocr_line' id='line_1_93' title="bbox 254 4496 3671 4581; baseline -0.004 -17"><span class='ocrx_word' id='word_1_690' title='bbox 254 4505 524 4579; x_wconf 82' lang='lat' dir='ltr'><strong>alioquin</strong></span> <span class='ocrx_word' id='word_1_691' title='bbox 553 4502 759 4559; x_wconf 89' lang='lat' dir='ltr'><strong>vitium</strong></span> <span class='ocrx_word' id='word_1_692' title='bbox 791 4499 1323 4563; x_wconf 87' lang='lat' dir='ltr'><strong>crudelitatis,dum</strong></span> <span class='ocrx_word' id='word_1_693' title='bbox 1353 4496 1674 4569; x_wconf 90' lang='lat' dir='ltr'><strong>nonipsum</strong></span> <span class='ocrx_word' id='word_1_694' title='bbox 1693 4497 1915 4570; x_wconf 86' lang='lat' dir='ltr'><strong>fugisse</strong></span> <span class='ocrx_word' id='word_1_695' title='bbox 1944 4516 1992 4581; x_wconf 70' lang='grc' dir='ltr'><strong>Β</strong></span> <span class='ocrx_word' id='word_1_696' title='bbox 2022 4501 2350 4557; x_wconf 88' lang='lat' dir='ltr'><strong>discurrere</strong></span> <span class='ocrx_word' id='word_1_697' title='bbox 2383 4516 2498 4553; x_wconf 91' lang='lat' dir='ltr'><strong>non</strong></span> <span class='ocrx_word' id='word_1_698' title='bbox 2531 4499 2704 4553; x_wconf 91' lang='lat' dir='ltr'><strong>modo</strong></span> <span class='ocrx_word' id='word_1_699' title='bbox 2736 4513 2995 4568; x_wconf 90' lang='lat' dir='ltr'><strong>corpore,</strong></span> <span class='ocrx_word' id='word_1_700' title='bbox 3029 4497 3130 4551; x_wconf 89' lang='lat' dir='ltr'><strong>sed</strong></span> <span class='ocrx_word' id='word_1_701' title='bbox 3163 4501 3220 4551; x_wconf 91' lang='lat' dir='ltr'><strong>et</strong></span> <span class='ocrx_word' id='word_1_702' title='bbox 3247 4496 3671 4564; x_wconf 90' lang='lat' dir='ltr'><strong>mente;sedere</strong></span> 
     </span>
    </p>
   </div>
   <div class='ocr_carea' id='block_1_94' title="bbox 254 4584 1915 4665">
    <p class='ocr_par' dir='ltr' id='par_1_94' title="bbox 254 4584 1915 4665">
     <span class='ocr_line' id='line_1_94' title="bbox 254 4584 1915 4665; baseline -0.007 -13"><span class='ocrx_word' id='word_1_703' title='bbox 254 4594 580 4653; x_wconf 88' lang='lat' dir='ltr'><strong>Dominum</strong></span> <span class='ocrx_word' id='word_1_704' title='bbox 634 4590 847 4665; x_wconf 88' lang='lat' dir='ltr'><strong>poterit</strong></span> <span class='ocrx_word' id='word_1_705' title='bbox 892 4586 1227 4660; x_wconf 85' lang='lat' dir='ltr'><strong>conjectari.</strong></span> <span class='ocrx_word' id='word_1_706' title='bbox 1274 4584 1674 4641; x_wconf 87' lang='lat' dir='ltr'><strong>Misericordia</strong></span> <span class='ocrx_word' id='word_1_707' title='bbox 1718 4590 1915 4641; x_wconf 86' lang='lat' dir='ltr'><strong>tamen</strong></span> 
     </span>
    </p>
   </div>
   <div class='ocr_carea' id='block_1_95' title="bbox 255 4672 1915 4754">
    <p class='ocr_par' dir='ltr' id='par_1_95' title="bbox 255 4672 1915 4754">
     <span class='ocr_line' id='line_1_95' title="bbox 255 4672 1915 4754; baseline -0.007 -13"><span class='ocrx_word' id='word_1_708' title='bbox 255 4683 369 4741; x_wconf 88' lang='lat' dir='ltr'><strong>ista</strong></span> <span class='ocrx_word' id='word_1_709' title='bbox 394 4684 565 4754; x_wconf 87' lang='lat' dir='ltr'><strong>juste</strong></span> <span class='ocrx_word' id='word_1_710' title='bbox 590 4698 657 4738; x_wconf 88' lang='lat' dir='ltr'><strong>ac</strong></span> <span class='ocrx_word' id='word_1_711' title='bbox 689 4680 936 4735; x_wconf 88' lang='lat' dir='ltr'><strong>ﬁrmiter</strong></span> <span class='ocrx_word' id='word_1_712' title='bbox 964 4677 1292 4741; x_wconf 88' lang='lat' dir='ltr'><strong>roboratur,</strong></span> <span class='ocrx_word' id='word_1_713' title='bbox 1316 4672 1366 4729; x_wconf 91' lang='lat' dir='ltr'><strong>si</strong></span> <span class='ocrx_word' id='word_1_714' title='bbox 1395 4672 1710 4729; x_wconf 86' lang='lat' dir='ltr'><strong>securitate</strong></span> <span class='ocrx_word' id='word_1_715' title='bbox 1728 4690 1915 4730; x_wconf 90' lang='lat' dir='ltr'><strong>rever-</strong></span> 
     </span>
    </p>
   </div>
   <div class='ocr_carea' id='block_1_96' title="bbox 256 4762 1917 4837">
    <p class='ocr_par' dir='ltr' id='par_1_96' title="bbox 256 4762 1917 4837">
     <span class='ocr_line' id='line_1_96' title="bbox 256 4762 1917 4837; baseline -0.007 -7"><span class='ocrx_word' id='word_1_716' title='bbox 256 4773 450 4830; x_wconf 90' lang='lat' dir='ltr'><strong>sionis</strong></span> <span class='ocrx_word' id='word_1_717' title='bbox 481 4776 540 4828; x_wconf 89' lang='lat' dir='ltr'><strong>et</strong></span> <span class='ocrx_word' id='word_1_718' title='bbox 566 4770 747 4827; x_wconf 61' lang='lat' dir='ltr'><strong>venia</strong></span> <span class='ocrx_word' id='word_1_719' title='bbox 778 4784 895 4824; x_wconf 91' lang='lat' dir='ltr'><strong>non</strong></span> <span class='ocrx_word' id='word_1_720' title='bbox 926 4764 1169 4837; x_wconf 87' lang='lat' dir='ltr'><strong>incipiat</strong></span> <span class='ocrx_word' id='word_1_721' title='bbox 1189 4762 1666 4835; x_wconf 88' lang='lat' dir='ltr'><strong>superbire,auta</strong></span> <span class='ocrx_word' id='word_1_722' title='bbox 1682 4763 1917 4819; x_wconf 89' lang='lat' dir='ltr'><strong>servitio</strong></span> 
     </span>
    </p>
   </div>
   <div class='ocr_carea' id='block_1_97' title="bbox 258 4850 1917 4935">
    <p class='ocr_par' dir='ltr' id='par_1_97' title="bbox 258 4850 1917 4935">
     <span class='ocr_line' id='line_1_97' title="bbox 258 4850 1917 4935; baseline -0.008 -15"><span class='ocrx_word' id='word_1_723' title='bbox 258 4860 625 4935; x_wconf 87' lang='lat' dir='ltr'><strong>torpere;sed</strong></span> <span class='ocrx_word' id='word_1_724' title='bbox 653 4873 886 4930; x_wconf 88' lang='lat' dir='ltr'><strong>semper</strong></span> <span class='ocrx_word' id='word_1_725' title='bbox 916 4852 1241 4925; x_wconf 88' lang='lat' dir='ltr'><strong>recogitans</strong></span> <span class='ocrx_word' id='word_1_726' title='bbox 1275 4852 1421 4923; x_wconf 66' lang='lat' dir='ltr'><strong>fugae</strong></span> <span class='ocrx_word' id='word_1_727' title='bbox 1454 4850 1763 4925; x_wconf 82' lang='lat' dir='ltr'><strong>flagitium.</strong></span> <span class='ocrx_word' id='word_1_728' title='bbox 1784 4868 1917 4907; x_wconf 91' lang='lat' dir='ltr'><strong>cum</strong></span> 
     </span>
    </p>
   </div>
   <div class='ocr_carea' id='block_1_98' title="bbox 260 4939 1918 5012">
    <p class='ocr_par' dir='ltr' id='par_1_98' title="bbox 260 4939 1918 5012">
     <span class='ocr_line' id='line_1_98' title="bbox 260 4939 1918 5012; baseline -0.008 -4"><span class='ocrx_word' id='word_1_729' title='bbox 260 4951 528 5007; x_wconf 81' lang='lat' dir='ltr'><strong>maxima</strong></span> <span class='ocrx_word' id='word_1_730' title='bbox 554 4945 890 5004; x_wconf 86' lang='lat' dir='ltr'><strong>humilitate</strong></span> <span class='ocrx_word' id='word_1_731' title='bbox 921 4943 1155 4999; x_wconf 88' lang='lat' dir='ltr'><strong>studeat</strong></span> <span class='ocrx_word' id='word_1_732' title='bbox 1200 4939 1325 4996; x_wconf 91' lang='lat' dir='ltr'><strong>dies</strong></span> <span class='ocrx_word' id='word_1_733' title='bbox 1374 4943 1703 5012; x_wconf 86' lang='lat' dir='ltr'><strong>noctesque.</strong></span> <span class='ocrx_word' id='word_1_734' title='bbox 1730 4941 1918 4996; x_wconf 89' lang='lat' dir='ltr'><strong>conti-</strong></span> 
     </span>
    </p>
   </div>
   <div class='ocr_carea' id='block_1_99' title="bbox 263 5029 1920 5108">
    <p class='ocr_par' dir='ltr' id='par_1_99' title="bbox 263 5029 1920 5108">
     <span class='ocr_line' id='line_1_99' title="bbox 263 5029 1920 5108; baseline -0.007 -10"><span class='ocrx_word' id='word_1_735' title='bbox 263 5042 550 5107; x_wconf 86' lang='lat' dir='ltr'><strong>nuare,ut</strong></span> <span class='ocrx_word' id='word_1_736' title='bbox 575 5041 633 5094; x_wconf 90' lang='lat' dir='ltr'><strong>et</strong></span> <span class='ocrx_word' id='word_1_737' title='bbox 661 5034 994 5108; x_wconf 78' lang='lat' dir='ltr'><strong>neglectum</strong></span> <span class='ocrx_word' id='word_1_738' title='bbox 1025 5030 1083 5086; x_wconf 91' lang='lat' dir='ltr'><strong>in</strong></span> <span class='ocrx_word' id='word_1_739' title='bbox 1104 5030 1242 5101; x_wconf 88' lang='lat' dir='ltr'><strong>fuga</strong></span> <span class='ocrx_word' id='word_1_740' title='bbox 1267 5043 1711 5100; x_wconf 87' lang='lat' dir='ltr'><strong>recompensare</strong></span> <span class='ocrx_word' id='word_1_741' title='bbox 1735 5029 1920 5102; x_wconf 90' lang='lat' dir='ltr'><strong>possit</strong></span> 
     </span>
    </p>
   </div>
   <div class='ocr_carea' id='block_1_100' title="bbox 264 5117 1923 5195">
    <p class='ocr_par' dir='ltr' id='par_1_100' title="bbox 264 5117 1923 5195">
     <span class='ocr_line' id='line_1_100' title="bbox 264 5117 1923 5195; baseline -0.007 -9"><span class='ocrx_word' id='word_1_742' title='bbox 264 5127 597 5195; x_wconf 85' lang='lat' dir='ltr'><strong>servitium,</strong></span> <span class='ocrx_word' id='word_1_743' title='bbox 629 5129 686 5183; x_wconf 90' lang='lat' dir='ltr'><strong>et</strong></span> <span class='ocrx_word' id='word_1_744' title='bbox 714 5122 927 5181; x_wconf 90' lang='lat' dir='ltr'><strong>addere</strong></span> <span class='ocrx_word' id='word_1_745' title='bbox 958 5118 1177 5192; x_wconf 90' lang='lat' dir='ltr'><strong>aliquid</strong></span> <span class='ocrx_word' id='word_1_746' title='bbox 1212 5117 1368 5173; x_wconf 89' lang='lat' dir='ltr'><strong>unde</strong></span> <span class='ocrx_word' id='word_1_747' title='bbox 1388 5117 1564 5189; x_wconf 75' lang='lat' dir='ltr'><strong>justze</strong></span> <span class='ocrx_word' id='word_1_748' title='bbox 1595 5118 1923 5175; x_wconf 81' lang='lat' dir='ltr'><strong>retributio-</strong></span> 
     </span>
    </p>
   </div>
   <div class='ocr_carea' id='block_1_101' title="bbox 267 5212 961 5288">
    <p class='ocr_par' dir='ltr' id='par_1_101' title="bbox 267 5212 961 5288">
     <span class='ocr_line' id='line_1_101' title="bbox 267 5212 961 5288; baseline -0.012 -14"><span class='ocrx_word' id='word_1_749' title='bbox 267 5217 363 5274; x_wconf 91' lang='lat' dir='ltr'><strong>nis</strong></span> <span class='ocrx_word' id='word_1_750' title='bbox 389 5216 642 5288; x_wconf 87' lang='lat' dir='ltr'><strong>accipiat</strong></span> <span class='ocrx_word' id='word_1_751' title='bbox 661 5212 961 5270; x_wconf 90' lang='lat' dir='ltr'><strong>meritum.</strong></span> 
     </span>
    </p>
   </div>
   <div class='ocr_carea' id='block_1_102' title="bbox 339 5295 1919 5370">
    <p class='ocr_par' dir='ltr' id='par_1_102' title="bbox 339 5295 1919 5370">
     <span class='ocr_line' id='line_1_102' title="bbox 339 5295 1919 5370; baseline -0.006 -8"><span class='ocrx_word' id='word_1_752' title='bbox 339 5307 437 5363; x_wconf 76' lang='grc'><strong>48.</strong></span> <span class='ocrx_word' id='word_1_753' title='bbox 468 5305 645 5361; x_wconf 87' lang='lat' dir='ltr'><strong>Putas</strong></span> <span class='ocrx_word' id='word_1_754' title='bbox 674 5299 945 5370; x_wconf 88' lang='lat' dir='ltr'><strong>te,ais,ad</strong></span> <span class='ocrx_word' id='word_1_755' title='bbox 978 5299 1159 5355; x_wconf 89' lang='lat' dir='ltr'><strong>istum</strong></span> <span class='ocrx_word' id='word_1_756' title='bbox 1189 5296 1338 5351; x_wconf 88' lang='lat' dir='ltr'><strong>servi</strong></span> <span class='ocrx_word' id='word_1_757' title='bbox 1370 5295 1543 5350; x_wconf 89' lang='lat' dir='ltr'><strong>istius</strong></span> <span class='ocrx_word' id='word_1_758' title='bbox 1570 5296 1762 5351; x_wconf 87' lang='lat' dir='ltr'><strong>adhuc</strong></span> <span class='ocrx_word' id='word_1_759' title='bbox 1792 5313 1919 5367; x_wconf 87' lang='lat' dir='ltr'><strong>per-</strong></span> 
     </span>
    </p>
   </div>
   <div class='ocr_carea' id='block_1_103' title="bbox 266 5383 1921 5467">
    <p class='ocr_par' dir='ltr' id='par_1_103' title="bbox 266 5383 1921 5467">
     <span class='ocr_line' id='line_1_103' title="bbox 266 5383 1921 5467; baseline -0.008 -17"><span class='ocrx_word' id='word_1_760' title='bbox 266 5396 503 5452; x_wconf 85' lang='lat' dir='ltr'><strong>venisse</strong></span> <span class='ocrx_word' id='word_1_761' title='bbox 531 5390 824 5467; x_wconf 82' lang='lat' dir='ltr'><strong>gradum?</strong></span> <span class='ocrx_word' id='word_1_762' title='bbox 853 5390 1147 5455; x_wconf 87' lang='lat' dir='ltr'><strong>Putarem,</strong></span> <span class='ocrx_word' id='word_1_763' title='bbox 1174 5386 1440 5458; x_wconf 90' lang='lat' dir='ltr'><strong>inquam,</strong></span> <span class='ocrx_word' id='word_1_764' title='bbox 1495 5384 1546 5438; x_wconf 89' lang='lat' dir='ltr'><strong>si</strong></span> <span class='ocrx_word' id='word_1_765' title='bbox 1590 5383 1662 5438; x_wconf 91' lang='lat' dir='ltr'><strong>ad</strong></span> <span class='ocrx_word' id='word_1_766' title='bbox 1713 5401 1921 5458; x_wconf 86' lang='lat' dir='ltr'><strong>propo-</strong></span> 
     </span>
    </p>
   </div>
   <div class='ocr_carea' id='block_1_104' title="bbox 2024 4583 3672 4659">
    <p class='ocr_par' dir='ltr' id='par_1_104' title="bbox 2024 4583 3672 4659">
     <span class='ocr_line' id='line_1_104' title="bbox 2024 4583 3672 4659; baseline -0.001 -18"><span class='ocrx_word' id='word_1_767' title='bbox 2024 4587 2114 4644; x_wconf 89' lang='lat' dir='ltr'><strong>vel</strong></span> <span class='ocrx_word' id='word_1_768' title='bbox 2140 4590 2541 4659; x_wconf 89' lang='lat' dir='ltr'><strong>jacere,quam</strong></span> <span class='ocrx_word' id='word_1_769' title='bbox 2572 4584 2656 4639; x_wconf 88' lang='lat' dir='ltr'><strong>vel</strong></span> <span class='ocrx_word' id='word_1_770' title='bbox 2687 4584 2887 4656; x_wconf 84' lang='lat' dir='ltr'><strong>aliquo</strong></span> <span class='ocrx_word' id='word_1_771' title='bbox 2920 4585 3070 4640; x_wconf 94' lang='lat' dir='ltr'><strong>bono</strong></span> <span class='ocrx_word' id='word_1_772' title='bbox 3101 4599 3292 4656; x_wconf 89' lang='lat' dir='ltr'><strong>opere,</strong></span> <span class='ocrx_word' id='word_1_773' title='bbox 3310 4584 3398 4640; x_wconf 93' lang='lat' dir='ltr'><strong>vel</strong></span> <span class='ocrx_word' id='word_1_774' title='bbox 3428 4583 3672 4640; x_wconf 84' lang='lat' dir='ltr'><strong>lectione</strong></span> 
     </span>
    </p>
   </div>
   <div class='ocr_carea' id='block_1_105' title="bbox 2027 4673 3672 4745">
    <p class='ocr_par' dir='ltr' id='par_1_105' title="bbox 2027 4673 3672 4745">
     <span class='ocr_line' id='line_1_105' title="bbox 2027 4673 3672 4745; baseline -0.002 -12"><span class='ocrx_word' id='word_1_775' title='bbox 2027 4680 2125 4733; x_wconf 89' lang='lat' dir='ltr'><strong>aut</strong></span> <span class='ocrx_word' id='word_1_776' title='bbox 2158 4677 2437 4742; x_wconf 90' lang='lat' dir='ltr'><strong>oratione,</strong></span> <span class='ocrx_word' id='word_1_777' title='bbox 2474 4673 2562 4729; x_wconf 91' lang='lat' dir='ltr'><strong>vel</strong></span> <span class='ocrx_word' id='word_1_778' title='bbox 2603 4678 2757 4729; x_wconf 88' lang='lat' dir='ltr'><strong>certe</strong></span> <span class='ocrx_word' id='word_1_779' title='bbox 2805 4673 2942 4729; x_wconf 92' lang='lat' dir='ltr'><strong>boni</strong></span> <span class='ocrx_word' id='word_1_780' title='bbox 2995 4673 3244 4745; x_wconf 85' lang='lat' dir='ltr'><strong>aiicujus</strong></span> <span class='ocrx_word' id='word_1_781' title='bbox 3296 4674 3672 4730; x_wconf 86' lang='lat' dir='ltr'><strong>meditatione</strong></span> 
     </span>
    </p>
   </div>
   <div class='ocr_carea' id='block_1_106' title="bbox 2027 4761 3675 4838">
    <p class='ocr_par' dir='ltr' id='par_1_106' title="bbox 2027 4761 3675 4838">
     <span class='ocr_line' id='line_1_106' title="bbox 2027 4761 3675 4838; baseline -0.002 -16"><span class='ocrx_word' id='word_1_782' title='bbox 2027 4765 2282 4838; x_wconf 89' lang='lat' dir='ltr'><strong>legatum</strong></span> <span class='ocrx_word' id='word_1_783' title='bbox 2316 4763 2570 4836; x_wconf 87' lang='lat' dir='ltr'><strong>aliquem</strong></span> <span class='ocrx_word' id='word_1_784' title='bbox 2603 4762 2703 4818; x_wconf 91' lang='lat' dir='ltr'><strong>Dei</strong></span> <span class='ocrx_word' id='word_1_785' title='bbox 2736 4762 2939 4834; x_wconf 88' lang='lat' dir='ltr'><strong>pietati</strong></span> <span class='ocrx_word' id='word_1_786' title='bbox 2970 4761 3675 4837; x_wconf 89' lang='lat' dir='ltr'><strong>dirigere,utquandoquc</strong></span> 
     </span>
    </p>
   </div>
   <div class='ocr_carea' id='block_1_107' title="bbox 2029 4851 3509 4925">
    <p class='ocr_par' dir='ltr' id='par_1_107' title="bbox 2029 4851 3509 4925">
     <span class='ocr_line' id='line_1_107' title="bbox 2029 4851 3509 4925; baseline -0.002 -14"><span class='ocrx_word' id='word_1_787' title='bbox 2029 4873 2060 4912; x_wconf 91' lang='lat' dir='ltr'><strong>a</strong></span> <span class='ocrx_word' id='word_1_788' title='bbox 2093 4853 2305 4923; x_wconf 88' lang='lat' dir='ltr'><strong>diaboli</strong></span> <span class='ocrx_word' id='word_1_789' title='bbox 2339 4852 2565 4925; x_wconf 88' lang='lat' dir='ltr'><strong>laqueis</strong></span> <span class='ocrx_word' id='word_1_790' title='bbox 2599 4851 2826 4924; x_wconf 85' lang='lat' dir='ltr'><strong>plenius</strong></span> <span class='ocrx_word' id='word_1_791' title='bbox 2857 4868 2957 4907; x_wconf 90' lang='lat' dir='ltr'><strong>eos</strong></span> <span class='ocrx_word' id='word_1_792' title='bbox 2988 4851 3259 4925; x_wconf 88' lang='lat' dir='ltr'><strong>dignetur</strong></span> <span class='ocrx_word' id='word_1_793' title='bbox 3289 4870 3509 4909; x_wconf 88' lang='lat' dir='ltr'><strong>eruere.</strong></span> 
     </span>
    </p>
   </div>
   <div class='ocr_carea' id='block_1_108' title="bbox 2102 4940 3674 5014">
    <p class='ocr_par' dir='ltr' id='par_1_108' title="bbox 2102 4940 3674 5014">
     <span class='ocr_line' id='line_1_108' title="bbox 2102 4940 3674 5014; baseline -0.001 -16"><span class='ocrx_word' id='word_1_794' title='bbox 2102 4945 2187 4999; x_wconf 88' lang='grc'><strong>19.</strong></span> <span class='ocrx_word' id='word_1_795' title='bbox 2222 4946 2355 5000; x_wconf 84' lang='lat' dir='ltr'><strong>Item</strong></span> <span class='ocrx_word' id='word_1_796' title='bbox 2381 4950 2501 5013; x_wconf 83' lang='lat' dir='ltr'><strong>post</strong></span> <span class='ocrx_word' id='word_1_797' title='bbox 2544 4941 2817 5014; x_wconf 66' lang='lat' dir='ltr'><strong>quaedam.</strong></span> <span class='ocrx_word' id='word_1_798' title='bbox 2845 4940 2961 4999; x_wconf 88' lang='lat' dir='ltr'><strong>Hoc</strong></span> <span class='ocrx_word' id='word_1_799' title='bbox 2992 4957 3130 4996; x_wconf 89' lang='lat' dir='ltr'><strong>sane</strong></span> <span class='ocrx_word' id='word_1_800' title='bbox 3161 4941 3305 4996; x_wconf 89' lang='lat' dir='ltr'><strong>mihi</strong></span> <span class='ocrx_word' id='word_1_801' title='bbox 3335 4942 3583 5011; x_wconf 89' lang='lat' dir='ltr'><strong>videtur,</strong></span> <span class='ocrx_word' id='word_1_802' title='bbox 3614 4947 3674 4997; x_wconf 92' lang='lat' dir='ltr'><strong>tu</strong></span> 
     </span>
    </p>
   </div>
   <div class='ocr_carea' id='block_1_109' title="bbox 2030 5028 3678 5103">
    <p class='ocr_par' dir='ltr' id='par_1_109' title="bbox 2030 5028 3678 5103">
     <span class='ocr_line' id='line_1_109' title="bbox 2030 5028 3678 5103; baseline -0.001 -14"><span class='ocrx_word' id='word_1_803' title='bbox 2030 5031 2179 5090; x_wconf 90' lang='lat' dir='ltr'><strong>senti</strong></span> <span class='ocrx_word' id='word_1_804' title='bbox 2216 5031 2367 5103; x_wconf 89' lang='lat' dir='ltr'><strong>quod</strong></span> <span class='ocrx_word' id='word_1_805' title='bbox 2401 5029 2625 5103; x_wconf 88' lang='lat' dir='ltr'><strong>placet;</strong></span> <span class='ocrx_word' id='word_1_806' title='bbox 2663 5029 2801 5101; x_wconf 88' lang='lat' dir='ltr'><strong>quia</strong></span> <span class='ocrx_word' id='word_1_807' title='bbox 2844 5028 2998 5085; x_wconf 91' lang='lat' dir='ltr'><strong>sicut</strong></span> <span class='ocrx_word' id='word_1_808' title='bbox 3045 5046 3217 5086; x_wconf 90' lang='lat' dir='ltr'><strong>nemo</strong></span> <span class='ocrx_word' id='word_1_809' title='bbox 3269 5047 3329 5086; x_wconf 90' lang='lat' dir='ltr'><strong>se</strong></span> <span class='ocrx_word' id='word_1_810' title='bbox 3378 5031 3530 5088; x_wconf 91' lang='lat' dir='ltr'><strong>valet</strong></span> <span class='ocrx_word' id='word_1_811' title='bbox 3576 5048 3678 5103; x_wconf 88' lang='lat' dir='ltr'><strong>per</strong></span> 
     </span>
    </p>
   </div>
   <div class='ocr_carea' id='block_1_110' title="bbox 2031 5117 3677 5193">
    <p class='ocr_par' dir='ltr' id='par_1_110' title="bbox 2031 5117 3677 5193">
     <span class='ocr_line' id='line_1_110' title="bbox 2031 5117 3677 5193; baseline -0.001 -15"><span class='ocrx_word' id='word_1_812' title='bbox 2031 5138 2093 5178; x_wconf 91' lang='lat' dir='ltr'><strong>se</strong></span> <span class='ocrx_word' id='word_1_813' title='bbox 2119 5121 2189 5177; x_wconf 90' lang='lat' dir='ltr'><strong>ad</strong></span> <span class='ocrx_word' id='word_1_814' title='bbox 2222 5119 2478 5191; x_wconf 88' lang='lat' dir='ltr'><strong>aliquem</strong></span> <span class='ocrx_word' id='word_1_815' title='bbox 2510 5119 2757 5193; x_wconf 88' lang='lat' dir='ltr'><strong>gradum</strong></span> <span class='ocrx_word' id='word_1_816' title='bbox 2790 5117 3053 5173; x_wconf 67' lang='lat' dir='ltr'><strong>Ecclesiae</strong></span> <span class='ocrx_word' id='word_1_817' title='bbox 3077 5135 3445 5190; x_wconf 91' lang='lat' dir='ltr'><strong>promovere;</strong></span> <span class='ocrx_word' id='word_1_818' title='bbox 3473 5121 3554 5175; x_wconf 91' lang='lat' dir='ltr'><strong>ita</strong></span> <span class='ocrx_word' id='word_1_819' title='bbox 3575 5137 3677 5176; x_wconf 92' lang='lat' dir='ltr'><strong>ne-</strong></span> 
     </span>
    </p>
   </div>
   <div class='ocr_carea' id='block_1_111' title="bbox 2032 5205 3674 5281">
    <p class='ocr_par' dir='ltr' id='par_1_111' title="bbox 2032 5205 3674 5281">
     <span class='ocr_line' id='line_1_111' title="bbox 2032 5205 3674 5281; baseline -0.001 -16"><span class='ocrx_word' id='word_1_820' title='bbox 2032 5226 2127 5265; x_wconf 89' lang='lat' dir='ltr'><strong>mo</strong></span> <span class='ocrx_word' id='word_1_821' title='bbox 2157 5225 2220 5264; x_wconf 91' lang='lat' dir='ltr'><strong>se</strong></span> <span class='ocrx_word' id='word_1_822' title='bbox 2250 5212 2461 5281; x_wconf 87' lang='lat' dir='ltr'><strong>potest,</strong></span> <span class='ocrx_word' id='word_1_823' title='bbox 2486 5205 2716 5262; x_wconf 89' lang='lat' dir='ltr'><strong>etiamsi</strong></span> <span class='ocrx_word' id='word_1_824' title='bbox 2764 5205 2922 5273; x_wconf 87' lang='lat' dir='ltr'><strong>velit,</strong></span> <span class='ocrx_word' id='word_1_825' title='bbox 2955 5207 3194 5263; x_wconf 90' lang='lat' dir='ltr'><strong>omnino</strong></span> <span class='ocrx_word' id='word_1_826' title='bbox 3219 5206 3507 5279; x_wconf 89' lang='lat' dir='ltr'><strong>deponere</strong></span> <span class='ocrx_word' id='word_1_827' title='bbox 3535 5208 3674 5280; x_wconf 85' lang='lat' dir='ltr'><strong>(Vid.</strong></span> 
     </span>
    </p>
   </div>
   <div class='ocr_carea' id='block_1_112' title="bbox 2034 5295 3677 5369">
    <p class='ocr_par' dir='ltr' id='par_1_112' title="bbox 2034 5295 3677 5369">
     <span class='ocr_line' id='line_1_112' title="bbox 2034 5295 3677 5369; baseline -0.001 -16"><span class='ocrx_word' id='word_1_828' title='bbox 2034 5295 2688 5369; x_wconf 82' lang='lat' dir='ltr'><strong>Conjecluram,num.6),</strong></span> <span class='ocrx_word' id='word_1_829' title='bbox 2708 5295 2913 5367; x_wconf 91' lang='lat' dir='ltr'><strong>quovis</strong></span> <span class='ocrx_word' id='word_1_830' title='bbox 2945 5296 3251 5353; x_wconf 90' lang='lat' dir='ltr'><strong>institutus</strong></span> <span class='ocrx_word' id='word_1_831' title='bbox 3280 5297 3357 5353; x_wconf 90' lang='lat' dir='ltr'><strong>sit</strong></span> <span class='ocrx_word' id='word_1_832' title='bbox 3384 5297 3471 5353; x_wconf 86' lang='lat' dir='ltr'><strong>vel</strong></span> <span class='ocrx_word' id='word_1_833' title='bbox 3503 5298 3677 5353; x_wconf 87' lang='lat' dir='ltr'><strong>etiam</strong></span> 
     </span>
    </p>
   </div>
   <div class='ocr_carea' id='block_1_113' title="bbox 2029 5383 3678 5458">
    <p class='ocr_par' dir='ltr' id='par_1_113' title="bbox 2029 5383 3678 5458">
     <span class='ocr_line' id='line_1_113' title="bbox 2029 5383 3678 5458; baseline -0.001 -16"><span class='ocrx_word' id='word_1_834' title='bbox 2029 5386 2309 5443; x_wconf 87' lang='lat' dir='ltr'><strong>victitarit</strong></span> <span class='ocrx_word' id='word_1_835' title='bbox 2338 5386 2512 5441; x_wconf 91' lang='lat' dir='ltr'><strong>modo</strong></span> <span class='ocrx_word' id='word_1_836' title='bbox 2541 5383 2627 5439; x_wconf 81' lang='lat' dir='ltr'><strong>vel</strong></span> <span class='ocrx_word' id='word_1_837' title='bbox 2661 5384 2885 5440; x_wconf 90' lang='lat' dir='ltr'><strong>ordine.</strong></span> <span class='ocrx_word' id='word_1_838' title='bbox 2922 5383 3163 5441; x_wconf 87' lang='lat' dir='ltr'><strong>Videtur</strong></span> <span class='ocrx_word' id='word_1_839' title='bbox 3192 5386 3347 5458; x_wconf 80' lang='lat' dir='ltr'><strong>quod</strong></span> <span class='ocrx_word' id='word_1_840' title='bbox 3378 5386 3550 5442; x_wconf 84' lang='lat' dir='ltr'><strong>etiam</strong></span> <span class='ocrx_word' id='word_1_841' title='bbox 3585 5404 3678 5441; x_wconf 83' lang='lat' dir='ltr'><strong>ea-</strong></span> 
     </span>
    </p>
   </div>
   <div class='ocr_carea' id='block_1_114' title="bbox 344 5562 2573 5646">
    <p class='ocr_par' dir='ltr' id='par_1_114' title="bbox 344 5562 2573 5646">
     <span class='ocr_line' id='line_1_114' title="bbox 344 5562 2573 5646; baseline -0.005 -16"><span class='ocrx_word' id='word_1_842' title='bbox 344 5573 496 5646; x_wconf 79' lang='grc' dir='ltr'>(5ε4)</span> <span class='ocrx_word' id='word_1_843' title='bbox 526 5562 880 5631; x_wconf 82' lang='lat' dir='ltr'><strong>Particulam</strong></span> <span class='ocrx_word' id='word_1_844' title='bbox 909 5585 1019 5625; x_wconf 81' lang='lat' dir='ltr'><strong>non</strong></span> <span class='ocrx_word' id='word_1_845' title='bbox 1049 5569 1354 5625; x_wconf 81' lang='lat' dir='ltr'><strong>contextus</strong></span> <span class='ocrx_word' id='word_1_846' title='bbox 1392 5562 1691 5620; x_wconf 72' lang='lat' dir='ltr'><strong>sententiis</strong></span> <span class='ocrx_word' id='word_1_847' title='bbox 1724 5565 2118 5625; x_wconf 89' lang='lat' dir='ltr'><strong>necessariam</strong></span> <span class='ocrx_word' id='word_1_848' title='bbox 2152 5565 2573 5640; x_wconf 89' lang='lat' dir='ltr'><strong>supplevimus.</strong></span> 
     </span>
    </p>
   </div>
  </div>
