4060 6176
241 312 364 382 428

1101 315 1582 385 EXCERPTUM
1621 317 1728 383 EX
1770 316 2110 387 DIALOGO
2155 323 2786 390 CONFESSIONALI.

3523 322 3644 391 426

240 453 543 511 denuntiet
581 447 816 510 attendo
849 470 862 509 :
898 454 1011 526 Qui
1038 455 1562 526 scandalizaverit,
1593 455 1886 527 inquiens,
1919 457 1974 523 Α
2003 457 2181 514 fuerit
2237 478 2451 528 causa;
2487 460 2630 515 mihi
2689 461 2935 528 videtur,
2969 459 3127 531 quod
3187 474 3281 513 me
3338 457 3400 531 [ι.
3431 458 3490 513 in
3529 459 3642 530 me]

238 560 416 600 unum
439 543 516 598 de
542 541 772 611 pusillis
801 541 947 609 istis,
967 543 1064 614 qui
1093 543 1151 598 in
1166 560 1256 598 me
1272 545 1540 611 credunt,
1565 546 1792 612 expedit
1809 545 1882 610 ci,

234 641 296 689 ut
309 631 712 704 suspendatur
727 632 884 686 mola
899 632 1173 689 asinaria
1191 634 1248 688 in
1263 633 1408 689 collo
1428 635 1571 704 ejus,
1585 639 1642 688 et
1664 634 1886 690 demer-

228 731 406 793 gatur
433 722 498 778 in
527 719 889 790 profundum
910 722 1098 777 maris
1129 721 1364 794 (Matth.
1399 738 1557 789 xvm,
1589 723 1666 794 6).

693 813 949 882 Itemque
969 820 1102 882 post
1131 812 1417 884 quaedam.

294 901 386 957 33.
447 895 860 970 Tergiversari,
894 898 992 965 ait,
1037 899 1290 955 nimium
1348 899 1565 955 videris
1625 899 1789 968 mihi,
1824 904 1883 956 et

227 990 359 1048 colli
387 989 578 1044 instar
601 984 853 1042 volucris
883 987 1158 1043 Enniana
1215 987 1470 1044 colorem
1531 1005 1666 1043 cum
1716 993 1880 1044 motu

226 1083 480 1136 mutare.
509 1075 677 1130 Nunc
707 1075 866 1131 enim
918 1076 1169 1132 nimium
1228 1077 1504 1150 rigorem,
1537 1077 1688 1134 279
1719 1094 1878 1134 nunc

225 1169 285 1224 iu
317 1171 374 1223 te
397 1164 718 1222 maximam
738 1163 996 1220 admiror
1024 1163 1330 1220 mollitiem
1357 1183 1370 1233 ;
1399 1182 1553 1220 nunc
1574 1166 1743 1237 quasi
1764 1166 1876 1222 fer-

223 1271 446 1321 vorem,
497 1253 670 1308 modo
718 1256 1013 1324 teporem:
1047 1269 1200 1308 nunc
1253 1253 1664 1321 constantiam,
1718 1271 1875 1309 nunc

227 1345 440 1402 studeo
471 1341 612 1414 [leg.
648 1341 836 1412 video]
870 1340 1313 1397 dissolutionem
1336 1359 1528 1410 ;nunc
1559 1342 1781 1398 sincero
1800 1343 1880 1406 (et

227 1435 456 1490 utinam
489 1430 576 1486 vel
608 1429 963 1502 aliquoties),
980 1447 1136 1486 nunc
1158 1429 1432 1486 simulate
1453 1430 1876 1503 mihi,ut,proh

222 1521 422 1578 nefas!
471 1535 703 1590 semper
779 1523 990 1574 cuncta
1044 1519 1262 1575 videris
1319 1520 1532 1575 referre
1591 1523 1647 1573 et
1702 1520 1876 1575 modo

217 1607 539 1665 miserabili
571 1608 839 1679 quasdam
873 1608 1206 1662 confitendo
1223 1623 1456 1679 quoque
1487 1607 1702 1673 celare;
1723 1607 1877 1662 sicut

212 1697 360 1754 illud
392 1697 674 1769 primum,
708 1696 864 1767 quod
896 1695 1040 1750 mihi
1072 1695 1272 1763 etiam;
1307 1696 1407 1767 qui
1441 1699 1494 1750 te
1526 1713 1641 1750 non
1673 1695 1871 1751 minus

1997 547 2113 613 illa,
2147 565 2323 620 quam
2378 554 2738 620 putaveram,
2780 553 2955 615 esset,
3007 547 3148 620 quia
3206 546 3513 602 humilitas
3573 545 3649 601 sit

1994 635 2264 694 elationis
2277 641 2444 709 (572),
2463 639 2626 708 pejor
2638 638 2828 692 ruina.
2849 637 2986 692 Inde
2999 637 3155 692 enim
3178 635 3476 708 superbio,
3490 634 3645 690 unde

1993 741 2086 780 me
2147 726 2659 798 despectissimum
2691 725 3015 780 certissime
3046 730 3103 780 et
3153 725 3304 780 infra
3334 724 3640 780 universos

1992 815 2246 883 attendo,
2271 831 2405 870 cum
2437 814 2625 870 caeteri
2658 814 2793 869 inde
2823 813 3047 870 soleant
3075 812 3332 886 gloriari,
3351 812 3505 868 unde
3527 828 3635 867 oze-

1988 903 2128 959 teris
2159 921 2221 959 se
2249 904 2449 960 vident
2487 902 2782 958 excellere.
2817 903 2979 967 Quod
3039 903 3152 959 nisi
3206 901 3633 975 turpiloquium

1987 991 2194 1048 saltem
2227 993 2285 1047 in
2310 993 2421 1048 isto
2453 996 2742 1064 praecepto
2775 991 3043 1062 vitarem,
3078 989 3396 1064 apostolico
3427 989 3645 1045 condi-'

1985 1097 2099 1153 gno
2129 1081 2493 1138 enuclearem
2526 1080 2682 1137 280
2710 1079 2994 1152 exemplo.
3028 1082 3100 1135 At
3123 1080 3264 1152 quia
3295 1077 3632 1135 deﬁcirelo-

1985 1172 2212 1242 quium,
2244 1187 2350 1226 nec
2399 1169 2528 1235 fari,
2565 1169 2717 1241 quod
2751 1187 2785 1225 a
2815 1186 2908 1224 me
2937 1168 3064 1241 ipso
3115 1168 3326 1240 patior,
3359 1183 3626 1239 possum,

1985 1259 2236 1315 exterius
2266 1261 2405 1314 dum
2437 1275 2530 1314 me
2559 1259 2663 1312 tibi
2689 1274 2860 1313 cerno
2882 1255 3650 1323 notissimum,neinterius

1984 1346 2088 1401 tibi
2121 1363 2353 1417 quoque
2377 1347 2612 1413 lateam,
2641 1346 2826 1418 dirigo
2858 1351 2914 1402 te
2943 1345 3016 1400 ad
3044 1345 3390 1418 Gregorium
3437 1341 3626 1399 Deilo-

1986 1450 2195 1506 quum,
2224 1433 2392 1488 illum
2420 1432 2747 1505 interroga;
2771 1434 2912 1504 quid
2934 1435 3004 1488 de
3028 1433 3290 1505 reprobis
3310 1431 3628 1505 hypocritis

1985 1526 2043 1577 et
2072 1522 2483 1594 arrogantibus
2521 1521 2758 1585 sentiat,
2790 1521 2958 1575 hauri
2991 1539 3004 1575 ε
3037 1521 3116 1575 ibi
3151 1537 3244 1576 me
3298 1521 3627 1592 conspicere

1983 1614 2170 1665 totum
2220 1609 2458 1665 valebis.
2495 1609 2556 1664 In
2615 1609 2946 1677 evitatione,
2997 1608 3215 1680 inquis,
3267 1608 3624 1664 soloecismo-

1982 1716 2114 1754 rum
2174 1696 2628 1754 constructionis
2682 1715 2861 1769 quam
2920 1697 3160 1753 raiionis
3215 1713 3374 1766 vero,
3422 1697 3626 1752 dictio-

211 1803 394 1860 quam
441 1785 599 1841 idem
632 1784 861 1857 agnovi,
895 1785 976 1839 ita
1005 1783 1219 1856 legenti
1250 1783 1564 1854 occulitur,
1588 1801 1653 1839 ac
1686 1784 1735 1839 si
1758 1783 1868 1838 mi-
1894 1818 1944 1883 Β
1979 1805 2122 1841 num
2154 1803 2332 1858 quam
2364 1787 2662 1841 actionum
2715 1786 2894 1842 videri
2933 1786 3084 1842 valet
3112 1787 3509 1860 perspicacius
3568 1791 3626 1844 te

210 1876 375 1932 nime
405 1874 714 1930 diceretur.
749 1873 852 1939 Ita,
881 1872 1144 1944 inquam,
1177 1872 1260 1927 ita
1283 1887 1413 1928 esse
1443 1871 1739 1938 conﬁteor,
1772 1888 1868 1944 pa-

209 1965 357 2021 riter
383 1968 440 2020 et
486 1961 716 2018 actibus
777 1961 1134 2018 demonstro.
1170 1960 1250 2015 De
1307 1960 1404 2015 illo
1458 1965 1674 2027 tamen,
1707 1960 1862 2031 quod

207 2055 378 2122 faris,
409 2052 549 2125 quia
579 2050 750 2124 pejus
781 2049 924 2117 fore,
957 2048 1006 2104 si
1037 2049 1314 2104 omnibus
1345 2052 1587 2121 pateret,
1618 2049 1859 2116 adverti;

204 2144 485 2201 sufﬁcere
515 2138 755 2206 credidi,
787 2138 837 2194 si
868 2137 1075 2210 quovis
1107 2138 1280 2192 modo
1320 2141 1383 2192 tu
1432 2136 1594 2192 solus
1640 2135 1862 2193 valeres

201 2233 347 2289 inde
378 2229 591 2286 melius
622 2226 947 2283 certiﬁcari.
980 2227 1060 2282 Te
1085 2242 1221 2280 vero
1253 2226 1393 2280 dum
1424 2225 1710 2297 alloquor,
1729 2242 1884 2281 ocu-’

197 2322 398 2378 latum
448 2315 791 2391 quemlibet,
824 2314 1058 2388 qualem
1108 2313 1330 2370 scilicet
1371 2313 1571 2386 regula
1619 2330 1653 2368 a
1693 2313 1862 2369 nobis

197 2417 585 2482 transgressa
615 2406 841 2473 suadet,
870 2403 1108 2476 aspicio,
1143 2403 1244 2473 qui
1301 2403 1504 2473 utique
1553 2420 1663 2458 sua
1709 2403 1864 2458 norit

194 2515 437 2570 curare,
451 2501 508 2554 et
537 2496 729 2552 aliena
756 2494 1000 2550 vulnera
1029 2510 1143 2548 non
1175 2494 1444 2564 detegere
1465 2495 1522 2547 et
1542 2491 1861 2563 publicare.

194 2591 360 2646 Nam
392 2604 497 2643 nec
527 2587 707 2642 debes
737 2583 1023 2650 oblivisci,
1053 2583 1207 2654 quod
1243 2582 1315 2637 de
1347 2580 1611 2652 neglecta
1640 2580 1863 2634 diutius

193 2677 576 2735 confessione
605 2672 876 2746 superius
909 2671 1147 2728 audisti.
1181 2670 1388 2737 Quare,
1424 2669 1642 2740 inquis,
1677 2673 1735 2724 et
1769 2669 1862 2723 cui

197 2765 530 2836 confiteris,
555 2764 602 2820 si
635 2762 874 2818 all'ectas
903 2759 1119 2816 celari?
1151 2764 1287 2826 Deo,
1319 2758 1584 2830 inquam,
1613 2761 1669 2812 et
1694 2756 1861 2813 mihi.

196 2856 321 2913 Deo
378 2853 524 2910 cur?
556 2851 772 2923 inquis.
808 2849 934 2905 Non
965 2851 1033 2904 ut
1081 2846 1322 2913 noverit,
1354 2847 1618 2918 inquam,
1647 2845 1747 2917 qui
1781 2844 1862 2900 nil

195 2945 363 3002 valet
389 2943 677 3015 ignorare,
711 2940 811 2995 sed
843 2942 909 2994 ut
938 2937 1214 3009 dignetur
1236 2936 1548 2991 remittere.
1582 2935 1666 2990 Ita
1702 2933 1862 2990 enim

198 3021 388 3092 audio
417 3036 478 3088 et
507 3027 876 3102 Prophetiam
898 3042 1270 3100 praesumere,
1291 3023 1435 3079 mihi
1458 3028 1520 3078 ut
1547 3022 1860 3094 aliquando

193 3110 403 3181 verius
461 3123 638 3192 atque
685 3117 951 3174 securius
1006 3114 1232 3171 valeam
1292 3113 1530 3169 dicere:
1569 3113 1860 3169 Delictum

1976 1891 2104 1930 esse
2135 1875 2288 1948 quod
2321 1874 2486 1942 dicis,
2511 1875 2652 1929 dum
2686 1874 2881 1946 magis
2909 1875 3110 1947 utique
3142 1876 3402 1942 affectas,
3426 1876 3475 1932 si
3497 1893 3626 1932 suc-

1973 1964 2202 2019 cederet
2257 1967 2474 2028 tamen,
2507 1963 2688 2017 videri
2747 1961 3048 2034 eloquens,
3086 1981 3265 2035 quam
3298 1964 3422 2036 ipse
3461 1965 3619 2036 quod

1972 2053 2116 2108 bene
2129 2051 2386 2123 loqueris
2398 2051 3621 2124 (573),exsequens.Plantareslibentissime

1971 2141 2158 2207 video,
2194 2144 2395 2196 contra
2453 2140 2830 2196 interdictum
2881 2139 3033 2208 licet,
3065 2140 3124 2196 in
3157 2143 3331 2198 domo
3386 2143 3620 2198 Domini

1972 2247 2201 2297 nemus,
2221 2230 2321 2302 qui
2353 2231 2411 2284 in
2436 2227 2883 2285 arbusculorum
2915 2231 3032 2284 situ
3063 2235 3186 2285 tam
3217 2247 3280 2286 es
3297 2231 3619 2286 studiosus.

1973 2319 2164 2386 Mane,
2193 2319 2458 2389 inquam,
2491 2334 2663 2373 mane
2717 2317 2964 2386 videbis,
2997 2318 3133 2389 quis
3173 2318 3306 2385 sim,
3341 2319 3622 2388 spondeo,

1973 2407 2211 2473 clarius,
2246 2422 2353 2461 nec
2381 2409 2576 2461 tamen
2608 2405 2962 2476 reprimetur
2991 2409 3190 2460 tumor
3218 2405 3290 2459 ob
3316 2404 3375 2458 id
3415 2403 3620 2470 semel,

1973 2495 2271 2567 promitto,
2305 2498 2642 2564 conceptus.

2044 2585 2132 2638 34.
2165 2584 2534 2654 Iniquitatem,
2569 2581 2648 2637 ait
2705 2579 3034 2649 Psalmista,
3066 2581 3117 2636 si
3145 2582 3338 2652 aspexi
3373 2581 3433 2636 in
3462 2580 3622 2637 corde

1971 2688 2108 2741 meo,
2141 2688 2251 2726 non
2307 2671 2565 2727 exaudiet
2610 2672 2871 2726 Dominus
2904 2671 3072 2732 (Psal.
3106 2687 3230 2740 va,
3289 2671 3398 2734 18).
3453 2671 3613 2736 Quod

1973 2761 2106 2818 licet
2152 2778 2254 2834 pro
2305 2759 2544 2815 arbitrio
2597 2760 2684 2815 sic
2707 2758 2796 2814 vel
2844 2758 2927 2814 sic
2958 2758 3146 2815 valeat
3175 2758 3441 2831 intelligi,
3475 2758 3618 2814 dicit

1971 2851 2124 2906 enim
2165 2848 2443 2905 Dominus
2473 2865 2486 2904 :
2519 2848 2712 2904 Sinon
2763 2850 3087 2904 remiseritis
3133 2848 3442 2904 hominibus
3485 2862 3610 2919 pec-

1969 2943 2091 2996 cata
2141 2954 2351 3006 eorum,
2381 2953 2482 2993 nec
2521 2939 2687 2993 Pater
2715 2941 2888 2994 vester
2935 2938 3164 2994 caelestis
3191 2940 3426 2994 remittet
3466 2938 3614 2993 vobis

1971 3031 2169 3100 (Marc.
2203 3045 2280 3097 XI,
2315 3028 2426 3088 25).
2455 3027 2522 3082 Et
2559 3026 2736 3082 alibi:
2771 3029 2877 3095 Qui
2922 3029 3120 3083 avertit
3165 3044 3358 3082 aurem
3393 3042 3553 3081 suam
3581 3042 3617 3080 a

1971 3119 2208 3173 clamore
2233 3117 2518 3189 pauperis,
2550 3119 2602 3171 et
2646 3119 2760 3187 ipse
2782 3117 3044 3172 clamabit
3073 3120 3124 3171 et
3153 3133 3264 3172 non
3291 3114 3621 3172 exaudietur

192 3227 401 3271 meum
430 3187 632 3268 eorum
661 3223 748 3262 me
773 3212 856 3262 est
885 3219 1114 3275 semper
1146 3204 1319 3276 (Psal.
1354 3220 1404 3268 L,
1434 3201 1515 3273 5),
1543 3202 1696 3274 quod
1747 3217 1865 3256 non
1895 3187 1938 3254 (ἶ
1975 3207 2158 3276 (Prov.
2190 3187 2305 3272 XXI,
2338 3205 2428 3274 l3)
2463 3223 2476 3260 :
2502 3205 2778 3276 'exemplo
2832 3205 3071 3260 Herodis
3118 3203 3451 3278 hypocrita,
3484 3202 3625 3276 quia

197 3302 400 3358 fuerat
428 3298 655 3370 utique,
674 3295 724 3352 si
755 3312 869 3350 non
902 3292 1242 3366 contigisset
1261 3290 1598 3362 scripsisse:
1620 3289 1867 3344 dictum-

196 3407 315 3464 que
351 3387 614 3462 gaudere
641 3404 654 3441 :
677 3389 889 3440 Beatus
921 3384 1020 3455 qui
1043 3397 1266 3452 semper
1297 3386 1378 3435 est
1406 3378 1649 3447 pavidus
1668 3382 1864 3444 (Prov.

199 3496 411 3546 XXVIII,
447 3476 559 3546 14).
591 3476 700 3530 Et:
735 3477 866 3541 Cor,
924 3471 1074 3544 quod
1124 3470 1353 3526 noverit
1409 3466 1869 3523 amaritudinem

201 3570 425 3624 animm
435 3581 574 3634 suae,
588 3563 647 3620 in
658 3563 876 3634 gaudio
889 3562 1052 3617 illius
1065 3576 1178 3615 non
1202 3557 1539 3613 miscebitur
1554 3560 1871 3612 cxtraneus

201 3659 412 3730 (Prov.
448 3651 814 3720 x1v,lO).Sed
853 3648 1086 3714 melius,
1112 3646 1333 3718 inquis,
1354 3645 1542 3699 fuerat
1572 3644 1632 3697 in
1651 3640 1871 3730 tabulis

201 3729 408 3803 cordis
443 3741 771 3814 scripsisse.
807 3737 1038 3805 Melius,
1057 3736 1320 3807 inquam,
1342 3732 1573 3800 melius,
1604 3729 1794 3787 etillic
1817 3733 1874 3785 et

201 3837 342 3892 istic
358 3850 499 3890 vero
516 3837 654 3906 puto
673 3827 1069 3903 praestantius.
1086 3825 1380 3880 Habemus
1392 3838 1524 3878 vero
1538 3837 1670 3877 cum
1683 3821 1876 3892 Augu-

204 3924 357 3982 stini
384 3937 620 3995 quoque
643 3919 904 3991 exemplo
928 3917 987 3972 in
1011 3911 1575 3971 membranisovium
1591 3909 1875 3966 conﬁten-

203 4019 333 4070 tem
351 4009 726 4085 Apostolum:
742 4010 854 4079 Qui
859 4009 1017 4079 prius
1025 4007 1112 4077 fui
1125 4004 1469 4074 blasphemus
1482 4006 1534 4056 et
1540 4007 1871 4072 persecutor,

207 4108 258 4159 et
289 4102 725 4160 contumeliosus
757 4099 805 4169 (ι
831 4098 963 4152 Tim.
995 4113 1031 4163 ι,
1067 4094 1173 4164 13).
1205 4091 1477 4164 Subrepit
1498 4090 1626 4160 tibi,
1653 4088 1870 4161 inquis,

203 4191 351 4249 hinc
388 4192 496 4246 aut
523 4185 808 4261 superbiae
829 4189 930 4240 aut
958 4182 1151 4238 inanis
1169 4181 1386 4254 gloriae,
1407 4184 1509 4235 aut
1537 4183 1690 4235 certe
1715 4194 1872 4234 vanze

203 4277 554 4338 securitatis
584 4275 830 4334 tentatio
856 4273 1076 4344 aliqua.
1103 4275 1276 4337 Pene,
1308 4270 1573 4340 inquam,
1597 4283 1783 4337 usque
1801 4266 1872 4320 ad

201 4366 689 4443 desperationem
725 4362 1106 4420 mortiferam.
1139 4375 1273 4415 cum
1304 4357 1461 4413 enim
1506 4355 1701 4421 audio,
1738 4353 1878 4425 quia

198 4461 412 4516 Justus
445 4459 509 4513 in
536 4453 869 4526 primardio
897 4459 1204 4508 accusator
1240 4455 1321 4504 est
1350 4446 1440 4500 sui
1469 4444 1668 4504 (Prov.
1708 4455 1874 4509 xvm,

1976 3296 2160 3351 Deum
2193 3295 2324 3349 ﬁcte
2365 3299 2652 3364 quaerunt,
2687 3310 2988 3363 nunquam
3019 3293 3275 3348 invenire
3306 3296 3624 3360 merentur,

1975 3381 2134 3438 Nulli
2165 3399 2298 3437 vero
2352 3398 2504 3451 saepe
2557 3380 2958 3436 continuatius
3016 3379 3362 3450 psalmodiis
3393 3384 3624 3446 vacant,

1979 3470 2242 3526 crebrius
2274 3469 2590 3523 missarum
2623 3467 2911 3523 solemnia
2939 3466 3253 3533 celebrant,
3274 3466 3630 3538 pauperibus

1980 3557 2314 3614 necessaria
2332 3557 2620 3621 tribuunt,
2637 3554 3032 3626 prmdicationi
3047 3554 3303 3624 amplius
3327 3553 3628 3619 insistunt,

1981 3647 2040 3701 in
2064 3645 2278 3718 quibus
2309 3643 2535 3698 cunctis
2564 3641 3000 3697 evidentissime
3023 3641 3204 3696 videri
3234 3640 3380 3697 mihi
3411 3641 3632 3714 experi-

1983 3739 2180 3790 mento
2207 3731 2492 3805 praecipue
2537 3731 2648 3787 mei
2693 3731 2990 3799 confiteor,
3022 3729 3392 3804 iniquitatem
3450 3748 3628 3804 quam

1983 3825 2122 3880 dicit
2151 3823 2364 3895 ipsam,
2398 3839 2574 3894 quam
2596 3821 2652 3876 in
2681 3838 2774 3876 me
2806 3820 3130 3892 considero,
3164 3821 3284 3878 fore
3314 3820 3626 3895 duplicite-

1981 3918 2121 3969 tem.
2150 3911 2389 3968 Duabus
2421 3910 2577 3965 enim
2610 3909 2778 3982 quasi
2811 3908 3030 3982 linguis
3061 3910 3176 3966 duo
3225 3911 3492 3984 quaedam
3535 3927 3628 3967 re-

1982 4004 2093 4059 cito
2109 3999 2666 4068 (574),audientibus
2697 3998 2958 4071 psalmos
2977 3999 3064 4056 vel
3079 3999 3234 4056 aliud
3269 4000 3631 4074 quid,cordis

1981 4089 2293 4163 inspectori
2327 4089 2498 4160 longe
2529 4087 2846 4144 dissimilia
2874 4087 2989 4144 alia
3013 4093 3070 4144 et
3097 4088 3445 4158 innumera;
3477 4089 3632 4146 sicut

1984 4180 2042 4235 in
2075 4181 2188 4236 ista
2219 4182 2406 4244 nocte,
2439 4177 2593 4232 istud
2621 4177 2791 4247 cujus
2822 4181 2909 4233 est
2939 4193 3111 4233 mane
3141 4177 3365 4249 (vigilia
3392 4193 3525 4231 vero
3544 4181 3635 4230 est

1985 4268 2387 4341 apostolorum
2418 4265 2672 4337 Philippi
2695 4270 2752 4321 et
2770 4265 2998 4326 Jacobi)
3016 4281 3149 4320 cum
3169 4264 3427 4335 impulsu
3441 4263 3638 4318 adver-

1987 4357 2127 4412 sarii
2157 4355 2456 4427 vigilarem
2479 4359 2544 4407 ut
2576 4353 3019 4424 smpe,dormire
3046 4369 3180 4407 cum
3198 4351 3404 4406 utilius
3435 4349 3638 4420 utique

1987 4445 2154 4510 foret,
2172 4443 2227 4496 in
2244 4441 2434 4498 cubile
2447 4441 2637 4496 adhuc
2651 4444 2911 4495 tumente
2925 4455 3101 4510 super
3113 4437 3342 4503 re,mihi
3357 4438 3637 4509 quiet575)

205 4551 300 4620 17)
325 4567 343 4618 ;
371 4546 827 4604 submurmurat
844 4541 1057 4597 misero
1089 4536 1234 4594 mihi
1261 4529 1874 4597 miserrimastultitia,
1911 4551 1958 4615 D
1989 4535 2191 4587 contra
2217 4534 2416 4585 votum
2469 4527 2777 4583 acciderat.
2808 4527 3013 4582 Bonito
3068 4542 3323 4596 namque
3366 4529 3504 4582 tuus
3553 4527 3641 4581 la-

194 4616 294 4692 vel
331 4616 704 4692 stultissima
732 4629 989 4696 miseria,
1024 4627 1179 4700 quod
1210 4624 1470 4680 imitator
1512 4621 1570 4674 in
1627 4618 1738 4673 isto
1769 4616 1882 4672 sim

198 4724 421 4782 infelix
443 4721 696 4793 alicujus
714 4722 1037 4792 justorum,
1060 4720 1117 4771 et
1137 4715 1216 4769 ita
1235 4729 1371 4783 erga
1401 4707 1799 4765 miserrimum
1818 4709 1877 4762 et

210 4807 791 4886 perditissimum,si
823 4807 907 4862 ita
935 4802 1115 4870 vadit,
1130 4802 1221 4874 agi
1245 4797 1884 4871 conspicio,utspecta-

203 4902 409 4958 bilius
440 4896 698 4970 conspici
722 4897 779 4950 in
800 4900 955 4950 terra
972 4895 1302 4947 monstrum
1329 4904 1443 4943 non
1462 4885 1635 4941 fuerit
1656 4885 1880 4939 datum.

207 4990 374 5047 Cum
409 4987 567 5044 enim
597 4983 898 5058 superbia,
925 4996 1176 5052 semper,
1211 4979 1268 5033 id
1293 4980 1382 5033 est
1412 4973 1678 5042 ambitio,
1701 4973 1883 5028 ruinae

1992 4635 2150 4685 nam,
2170 4618 2345 4687 jussu
2365 4615 2590 4688 absque
2620 4632 2768 4684 meo,
2789 4615 3162 4687 dispensasse
3193 4614 3492 4686 fratribus,
3511 4615 3640 4670 fue-

1991 4713 2080 4763 rat
2109 4705 2453 4773 nuntiatus;
2480 4720 2730 4776 cumque
2753 4705 2865 4760 ista
2885 4709 2942 4760 et
2968 4703 3082 4759 alia
3111 4702 3523 4777 illegaliterhic
3552 4721 3644 4761 ac-

1992 4797 2185 4853 cidere
2205 4810 2639 4867 exaggerarem,
2659 4798 2716 4849 et
2745 4793 2993 4866 vigilans
3019 4809 3220 4849 eorum
3237 4792 3380 4848 mihi
3395 4793 3639 4866 phanta-

1992 4888 2183 4943 smata
2211 4887 2714 4956 reprasentarem,
2749 4883 2983 4955 perveni
3019 4883 3281 4956 cogitans
3309 4882 3436 4939 loco
3470 4882 3640 4952 (576),

1994 4973 2096 5030 ubi
2125 4973 2374 5028 habetur
2402 4971 2462 5026 in
2493 4988 2581 5038 ea,
2615 4988 2794 5042 quam
2827 4971 3026 5027 miseri
3059 4970 3641 5044 abdicavimus,lege,

2070 5133 2217 5202 (574)
2245 5132 2697 5204 Πθοίὶοίεοίὶίοεῐ
2728 5149 2824 5188 ore
2855 5131 3115 5204 psalmos
3162 5132 3555 5204 audientibus,
3592 5136 3649 5188 et

285 5149 460 5219 (572)
491 5147 780 5204 Construe
812 5159 826 5198 :
861 5141 1008 5201 Mihi
1037 5140 1280 5207 videtur,
1303 5136 1458 5219 quael
1487 5135 1675 5219 illa‘in
1705 5151 1890 5219 mecs-

205 5207 306 5280 set
339 5207 526 5275 ruina
552 5219 740 5292 pejor,
757 5232 932 5289 quam
947 5221 1298 5284 putaveram
1318 5207 1340 5275 ξ
1356 5208 1489 5282 quia
1503 5207 1574 5261 sit
1591 5207 1890 5262 humilitas

203 5292 531 5352 elationis.

283 5349 452 5440 (573)
488 5363 777 5440 Construe
797 5375 811 5415 :
851 5359 1070 5422 Verum,
1103 5353 1311 5440 inquis,
1333 5349 1894 5440 inevitationesolaiz-

198 5421 574 5500 densorum,
605 5432 664 5486 id
696 5435 786 5488 est
807 5421 1102 5506 errorum,
1128 5421 1762 5506 constructimiquuam
1792 5435 1894 5502 νας

200 5493 410 5568 tionis
437 5493 758 5562 dictionum
791 5517 970 5574 quam
986 5500 1278 5574 actionum
1305 5496 1455 5574 valet
1477 5493 1665 5574 videri
1679 5493 1900 5574 ρίτηςῃὶ-

199 5560 524 5640 'cZéi'iis'ié
554 5591 676 5632 esse
709 5560 860 5650 quod
880 5571 1053 5650 (dicis,
1076 5570 1212 5650 clum
1228 5567 1416 5636 magis
1441 5567 1642 5650 utique
1660 5560 1899 5650 affectos

203 5657 296 5730 (si
321 5663 531 5709 tamen
545 5643 895 5730 sugcedcret)
912 5643 1096 5729 videri
1110 5643 1397 5713 eloquens,
1413 5652 1584 5710 quam
1604 5643 1726 5707 ipse
1745 5648 1903 5690 exse-

445 5719 596 5798 qaod
626 5719 768 5808 bene
795 5716 1081 5791 loqueris.

279 5841 288 5847 ·
571 5831 835 5917 Ριτιιοι..
878 5838 1202 5913 CXXXVI.

2294 5819 2496 5826 ’“
3266 5827 3345 5909 Μ

2000 5206 2170 5262 corde
2204 5204 2382 5276 recito
2413 5203 2526 5276 alia
2552 5209 2609 5259 et
2639 5203 2947 5260 innumera
2991 5203 3160 5276 longe
3190 5203 3505 5260 dissimilia
3535 5209 3648 5260 Deo

2001 5275 2320 5348 inspectori
2351 5275 2564 5330 cordis.

2075 5345 2225 5417 (575)
2261 5348 2324 5419 In
2383 5345 2717 5418 apographo
2749 5345 3072 5419 legebatur
3115 5345 3380 5419 mihique.
3437 5351 3655 5419 Sensus

2007 5415 2474 5475 emendationem
2495 5415 2808 5489 suggessit,
2829 5415 2899 5472 'et
2929 5420 3200 5489 construe
3234 5415 3342 5474 εἰη
3373 5418 3549 5474 cubile
3566 5417 3660 5472 ad-

2010 5492 2114 5546 huc
2163 5493 2404 5545 tumente
2459 5488 2634 5559 super
2675 5505 2754 5555 re,
2784 5504 2909 5561 qua:
2964 5488 3239 5545 acciderat
3292 5490 3437 5545 mihi
3478 5497 3664 5545 contra

2018 5566 2220 5619 votum.

2082 5633 2230 5703 (576)
2252 5631 2314 5688 Id
2333 5630 2520 5703 estad
2553 5646 2677 5686 eum
2709 5631 2906 5703 locum,
2927 5631 3025 5687 ubi
3047 5631 3362 5703 habebatur,
3378 5632 3439 5686 in
3454 5646 3518 5703 ea
3547 5629 3666 5696 lege

2010 5701 2237 5784 (regula
2265 5701 2487 5764 scilicet
2507 5702 3031 5778 monastica)quam
3049 5704 3246 5762 miseri
3259 5701 3664 5770 abdicavimus;
