4060 6176
259 304 382 404 ita

1129 335 1602 410 EXCERPTUM
1645 338 1753 407 ex
1791 296 2135 407 anteco
2177 298 2808 410 conmesxomm.

3548 319 3677 406 131‘

259 471 602 548 arrogantiae
626 470 716 531 vel
746 470 1177 549 inquietudinis
1197 478 1471 549 vanitate,
1498 478 1572 536 ob
1600 476 1760 536 aliud
1792 494 1908 534 non
1936 474 1994 544 Α
2019 477 2167 534 oculi
2195 479 2279 535 tui
2306 478 2523 552 (Threu.
2546 495 2630 548 ιιι,
2656 480 2764 549 18).
2798 478 2862 538 Ut
2883 477 3178 536 divisiones
3205 492 3477 551 aquarum
3505 468 3677 535 dediti

258 561 405 621 mihi
425 562 643 622 videris
661 564 889 633 fecisse,
914 565 1027 622 nisi
1054 570 1120 623 ut
1142 566 1303 624 illius
1330 567 1603 625 facinoris
1625 568 1918 642 magnitu-

254 651 391 710 dine
413 669 638 726 posses,
653 653 810 726 quod
831 653 891 711 in
913 658 970 712 te
995 672 1290 726 noveram,
1317 657 1571 732 levigare
1590 662 1909 731 utcunque.

251 740 393 816 Ego,
416 741 681 814 inquam.
707 758 812 816 ego
842 747 909 799 ut
929 744 1024 800 fur
1042 744 1178 802 etin
1204 745 1315 804 hoc
1335 763 1568 820 quoque
1592 747 1913 820 deprehen-

252 848 377 901 sus,
399 831 543 904 quid
567 832 951 905 respondeam
984 834 1179 892 nescio
1218 853 1480 909 prorsus.
1505 836 1722 908 Stupeo
1750 853 1906 905 vero,

248 923 450 977 tamen
486 920 538 977 si
569 920 726 994 quod
744 920 926 995 agere
952 924 1249 997 competit,
1273 924 1419 981 facio
1450 924 1754 993 attonitus,
1778 943 1907 999 per-

250 1009 507 1083 pendere
538 1025 656 1066 non
683 1008 824 1066 satis
850 1011 1190 1084 praevalens,
1216 1029 1322 1069 cur
1347 1013 1459 1070 hoc
1488 1030 1581 1070 me
1613 1014 1799 1071 facere
1816 1013 1906 1071 vel

249 1097 606 1172 permiserit,
623 1096 712 1155 vel
727 1097 974 1156 voluerit
989 1099 1162 1158 Deus.
1178 1101 1253 1159 Ut
1267 1101 1454 1172 video,
1473 1102 1692 1176 inquis,
1712 1107 1907 1160 mente

249 1187 685 1261 excessit,quod
708 1186 769 1243 in
781 1187 909 1259 jam
931 1188 1068 1245 dicti
1087 1189 1277 1263 legisti
1299 1190 1528 1265 dialogo
1554 1194 1627 1248 de
1649 1193 1905 1265 quodam

247 1275 585 1349 Chrysario,
619 1276 795 1332 divite
824 1276 1249 1349 superbissimo
1279 1279 1483 1349 (Gneo.
1505 1281 1720 1350 Dialog.
1753 1281 1793 1336 l.
1825 1297 1906 1347 ιν,

250 1382 303 1421 c.
326 1364 443 1437 38),
466 1365 566 1438 qui
597 1364 737 1421 dum
768 1371 1115 1433 moreretur,
1144 1366 1484 1425 insistentes
1515 1367 1629 1425 sibi
1660 1368 1909 1425 humani

247 1452 479 1527 generis
509 1452 884 1513 adversarios
913 1454 1080 1523 vidit,
1102 1455 1372 1514 inducias
1400 1456 1489 1513 vel
1519 1474 1709 1530 usque
1739 1474 1912 1515 mane

244 1540 534 1612 quaesivit,
559 1558 708 1614 quas
752 1546 952 1599 tamen
995 1544 1244 1602 minime
1292 1546 1536 1618 accepit,
1569 1550 1628 1603 et
1657 1546 1909 1604 circum-

239 1629 541 1686 stantibus
568 1629 777 1699 celare,
810 1632 965 1705 quod
996 1633 1348 1705 patiebatur,
1373 1634 1521 1691 287
1553 1651 1671 1690 non
1701 1634 1905 1692 valuit.

235 1718 327 1776 Ex
357 1735 475 1792 quo
504 1720 769 1792 ejusdem
791 1720 980 1777 sancti
1007 1720 1268 1794 Gregorii
1289 1721 1631 1779 auctoritate
1653 1728 1904 1792 constat,

237 1807 402 1909 quod
434 1824 537 1908 pro
567 1807 758 1913 nobis,
787 1825 902 1864 non
932 1825 1040 1913 pro
1070 1826 1132 1865 se
1163 1808 1306 1913 talia
1332 1809 1530 1910 vivens
1561 1810 1687 1867 sine
1708 1811 1903 1913 fructu
1933 1849 1982 1913 B

237 1896 517 1954 utilitatis
538 1896 749 1953 viderit
772 1914 912 1954 suae.
932 1898 1018 1954 Ita
1037 1914 1175 1971 ergo
1197 1902 1253 1954 et
1274 1899 1345 1955 de
1374 1903 1475 1955 tuo
1498 1898 1611 1955 isto
1644 1899 1904 1956 mirabili

231 1985 400 2044 vales
431 1985 740 2059 aestimare,
771 1991 1014 2044 autumo
1062 1987 1236 2055 facto,
1261 1991 1345 2056 ut,
1369 1987 1418 2044 si
1450 1988 1557 2044 tibi
1588 1988 1735 2045 forte
1784 2006 1902 2045 non

230 2076 504 2150 prodest,
534 2075 812 2150 prodesse
840 2075 1029 2133 valeat
1059 2077 1255 2134 forsan
1283 2076 1546 2146 lecturis,
1571 2078 1716 2134 dum
1748 2077 1808 2133 in
1840 2094 1904 2135 se

228 2180 479 2239 quoque
505 2164 650 2224 talia
677 2164 1136 2238 recognoverint,
1151 2164 1349 2239 qualia
1376 2169 1433 2222 te
1454 2166 1528 2222 de
1548 2170 1604 2224 te
1626 2166 1752 2240 ipso
1773 2184 1907 2223 con.

225 2255 468 2313 fessum
512 2255 663 2312 bono
710 2252 906 2311 animo
936 2254 1122 2311 fuisse
1170 2254 1456 2327 putarint,
1478 2272 1618 2311 cum
1670 2255 1905 2313 dicente

226 2344 588 2418 Scriptum:
641 2344 794 2401 l’enit
850 2345 1079 2411 amicus,
1129 2344 1487 2415 investigabit
1538 2361 1666 2401 eum
1717 2345 1903 2417 (Prov.

226 2451 407 2505 xvm,
441 2434 551 2507 17),
576 2434 647 2490 de
684 2438 741 2490 te
790 2431 1031 2490 meliore
1063 2434 1332 2506 quamvis
1382 2432 1650 2506 loquens,
1682 2451 1801 2490 non
1834 2434 1905 2490 de

229 2523 487 2593 futuris,
510 2522 703 2597 possis
722 2522 1005 2580 veraciter
1022 2522 1191 2591 scire,
1207 2523 1347 2596 quia
1377 2522 1766 2579 ostentatione
1795 2539 1903 2596 po-

228 2614 370 2671 tius
390 2617 450 2670 et
469 2611 785 2686 plausuum
802 2610 1189 2681 affectatione,
1203 2616 1261 2667 et
1280 2611 1543 2684 ingenita
1562 2611 1765 2679 tibi,ut
1773 2612 1903 2683 jam

230 2701 574 2777 sapissime
598 2705 991 2758 monstratum
1014 2703 1122 2769 est,
1137 2700 1396 2772 quadam
1422 2699 1657 2767 mentis,
1678 2703 1742 2755 ut
1761 2699 1901 2769 dixi,

227 2790 657 2866 inquietudine
677 2794 734 2847 et
756 2789 1160 2845 inventionum
1182 2792 1418 2845 tuarum
1440 2787 1903 2861 peculiarissimo

229 2897 449 2941 amore
464 2880 644 2953 (quod
674 2878 1086 2952 arrogantibus
1116 2878 1450 2952 proximum
1475 2878 1739 2934 noscitur
1757 2878 1900 2951 fore)

222 2976 290 3030 te
322 2968 772 3044 deprehendant
795 2966 936 3024 talia
963 2967 1349 3041 congessisse.
1377 2966 1539 3023 Unde
1561 2970 1615 3023 te
1645 2984 1763 3023 non
1794 2967 1900 3023 mi-

225 3060 359 3119 rari
383 3059 668 3116 debueras
690 3056 863 3130 paulo
884 3056 1156 3129 superius
1188 3056 1332 3112 frete
1352 3054 1439 3130 [/.,
1465 3055 1606 3112 freta
1631 3072 1732 3129 pro
1762 3073 1897 3113 con-

227 3148 516 3220 ﬁdenter]
537 3146 918 3219 dicere,quod
940 3144 1110 3202 siccis
1140 3144 1326 3203 oculis
1354 3143 1495 3202 talia
1513 3144 1734 3202 valeres
1764 3162 1895 3218 pro-

2023 572 2111 623 cat
2138 569 2326 624 oculus
2352 584 2507 625 meus
2530 570 2745 639 (Thren.
2769 586 2854 639 ιιι,
2887 569 2997 642 48),
3028 584 3255 642 posses,
3288 572 3355 623 ut
3377 571 3668 640 compete-

2022 660 2130 725 ret,
2162 657 2222 712 in
2251 656 2398 714 hora
2427 657 2637 715 ultima
2666 662 2869 715 contra
2896 656 3237 716 insistentes
3265 656 3473 714 saltem
3504 673 3671 713 accu-

2019 749 2244 803 satores
2289 745 2565 819 proferre,
2609 747 2712 820 qui
2760 746 3278 803 calumniabuntur
3317 745 3665 815 certissime,

2018 834 2249 891 nullum
2278 839 2515 892 tuorum
2553 840 2610 893 te
2663 836 3001 905 criminum,
3033 835 3338 909 scripseris
3388 852 3457 892 ea
3508 835 3664 905 licet,

2017 929 2415 998 competenter
2451 925 2718 994 deﬂesse,
2752 927 3118 995 emendasse,
3165 925 3527 998 paenituisse,
3560 942 3665 982 nec

2012 1011 2373 1071 visceraliter
2400 1031 2663 1087 unquam
2694 1019 2929 1087 optasse
2963 1031 2976 1070 :
3012 1016 3142 1084 Quis
3170 1014 3322 1070 dabit
3351 1016 3521 1086 capiti
3549 1030 3667 1070 meo

2013 1118 2232 1175 aquam,
2264 1111 2316 1159 et
2342 1104 2515 1160 oculis
2543 1105 2683 1159 meis
2708 1108 2916 1176 [antem
2937 1105 3313 1177 lacrymarum
3334 1104 3461 1175 (Jer.
3489 1120 3564 1172 ιχ,
3590 1104 3665 1172 1),

2014 1195 2081 1246 ut
2110 1191 2330 1264 plorem
2362 1192 2766 1249 contritionem
2807 1208 3020 1261 meam,
3044 1193 3264 1249 nedum
3295 1191 3496 1265 populi
3527 1192 3666 1258 mei,

2015 1278 2124 1334 hoc
2152 1283 2260 1347 est,
2284 1281 2476 1354 gregis
2507 1281 2651 1337 mihi
2676 1280 3024 1339 commissi?
3052 1282 3198 1337 Nam
3230 1281 3373 1337 dum
3398 1280 3662 1353 proximo

2018 1371 2321 1424 cantares:
2348 1370 2579 1438 Ululate,
2608 1375 2870 1442 pastores,
2902 1374 2955 1426 et
2984 1372 3234 1438 clamate,
3272 1372 3543 1443 aspergite
3570 1386 3661 1426 vos

2017 1456 2232 1518 cinere;
2258 1460 2315 1511 et
2342 1474 2355 1511 :
2389 1459 2613 1529 Plange,
2648 1460 2805 1529 quasi
2832 1461 3005 1530 virgo,
3034 1459 3185 1531 plebs
3211 1476 3331 1515 mea
3362 1463 3494 1528 (Jer.
3527 1476 3657 1528 xxv,

2017 1544 2086 1600 34
2106 1562 2120 1613 ;
2142 1546 2282 1602 Joel.
2303 1562 2342 1613 ι,
2365 1545 2441 1618 8);
2465 1546 2597 1619 quis
2616 1548 2676 1604 in
2698 1551 2798 1623 tuo
2818 1546 2983 1604 vultu
3005 1548 3225 1621 aliquid
3248 1549 3464 1604 nedum
3482 1550 3664 1605 tristi-

2015 1632 2133 1703 tiae,
2158 1633 2366 1690 saltem
2413 1634 2743 1708 gravitatis;
2778 1636 2914 1709 quis
2952 1637 3011 1691 in
3043 1636 3227 1693 oculis
3264 1636 3575 1711 lacrymas,
3602 1635 3684 1693 ut'

2016 1721 2118 1789 ita,
2146 1721 2301 1778 sicut
2353 1723 2691 1796 scripseras,
2717 1726 2871 1782 288
2924 1725 3238 1782 criminosa
3286 1733 3667 1799 congruerat;

2012 1810 2167 1882 quis,
2204 1811 2469 1883 inquam,
2506 1829 2610 1884 pro
2641 1813 2758 1868 tuis
2789 1812 3000 1869 saltem
3047 1818 3167 1869 tam
3217 1815 3512 1888 gravibus,
3547 1819 3669 1870 tam

2014 1896 2239 1965 multis,
2271 1901 2392 1954 tam
2423 1898 2611 1966 foedis,
2645 1916 2717 1955 ne
2755 1900 2897 1956 dum
2940 1918 3045 1974 pro
3076 1902 3182 1958 tibi
3211 1903 3667 1960 commissorum

2015 1985 2264 2054 delictis,
2288 1987 2347 2043 in
2380 1991 2683 2060 pastorum
2718 1990 2863 2061 (589)
2899 2007 3032 2046 cum
3064 2006 3224 2048 esses
3265 1991 3579 2064 dupliciter
3606 1993 3666 2048 in

2013 2075 2097 2131 tui
2130 2074 2456 2133 miserrime
2486 2077 2893 2150 praejudieium
2915 2080 3666 2155 numero,vel,condignum

2014 2164 2237 2221 audivit
2274 2165 2636 2239 suspirium?
2670 2167 2739 2223 Et
2764 2171 2906 2224 tunc
2936 2168 3197 2241 quidem,
3221 2169 3374 2225 sicut
3403 2169 3666 2242 plurimi,

2012 2269 2117 2325 pro
2147 2254 2469 2311 reverentia
2487 2253 2647 2312 illius
2666 2256 2847 2311 tridui
2869 2257 3017 2329 (590)
3037 2273 3168 2313 eras
3203 2258 3549 2328 abstemius,
3581 2258 3670 2313 si—

2012 2340 2162 2408 lens,
2185 2341 2432 2399 crimina
2460 2346 2562 2400 tua
2594 2344 2952 2412 describens,
2977 2344 3315 2416 paschalem
3336 2346 3505 2417 quasi
3538 2362 3668 2416 azy-

2014 2446 2178 2486 mum
2211 2448 2574 2505 praeparans;
2608 2432 2710 2488 sed
2732 2433 3206 2505 subterfugerant
3231 2432 3576 2505 improvido,
3600 2437 3683 2489 ut'

2011 2523 2235 2576 cretum
2257 2523 2634 2593 est,agrestes
2650 2519 3043 2588 lactucaa,sine
3059 2521 3275 2593 quibus
3288 2512 3374 2577 fas
3397 2538 3513 2600 non
3533 2537 3689 2577 esse’

2013 2607 2300 2665 debueras
2329 2609 2580 2671 credere.
2603 2606 2938 2681 paschalem
2959 2626 3178 2684 agnum
3209 2627 3313 2683 pro
3342 2613 3398 2666 te
3428 2614 3486 2667 et
3512 2609 3688 2666 occir

2012 2713 2147 2753 sum
2177 2697 2499 2754 comedere.
2529 2697 2661 2754 Jam
2711 2703 2849 2755 tunc
2896 2699 3333 2773 praefigurabas,
3366 2700 3571 2768 fateor,
3603 2703 3660 2756 to

2012 2785 2552 2858 quandoque,quod
2575 2792 2771 2843 actum
2803 2799 2911 2856 est,
2934 2787 3139 2861 utique
3168 2788 3685 2862 obliturum,quid-

2009 2873 2081 2929 de
2111 2890 2277 2930 servo
2318 2873 2608 2947 judicaris
2640 2893 2889 2944 reverso,
2910 2877 3037 2948 jam
3070 2876 3256 2950 signis
3304 2878 3660 2951 quibusdam

2008 2962 2304 3031 fatebaris,
2325 2980 2440 3019 non
2462 2966 2635 3021 modo
2665 2983 2781 3022 non
2804 2966 3195 3039 cogitaturum
3217 2970 3274 3022 te
3295 2969 3504 3023 saltem
3532 2971 3665 3040 post

2008 3050 2489 3108 Pascharnedum
2539 3053 2855 3125 dicturum,
2894 3056 3049 3129 quod
3096 3055 3471 3112 exclamative
3517 3039 3662 3112 mihi
3698 3039 3715 3051 ’

2006 3140 2237 3197 dixeras
2264 3158 2277 3197 :
2308 3140 2390 3197 Ne
2422 3157 2750 3215 peccemus,
2774 3143 3017 3217 inquam
3038 3162 3051 3200 :
3072 3145 3212 3218 quid
3245 3144 3501 3217 amplius
3532 3161 3663 3216 pec-

228 3235 572 3305 ferre.Quis
600 3234 757 3293 enim
779 3233 1082 3291 charitatis
1113 3234 1285 3291 ardor
1308 3250 1457 3302 eam,
1473 3250 1601 3306 quas
1631 3233 1692 3290 in
1721 3236 1777 3290 te
1807 3237 1899 3290 est
1929 3220 1973 3288 C
2011 3230 2306 3286 candum?
2328 3230 2751 3304 Superabunde
2776 3239 3084 3305 peccatum
3105 3238 3196 3290 est
3218 3252 3230 3290 :
3254 3233 3424 3308 quasi
3445 3233 3666 3291 delibe-

230 3324 590 3402 frigiditatis
610 3323 857 3399 glaciem
877 3323 936 3381 in
959 3323 1111 3381 rivos
1132 3322 1445 3380 resolveret
1466 3321 1859 3395 lacrymarum
1875 3323 1904 3378 ‘l

231 3420 466 3475 Cereus
496 3429 637 3471 sane
666 3415 823 3470 totus
873 3428 1008 3469 cum
1039 3411 1144 3481 sis,
1176 3428 1292 3468 non
1324 3414 1416 3467 est
1460 3409 1821 3481 mirandum,
1853 3410 1903 3467 si

235 3505 565 3578 aliquoties
594 3498 796 3575 aliqua
819 3501 1051 3559 elicitur
1080 3516 1151 3557 ex
1178 3506 1235 3556 te
1265 3497 1606 3572 lacrymula,
1630 3515 1808 3572 quam
1836 3516 1907 3555 ex

238 3592 637 3654 instabilitate
658 3595 725 3648 ut
742 3590 980 3649 Balaam
1005 3589 1166 3646 illius
1185 3588 1441 3662 [subaudi
1459 3586 1675 3661 potius]
1707 3604 1905 3661 proce-

239 3687 596 3758 dere,quam
617 3699 687 3739 ex
705 3680 925 3738 salubri
945 3678 1417 3752 compunctione,
1435 3676 1579 3733 illud
1602 3676 1909 3750 perspicue

240 3774 559 3849 approbat,
585 3771 740 3845 quod
772 3769 979 3827 elicere
1008 3783 1125 3824 non
1151 3766 1307 3823 vales
1337 3765 1625 3838 lacrymas
1653 3764 1904 3839 aliquas,

241 3861 369 3921 nisi
397 3866 457 3918 te
486 3858 702 3934 aliquis
724 3858 937 3926 videat,
959 3860 1063 3914 aut
1079 3872 1276 3913 coram
1298 3858 1355 3911 te
1376 3853 1702 3928 plorantem
1723 3853 1906 3911 alium

238 3968 483 4019 cernas,
515 3949 671 4023 quod
702 3952 759 4005 et
787 3965 819 4006 e
847 3945 1092 4022 vestigio
1124 3945 1493 4019 subsequens
1524 3944 1909 4002 immoderata

241 4043 548 4100 monstrat
585 4039 670 4095 ita
695 4053 825 4095 esse
868 4050 1126 4110 persaepe
1174 4033 1462 4090 hilaritas.
1496 4034 1678 4099 Quem
1708 4037 1906 4090 tamen

243 4133 465 4191 ﬂetum
485 4128 689 4204 quanti
712 4127 927 4203 pendat
945 4126 1164 4183 arbiter
1181 4124 1451 4182 internus
1469 4123 1699 4181 attende
1719 4140 1732 4180 :
1752 4124 1908 4180 Filiae

240 4221 581 4288 Jerusalem,
603 4216 815 4291 inquit,
835 4216 1004 4274 nolite
1031 4216 1167 4286 ﬂere
1191 4229 1357 4286 super
1381 4229 1488 4281 me,
1509 4212 1602 4268 sed
1629 4229 1792 4285 super
1818 4228 1909 4268 vos

246 4313 608 4386 (Lucania,
636 4309 760 4377 28);
792 4321 971 4378 super
1001 4293 1195 4360 ‘alium
1245 4302 1426 4369 enim,
1457 4317 1574 4357 non
1624 4317 1802 4373 super
1847 4315 1910 4357 se

245 4402 381 4469 ﬁet,
395 4398 498 4472 qui
522 4413 701 4470 super
719 4393 958 4453 alterius
977 4394 1131 4450 bono
1151 4394 1559 4462 compunctus,
1580 4389 1795 4445 imitari
1820 4406 1914 4446 ne-

245 4488 575 4566 gligit,quo
595 4485 722 4560 ipse
742 4500 975 4558 quoque
995 4478 1431 4554 compungitur,
1453 4478 1703 4566 bonum;
1727 4477 1915 4549 perdi-

243 4565 326 4636 ta
350 4577 513 4634 enim
535 4572 861 4648 computari
885 4570 1080 4628 valent
1106 4569 1397 4641 lacrymze,
1418 4582 1547 4639 qua
1578 4565 1714 4621 inde
1744 4566 1913 4633 ﬁunt,
1947 4587 1995 4653 Β

249 4667 425 4726 unde
444 4664 682 4722 animus
704 4659 1081 4736 laorymantis
1101 4675 1219 4716 non
1240 4659 1426 4714 curat.
1447 4654 1621 4712 Deest
1650 4670 1791 4711 sane
1811 4653 1919 4710 tibi

248 4753 636 4815 necessarius
675 4751 777 4826 qui
819 4752 1027 4818 fuerat,
1060 4747 1282 4813 scilicet
1325 4743 1721 4803 amicissimus
1769 4744 1922 4800 inte-

248 4847 394 4905 rius
413 4843 744 4913 clamitans,
766 4857 959 4909 cerno,
983 4854 1191 4896 suasor
1214 4854 1227 4894 :
1252 4835 1431 4892 Deduc
1448 4835 1610 4908 quasi
1628 4838 1923 4891 torrentem

252 4940 549 5008 lacrymas
589 4949 690 5007 per
717 4931 864 4988 diem
902 4937 954 4987 et
978 4932 1209 4994 noctem,
1238 4934 1291 4983 et
1335 4941 1447 4982 non
1489 4928 1665 4980 taceat
1704 4923 1924 4996 pupilla

332 5041 494 5170 $589)
513 5036 898 5122 Apographus
917 5034 1176 5092 habebat
1192 5034 1571 5114 impastorum,
1595 5030 1875 5087 mendose
1907 5045 1921 5084 :

410 5112 723 5170 legendum
742 5127 806 5165 ιη
828 5116 1109 5170 pastorum
1127 5121 1338 5162 sensus
1358 5105 1555 5170 exnglt.
1579 5102 1921 5158 Construen-

254 5133 331 5175 86

410 5102 723 5186 legendum
742 5102 806 5165 in
823 5116 1109 5186 pastorum
1127 5102 1338 5186 sensus
1358 5102 1555 5186 exigit_.
1579 5102 1929 5186 Construen-

256 5172 421 5257 dum
465 5172 765 5257 siquidem
812 5172 902 5237 est
933 5197 947 5236 :
982 5179 1137 5257 Quis,
1168 5172 1548 5257 inquamajiel
1596 5172 1930 5257 condignum

255 5256 492 5317 audivit
529 5245 834 5327 suspirium
856 5266 959 5324 pro
977 5245 1101 5327 tuis
1126 5245 1321 5327 saltem
1347 5246 1559 5302 delictis
1571 5253 1711 5327 tam.
1731 5245 1926 5327 'gravi-

260 5315 404 5397 bus,
434 5335 548 5384 tam
572 5315 785 5392 multis,
821 5315 933 5380 tam
959 5320 1235 5397 [tedis,_ne
1261 5318 1391 5397 dum
1421 5315 1766 5397 pro_del.ictis
1793 5331 1933 5397 com:

256 5386 576 5459 missorum
620 5398 744 5462 tibi,
765 5386 890 5452 cum
936 5386 1246 5447 miserrime
1292 5391 1353 5444 in
1401 5386 1790 5462 praejudicium
1834 5386 1932 5462 tui

449 5456 753 5541 dupliciter
778 5468 837 5541 in
866 5479 1094 5541 numero
1131 5456 1417 5534 pastorum
1441 5477 1462 5514 :
1492 5456 1594 5530 qui
1624 5456 1850 5514 scilicet
1877 5458 1936 5512 et

258 5538 595 5624 ορξξερρίιηε
612 5544 681 5624 .6!
705 5538 889 5619 abbas
917 5539 1075 5624 esse.
1132 5603 1231 5624 ρ,

348 5604 504 5680 (590)
532 5611 817 5668 Triduum
863 5605 1085 5664 indicat
1128 5604 1285 5680 feria

1376 5601 1573 5668 uintzc,
1625 5602 1818 5667 sextai,
1869 5614 1936 5654 ac

2012 3335 2206 3376 rasses
2219 3319 2345 3390 jam
2367 3319 2623 3392 amplius
2645 3337 2761 3379 non
2785 3338 3056 3393 peccare;
3089 3324 3191 3378 sed
3220 3322 3459 3379 Balaam
3480 3338 3668 3379 exem-

2013 3406 2131 3480 plo,
2140 3408 2268 3478 jam
2293 3407 2510 3478 quibus
2540 3408 2923 3464 benedixeras
2943 3409 3280 3478 virtutibus,
3298 3409 3509 3481 incipis
3532 3426 3668 3477 con-

2014 3494 2213 3551 silium
2241 3494 2502 3550 scandali
2535 3495 2892 3564 ministrare,
2904 3497 3032 3567 jam
3065 3498 3271 3551 reverti
3309 3500 3376 3551 ut
3403 3496 3565 3551 canis
3595 3498 3669 3551 ad

2014 3581 2467 3654 vomitum,jam
2508 3582 2569 3638 in
2601 3583 2829 3655 eodem,
2852 3600 2968 3656 quo
3000 3584 3227 3639 dudum
3267 3584 3482 3650 fueras,
3506 3600 3670 3639 cceno

2015 3670 2214 3738 lutari,
2228 3671 2356 3742 jam
2390 3688 2502 3727 non
2547 3672 2943 3745 curare,quod
2974 3671 3299 3729 cavendum
3332 3672 3391 3729 in
3420 3673 3671 3729 ambone

2016 3760 2076 3818 in
2104 3760 2328 3817 Pascha
2357 3760 2578 3828 dixisti,
2610 3777 2682 3817 ne
2712 3760 2936 3819 scilicet
2980 3762 3039 3818 in
3086 3763 3536 3838 quadragesima
3565 3764 3671 3820 do-

2016 3865 2181 3906 mum
2224 3853 2622 3906 constructam
2670 3853 2963 3909 transacto
2995 3852 3269 3909 vecordes
3316 3852 3540 3910 Pascha
3569 3852 3693 3909 der

2016 3943 2398 4005 strueremus,
2416 3943 2519 3996 aut
2564 3939 2830 3998 immisso
2879 3942 3359 4000 comburercmus
3407 3944 3561 4017 igne,
3597 3954 3691 3999 ne'

2016 4029 2325 4104 expulsum
2353 4047 2388 4086 a
2418 4030 2587 4086 nobis
2617 4029 2992 4088 immundum
3025 4048 3129 4105 per
3156 4032 3558 4105 pmnitentiam
3589 4049 3672 4088 re-

2014 4135 2357 4176 vocaremus
2376 4118 2651 4192 spiritum
2670 4124 2907 4192 septeno
2928 4120 3210 4176 nimirum
3229 4121 3471 4195 collegio
3488 4138 3673 4177 rever-

2018 4224 2225 4264 surum
2245 4208 2451 4277 (Matth.
2475 4225 2577 4277 xu,
2600 4208 2711 4281 45).
2734 4209 2866 4265 Jam
2897 4210 3054 4266 enim
3086 4198 3673 4281 repinguaris,videri

2018 4296 2191 4353 detur
2213 4300 2278 4351 ut
2306 4296 2486 4369 optio,
2506 4296 2758 4368 qualiter
2782 4314 3016 4370 quoque
3047 4296 3340 4369 pascaris;
3366 4297 3492 4367 jam
3523 4296 3617 4349 vix
3642 4312 3678 4350 a

2021 4383 2261 4440 lascivia
2291 4384 2586 4450 retineris,
2609 4383 3000 4456 hucillucque
3028 4374 3321 4441 desidiose
3358 4382 3677 4461 discurris;

2023 4472 2124 4544 qui
2155 4471 2393 4537 silebas,
2425 4471 2656 4541 rixaris,
2691 4472 2983 4540 detrahis;
3013 4470 3308 4527 securitati
3340 4469 3677 4526 familiaris-

2027 4560 2189 4617 simas
2220 4575 2454 4632 semper
2483 4559 2615 4625 tibi,
2647 4564 2714 4615 ut
2741 4559 2822 4615 ita
2853 4558 3084 4631 loquar,
3108 4547 3489 4627 reconciliari,
3521 4559 3677 4631 quod

2027 4665 2157 4707 eam
2190 4648 2262 4705 ad
2312 4647 2609 4704 modicum
2658 4647 2986 4720 reliqueris,
3013 4646 3195 4705 solers
3243 4646 3473 4720 incipis,
3508 4651 3567 4703 et
3604 4663 3677 4704 ne

2028 4739 2181 4796 vires
2238 4738 2461 4811 perdat,
2500 4736 2860 4811 turpiloquia
2913 4753 3050 4793 cum
3106 4735 3352 4794 fallaciis
3401 4735 3678 4810 providus

2030 4828 2262 4885 misces.
2276 4827 2383 4883 Cui
2402 4826 2569 4883 racha
2583 4826 2730 4900 (591)
2749 4826 2933 4882 vitare
2956 4827 3324 4896 successerit,
3348 4826 3591 4883 minime
3613 4825 3679 4880 li-
3702 4830 3703 4833 ‘

2031 4922 2121 4974 cet
2152 4920 2415 4974 conatus.
2439 4914 2957 4989 Quadragesimam
2984 4914 3163 4988 (loqui
3210 4914 3460 4972 timuisti
3507 4917 3679 4987 fatue)

2034 5043 2069 5082 a
2098 5024 2371 5081 Ratherio
2402 5022 2663 5095 maxima
2689 5039 2758 5079 ex
2788 5025 2951 5095 parte
2980 5020 3273 5095 descripta
3301 5020 3429 5095 fuit.

2107 5096 2256 5169 (591)
2288 5094 2626 5169 Legebatur
2651 5094 2712 5169 in
2758 5091 3093 5169 apographo
3130 5091 3221 5169 Ybi
3260 5092 3448 5148 racha.
3481 5091 3682 5169 Corre-

2037 5163 2286 5248 ctionem
2310 5163 2553 5248 “cuipro
2588 5167 2679 5248 Ypi
2710 5163 3012 5248 sententiae
3050 5163 3240 5248 magis
3265 5168 3686 5248 congruentem

2038 5255 2154 5296 non
2184 5233 2580 5294 dubitavimus
2618 5236 2890 5293 inserere.
2920 5233 3194 5291 Nonnihil
3226 5233 3410 5291 etiam
3433 5233 3685 5291 difﬁcul-

2038 5309 2177 5368 tatis
2208 5309 2265 5365 in
2293 5307 2878 5380 sequentibushujus
2903 5307 3124 5380 periodi
3150 5307 3437 5380 occurrit:
3466 5322 3593 5378 quze
3625 5308 3690 5359 ut

2039 5397 2279 5438 sensum
2301 5377 2466 5435 valde
2482 5378 2617 5434 licet
2635 5377 2950 5435 obscurum
2972 5379 3238 5446 reddant,
3255 5377 3338 5435 sic
3353 5377 3691 5435 construen-

2040 5454 2117 5510 da
2144 5452 2435 5507 videntur.
2457 5451 2563 5508 Cui
2588 5452 2904 5506 successerit
2928 5452 3105 5507 vitare
3145 5450 3335 5515 racha,
3370 5451 3491 5505 licet
3519 5447 3688 5501 mini-

2040 5541 2128 5580 me
2154 5530 2395 5589 conatus,
2418 5522 2657 5577 timuisti
2684 5523 2834 5593 loqui
2862 5525 3041 5594 fatue;
3062 5522 3182 5593 jam
3213 5522 3497 5594 inveniens
3524 5519 3691 5594 etiam

2039 5596 2225 5651 millia
2253 5594 2640 5660 conviciorum,
2673 5589 2785 5648 non
2814 5589 3014 5650 vereris
3044 5589 3355 5661 transgredi
3385 5589 3689 5661 Quadrage—

258 5660 525 5744 Sahbati
544 5660 1211 5743 h-e-hddmade—a—sanctw,
1244 5660 1462 5749 quibus
1496 5660 1617 5731 haec
1648 5660 1936 5729 confessio
2043 5668 2262 5736 simam,
2284 5679 2461 5737 neque
2480 5665 2678 5722 timens
2707 5666 2961 5725 excedere
2991 5667 3122 5738 ipsis
3148 5660 3315 5723 etiam
3341 5660 3615 5718 manibus.
