4060 6176
452 345 582 422 138

1356 350 1758 426 ’BATHERII
1806 354 2054 423 EPISC.
2097 356 2389 424 VERON.
2433 357 2609 422 OPP.
2651 353 2854 422 PARS
2896 351 2949 421 Ι.
2998 362 3007 367 ’

3700 318 3806 425 ιιι

441 487 572 563 jam
601 485 996 555 conviciorum
1026 494 1213 553 millia
1242 494 1418 553 etiam
1445 494 1749 553 inveniens
1772 491 2104 567 transgredi
2131 493 2187 562 Α
2213 491 2585 566 compertas?
2613 490 2905 560 lnterdici,
2930 490 3086 564 quod
3129 487 3274 548 facis
3311 490 3612 560 temerarie,
3634 480 3804 569 audis,

455 596 571 638 non
598 581 838 648 vereris,
859 582 1006 655 ipsis
1026 585 1200 641 etiam
1224 602 1411 657 neque
1434 585 1708 642 manibus
1736 584 2008 641 excedere
2038 582 2108 638 ti-

454 685 645 729 mens.
666 669 800 726 Jam
832 671 1048 743 quibus
1073 673 1244 745 quasi
1274 674 1555 748 gradibus
1586 674 1795 731 reverti
1824 674 1896 729 ad
1917 671 2111 728 Domi-

456 774 602 826 num
630 757 691 814 in
723 759 877 816 edito
908 762 1166 833 positum
1195 766 1251 819 te
1271 762 1417 819 velle
1443 763 1787 831 simulabas,
1809 766 1964 819 retro
1984 777 2110 833 per-

454 845 575 920 gis;
608 846 826 920 quique
857 866 1097 925 surgere
1126 855 1181 915 te
1210 851 1354 908 velle
1380 851 1528 909 mihi
1558 849 1954 917 mentiebaris,
1978 866 2109 921 per-

455 935 658 1008 spicue
688 935 830 1008 ruis,
862 941 918 994 te
967 940 1038 999 de
1067 945 1189 997 rete
1219 940 1479 1014 pristina;
1529 939 1986 997 conversationis
2015 955 2108 994 as-

456 1039 680 1094 serens,
713 1027 918 1098 quanti
952 1028 1145 1087 adhuc
1173 1047 1301 1087 eam
1333 1030 1570 1096 habeas,
1604 1029 1825 1102 prodis,

527 1114 616 1171 38.
642 1115 753 1181 Sed
793 1116 934 1188 quid
965 1117 1199 1191 magis?
1229 1118 1378 1182 Quid
1409 1117 1507 1174 alii
1540 1118 1611 1175 de
1641 1121 1698 1174 te
1728 1117 2003 1183 sentiant,
2026 1116 2109 1171 vi-

459 1201 679 1276 derint;
711 1203 854 1260 mihi
885 1205 1100 1263 videris
1130 1207 1294 1277 pejor
1320 1206 1578 1280 pessimo
1608 1204 1943 1262 istiusmodi
1974 1222 2111 1261 con-

460 1289 736 1348 fessionis
765 1297 1110 1365 argumento
1158 1294 1421 1361 effectus,
1454 1295 1502 1351 si
1534 1295 1687 1352 desit
1731 1311 1834 1368 per
1877 1293 2113 1350 miseri-

462 1377 724 1445 cordiam
772 1378 873 1437 Dei
929 1382 1262 1452 donandus,
1311 1388 1370 1441 et
1412 1384 1492 1440 ob.
1542 1384 1600 1439 id
1661 1383 1880 1456 absque
1909 1383 2112 1438 ,inter-

461 1467 745 1537 missione
790 1470 864 1527 ab
911 1488 977 1527 eo
1024 1473 1320 1544 quaerendi
1361 1474 1423 1544 [ι.
1457 1473 1829 1545 quaerendus]
1875 1470 2117 1528 interior

461 1560 521 1616 et
549 1558 882 1628 continuus,
916 1576 1091 1632 quem
1135 1562 1241 1618 tibi
1273 1579 1388 1619 non
1439 1579 1568 1619 esse
1613 1566 1671 1619 et
1715 1560 2008 1619 conﬁteris
2042 1564 2116 1629 et

457 1645 648 1717 video,
679 1649 954 1721 gemitus.
987 1651 1047 1708 Si
1078 1653 1235 1708 enim
1262 1653 1562 1711 dormiens
1588 1653 1669 1708 nil
1694 1654 1870 1721 videt,
1895 1657 1987 1709 est
2009 1652 2116 1707 uti~

461 1751 574 1809 que
606 1737 900 1809 naturale;
925 1740 1261 1813 vigilantem
1283 1741 1433 1814 (592)
1453 1759 1586 1798 vero
1620 1745 1684 1797 ut
1712 1745 1943 1799 constat
1961 1742 2114 1798 289

2214 586 2273 640 et
2289 598 2462 656 agere
2491 598 2864 654 nequaquam
2886 580 3179 637 dimittis?
3192 581 3297 637 Sed
3329 580 3554 655 quid?8i
3572 582 3800 654 dimittis,

2215 670 2697 728 deinobedientia
2710 670 3000 742 judicaris
3019 689 3032 739 ;
3059 671 3199 742 quia
3218 669 3366 727 enim
3385 671 3608 736 sortitus
3624 688 3807 745 esquo-

2216 777 2331 834 quo
2361 761 2534 816 modo
2567 759 2989 829 ministerium,
3010 760 3327 816 necessitas
3355 759 3455 817 tibi
3478 760 3733 817 incumbit
3755 760 3808 816 il-

2214 848 2318 906 lud
2339 848 2587 921 explere,
2611 864 2687 904 ne
2706 847 2766 902 in
2780 848 3073 920 judicium
3096 848 3284 921 magis
3310 864 3480 921 quam
3508 847 3565 903 in
3592 848 3811 905 miniata.

2216 937 2370 994 rium
2402 937 2548 993 illud
2577 936 2827 994 videaris
2858 936 3101 993 sortitus
3134 937 3333 994 fuisse.
3361 937 3475 993 Hoc
3500 936 3661 1010 igitur
3683 936 3811 993 bivio

2216 1026 2575 1100 interceptus
2605 1043 2787 1100 quam
2820 1024 3206 1099 desperabilis
3238 1026 3322 1082 sis
3352 1029 3522 1097 atque
3547 1020 3808 1092 dolendus,

2219 1115 2554 1173 consideres
2582 1132 2782 1188 quasso
2814 1113 3124 1173 sollicitus.
3152 1114 3273 1171 Nisi
3296 1130 3428 1171 vero
3458 1117 3518 1169 tu
3544 1112 3682 1169 idem
3706 1129 3814 1168 eon-

2220 1204 2371 1261 ﬁteri
2401 1204 2808 1277 anticipasses,
2830 1220 3062 1260 vererer
3088 1207 3307 1271 tamen,
3330 1219 3402 1260 ne
3428 1200 3653 1265 subdole
3673 1201 3813 1273 quid-

2221 1292 2364 1365 quid
2395 1292 2709 1366 Gregorius
2735 1296 2939 1349 contra
2964 1291 3264 1366 reprobos,
3286 1290 3655 1357 simulatores,
3674 1294 3816 1351 etar-

2220 1384 2493 1454 rogantes
2522 1380 2584 1437 in
2615 1380 2935 1439 Moralibus
2979 1381 3261 1454 loquitur,
3295 1379 3551 1438 absolute
3586 1377 3685 1435 tibi
3704 1393 3816 1433 con-

2219 1470 2415 1528 venire
2462 1470 3259 1544 proferrem.Loquacitatem
3309 1471 3520 1543 quippe
3562 1466 3664 1524 tua:
3706 1481 3818 1522 con-

2223 1559 2490 1616 siderans
2550 1560 2916 1635 arrogantiae,
2971 1559 3102 1615 Elin
3160 1559 3332 1632 quasi
3387 1556 3553 1614 audio
3606 1554 3816 1611 dicere:

2224 1650 2385 1707 2.90
2407 1650 2610 1706 Plenus
2654 1667 2775 1706 sum
2826 1650 3185 1716 sermonibus,
3218 1653 3272 1705 et
3313 1650 3550 1706 coarctat
3584 1660 3661 1701 me
3684 1643 3827 1716 spiris

2224 1746 2310 1795 tus
2330 1739 2476 1794 uteri
2495 1740 2626 1807 mei,
2647 1755 2717 1795 en
2734 1743 2928 1795 ventus
2959 1739 3023 1810 [l.
3044 1736 3265 1812 venter]
3286 1754 3437 1794 meus
3458 1736 3821 1810 quasime

462 1822 681 1897 videre,
712 1824 795 1883 ita
836 1832 893 1884 et
939 1845 1049 1885 sua
1113 1830 1345 1898 referre,
1388 1829 1437 1887 si
1482 1830 1959 1904 interemptorem
2024 1829 2115 1897 sui
2148 1882 2194 1904 ἢ
2222 1826 2421 1900 absque
2460 1829 2757 1900 spiracula,
2785 1828 2927 1900 quod
2972 1828 3301 1900 lagunculas
3347 1841 3510 1885 novas
3551 1821 3818 1892 disrumpit.

460 1882 1045 1987 coram'sepositu‘m
1093 1882 1345 1993 ista:
1382 1882 1975 1985 animiam};
2004 1882 2117 1993 si:
2146 1882 2205 1947 Β
2228 1882 2421 1988 loquar
2466 1882 2520 1973 Si
2568 1882 3577 1990 uisitauitwaam,
3609 1882 3708 1982 ia)
3733 1882 3819 1965 sed

459 2004 560 2071 tur
589 2001 794 2059 animm
826 2007 938 2065 tuae
978 2007 1356 2063 subversores
1388 2012 1522 2064 ante
1551 2013 1607 2065 te
1646 2009 1864 2066 habeas
1895 2008 2125 2082 positos

462 2090 676 2159 cernis,
700 2095 763 2148 et
796 2092 1087 2155 declinare
1133 2094 1437 2153 interitum
1486 2099 1771 2171 gemendo
1802 2098 2032 2166 saltem,
2067 2098 2123 2155 si,

462 2178 748 2253 condigne
779 2181 1110 2254 pcenitendo
1141 2201 1258 2242 non
1285 2185 1464 2253 vales,
1497 2185 1767 2260 negligis,
1791 2192 1849 2245 et
1877 2204 1973 2245 me
2002 2203 2118 2243 non

462 2266 534 2325 de
564 2272 620 2324 te
650 2270 974 2344 [desperare
1022 2273 1327 2347 eompellis
1348 2274 1517 2347 (593).
1542 2276 1691 2341 Quid
1735 2277 1893 2334 enim
1941 2276 2122 2334 miser

458 2360 634 2431 putas
654 2361 931 2431 prodesse
952 2377 1079 2435 quae
1102 2364 1273 2436 (594),
1294 2364 1607 2421 imminent
1625 2367 1897 2439 crevisse,
1918 2367 1967 2424 si
1990 2383 2125 2423 con.

457 2444 648 2520 tingat
694 2465 811 2507 non
861 2452 1163 2511 evasisse?
1196 2452 1436 2526 Repelli,
1461 2454 1732 2515 sacerdos
1764 2472 1898 2512 cum
1931 2456 2034 2525 sis,
2062 2458 2120 2511 te

458 2535 534 2607 ab
564 2537 878 2595 efferendis
914 2541 1026 2597 Deo
1056 2541 1310 2613 panibus
1339 2541 1521 2611 vides,
1548 2546 1607 2599 et
1638 2543 1883 2600 minime
1912 2543 2121 2617 luges?

459 2623 1047 2687 Maledictionibuste
1060 2629 1301 2692 Domini
1330 2630 1531 2703 impeti
1552 2631 1735 2699 vides,
1759 2636 1816 2688 et
1842 2633 2116 2705 ﬂere:non

461 2711 659 2771 vales?
679 2713 870 2773 furem
893 2720 949 2772 te
975 2717 1156 2775 miser
1175 2723 1350 2791 atque
1379 2718 1665 2775 latronem
1687 2720 1900 2777 veritas
1918 2722 2117 2795 appel-

463 2799 566 2869 lat,
580 2805 636 2857 et
656 2818 763 2859 nec
783 2804 977 2865 furata
988 2805 1075 2861 vis
1096 2807 1357 2874 reddere,
1372 2822 1479 2863 nec
1493 2808 1548 2864 vi
1570 2812 1736 2881 rapta
1755 2809 2113 2883 relinquere;

464 2906 572 2946 nec
591 2889 801 2957 saltem
822 2910 939 2949 non
968 2895 1141 2951 modo
1167 2911 1271 2966 pro
1294 2895 1447 2953 furto
1477 2900 1536 2952 et
1563 2896 1888 2968 latrocinio,
1910 2916 2113 2956 verum

464 2995 572 3052 pro
601 2979 732 3054 ipsa
761 2997 878 3038 non
918 2983 1266 3043 emendandi
1313 2984 1530 3043 duritia
1574 2985 1863 3060 lacrymas
1892 2988 1977 3045 vel
2009 2989 2114 3044 ali-

464 3068 842 3141 quasanimo
880 3074 1288 3133 consternatus
1327 3072 1602 3146 suspiriis
1630 3075 1914 3132 miscere?
1942 3076 2115 3133 Veste

464 3156 713 3230 nuptiali
742 3163 799 3216 te
817 3160 1013 3216 carnis
1031 3176 1255 3230 carere;
1287 3166 1347 3218 et
1373 3161 1432 3216 in
1456 3162 1678 3235 nuptiis
1699 3163 1911 3221 Christi
1934 3169 1992 3222 et
2014 3166 2115 3222 Ec-

2227 2004 2481 2061 multum
2513 2007 2694 2062 vereri
2743 2011 2864 2065 tam
2895 2011 2959 2063 tu
3007 2007 3317 2072 debueras,
3339 2019 3514 2078 quam
3558 1998 3825 2072 complices

2226 2093 2287 2149 i-n
2319 2094 2419 2166 huj
2429 2095 2663 2152 usmodi
2681 2095 2788 2164 tui,
2812 2095 2915 2168 qui
2934 2097 3075 2151 dum
3103 2093 3368 2151 mmulari
3387 2092 3704 2165 eloquentes
3719 2101 3823 2143 con-

2225 2183 2467 2241 tenditis
2485 2183 2850 2259 vaniloquos,
2874 2183 3404 2258 imitamini-magis
3424 2176 3825 2256 philosophoset

2227 2272 2544 2345 sequimini
2572 2274 3005 2348 philopompos,
3029 2273 3216 2331 notari
3245 2272 3310 2329 in
3340 2288 3455 2328 uno
3484 2286 3593 2326 non
3617 2283 3707 2323 vos
3722 2280 3822 2338 per-

2227 2362 2568 2433 pendentes,
2589 2380 2724 2419 cum
2755 2364 2871 2425 dici
2901 2362 3121 2421 auditis
3152 2379 3166 2417 :
3200 2362 3417 2419 Stultus
3454 2362 3618 2417 totum
3653 2352 3825 2429 profert

2226 2466 2446 2507 sensum
2473 2469 2637 2508 suum
2666 2452 2849 2526 (Prov.
2881 2469 3035 2520 xxxx,
3061 2451 3173 2523 11),
3195 2456 3255 2507 et
3284 2454 3355 2507 ut.
3377 2447 3681 2521 adjiciam:

2225 2541 2355 2597 urbs
2371 2548 2561 2614 patens
2588 2549 2641 2598 et
2665 2543 2869 2614 absque
2895 2557 3183 2597 murorum
3209 2540 3505 2604 obstaculo,
3534 2538 3609 2593 sic
3633 2533 3716 2605 qui
3738 2543 3825 2619 non

2220 2634 2399 2703 potest
2418 2632 2477 2687 in
2509 2631 2773 2703 loquendo
2799 2631 3047 2688 cohibere
3072 2631 3339 2704 spiritum
3364 2644 3523 2686 suum
3540 2627 3702 2716 (Prov.
3720 2634 3824 2716 fit.

2223 2721 2338 2788 28).
2361 2719 2434 2776 Ut
2461 2718 2579 2776 dixi
2608 2737 2765 2788 vero,
2783 2720 2967 2777 vereri
3001 2720 3314 2789 debueras,
3338 2734 3412 2774 ne
3440 2730 3569 2773 cum
3597 2710 3702 2780 illo,
3719 2708 3826 2763 imi-

2224 2808 2335 2864 tari
2368 2825 2544 2881 quem
2593 2810 2833 2883 satagis,
2856 2810 2929 2865 de
2957 2812 3025 2866 te
3043 2808 3157 2865 dici
3197 2808 3467 2876 audires;
3491 2797 3726 2876 [subaudi
3751 2796 3827 2861 ἀθ-

2222 2896 2457 2969 bueras]
2489 2898 2922 2966 timereetiam,
2945 2915 3019 2955 ne
3055 2902 3114 2955 et
3153 2896 3302 2954 illud
3334 2897 3408 2953 de
3434 2891 3831 2957 turbineneqll6

2222 3003 2327 3058 per
2354 2985 2588 3059 aliquod
2610 2987 2786 3044 etiam
2813 2987 3169 3053 sacriﬁcium
3190 2980 3632 3044 reconciliandis
3649 2974 3832 3050 [subau-

2221 3075 2281 3130 di
2306 3076 2597 3149 audires]:
2625 3077 2755 3146 Quis
2785 3081 2865 3134 est
2895 3077 3172 3141 involvens
3210 3063 3832 3142 sententiassemwnibﬁ

2224 3166 2535 3237 imperitis?
2564 3166 2681 3238 (Job
2709 3184 2946 3236 xxxvm,
2985 3166 3287 3239 2.).Quam
3334 3181 3469 3222 vero
3516 3159 3659 3217 infra
3698 3168 3832 3211 eum-

463 3246 674 3318 clesiaa,
697 3247 943 3320 pedibus
988 3252 1047 3306 et
1087 3250 1363 3313 manibus
1393 3249 1591 3325 ligatis
1621 3269 1692 3308 ne
1720 3253 1780 3309 in
1812 3254 2111 3313 caminum
2141 3246 2185 3315 C
2223 3254 2379 3321 dem,
2413 3271 2588 3327 quem
2643 3254 2926 3328 sequeris,
2973 3255 3179 3329 utique
3234 3255 3342 3326 sis,
3389 3242 3831 3324 comprehendere

462 3334 617 3408 ignis
635 3335 957 3397 mittendus
989 3338 1240 3412 turpiter
1256 3339 1585 3397 extrudaris
1607 3358 1723 3398 non
1743 3359 1967 3412 verens,
1991 3346 2118 3403 sine

459 3423 734 3497 lacrymis
754 3426 936 3483 audes
955 3426 1167 3485 saltem
1189 3429 1530 3487 recumbere
1545 3429 1573 3486 τί
1592 3431 1918 3489 Anathema
1948 3435 2120 3492 audis

460 3513 783 3587 recipienti,
806 3519 864 3572 et
886 3516 1022 3574 ﬂere
1042 3515 1409 3590 impossibile
1447 3522 1536 3575 est
1573 3519 1722 3577 tibi?
1752 3523 1995 3580 Pecunia
2024 3531 2121 3580 tua

462 3606 637 3665 tecum
665 3604 755 3661 .‘sit
801 3605 863 3661 in
902 3606 1270 3677 perditionem
1317 3607 1601 3680 (Act.vm,
1627 3610 1741 3682 20),
1785 3610 2118 3684 apostolum

463 3692 634 3749 audis
650 3692 899 3763 (Petrum
925 3695 1149 3757 Simoni
1175 3712 1347 3770 mago
1370 3695 1683 3767 dicentem,
1707 3703 1764 3755 et
1784 3705 1849 3756 ut
1870 3705 1976 3759 ate
1995 3719 2123 3775 per-

464 3779 609 3836 ditio
636 3785 952 3850 avertatur,
975 3800 1092 3841 non
1130 3784 1396 3856 postulas
1433 3802 1666 3859 precem
1687 3787 1766 3859 [id
1794 3797 1871 3846 est
1900 3793 2122 3864 orem]?

461 3866 752 3925 Ananiam
792 3873 850 3925 et
897 3871 1207 3943 Saphiram
1256 3889 1361 3945 pro
1407 3874 1713 3948 sacrilegio
1745 3894 1780 3932 a
1808 3882 1862 3935 te
1888 3896 2121 3954 quoque

464 3955 781 4025 commisso
806 3959 1099 4032 conspicis
1122 3960 1405 4033 expirare,
1421 3968 1480 4019 et
1496 3963 1603 4019 tibi
1625 3964 1762 4022 ﬂere
1783 3966 2120 4028 nullatenus

464 4049 553 4103 est
583 4045 901 4118 possibile?
930 4047 1086 4111 Giezi
1124 4049 1416 4122 conspicis
1461 4050 1712 4123 lepram;
1741 4059 1801 4111 et
1827 4054 2119 4129 leprosam

466 4133 701 4195 ﬂetibus
731 4151 851 4193 non
882 4135 1075 4197 deluis
1104 4136 1403 4195 animam?
1430 4139 1737 4213 Templum
1765 4143 1866 4200 Dei
1890 4144 1948 4200 in
1978 4150 2034 4202 te
2062 4151 2123 4204 et

460 4222 522 4281 in
544 4221 941 4295 aliisviolasti,
960 4224 1316 4287 oblationem
1336 4227 1526 4284 Patris
1548 4229 1634 4285 tui
1659 4231 1904 4289 Domino
1926 4236 2121 4293 abstu-

458 4311 611 4385 listi;
643 4317 702 4370 et
744 4312 805 4371 in
851 4315 1025 4371 domo
1060 4315 1330 4372 Ecclesiae
1378 4317 1477 4373 Dei
1522 4317 1874 4377 fiducialiter
1915 4340 2115 4398 agens,

459 4402 629 4475 altari
647 4404 779 4476 ejus
802 4403 929 4462 sine
949 4404 1225 4478 lacrymis
1246 4405 1570 4463 oblationes
1592 4408 1850 4467 fidelium
1876 4429 2118 4472 securus

461 4492 760 4566 imponis?
796 4494 1146 4557 Deessetibi
1190 4495 1482 4569 conspicis
1527 4496 1787 4556 lactucas
1832 4508 2132 4576 agrestes,

458 4585 517 4638 et
536 4598 758 4655 agnum
774 4582 876 4641 Dei
897 4584 1203 4645 comedere
1220 4584 1439 4642 audes?
1458 4603 1720 4659 azymam
1738 4605 1854 4645 non
1875 4590 2111 4664 habere,

458 4671 867 4739 etdePascha
896 4673 1288 4745 praasumere?
1316 4674 1690 4733 Fermentum
1733 4678 1793 4734 in
1830 4681 1886 4735 te
1928 4682 2112 4740 sentis

458 4756 782 4823 malitiast
811 4760 1113 4830 nequitias;
1136 4765 1194 4818 et
1222 4761 1445 4833 epulari
1476 4762 1536 4819 in
1567 4764 1812 4822 Domino
1842 4770 2024 4827 audes
2054 4776 2112 4829 te

456 4849 643 4903 satam
691 4847 779 4919 [[2,
801 4846 1032 4920 saltem]
1056 4849 1147 4905 vel
1166 4849 1444 4906 credere?
1472 4850 1696 4910 Habere
1716 4856 2025 4915 adversum
2055 4864 2113 4918 te

456 4932 678 5003 multos
708 4934 897 4993 multa
932 4952 1050 4993 non
1082 4937 1338 5011 ignoras,
1369 4942 1426 4994 et
1457 4956 1701 4997 munera
1747 4947 1881 5001 ante
1926 4946 2109 5007 altare

523 5040 673 5119 (592)
703 5042 988 5109 construe
1016 5062 1029 5100 :
1069 5045 1263 5119 Verum
1289 5049 1352 5101 ut
1379 5050 1588 5119 constat
1614 5049 1935 5119 vigilantem
1962 5057 2107 5113 vide-

452 5127 534 5180 re,
567 5114 647 5170 ita
668 5122 723 5191 et
747 5120 961 5172 constat
988 5117 1196 5187 referre
1222 5133 1346 5184 sua,
1377 5118 1428 5191 si
1453 5114 1690 5191 negligi?
1711 5121 1987 5182 declinare
2016 5130 2106 5184 in-

451 5190 829 5259 teremptorem
854 5191 944 5243 sui
968 5204 1153 5244 coram
1181 5205 1239 5243 se
1265 5189 1523 5259 positum.

543 5256 675 5399 593;
707 5258 772 5313 Id
801 5263 891 5314 est
917 5260 1192 5331 compellit
1219 5256 1383 5315 etme
1409 5276 1518 5315 non
1553 5261 1840 5334 desperare
1866 5268 1933 5323 de
1961 5277 2028 5326 te.

543 5328 646 5383 594
701 5329 765 5393 In
797 5345 908 5387 ms.
960 5333 1093 5399 quia
1138 5336 1423 5399 corrupta:
1471 5348 1576 5399 pro
1622 5350 1766 5399 tmte.
1817 5339 2028 5399 Exnlic:

542 5328 669 5411 594)
701 5329 930 5411 In_ms._
960 5328 1117 5411 quia
1138 5336 1423 5403 corrupta:
1471 5348 1576 5404 pro
1622 5328 1766 5405 (iam.
1803 5339 2053 5411 Explica
2086 5361 2099 5400 :

448 5400 681 5525 crevifse
737 5400 792 5455 id
848 5406 939 5457 est
968 5400 1220 5458 'vidisse
1278 5400 1331 5458 οἶ
1364 5400 1545 5472 cerno,
1604 5400 1722 5478 qua:
1788 5400 2097 5484 imminent,

449 5487 518 5525 si.
552 5486 583 5525 e
614 5487 664 5525 c.

449 5487 518 5536 si,
552 5486 664 5527 etc.

522 5541 666 5614 (595)
692 5542 796 5614 Hic
819 5542 982 5600 locus
1011 5543 1245 5602 luxatus
1266 5543 1452 5612 valde,
1480 5551 1537 5601 et
1564 5547 1706 5605 forte
1726 5550 1901 5608 etiam
1935 5572 2099 5612 men-

448 5613 841 5710 domandum1
856 5615 1185 5710 Ecclesium.
1202 5616 1394 5710 inquit
1421 5635 1458 5698 ρ,
1485 5618 1760 5710 Eutherio
1778 5626 2098 5710 lampliﬁca.

448 5688 582 5763 tam”
616 5689 689 5763 et
716 5690 918 5763 postea
964 5687 1223 5763 factiosis
1273 5687 1615 5763 hominibus
1664 5687 2097 5763 postulantibus

446 5754 625 5830 regia’
653 5754 994 5817 auctoritate
1041 5760 1320 5831 dirutam,
1353 5776 1495 5817 num
1528 5762 1599 5819 de
1628 5754 1763 5823 vera
1811 5754 2096 5830 materiali

2229 3342 2409 3412 vales,
2437 3360 2572 3410 cum
2602 3347 2659 3400 te
2696 3343 3015 3418 prophetia:
3041 3344 3322 3418 spiritum
3352 3343 3583 3405 habere,
3612 3330 3831 3418 utilluln

2226 3432 2530 3503 habuisse,
2561 3417 2898 3490 nullatenus
2944 3417 3125 3501 vides,
3156 3432 3216 3489 Si
3254 3448 3396 3489 vero
3424 3421 3741 3501 hujusmodi
3778 3417 3835 3472 de

2228 3521 2512 3595 propheta
2547 3522 2613 3577 ﬁt
2652 3520 3049 3595 exprobratio;
3082 3522 3153 3578 de
3182 3519 3570 3608 compulsi/0P?
3611 3515 3665 3571 et
3702 3521 3839 3608 531?“:

2229 3594 2468 3684 Phabta,
2490 3609 2613 3683 qui,
2636 3614 2702 3668 ut
2730 3594 3015 3683 scriptum
3044 3613 3154 3679 est,
3178 3612 3242 3665 in
3259 3594 3687 3666 similitudinem
3700 3594 3836 3683 arioli

2229 3683 2280 3757 et
2307 3701 2626 3772 conjectoris
2659 3701 2899 3758 aestimat
2938 3699 3079 3772 quod
3124 3700 3354 3770 ignorat
3400 3698 3582 3768 (Prov.
3606 3683 3837 3771 11011.7):

2230 3788 2530 3862 ςυοάρἱἰ
2558 3788 2713 3846 valet
2739 3788 3057 3845 vanissimo
3098 3792 3175 3857 et,
3209 3788 3376 3861 quod
3423 3785 3609 3859 pejus,
3639 3772 3838 3836 menda-

2229 3876 2467 3934 cissimo
2482 3878 2510 3933 ?

2298 3968 2387 4022 39.
2412 3967 2485 4023 Ut
2511 3983 2645 4024 vero
2676 3967 2981 4040 agnoveris
3010 3983 3188 4045 quam
3225 3965 3476 4024 vilescat
3522 3952 3841 4033 sapientibus

2226 4055 2455 4112 vanitas
2481 4056 2596 4113 ista
2624 4056 2746 4113 haec
2765 4061 2888 4125 tua,
2910 4056 3217 4113 considera
3245 4072 3389 4112 cum
3417 4046 3842 4125 illisparitBN'B‘

2228 4145 2537 4217 probatum
2568 4145 2726 4215 Saul,
2758 4145 3136 4219 prophetasse
3178 4144 3497 4218 Caipham;
3541 4137 3706 4197 redde
3741 4143 3849 4187 tne--

2228 4232 2427 4289 moriae
2460 4233 2706 4295 rationis
2732 4234 2913 4292 verba
2950 4234 3178 4299 asinam
3216 4250 3286 4290 ex
3316 4232 3544 4290 visione
3571 4219 3843 4319 angeli}?

2227 4322 2471 4394 cepisse,
2516 4323 2822 4391 daemonia,
2856 4324 3085 4393 Scimus,
3128 4324 3251 4395 quis
3293 4324 3393 4392 sis,
3441 4309 3841 4381 Christusﬁlius

2224 4412 2323 4469 Dei
2352 4413 2502 4484 (Luc.
2528 4429 2603 4481 ιν,
2629 4413 2741 4486 34),
2766 4412 3003 4481 dixisse,
3026 4416 3083 4469 et
3129 4410 3357 4469 nullius
3390 4411 3465 4468 ob
3496 4408 3605 4465 hoc
3646 4406 3698 4459 te
3737 4410 3839 4454 m0-

2225 4501 2429 4570 menti,
2462 4502 2511 4558 si
2557 4500 2858 4574 loquacior
2904 4502 2987 4559 sis
3035 4501 3454 4571 cseteris,ess_e,
3477 4493 3686 4571 poteris
3726 4501 3842 4545 οο⁰⁴

2140 4591 2454 4682 Dii-acturo.
2488 4590 2819 4682 Virenim,
2857 4593 2958 4682 qui
3010 4594 3246 4682 ﬂuxum
3277 4589 3513 4655 seminis

2222 4680 2411 4752 (Leuit.
2446 4698 2541 4750 xv,
2568 4680 2648 4754 2),
2677 4680 2993 4738 imtnundus
3021 4681 3193 4752 juxta
3231 4677 3447 4753 legem,
3481 4691 3597 4766 nor}
3632 4680 3842 4766 ροΠξΡίξ

2219 4785 2367 4826 cuus
2394 4769 2484 4842 (ut
2507 4752 2690 4826 videri
2735 4768 2951 4843 inhias)
2983 4771 3118 4834 erit;
3146 4752 3315 4826 sicut,
3349 4772 3410 4825 et
3456 4766 3543 4823 de
3575 4752 3854 4843 laboribth

2218 4839 2665 4931 inquietissimzs
2681 4839 3112 4931 inquietudinis
3126 4857 3493 4932 tum,quibus
3503 4853 3688 4943 arguto
3697 4839 3838 4943 collo.

2218 4946 2555 5020 superciliis
2606 4946 2843 5005 elevatis
2878 4948 3030 5023 (595)
3073 4946 3511 5022 ampliﬁcatam.
3549 4935 3838 5013 Ecclesium

2216 5053 2460 5131 ecclesia
2488 5053 2907 5131 intelligendus
2928 5055 3026 5124 sit,
3064 5053 3467 5131 v9he_menter_

2215 5104 3050 5198 ἧεῌῐιῖἓιᾶἶιῌᾞῗᾶιῖεῖδῖῖέὲὲι
3080 5104 3436 5183 etiam;
3452 5104 3748 5198 heminam
3774 5104 3838 5198 ag

2211 5187 2416 5253 versus
2446 5187 2784 5253 Ratherium
2832 5199 2975 5255 adeo
3005 5199 3332 5262 desavisse,
3358 5187 3749 5263 uttemplum-

2212 5249 2298 5348 es;
2316 5249 3155 5348 sspiaaajgdgsaagsaa
3162 5249 3537 5348 satisan;
3549 5279 3563 5329 ;
3576 5249 3837 5348 ἐξειξιιὲῗ

2212 5336 2880 5417 minus—verisimile‘est,
2904 5341 3186 5417 Ottonem_
3196 5354 3395 5417 regem
3416 5336 3835 5417 in‘taptltmnﬂf:

2209 5394 2516 5491 erilefgium.
2545 5394 2971 5491 suassuas
2982 5394 3703 5491 ἔξῇιςῖιῖιίίὲἒ,ριςειθεείιίειιξιςςζ
3711 5394 3853 5491 3135‘

2208 5461 2408 5562 itaqiife
2444 5483 2751 5562 allegorice
2779 5461 3171 5562 gerisimiljus
3196 5461 3563 5562 accipienda
3603 5461 3859 5562 θρξῑλξὲξθ

2209 5532 2750 5629 ὡὲἓῐίὶαᾞὲιῗῐῖὗᾶ
2779 5532 3432 5619 aestatemagis;
3443 5532 3513 5605 in
3534 5532 3661 5625 qua
3681 5532 3838 5596 adiﬁ-

2209 5628 2393 5684 canda
2421 5642 2520 5682 seu
2571 5626 2986 5684 ampliﬁcanda
3015 5629 3158 5684 dum
3190 5625 3502 5684 laboraret;
3532 5622 3592 5674 et
3614 5616 3832 5684 iteres

2207 5642 2393 5684 cauda
2421 5642 2520 5682 seu
2571 5642 2986 5698 ampliﬁcanda
3015 5642 3158 5684 dum
3191 5642 3502 5689 laboraret;
3532 5642 3592 5674 ei
3614 5642 3715 5693 ,ης
3752 5642 3832 5665 ιν*

2206 5698 2354 5755 bene
2368 5698 2630 5767 cederet,
2655 5703 2867 5758 utnon
2887 5699 3101 5773 exigua
3124 5693 3461 5773 ipsigloriw
3470 5690 3619 5765 Ροθιλ
3628 5682 3837 5760 (ἥξω
