4034 6172
437 249 585 377 ἰειθ

1394 305 1773 376 RATHERII
1810 306 2037 373 EPISC
2078 306 2370 374 VERON.
2413 307 2590 372 OPP.
2634 306 2838 372 PARS
2882 303 2933 371 Ῑ.
2992 316 2997 323 ’

3699 315 3811 384 μα

454 447 635 506 tatem
666 442 888 516 repetat
918 442 1277 501 familiarum
1306 444 1518 502 Christi
1546 443 1841 518 precibus,
1880 442 2106 515 impos-
2133 442 2190 514 Α
2215 457 2376 514 gero,
2407 443 2466 498 in
2496 442 2716 500 talibus
2746 441 3083 516 graviteret
3097 437 3399 501 erubescas
3418 443 3607 505 notari.
3627 447 3804 508 Sicano

453 531 627 588 sibile
659 533 815 605 quod
846 532 993 589 mihi
1020 534 1271 604 videtur,
1304 535 1375 590 ab
1392 551 1479 603 eo,
1512 531 1769 590 cuinihil
1792 532 2109 605 estimpos-

455 617 649 690 sibile,
683 621 775 678 sui
800 623 1009 678 merito
1040 622 1246 680 saltem
1267 622 1355 679 vel
1369 623 1623 679 clamore
1642 622 1794 694 (meo
1820 623 1993 693 atque
2009 624 2109 675 tuo

456 705 760 779 impetrari
791 709 932 782 quia
960 727 1077 766 non
1101 710 1273 781 valet)
1305 706 1584 766 obtineat.
1618 709 1781 765 Puna
1805 725 1947 765 sane
1974 725 2110 764 con-

457 794 640 853 fessio
673 797 812 871 quia
839 798 1047 855 liberat
1076 817 1110 855 a
1140 803 1344 866 morte,
1378 799 1619 871 antique
1667 798 1911 865 dictum,
1945 798 2110 867 dum,

463 887 532 940 ut
559 902 675 941 non
708 887 931 954 dubito,
965 887 1337 961 amplecteris
1366 893 1423 944 et
1452 893 1507 944 te
1530 887 1736 945 fecisse
1748 888 1889 959 quia
1918 890 2115 959 gratu-

463 971 623 1030 leris.
659 975 765 1044 Qui
791 977 1074 1034 maledicit
1097 979 1249 1050 patri
1275 979 1358 1033 vel
1386 979 1572 1044 matri,
1626 984 1800 1034 morte
1842 976 2117 1032 moriatur

468 1064 661 1133 (Exod.-
693 1082 809 1134 xx1,
846 1066 955 1138 17),
988 1083 1128 1139 rogo
1158 1068 1381 1123 dictum
1432 1067 1789 1134 memineris;
1842 1070 1900 1121 et
1926 1069 1984 1120 te
2014 1081 2115 1137 pa-

467 1156 621 1209 trem
648 1157 819 1210 tuum
849 1154 974 1210 heri
1000 1156 1279 1228 fellonem,
1313 1157 1467 1227 quod
1498 1155 1632 1228 plus
1684 1154 1888 1228 utique
1937 1169 2116 1226 quam

465 1243 621 1313 fatue
643 1246 733 1299 est
762 1247 1011 1300 matrem
1042 1247 1205 1300 tuam
1230 1252 1426 1317 putam
1453 1244 1791 1316 (598),quod
1823 1244 1989 1300 racha
2013 1242 2119 1298 im-

467 1330 722 1388 maniter
750 1334 1367 1407 superat,.frequenter
1397 1335 1469 1389 ad
1516 1332 1762 1389 aliorum
1811 1330 2117 1388 cumulum

467 1419 784 1477 criminum
809 1439 1042 1495 quoque
1073 1426 1128 1480 te
1157 1422 1378 1481 recolas
1416 1422 1720 1491 vocitasse;
1769 1422 1954 1477 Adam
1983 1437 2117 1477 vero

467 1512 526 1565 et
552 1510 731 1567 Evam
759 1511 907 1581 dico,
940 1516 1008 1569 ut
1037 1513 1185 1568 ratio
1215 1513 1418 1585 utique
1448 1529 1576 1570 reor
1603 1528 1721 1567 non
1743 1511 2005 1577 dedocet,
2055 1509 2116 1565 in

466 1596 783 1667 ccelestem,
813 1617 994 1672 quam
1006 1605 1241 1673 peccato
1261 1601 1653 1675 perdiderant,
1684 1600 1980 1673 ereptione
1988 1601 2116 1671 jam

461 1692 866 1760 recuperatam
880 1689 1095 1746 Christi
1107 1691 1457 1747 constitutos
1470 1692 1535 1762 [Γ.
1547 1733 1561 1752 .
1575 1689 1887 1761 emptione.
1902 1731 1937 1744 ..
1954 1688 2117 1744 resti-

462 1776 669 1848 tutos],
701 1777 935 1851 Deoque
963 1779 1367 1836 reconciliatos
1395 1779 1527 1853 (etsi
1554 1778 1637 1834 ibi
1656 1777 1971 1851 nequeant)
2010 1793 2116 1849 pa-

463 1862 662 1921 triam.
695 1870 916 1923 Versus
945 1869 1017 1923 de
1033 1868 1435 1940 puriﬁcatione
1465 1870 1678 1924 sanctas
1697 1867 1798 1923 Dei
1818 1866 2118 1939 genitricis

462 1953 660 2011 Mariis
691 1955 886 2012 nescio
916 1972 951 2012 a
980 1973 1094 2028 quo
1122 1957 1588 2014 luculentissime
1600 1956 1951 2029 compositos
1966 1972 2119 2011 com-

462 2041 845 2120 inendatione
863 2044 1100 2118 tui,regi
1113 2046 1346 2103 cuidam
1359 2045 1701 2102 adolescens
1712 2045 1866 2118 quod
1881 2061 1983 2117 pro
2001 2043 2119 2100 tuis

466 2130 724 2204 indeque
753 2135 812 2188 et
831 2132 1089 2205 perditos
1105 2133 1419 2191 obtuleris:
1451 2134 1511 2190 in
1525 2133 1741 2207 quibus
1761 2132 2118 2206 perpendere

466 2219 1074 2280 vales298resedisse
1087 2222 1426 2298 multa,quae
1438 2228 1642 2280 contra
1651 2223 1735 2279 tui
1749 2221 2113 2296 propositum

468 2311 794 2368 accusatori
824 2312 896 2368 de
926 2313 1235 2385 praeteritis
1276 2313 1494 2370 habeas
1542 2312 1850 2381 derelicta;
1900 2328 2036 2368 eum
2062 2311 2114 2368 ei

465 2400 611 2457 satis
636 2402 905 2459 futurum
936 2419 1064 2460 esse
1094 2404 1431 2477 promittere
1450 2402 1696 2473 valeam,
1725 2401 1775 2458 si
1796 2400 1898 2458 illa
1920 2401 2116 2458 obser-

461 2494 557 2546 vet
586 2507 715 2563 qua:
745 2491 1019 2566 deinceps
1041 2493 1237 2561 facies,
1257 2493 1306 2549 si
1323 2492 1457 2550 talis
1478 2492 1652 2549 modo
1680 2495 1746 2548 ut
1765 2508 1828 2548 es
1859 2491 2028 2564 (599),
2049 2494 2115 2546 ut

459 2579 791 2641 timendum
819 2581 986 2638 valde
1006 2582 1330 2651 considero,
1349 2599 1502 2655 quon
1519 2583 1722 2638 abesse
1743 2585 1939 2637 tamen
1958 2580 2111 2636 Deus

461 2671 760 2737 concedat,
792 2671 1094 2742 perdures,
1127 2688 1263 2727 cum
1293 2687 1399 2727 nec
1430 2670 1637 2727 saltem
1668 2669 1728 2724 in
1758 2674 1815 2725 te
1853 2669 2109 2741 comple-

458 2761 609 2825 tum,
632 2758 788 2831 quod
819 2760 1041 2817 cantari
1063 2760 1395 2832 frequenter
1418 2758 1971 2826 audisti,confessus
1983 2757 2108 2814 fue-

460 2844 565 2914 ris,
598 2846 708 2902 hoc
737 2850 854 2903 est:
885 2849 1037 2917 Ignis
1064 2865 1351 2904 succensus
1379 2857 1459 2904 est
1488 2850 1549 2903 in
1565 2850 1756 2919 furore
1773 2863 1910 2916 meo,
1935 2855 1987 2903 et
2014 2864 2106 2903 ar-

457 2934 605 2991 debit
631 2951 801 3007 usque
844 2936 915 2991 ad
943 2938 1153 3008 inferni
1207 2939 1504 2993 novissima
1552 2938 1733 3000 (Deut.
1765 2953 1941 3004 xxxu,
1990 2936 2105 3007 22),

460 3026 569 3085 etc.
604 3025 664 3079 In
699 3041 814 3081 uno
846 3041 1080 3099 quoque
1130 3031 1187 3082 te
1229 3026 1567 3082 immaniter
1610 3024 1732 3081 falli
1779 3024 2103 3093 considero,

458 3112 600 3186 quia
627 3113 855 3171 dicente
883 3114 1164 3172 veraciter
1215 3115 1463 3172 Domino
1494 3131 1596 3187 per
1641 3113 1970 3187 Sapientiae,
2002 3114 2104 3185 qui

2217 531 2442 599 tuderis,
2477 531 2690 605 inquit,
2707 532 2941 587 stultum
2968 532 3028 587 in
3050 533 3193 604 pila,
3207 535 3363 603 quasi
3374 536 3603 605 ptisana:
3612 540 3814 609 ferinae

2218 620 2446 692 desuper
2470 622 2608 692 pilo,
2634 637 2742 677 non
2775 623 3061 693 auferetur
3090 621 3158 677 ab
3187 637 3248 677 eo
3267 622 3492 679 stultitia
3518 627 3624 698 ejus
3651 634 3810 698 (Prov.

2219 725 2394 779 xxvn,
2425 713 2554 784 22):
2590 710 2639 765 si
2670 713 2992 782 contraque
3024 713 3079 765 te
3110 710 3314 782 tuique
3349 713 3658 771 consimiles
3699 733 3818 773 con-

2224 802 2560 871 querentem
2588 814 2659 854 ne
2688 797 3077 855 transeursim
3108 798 3289 872 legas,
3318 815 3533 871 moneo,
3567 803 3725 859 etiam
3751 805 3821 863 ita

2223 887 2598 960 prophetam:
2632 888 2907 944 Attrivisti
2943 904 3052 953 eos,
3100 895 3154 943 et
3171 897 3467 945 renuerunt
3501 893 3721 963 accipere
3750 894 3821 949 di-

2222 977 2522 1048 sciplinam
2550 979 2682 1045 (Jer,
2715 994 2769 1044 ν,
2801 977 2877 1049 3);
2910 977 3184 1032 eumdem
3213 992 3442 1049 quoque
3458 976 3825 1051 inspiratorem

2224 1069 2283 1122 et
2313 1065 2627 1122 Dominum
2658 1065 3078 1139 prophetarum
3104 1083 3117 1121 :
3149 1067 3402 1138 Interfeci
3421 1070 3471 1123 et
3505 1068 3706 1139 perdidi
3740 1087 3829 1143 po-

2220 1156 2420 1226 pulum
2446 1157 2631 1224 islum,
2674 1163 2727 1211 et
2773 1164 2957 1212 tamen
2986 1172 3019 1211 a
3050 1156 3155 1211 viis
3202 1157 3317 1211 suis
3345 1171 3451 1213 non
3493 1162 3616 1212 sunt
3658 1174 3833 1215 reversi

2227 1244 2361 1317 (Jer.
2388 1262 2481 1313 xv,
2516 1243 2586 1316 7).
2625 1246 2787 1301 Versa
2815 1251 2893 1300 est
2920 1245 3066 1300 mihi
3094 1244 3283 1301 domus
3311 1245 3480 1302 Israel
3508 1247 3571 1302 in
3602 1248 3833 1303 scoriam:

2226 1348 2409 1390 omnes
2438 1335 2535 1389 isti
2561 1348 2660 1401 aes,
2693 1342 2745 1391 et
2793 1338 3089 1400 stannum,
3132 1335 3347 1406 ferrum
3388 1337 3439 1390 et
3482 1335 3749 1407 plumbum
3786 1338 3838 1391 in

2225 1422 2402 1479 medio
2456 1425 2701 1496 fornacis
2752 1422 2966 1487 (Ezech.
3027 1440 3169 1492 χχιι,
3227 1423 3358 1495 48);
3415 1422 3605 1480 nullus
3652 1424 3841 1481 scilicet

2226 1510 2481 1585 [subaudi
2509 1514 2620 1585 est]
2652 1516 2963 1585 argentum
2994 1515 3054 1568 et
3083 1529 3298 1568 aurum
3313 1529 3416 1586 per
3435 1513 3622 1587 ignem
3635 1512 3844 1569 tribula-

2224 1600 2422 1669 tionis,
2456 1605 2521 1657 ut
2547 1605 2604 1656 te
2635 1605 2833 1674 putas,
2865 1607 3203 1674 purgatum.
3223 1601 3594 1675 Rursumque
3608 1606 3843 1660 contrate

2225 1694 2282 1746 et
2312 1691 2382 1746 de
2411 1694 2467 1747 te
2498 1689 2945 1763 Speeialissimo.
2978 1690 3143 1747 Multo
3173 1691 3360 1747 labore
3404 1690 3655 1747 sudatum
3690 1694 3781 1757 est,
3804 1707 3848 1762 eg

2224 1795 2336 1836 non
2364 1781 2536 1836 exivit
2562 1779 2627 1835 de
2657 1795 2722 1835 ea
2748 1780 2944 1852 rubigo
2975 1783 3097 1852 ejus
3138 1795 3317 1852 neque
3360 1796 3464 1852 per
3513 1782 3689 1850 ignem
3730 1780 3843 1852 (Jer.

2226 1885 2375 1938 xxw,
2413 1871 2522 1938 12).
2553 1868 2852 1941 Itemque:
2889 1870 3115 1925 Frustra
3149 1871 3407 1939 conﬂavit
3450 1870 3716 1941 conﬂator,
3743 1885 3845 1925 ma-

2228 1958 2364 2014 litiae
2391 1975 2581 2016 eorum
2607 1958 2740 2021 (tuae
2773 1957 2975 2030 utique
3005 1957 3209 2031 tuique
3239 1957 3556 2033 sodalium)
3601 1974 3708 2015 non
3738 1960 3846 2014 sunt

2225 2055 2561 2120 consumptae
2590 2050 2720 2117 (Jer.
2752 2064 2831 2115 νι,
2862 2047 2978 2111 29).
3022 2090 3025 2093 .

2220 2176 2241 2185 υ
2296 2137 2386 2193 41.
2419 2136 2543 2193 Nisi
2589 2151 2722 2193 vero
2770 2140 2829 2192 te
2860 2134 3047 2192 Flacci
3106 2134 3204 2192 illo
3252 2135 3526 2209 superius
3581 2135 3847 2192 confutas-

2226 2242 2322 2283 ses
2352 2227 2506 2283 294
2534 2223 2782 2283 dicentis
2818 2222 3125 2294 versiculo,
3179 2240 3364 2297 quam
3410 2223 3702 2282 vilesceret
3737 2223 3848 2297 ipsa

2223 2318 2325 2370 tua
2354 2333 2390 2371 a
2417 2313 2671 2388 peccatis
2697 2330 2813 2370 non
2844 2331 2879 2368 a
2907 2329 3069 2370 more
3095 2312 3415 2383 virtutum,
3446 2313 3548 2370 sed
3561 2312 3844 2387 supplicio«

2223 2420 2355 2460 rum
2388 2406 2549 2460 metu
2603 2402 2675 2475 [si
2701 2419 2821 2475 qua
2847 2406 3044 2458 tamen
3075 2406 3183 2471 est,
3240 2401 3559 2460 dicendum
3605 2402 3708 2473 est]
3734 2417 3847 2459 con-

2220 2491 2438 2549 versio?
2469 2492 2580 2548 Sed
2612 2490 2753 2563 quia
2776 2494 2832 2547 te
2862 2489 3244 2547 exterioribus
3275 2491 3571 2564 conspicio
3610 2489 3848 2547 etiamin

2220 2579 2769 2638 istatuacriminum
2782 2584 3020 2636 tuorum
3037 2579 3438 2653 descriptione
3454 2580 3597 2637 adeo
3614 2579 3847 2637 deditum

2220 2671 2514 2739 sensibus,
2550 2674 2615 2726 ut
2644 2670 2800 2742 quod
2832 2669 2948 2726 scis
2980 2669 3217 2742 optime,
3252 2669 3378 2726 nisi
3398 2686 3534 2725 cum
3555 2669 3850 2743 videas,ree

2219 2759 2507 2829 corderis;
2542 2758 2827 2832 Spiritum
2857 2764 2913 2815 te
2942 2775 3058 2815 non
3088 2758 3303 2815 habere
3349 2759 3601 2826 Domini,
3645 2773 3847 2823 moneo,

2218 2847 2610 2920 conspexeris,
2645 2849 2693 2903 si
2727 2847 2993 2904 libertate
3019 2847 3297 2904 carueris.
3345 2850 3446 2906 Ubi
3473 2850 3617 2906 enim
3640 2848 3850 2920 Spiritus

2216 2938 2455 3005 Domini,
2489 2938 2571 2993 ibi
2599 2937 2823 2994 libertas
2853 2938 2930 3008 (II
2957 2937 3079 2994 Cor.
3112 2954 3192 3006 III,
3227 2938 3347 3003 17).
3379 2939 3620 2994 Servum
3657 2938 3847 3010 ergote

2215 3041 2471 3098 nequam
2502 3042 2618 3082 non
2650 3026 2860 3097 ﬁlium,
2890 3026 3217 3083 inimicum.
3250 3043 3377 3084 non
3391 3026 3643 3084 amicum
3661 3040 3849 3100 cogno—

2211 3116 2383 3183 veris,
2417 3115 2468 3171 si
2494 3114 2800 3187 suppliciis
2831 3116 2904 3171 ad
2936 3115 3227 3188 quinlibet
3257 3117 3562 3190 agendum
3589 3115 3675 3172 vel
3694 3112 3851 3171 declio.

459 3202 663 3275 utique
686 3204 919 3278 estipse
936 3205 1170 3261 mentiri
1181 3204 1436 3273 nescius,
1460 3204 1707 3260 librum:
1733 3203 1900 3272 Quem
1918 3203 2107 3275 diligit
2134 3181 2190 3253 C‘
2212 3205 2477 3260 nandum
2509 3202 2897 3276 compelleris.
2916 3205 3063 3262 Nam
3085 3206 3133 3262 si
3166 3181 3411 3278 peaan
3430 3222 3548 3262 non
3560 3208 3847 3272 metueres,

448 3296 619 3358 Deus,
652 3295 877 3366 corripit
906 3294 1089 3367 (Prov.
1122 3311 1210 3361 ιιι,
1241 3294 1365 3363 12);
1398 3298 1454 3349 te
1485 3292 1602 3349 illic
1633 3309 1736 3365 pro
1767 3292 2101 3348 innumera-

447 3379 668 3439 bilibus
695 3381 757 3439 in
782 3382 893 3439 hoc
917 3381 1128 3439 saeculo
1157 3385 1261 3438 tua
1280 3381 1424 3438 reris
1455 3381 1600 3455 (600)
1614 3380 1787 3454 culpa
1805 3382 2100 3455 perpessis

447 3471 618 3545 (falso
645 3488 717 3529 ne
739 3474 937 3529 tamen
962 3472 1158 3529 videas
1189 3472 1416 3544 moneo)
1448 3488 1578 3528 esse
1627 3471 2007 3544 descriptum,
2040 3474 2098 3527 et

443 3565 501 3617 te
532 3560 702 3635 quasi
733 3560 989 3618 vindicta
1015 3560 1240 3635 perlata
1270 3561 1466 3618 reddis
1508 3577 1802 3628 securum,
1860 3577 1974 3616 non
2005 3578 2093 3617 re-

441 3651 638 3709 colens
668 3654 922 3723 quatuor
952 3666 1080 3707 esse
1108 3666 1321 3721 genera
1363 3648 1832 3723 percussionum,
1882 3665 2010 3722 quae
2042 3649 2091 3706 si

440 3757 558 3800 non
589 3739 935 3808 recordaris,
969 3740 1041 3795 ad
1074 3738 1439 3812 Gregorium,
1473 3737 1899 3807 dico,redieris;
1934 3737 2090 3795 solos

440 3832 662 3899 autem,
696 3831 763 3883 ut
793 3827 864 3883 de
905 3827 1250 3899 compendio
1280 3826 1491 3900 loquar
1536 3824 1697 3883 illius
1739 3830 1982 3896 asserto,
2015 3827 2088 3883 ab

439 3915 674 3974 aeternis
698 3914 1043 3987 temporalia
1084 3914 1315 3988 ﬂagella
1361 3914 1632 3983 liberant,
1694 3931 1841 3987 quos
1870 3913 2087 3970 immu-

436 4009 587 4065 tant.
618 4004 767 4061 Nam
793 4003 929 4059 licet
958 4004 1031 4059 ab
1060 4003 1217 4060 exitu
1244 4003 1329 4059 sis
1342 4003 1591 4070 viarum,
1622 4003 1680 4058 id
1711 4006 1818 4071 est,
1847 4006 2086 4060 tuorum

439 4093 766 4153 defectibus
798 4097 1040 4150 vocatus
1089 4091 1461 4148 moliminum
1488 4116 1503 4158 ;
1535 4095 1731 4148 tamen
1773 4091 1912 4164 quia
1958 4090 2086 4148 sine

436 4187 597 4243 veste
626 4199 689 4240 es
719 4180 986 4255 nuptiali,
1019 4197 1113 4251 ne,
1143 4182 1345 4249 Amice,
1394 4180 1655 4255 quomodo
1711 4182 1817 4236 huc
1847 4183 2087 4238 introisti

438 4272 668 4346 (Matth.
699 4289 842 4343 xxxx,
873 4273 980 4342 12),
1003 4270 1375 4339 tibidicatur,
1400 4287 1517 4326 non
1538 4270 1685 4326 nihil
1708 4272 2080 4343 potesvereri.

398 4410 401 4419 π
435 4362 562 4421 Tibi
587 4377 724 4419 vero
752 4361 848 4418 hic
890 4361 1155 4433 subjecta
1184 4376 1254 4416 ne
1284 4377 1399 4416 non
1432 4359 1892 4428 disconvenient,
1938 4361 2081 4417 dum

433 4452 506 4509 ab
530 4451 841 4526 iniquitate
870 4467 1059 4524 neque
1088 4448 1318 4523 ﬂagella
1342 4466 1343 4471 ‘
1369 4452 1770 4523 compescunt,
1816 4448 2077 4519 solerter,

2212 3297 2280 3348 ut
2305 3293 2391 3350 tui
2422 3296 2645 3350 asserto
2677 3293 2866 3366 ipsius
2896 3294 3125 3366 agnovi,
3158 3294 3371 3366 pejora
3395 3294 3572 3352 etiam
3586 3308 3752 3367 quam
3780 3291 3847 3347 fa-

2211 3382 2333 3439 cias
2364 3384 2749 3456 perpetrares.
2783 3383 2942 3439 Bona
2970 3399 3102 3440 vero
3132 3384 3243 3440 etsi
3276 3401 3404 3442 non
3436 3384 3497 3441 in
3542 3382 3765 3452 divinis,
3792 3380 3845 3436 in

2208 3471 2385 3528 Tullii
2416 3471 2624 3529 saltem
2655 3475 2713 3526 et
2740 3475 3080 3528 creterorum
3113 3470 3468 3544 bujusmodi
3490 3470 3785 3530 sententiis
3798 3472 3848 3527 et

2205 3559 2492 3630 ejusdem,
2522 3575 2699 3632 quem
2730 3559 2953 3617 noviter
2963 3558 3282 3632 protulisti,
3297 3579 3411 3634 pro
3423 3558 3750 3633 semetipsis
3769 3556 3849 3615 div

2203 3648 2419 3706 dicisse
2447 3652 2720 3722 potueras
2750 3648 3067 3722 diligenda.
3086 3653 3145 3705 et
3160 3666 3277 3706 non
3304 3651 3503 3723 pcenis
3526 3648 3846 3723 cogentibus

2200 3738 2593 3810 exsequenda.
2625 3737 2909 3806 Erubesce,
2940 3738 3127 3795 Sidon.
3175 3740 3259 3795 ait
3288 3756 3447 3808 vero,
3501 3734 3840 3800 memineris,

2198 3842 2351 3883 mare
2381 3827 2530 3891 (Is-ai.
2562 3844 2722 3895 xxm,
2755 3828 2832 3892 4).
2865 3826 3099 3883 Certum
3129 3830 3221 3883 est
3262 3844 3429 3897 vero,
3479 3827 3619 3902 quia
3666 3839 3845 3884 coram

2199 3913 2316 3971 Deo
2365 3915 2700 3973 innocentia
2754 3915 3045 3971 amittitur
3100 3917 3389 3990 corporis,
3439 3917 3502 3973 in
3533 3918 3702 3989 cujus
3726 3929 3846 3971 con-

2197 4007 2401 4075 spectu
2432 4004 2691 4060 motibns
2718 4003 3081 4077 delinquitur
3109 4005 3328 4063 cordis.
3382 4008 3597 4074 Manus,
3648 4000 3845 4077 inquit,

2196 4094 2259 4148 in
2285 4109 2476 4159 manu,
2509 4092 2559 4149 si
2590 4092 2738 4148 nihil
2760 4094 2988 4166 agenda
3007 4095 3361 4167 [f.,agendo]
3372 4095 3558 4153 etiam
3578 4088 3844 4153 subaudis

2196 4184 2482 4249 teneatur,
2509 4196 2621 4236 non
2648 4183 2754 4238 erit
2777 4183 3036 4239 innocens
3063 4182 3245 4240 malus
3273 4184 3466 4249 (Prov.
3497 4201 3579 4251 x1,
3600 4182 3715 4255 21).
3744 4180 3843 4238 Re-

2195 4273 2419 4344 pugnat
2446 4268 2621 4327 etiam
2652 4270 2768 4327 Deo
2800 4288 2903 4344 pro
2934 4288 3123 4344 posse,
3156 4271 3458 4344 quivellet
3479 4267 3843 4331 tormentaab

2193 4375 2260 4415 eo
2291 4362 2485 4415 creata
2512 4374 2628 4415 non
2662 4359 2863 4428 fuisse,
2888 4364 2954 4415 ut
2974 4357 3086 4417 sibi
3104 4357 3575 4434 liceretimpune
3599 4371 3844 4434 peccare.

2193 4445 2254 4503 ln
2286 4464 2353 4504 eo
2384 4464 2525 4504 sane
2554 4448 2711 4520 quod
2742 4452 2800 4504 te
2830 4448 2967 4504 flere
2996 4452 3237 4521 peccata
3260 4452 3373 4507 tua
3405 4467 3526 4508 non
3577 4464 3764 4523 posse,
3794 4448 3846 4500 et

431 4557 591 4615 rogo,
625 4540 860 4597 attende
908 4539 1212 4613 prmmisso
1262 4540 1440 4612 quod,
1502 4538 1915 4611 procacitatem
1965 4538 2081 4597 nisi
2109 4536 2360 4625 Q’dietis
2389 4535 2509 4593 tuis
2537 4540 2597 4593 et
2624 4535 2846 4593 intuitu
2878 4552 3007 4593 meo
3033 4536 3285 4625 percepi;
3321 4555 3445 4594 non
3498 4535 3844 4612 perpendere

429 4627 908 4703 praecipitationis
963 4628 1176 4702 linguae
1238 4628 1495 4702 corrigas
1546 4633 1679 4697 tuae,
1749 4645 1898 4684 vana
1952 4632 2073 4698 tua,
2156 4624 2245 4681 te
2276 4625 2419 4683 satis
2448 4626 2699 4693 intueor,
2729 4642 2910 4698 quare
2943 4624 3246 4698 prohibita:
3268 4626 3401 4704 sint
3434 4627 3614 4700 (601),
3655 4630 3720 4681 ut
3761 4639 3845 4678 ra-

427 4717 661 4774 etiamsi
690 4721 845 4773 esset
874 4716 1090 4789 aliqua,
1122 4718 1237 4774 ista
1263 4716 1747 4774 estconfessionis
1759 4716 1962 4791 religio
1992 4722 2074 4774 at-

427 4807 679 4862 testante
707 4803 971 4876 apostolo
1001 4805 1217 4862 Jacobo
1249 4808 1383 4870 (Jac.
1415 4823 1454 4872 ι,
1503 4805 1613 4879 26).
1669 4805 1830 4870 Quod
1873 4808 2070 4861 autem

423 4909 642 4949 vanum
671 4895 783 4960 est,
813 4892 1302 4951 remunerationis
1330 4895 1586 4967 pondere
1616 4898 1829 4964 careat,
1867 4911 2069 4951 conse-

424 4997 614 5054 quens
643 4980 860 5054 pariter
887 4984 995 5038 est.
1029 4981 1102 5038 Ut
1129 4982 1269 5052 dixi,
1302 4986 1573 5039 caeterum
1602 4981 1801 5039 videas
1832 4986 1888 5038 te
1936 4997 2071 5056 sug-

491 5204 643 5277 (598)
670 5204 796 5278 Vox
836 5213 1049 5278 putum,
1092 5221 1243 5278 quas,
1273 5221 1473 5278 vocem
1530 5207 1696 5261 racha
1746 5206 2067 5278 immaniter

415 5276 657 5349 superat,
689 5276 750 5349 in
778 5276 999 5349 malum
1017 5276 1473 5349 etconviciosum
1495 5293 1735 5333 sensum
1758 5276 2061 5349 accipitur,

414 5347 491 5403 ac'
511 5347 883 5421 meretricem
896 5347 1219 5421 signiﬁcat,
1245 5365 1374 5421 quis
1408 5365 1564 5421 nunc
1594 5365 1829 5421 quoque
1868 5348 2061 5421 Italice

407 5427 548 5492 puta
574 5422 832 5492 vocatur.
866 5419 1010 5492 Hinc
1031 5424 1198 5492 vetus
1245 5419 1423 5492 hujus
1454 5419 1664 5475 Italica)
1712 5419 1867 5475 vocis
1898 5420 2059 5492 origo

410 5489 805 5563 notandaest,
838 5490 989 5563 sicut
1011 5490 1186 5563 etiam
1214 5489 1454 5545 alterius
1481 5492 1757 5563 fellonem,
1800 5507 1927 5562 quae
1952 5489 2058 5546 La-

412 5561 534 5617 tine
562 5560 849 5633 perfidum
880 5561 1194 5633 signiﬁcat.

486 5632 632 5704 (599)
665 5632 726 5688 Id
757 5639 864 5703 est,
896 5632 1104 5690 sitalis
1132 5632 1410 5704 perdures,
1442 5642 1500 5689 ut
1530 5633 1683 5689 modo
1711 5650 1784 5697 es,
1818 5637 1927 5689 etc.

487 5704 635 5776 (600)
660 5706 972 5764 Construe:
1005 5705 1159 5761 Reris
1206 5704 1415 5776 (moneo
1471 5709 1651 5761 tamen
1684 5721 1753 5762 ne
1804 5705 1944 5776 falso
1978 5706 2056 5763 vi-

2182 4714 2499 4772 tiocinatur
2526 4714 2828 4788 propheta,
2864 4713 3034 4771 stillae
3065 4718 3167 4772 ate
3183 4713 3593 4788 lacrymarum
3618 4715 3842 4783 (lenm,

2180 4804 2236 4867 3)
2262 4804 2484 4876 utique,
2507 4804 2636 4875 jam
2672 4820 2802 4860 sero
2834 4802 3055 4860 scilicet
3078 4802 3290 4860 saltem
3323 4810 3577 4878 peccata
3606 4820 3733 4878 quae
3763 4799 3846 4857 di-

2178 4891 2408 4949 luerent
2435 4897 2555 4961 tua,
2587 4908 2906 4965 semenque
2920 4891 3079 4950 verbi
3098 4892 3160 4949 in
3190 4897 3246 4950 te
3265 4893 3537 4951 facerent
3559 4893 3841 4967 (ipsaque:

2177 4981 2286 5038 tibi
2318 4980 2511 5039 inesse
2529 4981 2761 5039 videtur
2788 4981 3058 5040 ariditate
3088 4981 3416 5055 compluta,
3442 4987 3630 5055 atque
3660 4979 3851 5038 made-.

2173 5203 2323 5278 deas)
2353 5212 2405 5278 te
2434 5205 2553 5278 illic
2579 5205 2915 5278 descriptum
2940 5221 3053 5263 esse
3066 5222 3168 5278 pro
3180 5206 3699 5264 innumerabilibus
3719 5220 3840 5277 per-

2167 5277 2339 5349 pessis
2353 5276 2439 5349 gin?
2459 5275 2557 5333 hoc
2609 5275 2805 5334 saeculo
2820 5278 2992 5349 culpa
3021 5275 3139 5334 tua.

2173 5348 2179 5349 “
2245 5348 2393 5419 (601)
2425 5348 2640 5404 Textus
2660 5348 2966 5474 fropbetae
3021 5348 3289 5405 Jeremize
3338 5364 3431 5417 ιιι,
3489 5349 3548 5414 3,
3580 5348 3678 5405 hic
3725 5348 3837 5402 est:

2173 5419 2531 5497 Quamobrem
2555 5436 2655 5491 pro
2699 5419 2843 5497 ibitae
2861 5420 3575 5497 suntstillwpluviarum,
3624 5422 3839 5497 εἰδείη-

2170 5485 2321 5562 tinus
2351 5491 2527 5546 imber
2553 5485 2663 5547 non
2691 5493 2821 5562 fuit.
2855 5490 3139 5547 Construe
3185 5485 3348 5546 vero:
3414 5485 3610 5561 Quare
3651 5485 3841 5561 prohi-

2169 5561 2300 5635 bita?
2328 5564 2441 5617 sint
2472 5565 2556 5635 (ut
2564 5563 2826 5634 propheta
2853 5562 3429 5635 ratiocinatur)stil_lee
3460 5563 3843 5635 laminarum

2712 5346 2966 5421 ropbetee
3021 5348 3289 5421 Jeremize
3338 5364 3431 5417 ιιι,
3489 5349 3548 5414 3,
3580 5347 3678 5405 hic
3725 5346 3837 5402 est:

2166 5633 2411 5703 utiquea
2431 5631 2501 5701 te,
2529 5631 2796 5706 quaz'jam
2840 5634 3059 5706 saltem,
3099 5631 3246 5706 sero,
3272 5632 3516 5699 scilicet,
3561 5631 3840 5706 diluereut

2160 5701 2381 5776 peccata
2410 5701 2905 5779 tua,'et_compluta
2951 5701 3076 5780 ipsa
3121 5705 3410 5774 ariditate,
3454 5719 3582 5778 qum
3624 5701 3856 5764 videtur
