4060 6176
249 316 378 395 ιιι.

1090 321 1570 400 EXCERPTUM
1610 329 1718 397 EX
1760 327 2101 396 DIALOGO
2141 320 2772 398 CONFESSIONALI.

3530 323 3664 398 με

249 463 407 520 facta
433 461 648 521 duritie
677 464 872 523 cordis
917 465 1025 539 tui)
1057 467 1260 541 utique
1303 484 1560 525 crescere
1590 485 1624 524 a
1648 466 1893 524 Domino
1921 465 1977 533 Α
2006 463 2122 531 nia,
2154 481 2290 521 cum
2315 469 2380 521 ut
2408 464 2862 524 clementissime
2894 465 2977 523 ita
3034 463 3154 522 sint
3183 467 3241 523 et
3281 457 3654 522 veracissime

248 553 748 623 fructiﬁcandum,
781 559 840 610 et
868 555 996 612 ccnli
1047 557 1275 625 horreo,
1297 557 1692 614 criminositas
1722 561 1780 613 et
1808 557 1899 612 in-

246 642 710 699 convertibilitas
741 647 844 700 tua
887 645 1231 703 interdicere
1280 647 1390 703 nisi
1423 647 1772 713 miserrime,
1801 663 1899 702 re-

250 732 648 788 condendum.
684 733 831 798 Quid
863 735 1020 790 enim
1051 753 1252 792 censes
1284 737 1354 793 de
1385 736 1576 809 culpa,
1611 753 1788 809 quam
1829 736 1900 791 de

244 819 365 877 isto
398 820 593 877 solum
619 822 830 894 probro
855 825 1391 897 contraxisti,cujus
1409 827 1690 898 nunc'pro
1703 826 1904 881 anima

245 909 583 983 vigilias,ut
612 911 793 966 moris
822 917 930 982 est,
949 930 983 968 a
1003 914 1280 971 fratribus
1313 916 1435 971 ﬁeri
1467 916 1731 981 audiens,
1755 933 1898 988 pra:-

259 998 578 1072 cipitanter
604 1000 812 1055 tuatim
841 1002 989 1072 (602)
1021 1003 1239 1072 dixisti,
1270 1021 1385 1059 non
1414 1023 1518 1076 pro
1547 1022 1613 1061 eo
1660 1022 1722 1062 se
1771 1023 1898 1061 ora-

248 1091 310 1143 tu
323 1105 482 1156 rum,
519 1086 658 1158 quia
689 1089 865 1144 scires
891 1107 1025 1145 eum
1055 1091 1114 1146 in
1146 1092 1371 1149 inferno
1397 1110 1545 1159 esse,
1582 1111 1685 1166 pro
1706 1111 1771 1150 eo
1793 1094 1902 1149 sci-

257 1175 416 1242 licet,
432 1176 587 1248 quod
611 1193 744 1231 cum
761 1178 883 1248 jam
907 1179 1133 1235 diutino
1151 1181 1505 1237 monachum
1528 1200 1589 1239 se
1612 1183 1734 1238 fieri
1755 1182 1898 1239 velle

249 1265 395 1321 adeo
415 1264 770 1337 promiserit,
792 1266 1052 1324 utetiam
1084 1269 1372 1343 stipendio
1414 1273 1660 1328 coenobii
1699 1272 1900 1329 introi-

247 1356 381 1409 tum
416 1353 574 1419 dato,
608 1353 948 1425 acquisierit
976 1357 1227 1424 (603),ex
1254 1376 1369 1431 quo
1398 1360 1505 1414 tibi
1536 1377 1767 1432 quoque
1783 1377 1904 1416 una

249 1439 402 1496 libra
434 1441 732 1513 provenit;
766 1442 1044 1500 dilatione
1074 1447 1308 1502 corvina
1338 1447 1706 1505 miserrimus
1754 1449 1905 1505 facta

249 1526 308 1582 in
341 1527 652 1585 clericatus
684 1529 889 1587 habitu
924 1533 1144 1602 infelix,
1179 1540 1244 1590 ut
1275 1536 1379 1592 tibi
1399 1536 1646 1603 videtur,
1676 1536 1901 1593 obierit.

237 1617 425 1686 Cujus
459 1617 616 1672 enim
647 1617 822 1691 culpa
852 1625 984 1692 post
1013 1621 1211 1694 ipsum
1239 1625 1429 1697 magis
1469 1629 1558 1681 est
1613 1626 1802 1698 ipsius
1832 1626 1902 1698 (si

243 1706 334 1759 est
363 1707 563 1760 tamen
589 1707 877 1778 perditus)
911 1710 1184 1780 perditio,
1205 1728 1384 1783 quam
1401 1717 1504 1767 tua
1519 1713 1903 1785 omniumque

241 1791 517 1891 fratrum,
552 1795 652 1900 qui
683 1796 951 1868 receptis,
987 1814 1115 1869 quae
1147 1799 1336 1871 ipsius
1366 1803 1639 1867 erant,de
1667 1801 1762 1857 illo
1785 1819 1898 1856 non
1928 1836 1977 1900 Β

241 1882 518 1949 curastis,
551 1883 652 1938 sed
685 1899 819 1939 cum
852 1885 1084 1940 diabolo
1118 1886 1450 1943 dimisistis.
1484 1889 1600 1944 Vos
1630 1890 1784 1945 enim
1813 1889 1898 1945 in-

239 1974 476 2027 cessunt
489 1987 552 2027 er
582 1971 869 2029 debuistis
899 1991 1033 2028 eum
1067 1991 1326 2044 monere,
1354 1977 1504 2034 295
1532 1982 1617 2045 ut,
1637 1979 1790 2050 quod
1803 1997 1896 2034 vo-

237 2062 435 2130 verat,
485 2059 601 2116 Deo
646 2061 885 2118 reddere
943 2061 1262 2130 festinaret,
1292 2069 1605 2137 antequam
1662 2066 1769 2122 hoc
1817 2067 1890 2135 ei,

238 2148 410 2220 quod
443 2148 617 2204 modo
661 2149 819 2205 novit
849 2151 1105 2222 [subaudi
1139 2152 1474 2226 contigisse]
1507 2155 1890 2228 contingeret.

235 2235 309 2292 Et
343 2235 483 2307 quia
512 2253 625 2292 non
657 2237 896 2304 fecistis,
929 2239 1282 2313 interrogate
1308 2247 1673 2315 prophetam,
1693 2243 1892 2317 ipsoin

231 2327 480 2397 peccato
493 2341 601 2381 suo
617 2330 868 2394 mortuo,
885 2328 955 2383 de
973 2329 1141 2399 cujus
1154 2346 1333 2386 manu
1348 2331 1692 2405 sanguinem
1707 2333 1896 2406 ipsius

231 2412 404 2470 Deus
436 2413 645 2470 debeat
674 2415 969 2488 requirere
998 2418 1212 2481 (Ezech.
1238 2436 1323 2489 in,
1357 2421 1470 2492 18),
1501 2437 1638 2477 cum
1662 2422 1897 2478 etiamsi

231 2503 453 2558 datum
482 2507 736 2570 esset,ut
765 2505 996 2575 faceret,
1029 2507 1321 2564 sententia
1349 2508 1452 2564 illa
1477 2526 1580 2566 vos
1594 2511 1897 2566 Dominiin

231 2591 359 2648 hoc
390 2591 474 2648 ita
506 2594 958 2667 constringeret:
985 2597 1074 2653 Vae
1101 2597 1250 2652 vobis
1278 2597 1555 2656 Pharisaei
1574 2599 1896 2671 hypocritze,

233 2683 382 2754 quia
410 2682 658 2737 circuitis
688 2699 842 2738 mare
869 2687 924 2739 et
955 2684 1193 2751 aridam,
1225 2689 1275 2741 et
1301 2688 1489 2757 facitis
1519 2704 1691 2743 unum
1711 2705 1897 2759 prosc-

235 2773 524 2842 lytum,et
551 2788 680 2826 cum
722 2774 899 2843 fuerit
945 2774 1142 2844 factus,
1172 2775 1356 2845 facitis
1402 2792 1526 2830 eum
1579 2777 1762 2847 ﬁlium
1807 2793 1898 2846 ge-

235 2859 452 2916 hennae
473 2859 637 2932 duplo
659 2878 827 2933 quam
868 2878 956 2918 vos
985 2864 1203 2932 (Matth.
1237 2880 1394 2932 xxm,
1430 2865 1538 2932 15).
1573 2865 1899 2921 Miserrimo

234 2949 431 3022 igitur
461 2949 915 3022 misereor,quia
938 2957 1042 3006 tua
1072 2969 1186 3007 non
1218 2956 1381 3024 potes
1411 2953 1618 3009 deﬂere
1640 2959 1895 3025 peccata,

235 3038 352 3110 qui
401 3037 677 3112 plangere
733 3040 1039 3109 debueras,
1083 3041 1223 3096 dum
1283 3041 1458 3098 etiam
1507 3042 1894 3116 compelleris,

233 3125 458 3182 aliena.
491 3127 562 3181 Et
591 3131 809 3200 quanto
831 3128 1027 3184 minus
1059 3133 1113 3185 te
1144 3130 1280 3185 ﬂere
1313 3146 1427 3186 non
1455 3132 1701 3198 sufﬁcis,
1733 3136 1896 3188 tanto

2008 554 2234 628 prolata
2256 554 2406 610 male
2421 555 2801 630 intelligentia
2820 556 2987 613 vitiat
3009 555 3386 629 negligentia,
3403 558 3504 610 aut
3516 572 3656 627 prai-

2009 643 2196 699 missa
2255 644 2495 712 scilicet,
2539 651 2645 701 aut
2693 646 3112 718 subsequentia
3134 645 3333 701 minus
3353 661 3660 717 aaquoper-

2009 732 2286 804 pendens.
2321 734 2362 788 Ε
2395 734 2610 806 quibus
2642 738 2707 790 ut
2738 751 2853 790 uno
2909 739 3113 791 caetera
3138 734 3653 806 comprehendam,

2007 821 2287 894 gaudium
2342 827 2471 878 esse
2501 823 2558 878 in
2592 823 2734 880 caelo
2776 824 3064 896 promittit
3091 840 3270 896 super
3299 839 3415 879 uno
3447 839 3656 896 pecca-

2008 915 2152 976 tore,
2186 928 2360 983 quam
2397 930 2574 985 super
2622 913 2941 986 nonaginta
2970 929 3174 968 novem
3199 913 3436 984 justos;
3473 913 3570 968 sed
3605 911 3654 968 ei

2007 1000 2230 1072 gaudes
2276 1001 2405 1057 ideo
2436 1000 2680 1067 dictum,
2715 1002 2854 1074 quia
2883 1005 2939 1056 te
2987 1005 3349 1074 peccatorem
3381 1000 3653 1066 attendis,

2007 1089 2148 1145 audi
2181 1106 2357 1162 super
2385 1107 2502 1162 quo
2525 1095 2824 1162 peccatore
2840 1091 3122 1163 gaudium
3143 1091 3336 1163 ipsum
3358 1106 3486 1146 esse
3501 1090 3658 1144 dicat

2006 1177 2062 1232 in
2087 1177 2256 1245 caelo;
2282 1181 2338 1233 et
2357 1183 2417 1233 tu
2443 1184 2711 1252 peccator
2740 1195 2869 1234 esse
2901 1178 3054 1244 talis,
3071 1178 3280 1234 saltem
3313 1178 3450 1251 quia
3454 1179 3656 1250 justus

2007 1281 2135 1322 esse
2165 1284 2280 1323 non
2309 1267 2488 1336 vales,
2521 1273 2742 1340 satage,
2772 1268 2842 1322 de
2869 1284 2984 1339 quo
3028 1267 3242 1323 dicitur
3298 1267 3446 1340 ipso,
3474 1268 3656 1339 paeni-

2007 1356 2252 1420 tentiam,
2283 1355 2495 1428 inquit,
2527 1365 2718 1428 agente
2747 1357 2931 1428 (Ibid.)
2956 1357 3117 1423 Quod
3146 1357 3370 1428 usque?
3389 1357 3513 1412 Non
3547 1355 3653 1412 tibi

2011 1441 2162 1509 dico,
2193 1443 2331 1512 quia
2346 1444 2439 1498 bic
2469 1445 2693 1499 dictum
2727 1461 2840 1499 non
2872 1446 3065 1502 audio.
3098 1445 3243 1501 Cum
3266 1462 3400 1502 vero
3433 1445 3493 1501 in
3525 1444 3651 1518 lege

2013 1529 2084 1584 de
2106 1531 2405 1586 mundatis
2427 1548 2530 1600 per
2548 1531 2778 1588 diversa
2803 1534 3089 1589 sacriﬁcia
3107 1533 3316 1606 culpis,
3341 1535 3657 1590 immundus

2012 1619 2119 1672 erit
2150 1635 2319 1690 usque
2360 1620 2431 1674 ad
2481 1637 2758 1692 vesperam
2790 1621 2980 1692 (Leuit.
3009 1639 3103 1687 xv,
3137 1621 3249 1692 l1),
3281 1623 3455 1677 audio
3487 1623 3602 1678 dici
3638 1641 3653 1691 ;

2012 1708 2480 1780 unumquodque
2512 1713 2814 1780 peccatum
2846 1709 3022 1765 etiam
3043 1710 3356 1766 dimissum
3375 1727 3561 1782 usque
3584 1712 3658 1767 ad

2009 1794 2214 1850 boram
2231 1796 2245 1850 l
2256 1797 2444 1868 ugend
2456 1814 2552 1851 um
2569 1802 2889 1853 extremam
2905 1798 3072 1868 mihi,
3093 1798 3296 1862 fateor,
3309 1798 3511 1854 videri'
3526 1805 3657 1854 Pce-

2004 1884 2162 1948 casti,
2195 1883 2296 1952 ait;
2329 1886 2543 1956 quiesce
2599 1887 2788 1953 (Eccli.
2841 1904 2956 1954 xxx,
3018 1888 3091 1957 1).
3133 1886 3420 1942 Dimisisti
3474 1904 3658 1943 unum

2004 1976 2331 2042 peccatum,
2365 1972 2597 2044 quiesce
2632 1990 2704 2028 ne
2757 1973 2936 2029 facias
2968 1975 3144 2042 idem,
3179 1979 3281 2031 aut
3309 1975 3524 2041 simile,
3555 1980 3659 2033 aut

2005 2059 2248 2116 forsitan
2273 2061 2461 2134 pejus.
2487 2063 2660 2134 Pejus
2691 2065 2886 2118 autem
2917 2067 3028 2129 est,
3049 2063 3099 2119 si
3133 2065 3287 2137 quod
3313 2063 3653 2131 fecisti,non

2003 2147 2279 2222 plangas;
2304 2167 2542 2222 peccare
2585 2151 2800 2224 quippe
2849 2170 2964 2209 non
3016 2169 3238 2219 cessas,
3270 2153 3320 2209 si
3353 2155 3507 2211 298
3536 2172 3653 2226 non

2004 2238 2307 2309 pmniteas.
2323 2239 2519 2311 Neque
2530 2239 2687 2296 enim
2699 2239 2903 2296 delesti
2915 2242 3092 2314 ,quod
3107 2242 3392 2314 scripsisti
3403 2244 3653 2309 ,etiamsi

2005 2326 2262 2383 scribere
2293 2328 2518 2384 desiisti
2541 2329 2942 2396 ;contumeliis
2969 2347 3074 2385 nec
3104 2330 3277 2385 alicui
3303 2330 3656 2404 illatis,quia

2006 2415 2244 2471 tacuisti
2275 2432 2371 2470 cas
2393 2418 2562 2488 (605),
2579 2417 2707 2472 ideo
2737 2417 3378 2473 emendasti.Planxisti
3412 2418 3654 2474 forsitan

2007 2504 2079 2558 ad
2111 2507 2345 2575 tempus
2374 2503 2609 2575 aliquod
2641 2504 2882 2570 crimen,
2917 2521 3016 2558 cor
3047 2503 3396 2560 contrivisti.
3436 2505 3493 2559 Si
3523 2523 3655 2562 vero

2007 2592 2229 2648 crimen
2262 2609 2379 2647 non
2412 2593 2722 2648 deseruisti
2748 2591 2836 2648 vel
2860 2591 3183 2665 paenituisti
3208 2611 3222 2660 ;
3247 2608 3345 2648 cor
3370 2593 3511 2664 quia
3540 2611 3655 2650 non

2009 2680 2186 2736 etiam
2218 2680 2565 2749 bumiliasti,
2590 2698 2623 2736 a
2643 2681 2758 2738 Deo
2785 2685 2839 2737 te
2870 2685 3131 2754 spretum
3156 2685 3320 2754 potes
3352 2698 3540 2756 neque
3570 2684 3655 2739 in-

2009 2769 2417 2826 convenienter
2444 2774 2500 2826 et
2551 2788 2662 2825 non
2712 2771 2837 2827 sine
2885 2770 3228 2827 auctoritate
3279 2771 3482 2828 vereri.
3529 2775 3654 2840 Qua

2008 2876 2139 2914 vero
2171 2859 2360 2914 fronte
2389 2859 2540 2915 inter
2568 2860 2887 2933 nonaginta
2919 2876 3121 2916 novem
3136 2860 3335 2932 justos
3363 2866 3417 2917 te
3447 2863 3650 2931 audes,

2008 2947 2234 3004 etiamsi
2295 2949 2711 3018 invenirentur,
2747 2949 3057 3015 ascribere,
3090 2952 3155 3004 ut
3193 2949 3394 3022 utique
3425 2953 3652 3024 majora

2005 3036 2110 3092 tibi
2143 3055 2319 3110 quam
2366 3036 2484 3093 illis
2516 3055 2631 3094 non
2661 3039 2881 3111 eogites
2913 3038 3204 3111 expedire,
3237 3039 3336 3112 qui
3368 3043 3426 3095 et
3446 3041 3650 3111 justus

2011 3125 2316 3196 debueras,
2351 3131 2416 3182 ut
2445 3127 2580 3199 ipsi,
2613 3128 2888 3184 manere?
2916 3128 3062 3192 Quia
3097 3144 3230 3183 vero
3283 3145 3398 3184 non
3437 3129 3649 3199 fecisti,

231 3215 442 3288 magis
471 3233 505 3272 α
534 3217 704 3272 bonis
733 3217 1008 3274 omnibus
1039 3223 1093 3274 te
1124 3219 1382 3275 ﬂendum
1413 3219 1579 3288 (604),
1605 3237 1890 3294 perpensa
1922 3204 1965 3273 C
2003 3216 2404 3288 pcenitentiam
2425 3216 2638 3272 debeas
2651 3217 3154 3288 [f.,debes]agerc,
3174 3220 3232 3271 et
3246 3216 3528 3289 gaudium
3543 3217 3652 3274 sal-

230 3305 424 3361 etiam
456 3305 720 3378 colapho,
743 3307 911 3379 .quod
940 3307 1112 3364 hodie
1168 3309 1380 3364 dedisti
1421 3309 1493 3364 ad
1549 3315 1606 3364 te
1663 3310 1893 3382 procla-

229 3393 434 3448 manti
469 3394 711 3463 rustico,
745 3394 1062 3451 decernens
1124 3399 1412 3468 quantum
1466 3396 1626 3452 absis
1682 3397 1799 3462 his,
1823 3399 1894 3453 de

230 3481 464 3555 quibus
488 3481 740 3538 Jacobus
768 3483 1068 3555 apostolus
1098 3483 1276 3540 dicit:
1309 3484 1370 3538 Si
1397 3485 1520 3555 quis
1544 3501 1600 3539 se
1625 3493 1784 3556 putat
1815 3502 1894 3541 re-

230 3564 501 3644 ligiosum
531 3587 661 3641 esse,
694 3589 802 3629 non
835 3576 1121 3645 refrenans
1179 3574 1431 3641 linguam
1478 3590 1656 3640 suam,
1689 3580 1780 3629 sed
1809 3591 1896 3630 se-

228 3662 442 3716 ducens
471 3677 563 3716 cor
588 3678 770 3730 suum,
805 3663 1027 3719 scilicet
1057 3661 1362 3735 cogitando
1394 3662 1548 3734 quod
1585 3662 1893 3735 religiosus

231 3750 340 3817 sit,
378 3750 543 3822 hujus
572 3768 713 3806 vana
741 3759 820 3807 est
850 3752 1046 3820 religio
1075 3750 1209 3822 (Jac.
1243 3767 1285 3817 ι,
1316 3751 1428 3821 26),
1464 3750 1715 3820 noveris,
1747 3752 1890 3806 dum

228 3842 298 3895 tu
323 3839 547 3894 nedum
578 3839 864 3913 linguam,
893 3856 1107 3895 manus
1135 3837 1342 3894 saltem
1367 3856 1482 3894 non
1513 3839 1669 3896 vales
1693 3839 1892 3896 miser-

228 3929 432 3984 rimus
463 3929 774 3985 refrenare.

240 4051 248 4059 -
307 4016 402 4072 42.
428 4016 596 4074 Falsa
625 4021 897 4074 caeterum
931 4033 1034 4090 spe
1066 4017 1255 4090 decipi
1285 4022 1338 4074 te
1360 4034 1592 4090 quoque
1622 4018 1679 4073 in
1697 4019 1889 4076 verbis

229 4105 584 4178 bujusmodi
642 4107 808 4164 video
865 4107 1429 4172 DominizPeccasti,
1488 4109 1718 4180 quiesce,
1762 4110 1886 4166 nolo

227 4202 478 4251 mortem
528 4197 829 4267 peccatoris
877 4197 1064 4266 (Eccli.
1119 4214 1238 4266 xxi,
1294 4197 1366 4268 1).
1410 4197 1479 4252 Et
1513 4215 1525 4252 :
1559 4198 1890 4271 Quacunque

229 4283 376 4341 hora
432 4289 684 4356 peccator
736 4301 1023 4342 conversus
1073 4288 1265 4357 fuerit,
1313 4287 1498 4341 salvus
1539 4289 1645 4343 erit
1673 4289 1883 4359 (Ezech.

211 4389 440 4440 χχχιιι,
473 4373 585 4446 12).
631 4374 697 4430 Et
728 4392 741 4431 :
777 4376 1172 4431 Convertimini
1197 4375 1268 4430 ad
1294 4391 1401 4442 me,
1429 4379 1483 4430 et
1509 4391 1605 4446 ego
1648 4382 1893 4433 revertar

227 4462 303 4517 ad
335 4477 428 4518 vos
457 4463 641 4525 (Zach.
673 4480 713 4530 ι,
745 4463 822 4536 3).
854 4464 926 4519 Et
951 4463 1096 4519 illud
1129 4464 1199 4519 de
1230 4461 1536 4534 Evangelio
1569 4478 1582 4516 :
1619 4463 1889 4519 Gaudium

225 4559 313 4608 est
343 4552 404 4606 in
433 4553 566 4608 caelo
594 4568 759 4625 super
776 4569 887 4609 uno
907 4555 1204 4626 peccatore,
1222 4567 1387 4623 quam
1409 4565 1572 4621 super
1588 4553 1892 4620 nonaginta
1919 4569 1967 4634 D

227 4655 427 4696 novem
454 4641 624 4706 iustos
655 4643 804 4712 (Luc.
835 4659 929 4710 xv,
960 4642 1017 4714 7)
1050 4655 1063 4695 :
1098 4647 1152 4696 et
1193 4639 1286 4694 his
1340 4636 1636 4695 similibus
1681 4639 1886 4694 multis

227 4746 340 4802 per
365 4743 606 4802 campos
636 4730 968 4787 divinorum
999 4727 1224 4802 sparsis
1253 4727 1539 4784 librorum
1565 4743 1580 4796 ;
1615 4743 1743 4799 quae
1765 4743 1886 4783 om-

228 4873 410 4928 inesse
435 4872 558 4941 tibi,
589 4879 750 4944 atque
799 4872 1106 4943 madefacta
1142 4871 1347 4944 duritie
1379 4868 1557 4925 cordis
1602 4871 1706 4944 tui)
1734 4871 1886 4944 face-

227 4950 358 4998 rent
385 4958 622 5000 crescere
652 4942 718 5000 in
758 4951 809 4998 te
836 4942 1020 5000 semen
1049 4944 1202 4999 verbi
1229 4943 1418 5014 utique
1429 4942 1885 5066 [ructiﬁcandum

228 5031 262 5066 α
295 5013 554 5066 Domino.
584 5019 637 5066 et
665 5015 1064 5066 recondendum
1100 5015 1290 5066 horreo
1347 5029 1424 5066 cae
1452 5013 1491 5066 i.
1523 5015 1637 5066 nisi
1689 5015 1882 5066 miser-

228 5031 262 5068 a
295 5013 554 5082 Domino,
584 5019 637 5071 et
665 5015 1064 5072 recondendum
1100 5015 1290 5070 horreo
1330 5013 1491 5082 caeli,
1523 5015 1637 5068 nisi
1689 5015 1882 5069 miser-

227 5087 374 5140 rime
395 5087 768 5142 criminositas
792 5091 843 5143 et
873 5085 1360 5143 inconvertibilitas
1390 5091 1484 5138 tua
1515 5083 1879 5141 interdiceret.

301 5157 455 5231 (692)
480 5158 715 5231 Τηρείης,
746 5158 804 5212 id
835 5162 924 5214 est
951 5174 1110 5214 more
1140 5154 1394 5231 tuo,_uti_
1412 5156 1565 5231 apud
1587 5155 1878 5226 Plautum,

227 5227 443 5301 ampli.
470 5227 604 5301 2,1}
631 5231 688 5301 4,
721 5245 839 5286 ecce
869 5245 984 5285 rem
1001 5231 1123 5301 jam
1141 5227 1522 5301 tuatimfacis.

477 5297 806 5380 Legebatur
821 5297 1160 5380 stipendium
1187 5298 1437 5379 caenobii.
1451 5371 1460 5380 ι
1473 5298 1708 5353 introitu
1753 5297 1880 5379 dato

224 5366 1009 5442 acquisieritTCorrectionem
1041 5386 1252 5427 sensus
1282 5366 1692 5442 suasit;neque
1721 5369 1879 5425 enim

222 5438 348 5522 ille,
369 5442 485 5522 qui
518 5443 872 5522 monacbum
905 5443 1342 5522 seinduturum
1385 5438 1752 5522 promiserat,
1783 5457 1878 5495 ac-

223 5511 472 5586 quisivit
501 5513 858 5586 stipendium
889 5516 1025 5570 dato
1056 5513 1295 5586 introitu
1328 5511 1570 5567 coenobii
1600 5529 1613 5577 ;
1641 5512 1740 5566 sed
1772 5528 1880 5566 ca:-

220 5584 383 5659 nobii
409 5584 706 5659 introitum
733 5588 1026 5659 acquisivit
1051 5584 1322 5659 stipendio
1337 5592 1496 5659 quato,
1527 5599 1596 5638 ex
1622 5598 1738 5659 quo
1759 5599 1881 5659 una

221 5651 685 5742 libraltatberio
696 5651 906 5742 abbati
924 5651 1421 5742 prov_enit.'Aptior
1437 5669 1568 5740 esse
1585 5651 1875 5742 isquta‘xis,

220 5729 462 5786 coenobii
513 5729 804 5790 introitum
859 5723 1128 5803 stipendio
1183 5723 1305 5785 dato
1356 5723 1690 5800 acquisieril.
1733 5723 1878 5788 Cum

2002 3308 2122 3360 tem
2144 3303 2402 3376 aliquod,
2436 3303 2493 3359 id
2523 3309 2632 3370 est,
2665 3305 2989 3360 secundum
3023 3303 3374 3375 paenitentiae
3406 3307 3648 3362 modum

2001 3390 2059 3446 in
2092 3391 2232 3447 cmlo
2263 3391 2484 3463 angelis
2517 3391 2695 3447 facias
2725 3393 3049 3463 [f.,facies].
3085 3393 3247 3456 Quod
3280 3393 3339 3448 in
3367 3398 3422 3449 te
3451 3398 3647 3451 tamen

2002 3496 2136 3534 cum
2169 3479 2268 3535 Dei
2299 3479 2488 3552 gratia
2517 3495 2664 3546 esse,
2691 3480 3057 3534 considerata
3085 3479 3313 3534 arbitrii
3359 3479 3646 3549 libertate,

1999 3567 2157 3623 vales
2189 3568 2565 3639 perpendere.
2599 3570 2722 3631 Qua
2749 3583 2883 3621 vero
2914 3570 3108 3620 mente
3140 3570 3201 3620 tu
3251 3565 3454 3636 culpas
3513 3569 3648 3623 flere

2001 3654 2262 3727 negligas
2277 3659 2407 3727 post
2422 3653 2782 3726 baptismum
2795 3653 3109 3717 admissas,
3123 3653 3359 3723 quando
3376 3670 3648 3710 summus

2000 3747 2200 3815 pastor
2255 3743 2544 3816 quosdam
2596 3741 2882 3797 malorum
2914 3758 3156 3798 suorum
3184 3741 3665 3798 consideratione-

1998 3831 2232 3888 territos
2263 3832 2595 3901 admonere,
2628 3835 2691 3886 ut
2724 3831 3179 3904 baptizarentur,
3207 3832 3482 3906 gestiens,
3501 3849 3645 3906 prae-

2000 3922 2162 3977 misit
2191 3923 2392 3978 dicens
2427 3939 2440 3978 :
2469 3921 2860 3976 Pwnitcnliam
2901 3923 3044 3993 agite
3071 3922 3207 3994 (Act.
3248 3940 3309 3992 ιι,
3341 3924 3430 3985 38)
3467 3941 3480 3992 ;
3510 3940 3644 3980 cum

1998 4028 2113 4067 non
2146 4011 2458 4079 dubitaret,
2482 4015 2848 4067 sacramento
2881 4010 3254 4082 baptismatis
3285 4011 3483 4068 omnia
3517 4030 3646 4085 pec-

1998 4106 2147 4168 cata,
2192 4101 2423 4158 etiamsi
2466 4099 2629 4156 nulla
2656 4100 3048 4172 praecessisset
3085 4101 3446 4174 poenitentia,
3470 4118 3643 4157 mun-

1999 4191 2125 4248 dari
2144 4191 2354 4248 valere.
2387 4188 2552 4246 Talia
2578 4180 2720 4245 vero'
2743 4188 2849 4244 tibi
2882 4189 3204 4256 inculcans,
3231 4190 3450 4261 quibus
3463 4189 3641 4246 etiam

1999 4281 2217 4337 ferrum
2249 4278 2495 4336 emolliri
2528 4277 2836 4350 loquar,ut
2851 4279 2932 4333 ita
2955 4277 3642 4350 potuerat,tecompungi

1999 4370 2071 4425 ad
2104 4370 2304 4424 ﬂetum
2336 4367 2476 4440 quia
2504 4384 2620 4421 non
2643 4365 2959 4432 cerno,tibi
2982 4365 3203 4420 dictum
3227 4362 3511 4434 suspicari
3527 4379 3642 4418 non

1999 4458 2235 4523 desino;
2268 4457 2440 4527 Plaga
2496 4456 2718 4510 inimici
2771 4454 3014 4524 percussi
3071 4457 3121 4507 te
3179 4453 3311 4522 (Jer.
3362 4467 3492 4516 xxx,
3529 4451 3640 4512 14).

1996 4545 2266 4600 Attamen
2294 4560 2365 4598 ne
2422 4559 2571 4598 saevo
2599 4556 2889 4596 venenum
2920 4539 3169 4610 adjicere
3198 4538 3396 4593 videar
3423 4536 3638 4610 gladio,

1998 4633 2055 4688 id
2086 4636 2175 4688 est
2219 4631 2445 4686 duritia:
2476 4630 2560 4684 tui
2614 4629 2807 4684 cordis
2859 4625 3323 4699 desperationem
3353 4625 3637 4696 ingerere,

1997 4737 2137 4778 curo
2165 4725 2222 4777 te
2253 4724 2387 4786 Deo,
2412 4719 2539 4790 jam
2570 4735 2726 4773 nunc
2769 4715 3108 4773 confutandi
3157 4715 3406 4772 termino
3465 4715 3635 4785 facto,

1992 4879 2127 4920 vero
2158 4860 2420 4935 syntaxtis
2451 4858 2710 4935 Ratherii
2744 4857 3053 4935 peculiaris
3076 4857 3174 4935 sit,
3205 4857 3439 4935 nihilin
3470 4857 3640 4935 collo-

1994 4930 2222 4992 catione
2251 4933 2560 5013 verborum
2601 4930 2914 5013 luimutare
2943 4930 3638 5013 voluiinus.‘5tipendium

1993 5007 2248 5089 speciem
2296 5004 2450 5060 dotis
2502 5003 3018 5076 signiﬁcat,quam
3059 5003 3415 5083 monasteria
3442 5003 3636 5084 ingrei

1993 5080 2215 5134 dientes
2246 5075 2565 5154 offerebant
2583 5074 2772 5154 :Aunde
2793 5089 2933 5154 cum.
2947 5089 3120 5154 pueri
3137 5077 3639 5154 monasteriistra-

1991 5151 2179 5228 deban
2188 5155 2283 5228 tur
2294 5148 2408 5204 Deo
2427 5144 3080 5228 perpetuumservituri,
3095 5144 3386 5228 oblationis
3399 5144 3634 5228 nomine

1992 5221 2213 5294 aliquid
2246 5213 2446 5294 datum
2468 5213 2662 5294 fuisse
2693 5216 2944 5294 antiquae
2972 5213 3245 5294 formulae.
3277 5215 3631 5294 exprimunt.

1989 5287 2132 5348 Vid'e
2180 5297 2323 5347 tom.
2355 5291 2430 5346 IX
2459 5288 2691 5344 Collect.
2717 5291 2828 5343 vet.
2862 5287 3073 5360 Script.
3107 5287 3364 5343 Martene
3409 5291 3466 5343 et
3515 5290 3633 5341 Du-

1991 5365 2155 5413 rand-
2189 5380 2318 5413 natz.
2356 5359 2476 5413 159.

1990 5365 2156 5423 rand.
2189 5380 2318 5423 pag.
2356 5363 2476 5416 159.

2062 5380 2498 5508 iddti’igdcg‘ilg
2524 5428 2784 5508 ﬂendum.
2797 5426 3082 5508 reguntur
3111 5446 3145 5486 a
3171 5428 3347 5485 verbo
3395 5429 3630 5493 noveris,

1990 5499 2141 5580 quod
2176 5499 2737 5580 posteasubjectum
2768 5499 3051 5580 iuvantes.
3142 5573 3181 5580 __
3265 5573 3275 5580 _
3423 5569 3460 5580 η
3526 5570 3535 5580 ¹

2059 5567 2204 5648 (605)
2237 5567 2548 5648 Videlicet,
2563 5589 2661 5628 nec
2698 5575 3044 5648 contumeliis
3099 5573 3275 5631 alicui
3309 5569 3484 5628 illatis
3514 5567 3630 5625 ideo

1988 5645 2078 5709 eas
2099 5647 2416 5715 emendasti,
2449 5646 2584 5718 quia
2608 5645 2846 5701 tacuisti.
