4080 6180
305 293 426 400 m.

1503 335 2016 404 EXHORTATIO
2051 325 2155 402 ET
2195 327 2521 406 PREGES.

3571 327 3706 420 MO

309 463 370 530 in
426 465 711 546 propheta
767 467 840 526 de
889 467 1112 528 talibus
1155 465 1388 545 legitur,
1441 473 1711 530 nonnihil
1755 489 1957 534 vereor
1985 465 2041 545 Α,
2069 461 2490 542 misericordia,
2520 477 2579 531 et
2607 471 2676 532 de
2707 471 2932 531 meritis
2952 473 3289 532 sancton
3311 475 3550 530 tuorum
3571 489 3708 532 eon-

307 561 488 638 (Hich.
519 577 620 630 vn,
651 559 767 632 46).
797 561 1001 618 Moneo
1031 563 1247 630 tamen,
1282 561 1332 619 si
1350 561 1496 618 nihil
1518 563 1676 619 aliud
1702 563 1952 634 invenis,

307 651 464 726 quod
519 649 746 706 facias:
779 649 880 706 Dei
919 655 996 718 te,
1044 651 1269 722 perdita
1317 653 1672 709 omnimodis
1720 653 1956 710 aliunde

305 739 543 808 ﬁducia,
576 741 766 794 totum
820 738 1002 796 dedas
1049 738 1387 812 clementiae,
1431 747 1488 797 et
1535 758 1675 809 non,
1715 747 1778 798 ut
1806 744 1955 816 (610)

307 830 494 904 prius,
546 827 768 901 ignava
813 845 1056 899 prorsus
1107 829 1346 886 desidia;
1393 849 1406 898 ;
1453 831 1557 887 sed
1607 831 1954 888 elaboratio-

308 933 444 976 nem
501 915 800 985 continua,
850 917 1276 975 abrenuntiatis
1333 919 1532 976 animo
1581 920 1675 978 his
1722 921 1952 990 saltem,

310 1025 436 1082 quae
475 1005 751 1078 Apostolo
787 1010 1020 1062 auctore
1065 1007 1338 1066 mortalia
1387 1026 1502 1066 non
1549 1010 1800 1084 ambigis
1844 1011 1954 1067 cri-

307 1097 476 1152 mina
515 1097 658 1150 fore.
715 1094 786 1148 Et
841 1093 980 1168 quia
1021 1112 1136 1151 non
1193 1095 1413 1153 sufﬁcit
1444 1115 1458 1154 :
1494 1099 1738 1168 Declina,
1791 1100 1952 1168 dicit,

308 1188 546 1250 amato,
594 1191 646 1239 et
701 1183 792 1254 fac
849 1177 1046 1239 bonum
1105 1186 1154 1256 (I
1199 1186 1318 1242 Cor.
1349 1187 1488 1259 v1,);

310 1273 460 1346 (.scio
483 1274 644 1330 enim
673 1271 832 1342 quod
863 1288 984 1328 non
1008 1271 1192 1344 vales)
1219 1276 1544 1332 secundum
1567 1278 1810 1332 modum
1835 1277 1958 1333 cul-

311 1377 524 1436 parum
556 1375 728 1432 agere
774 1360 1207 1432 paenitentiam;
1239 1363 1456 1418 desunt
1499 1364 1656 1419 enim
1705 1369 1958 1436 tempus,

313 1453 475 1517 astas,
507 1449 729 1504 sanitas
775 1447 1058 1520 corporis,
1109 1447 1384 1507 alacritas
1431 1441 1666 1519 mentis,
1717 1453 1964 1510 facultas

309 1533 692 1610 expiationis;
729 1535 778 1590 si
824 1553 956 1596 non.
1001 1537 1160 1592 vales
1215 1537 1386 1610 (611),
1449 1539 1538 1595 fac
1593 1541 1967 1611 quantulam-

307 1641 562 1698 cunque,
594 1629 652 1682 et
677 1625 830 1682 hanc
859 1626 1222 1682 continuam.
1245 1628 1427 1683 Licita
1475 1645 1537 1684 se
1586 1645 1649 1686 se
1693 1630 1967 1702 ingerunt

305 1715 661 1787 aliquoties;
695 1721 992 1770 memento
1038 1713 1246 1770 illicita
1275 1719 1334 1771 te
1375 1716 1588 1788 saepius
1621 1735 1960 1792 usurpasse.

2065 563 2232 630 ﬁsus,
2286 563 2422 619 licet
2465 567 2724 620 tremens
2776 569 2833 620 et
2885 564 3158 638 pavidus,
3209 579 3502 638 prmsumo
3548 580 3710 620 acce-

2063 653 2202 708 dere
2233 653 2304 708 ad
2337 654 2632 710 offerenda
2661 657 2862 710 sancto
2905 653 3130 710 nomini
3169 657 3270 710 tuo
3303 651 3610 709 sacriﬁcia.
3641 653 3714 710 Et

2063 741 2216 809 ideo,
2249 741 2488 798 Domine
2514 748 2737 798 creator
2768 741 3408 816 piissime,lledemptor
3457 741 3711 798 clemen-

2062 830 2310 899 tissime,
2361 831 2460 905 qui
2513 847 2748 888 omnem
2797 831 3055 886 animam
3100 833 3474 888 conﬁtentem
3504 835 3562 887 et
3591 848 3710 904 pce-

2063 919 2348 976 nitentem
2401 921 2592 993 magis
2637 921 2726 976 vis
2767 920 3080 976 emendare
3129 935 3305 992 quam
3350 920 3610 992 perdere,
3655 923 3714 976 et

2062 1008 2164 1080 qui
2199 1025 2314 1064 non
2347 1027 2450 1082 pro
2472 1009 2674 1082 justis,
2709 1010 2811 1066 sed
2843 1025 2948 1082 pro
2979 1007 3384 1082 peccatoribus
3411 1007 3714 1078 lincarnarl

2060 1096 2318 1165 voluisti,
2351 1103 2408 1154 et
2437 1097 2648 1156 latroni
2681 1099 2740 1154 in
2773 1114 2944 1154 cruce
2967 1096 3244 1170 pendenti
3279 1111 3346 1152 ac
3377 1100 3540 1154 tuam
3589 1113 3714 1154 ma-

1541 1187 1590 1242 si
1641 1205 1759 1244 non
1797 1189 1956 1246 vales
2054 1187 2330 1258 jestatem
2353 1186 2652 1244 conﬁtenti
2685 1203 2801 1244 non
2835 1186 3025 1244 solum
3059 1185 3503 1260 pepercisti,sed
3535 1186 3716 1244 etiam

2063 1276 2404 1346 paradisum
2433 1280 2629 1332 tecum
2663 1276 2882 1332 intrare
2911 1274 3258 1348 promisisti,
3299 1291 3394 1332 me
3423 1275 3576 1334 290
3609 1274 3715 1332 mi-

2067 1379 2264 1418 serum
2321 1369 2378 1420 et
2433 1369 2795 1437 peccatorem
2857 1365 3250 1431 conﬁtentem,
3311 1368 3368 1421 et
3421 1365 3716 1422 desidiose

2066 1449 2204 1506 licet
2232 1453 2607 1523 pauitantem
2639 1457 2876 1525 peccata
2921 1470 3072 1524 mea,
3125 1471 3160 1508 a
3205 1458 3310 1509 tua
3345 1469 3418 1510 ne
3465 1453 3718 1527 repellas

2071 1539 2286 1611 pietate
2333 1544 2396 1596 et
2447 1541 2892 1608 misericordia;
2923 1557 3028 1597 nec
3079 1541 3301 1597 frustra
3356 1542 3608 1615 accipias
3645 1544 3718 1599 ﬁ-

2070 1625 2229 1694 dem,
2285 1643 2470 1699 spem,
2527 1645 2594 1684 ac
2649 1629 2948 1695 ﬁduciam,
3011 1645 3190 1701 quam
3247 1629 3308 1684 in
3369 1633 3472 1685 tua
3498 1630 3720 1687 insisti-

2070 1715 2274 1772 mabili
2330 1717 2641 1773 clementia
2689 1718 2876 1774 habeo
2907 1735 2920 1773 :
2955 1719 3070 1774 sed
3107 1717 3261 1774 sicut
3306 1717 3580 1774 omnibus
3615 1719 3724 1775 cri-

305 1803 577 1862 Mendica‘
608 1803 878 1888 alicunde
927 1805 1080 1875 (612)
1109 1804 1359 1876 copiam,
1393 1809 1494 1860 aut
1535 1807 1652 1861 vim
1684 1813 1962 1878 extorque
1990 1845 2040 1913 Β
2067 1805 2317 1860 minosis
2375 1810 2430 1861 et
2475 1807 2882 1877 peccatoribus
2922 1807 2981 1862 in
3026 1811 3084 1863 te
3108 1807 3499 1876 credentibus,
3534 1825 3602 1864 ac
3651 1810 3724 1864 de

307 1893 672 1966 lacmcarum
703 1893 1048 1964 agrestium,
1077 1909 1262 1965 eoque
1293 1909 1576 1966 azyma-in,
1603 1895 1957 1952 fermentum
1990 1893 2038 1913 "
2067 1896 2170 1947 tua
2199 1893 2600 1950 misericordia
2630 1895 3066 1951 conlidentibus
3089 1895 3402 1968 pepercisti
3427 1913 3441 1965 ;
3465 1899 3547 1954 ita
3576 1893 3728 1954 mibi-

309 1980 789 2049 malitiaeabjice,
820 1997 991 2038 renes
1030 1980 1290 2054 accinge,
1333 1981 1608 2038 baculum
1656 1983 1960 2056 regiminis

309 2085 490 2128 manu
521 2069 736 2128 adhibe
765 2069 1031 2137 rationis,
1066 2070 1281 2126 festina
1311 2087 1412 2142 per
1441 2071 1818 2141 desiderium,
1842 2089 1958 2144 quo

313 2159 526 2232 nequis
553 2157 814 2231 aspirare
829 2175 932 2231 per
964 2156 1262 2213 meritum.
1297 2157 1688 2216 Reconciliare
1719 2160 1962 2233 quibus-

311 2249 452 2306 dam
461 2245 1962 2316 satisfactioneuniversis-affectu,im-molans,dehinc

308 2341 476 2410 tanta
499 2331 959 2406 formidolosius,
991 2339 1212 2407 quanto
1261 2335 1658 2408 petulantius;
1683 2340 1830 2411 (613)
1871 2356 1964 2396 ex-

309 2433 583 2500 torquere
614 2425 832 2492 animo,
865 2429 933 2480 ut
962 2425 1154 2480 fuerat
1183 2425 1529 2495 consultius,
1549 2427 1689 2498 quia
1719 2445 1834 2484 non
1862 2445 1964 2484 va-

311 2515 420 2588 hs,
452 2513 878 2573 cessassionem
903 2533 916 2582 ;
941 2515 1093 2570 hanc
1120 2514 1492 2587 promitte;si
1513 2517 1850 2584 datur,cum
1880 2517 1966 2572 1a-

313 2605 606 2680 orymis;si
639 2621 778 2672 non,
809 2620 944 2659 cum
983 2603 1250 2674 singultu
1281 2605 1533 2660 interno.
1566 2608 1744 2662 Detur
1765 2607 1838 2661 de
1865 2610 1966 2662 tuo

313 2694 539 2767 aliquid
569 2709 674 2767 pro
696 2691 1450 2764 necessitate,interjaciens
1469 2692 1750 2750 orationis
1770 2693 1968 2767 piissi-

313 2785 396 2840 mi
423 2781 828 2854 Redemptoris
848 2779 1205 2854 legationem
1225 2781 1450 2837 auditui
1471 2783 1787 2854 (614).Quis
1809 2784 1967 2840 enim

313 2873 447 2939 scit,
499 2872 548 2928 si
579 2875 974 2940 convertatur,
1004 2874 1062 2926 et
1109 2870 1393 2942 ignoscat,
1443 2875 1502 2926 et
1549 2875 1844 2928 avertatur
1892 2874 1968 2929 ab

312 2962 404 3018 ira
425 2961 664 3030 furoris,
697 2965 755 3016 et
784 2975 900 3016 non
930 2975 1132 3032 pereas
1163 2960 1556 3017 mternaliter?
1577 2961 1802 3018 Periisti
1834 2963 1964 3036 qui—

315 3051 448 3114 dem
473 3045 878 3106 criminaliter.

995 3181 1282 3240 PRECES.

385 3319 534 3376 Ecce
573 3333 702 3391 ego,
764 3316 1030 3381 Domine,
1079 3331 1210 3372 ecce
1261 3331 1388 3389 ego,
1419 3317 1520 3388 qui
1578 3317 1795 3390 dignus
1849 3335 1968 3375 non

317 3408 546 3466 fueram
579 3406 764 3462 miser-
785 3409 846 3461 et
873 3403 1328 3477 infelix-ingredi
1368 3405 1518 3460 atria
1545 3405 1800 3462 ecclesia:
1831 3411 1966 3476 tuae,

315 3513 424 3552 nec
457 3512 561 3568 per
589 3494 794 3550 limina
824 3497 1028 3550 sancta
1056 3493 1275 3548 intrare
1295 3493 1538 3548 domum
1565 3497 1970 3551 tuam.accedo

313 3586 386 3642 ad
445 3583 904 3640 ministrandum
955 3581 1182 3638 sanctis
1229 3580 1514 3637 altaribus
1569 3581 1706 3650 tuis,
1758 3586 1814 3638 ct
1843 3588 1968 3638 asto

310 3691 456 3732 reus
480 3677 538 3730 et
567 3675 836 3745 peccator
881 3675 1018 3730 ante
1069 3673 1450 3743 conspectum
1504 3669 1712 3726 divinae
1753 3672 1970 3742 majes-

307 3764 618 3834 tatis-tuaa,
645 3761 774 3817 sine
819 3759 940 3816 ullo
998 3763 1208 3815 ornatu
1265 3758 1403 3813 boni
1457 3759 1669 3830 operis,
1727 3763 1786 3815 et
1842 3759 1970 3816 sine

307 3849 434 3906 ullo
461 3848 660 3906 fructu
689 3848 869 3920 digno
917 3845 1292 3920 paenitentiae,
1326 3851 1383 3902 et
1411 3847 1538 3902 sine
1575 3847 1696 3903 ulla
1723 3847 1810 3904 vel
1843 3848 1970 3905 sola

307 3937 666 4012 cogitatione
693 3936 935 3992 munda.
972 3935 1448 4008 Indignus-enim
1480 3940 1538 3992 et
1585 3935 1964 3994 sceleratissi-

307 4043 612 4086 mus-sum
664 4025 883 4096 nimis;
918 4025 1020 4082 sed
1062 4025 1136 4081 de
1163 4029 1269 4082 tua
1315 4025 1596 4082 ineffabili
1645 4026 1858 4099 pietate
1909 4033 1968 4085 et

307 4167 882 4228 codicisLobiensis.
915 4167 980 4224 In
1005 4167 1144 4223 edit.
1185 4167 1445 4225 Marteno
1501 4173 1560 4224 et
1603 4168 1840 4226 Durand
1893 4171 1966 4228 ad

309 4241 450 4310 hac,
477 4241 773 4302 mendose.
807 4239 936 4295 Haec
967 4243 1168 4295 autem
1216 4239 1394 4296 editio
1441 4239 1598 4296 intra
1642 4259 1824 4298 uncos
1855 4244 1962 4300 ad-

309 4315 398 4387 dit
426 4327 556 4387 quae
583 4317 716 4387 ante
746 4313 927 4382 legisti
935 4328 961 4387 _;
987 4326 1094 4366 nec
1112 4315 1307 4387 tamen
1330 4312 1400 4366 ad
1415 4311 1745 4387 sanandum
1767 4313 1960 4387 locum

307 4382 548 4441 videtur
567 4384 862 4458 sufﬁcere.
891 4383 950 4437 Si
977 4399 1110 4439 vero
1163 4382 1350 4458 initio
1380 4399 1484 4453 pro
1533 4384 1684 4458 Quid.
1703 4384 1962 4458 corrigas

309 4458 464 4528 Quae,
495 4472 708 4518 sensus
737 4454 884 4512 satis
913 4471 1116 4530 aequus
1145 4451 1399 4520 redibit;
1431 4469 1564 4508 cum
1594 4453 1753 4508 enim
1785 4451 1966 4580 inpo-

309 4528 551 4580 stremis
579 4526 866 4580 praemissi
896 4523 1272 4580 Paschasiani
1314 4523 1505 4580 oneris
1549 4524 1840 4580 capitibus
1892 4543 1963 4580 ex

307 4525 551 4610 {tremis
576 4526 866 4610 prfnmissi
896 4525 1505 4610 Iinébhasia‘ni-operis
1549 4525 1840 4610 capitibus
1867 4525 1963 4610 lex

307 4581 388 4656 de
405 4581 515 4678 Eli
525 4581 665 4672 agili
675 4581 980 4678 paschalis
1000 4595 1262 4678 exposita
1283 4581 1474 4678 fuerit,
1490 4597 1603 4678 .ut“
1591 4581 1802 4678 modus
1819 4596 1965 4678 indi-
1992 4581 2040 4647 D

307 4676 548 4728 caretur
568 4663 850 4726 sumendi
872 4663 1130 4740 corporis
1154 4663 1542 4740 etisanguinis
1561 4665 1816 4740 Domini,
1841 4666 1962 4740 hac

307 4743 507 4816 prima
535 4737 1160 4816 exhortationisverba
1171 4739 1265 4816 _sic
1295 4737 1687 4816 construenda
1707 4741 1765 4794 et
1793 4739 1968 4816 expli-

307 4809 1050 4899 candavidenturzfegisti
1073 4809 1269 4894 'cdli-uc
1296 4816 1347 4865 et
1368 4810 1672 4899 perlegisti,
1704 4825 1734 4865 ο
1761 4809 1969 4899 charis-

477 4883 767 4968 (in.0pere
811 4881 1126 4940 Paschasii.
1152 4883 1277 4953 jam
1319 4881 1652 5006 praemisso)
1703 4897 1830 4953 qua:
1877 4883 1968 4940 lex

305 4953 518 5040 tibi-sil
549 4955 854 5027 servanda,
877 4959 943 5011 ut
961 4969 1190 5010 sacram
1212 4968 1316 5009 euc
1363 4956 1622 5008 aristiam
1651 4957 1805 5010 recte
1833 4970 1968 5028 per-

307 5044 534 5180 ωῗξῖᾚ)
561 5093 914 5180 éddi‘lllpus
941 5103 1004 5153 ut
1030 5111 1104 5152 ex
1129 5087 1328 5178 uestri)
1349 5095 1702 5180 “oga-mhi):

382 5167 536 5244 (6H)
567 5168 992 5244 Repetitionem
1020 5183 1230 5224 vocum
1258 5167 1436 5222 sinon
1469 5167 1615 5222 vales
1647 5167 1800 5224 idem
1831 5185 1966 5241 apo-

305 5240 606 5371 gragihum
636 5240 922 5297 exhibuit.
1692 5308 1704 5322 ι
1871 5240 1882 5241 “

383 5319 402 5371 (
445 5315 534 5371 12)
566 5313 656 5370 Ita
680 5309 892 5369 melius
930 5327 1000 5368 ex
1048 5311 1252 5366 eodem
1300 5325 1412 5364 ms.
1464 5323 1642 5371 quam
1689 5325 1750 5365 1n
1794 5311 1882 5366 edi

383 5309 534 5396 (61g)
566 5313 656 5370 Ita
680 5309 892 5369 melius
930 5327 1000 5368 ex
1048 5311 1252 5366 eodem
1300 5325 1412 5364 ms.
1464 5323 1642 5380 quam
1689 5309 1750 5365 in
1794 5311 1958 5382 edit.,

259 5455 276 5466 '
303 5385 848 5530 ωἲτὲἲὲῗαοιιειωθ
879 5471 894 5512 :
925 5454 1060 5530 quia
1085 5469 1196 5509 non
1221 5453 1390 5530 vales.
1423 5455 1486 5506 ut
1503 5453 1959 5530 ,ίαξταί-⁶⁰”³¹⁴ι“

299 5521 422 5586 tius
461 5521 832 5598 ﬁctorque»?
877 5521 1062 5582 animo
1108 5525 1462 5598 cessationem
1496 5521 1742 5598 (Scilicet
1777 5542 1818 5598 _a
1866 5541 1959 5582 sa-

299 5594 648 5670 criﬁcando)
674 5594 690 5668 ξ
722 5597 864 5671 hanc
887 5599 1144 5671 promitte
1188 5611 1344 5671 cum_
1365 5594 1643 5671 lacry'mis.
1678 5595 1732 5651 si
1756 5594 1920 5652 datur
1935 5613 1960 5662 ,-

293 5671 360 5730 εἰ
413 5686 549 5739 non,
592 5665 716 5726 cum
757 5665 1024 5742 singilla—
1052 5669 1286 5742 interm.
1319 5665 1651 5742 L’audatum
1709 5682 1962 5742 ςροεςᾳ-

295 5742 498 5818 phum
529 5737 828 5817 suggessit
847 5737 1032 5803 'verba
1063 5740 1205 5800 hanc
1225 5739 1506 5814 promitto,
1535 5753 1672 5800 cum
1723 5737 1962 5810 iii-'édlt.

2067 1980 2284 2037 misero
2313 1983 2382 2036 ad
2411 1987 2466 2037 te
2497 1983 2740 2056 fugienti
2765 1985 2830 2055 [Γ.
2863 1983 3265 2058 confugienti],
3300 1987 3360 2040 et
3405 1989 3540 2056 post
3581 2001 3726 2058 pec-

2065 2073 2198 2125 cata
2246 2087 2312 2126 ac
2353 2071 2570 2127 scelera
2618 2087 2752 2127 mea
2807 2072 2992 2127 multa
3047 2071 3281 2128 diabolo
3331 2073 3717 2144 renuntianti,

2067 2163 2245 2230 atque
2278 2160 2352 2215 ad
2401 2164 2456 2216 te
2486 2159 2796 2217 revertenti
2822 2177 3057 2234 parcere
3101 2165 3158 2216 et
3185 2159 3511 2234 indulgere,
3543 2167 3724 2236 atque

2068 2247 2140 2303 ad
2173 2246 2587 2304 celebrandum
2609 2249 2944 2320 injunetum
2965 2249 3226 2306 ofﬁcium
3245 2253 3726 2324 paterna-pietate

2070 2335 2317 2407 dignum
2348 2353 2440 2392 me
2472 2339 2660 2393 facere
2707 2342 2764 2393 et
2812 2338 3112 2409 suscipere
3159 2337 3437 2408 digneris.
3471 2339 3542 2394 Et
3587 2339 3726 2396 licet

2071 2422 2490 2495 importunius,
2523 2441 2704 2498 quam
2753 2429 3130 2498 competeret,
3179 2441 3274 2480 me
3323 2426 3611 2497 ingeram,
3645 2427 3730 2482 si»

2075 2513 2314 2584 quidem
2345 2513 2720 2569 interdictum
2757 2513 2904 2568 mihi
2945 2517 3068 2568 tam
3090 2512 3323 2579 veteris,
3359 2529 3535 2584 quam
3567 2529 3728 2570 novas

2075 2601 2224 2674 legis
2253 2618 2502 2658 censura
2549 2603 2818 2674 ignorare
2873 2617 2988 2657 non
3025 2599 3230 2668 valeo;
3259 2617 3396 2657 cum
3441 2589 3502 2658 et
3541 2607 3728 2660 exter-

2075 2690 2400 2747 minatores
2423 2689 2739 2765 impiorum
2771 2695 2946 2764 atque
2967 2689 3238 2746 custodes
3267 2705 3570 2748 sacrorum
3589 2690 3732 2748 alta-

2075 2778 2230 2834 rium
2261 2783 2494 2836 tuorum
2521 2779 2780 2854 angelos,
2829 2795 2970 2836 vasa
3015 2779 3440 2836 interfectionis
3489 2780 3547 2838 in
3599 2797 3732 2838 ma-

2075 2868 2248 2925 nibus
2272 2875 2586 2942 gestantes,
2623 2870 2806 2926 sacris
2837 2868 3092 2925 oraculis
3137 2867 3268 2926 tuis-
3289 2886 3404 2926 non
3449 2869 3728 2928 incredu-

2071 2955 2166 3014 lus
2195 2957 2376 3015 sciam
2401 2958 2639 3015 omnino
2688 2964 3002 3032 praesentes
3034 2959 3285 3031 (Eezech.
3319 2976 3398 3028 ix,
3431 2959 3524 3029 l);
3557 2965 3732 3034 capta

2073 3050 2271 3104 tamen
2303 3049 2450 3121 (615)
2477 3049 2602 3120 jam
2633 3047 2772 3104 olim
2821 3047 3298 3121 praesumptionis
3345 3049 3602 3120 quadam
3653 3051 3725 3108 de

2071 3139 2176 3194 tua
2202 3155 2336 3194 vera
2367 3136 2767 3195 misericordia
2813 3137 3052 3202 ﬁducia,
3082 3136 3224 3209 quia
3277 3135 3498 3194 scilicet
3539 3155 3727 3210 usque

1995 3215 2040 3282 Ε
2077 3226 2252 3282 etiam
2285 3227 2355 3282 ad
2387 3227 2565 3292 istud,
2601 3243 2716 3298 quo
2755 3225 3110 3282 inveteratus
3157 3225 3386 3282 dierum
3435 3225 3736 3284 malorum.

2078 3314 2312 3386 perveni
2369 3319 2424 3370 te
2467 3331 2700 3386 semper
2747 3315 3004 3380 irritatis,
3058 3313 3312 3382 senium,
3367 3330 3460 3370 me
3507 3313 3738 3372 ultores.

2079 3401 2164 3456 illi
2195 3402 2449 3468 [subaudi
2478 3401 2692 3473 angeli]
2745 3405 3004 3466 tuarum,
3053 3401 3319 3466 Domine,
3353 3400 3740 3471 iniuriarum,

2079 3507 2216 3556 non,
2249 3493 2314 3544 ut
2343 3489 2586 3560 dignum
2617 3490 2828 3552 fuerat,
2861 3487 3298 3554 interfecerunt,
3330 3487 3582 3543 scientes
3613 3489 3728 3543 for-

2079 3579 2254 3645 sitan,
2307 3577 2447 3648 quia
2493 3574 2824 3648 benignitas
2877 3577 2980 3630 tua
3027 3575 3100 3628 ad
3161 3573 3564 3646 paenitentiam
3613 3590 3746 3644 me,

2077 3665 2570 3722 thesaurizantem
2609 3663 2744 3718 licet
2771 3663 2920 3718 iram
2965 3663 3024 3718 in
3069 3661 3162 3718 die
3215 3661 3312 3718 irae
3343 3665 3400 3718 et
3429 3661 3732 3720 revelatio-

2079 3756 2188 3811 nis.
2221 3753 2380 3826 justi.
2425 3752 2638 3825 judicii
2699 3751 2802 3817 lui,
2863 3750 3294 3824 patientissime
3349 3755 3728 3824 exspectaret,

2076 3843 2430 3902 habentibus
2460 3841 2637 3900 etiam
2670 3842 2982 3898 adversum
3031 3857 3124 3900 me
3172 3839 3376 3898 multis
3425 3841 3584 3900 mala
3611 3843 3727 3900 fra-

2075 3935 2318 4012 tribus;
2351 3933 2510 4007 quie,
2562 3931 2826 4000 Domine,
2879 3935 3274 4001 asto,.verum
3315 3937 3626 4006 suspectus
3672 3937 3732 3991 et

2073 4029 2350 4092 tremens,
2383 4040 2457 4082 ne
2485 4021 2682 4080 subito
2713 4021 2937 4095 utique,
2987 4025 3046 4078 te
3093 4020 3160 4080 in
3205 4037 3470 4097 corpore-
3493 4025 3564 4079 et.
3589 4039 3727 4080 san-

2073 4169 2304 4224 deesset
2333 4168 2492 4232 hanc,
2525 4169 2581 4223 et
2609 4165 2927 4222 haberetur
2953 4167 3250 4238 prwmitte.

2141 4242 2290 4311 (614)
2322 4239 2480 4296 Idem
2531 4238 2956 4311 apographum,
3013 4240 3191 4311 intus_
3209 4239 3428 4311 jac-iens
3483 4239 3728 4293 orationi

2064 4307 2333 4386 piissimo
2351 4307 2718 4386 Redemptoris
2750 4307 3035 4386 _legatigma
3063 4307 3322 4386 auditui.
3372 4310 3728 4386 Gpnstruen-

2071 4376 2214 4446 dum
2243 4382 2474 4437 videtur
2505 4376 2901 4452 {interﬁciens
2932 4377 3548 4452 legationempratimis
3567 4376 3728 4452 audi-

2070 4444 2150 4524 (tu
2168 4454 2412 4524 piissimi
2442 4444 2809 4524 Redemptoris
2831 4444 3173 4524 ;legationis
3193 4444 3350 4524 enim
3380 4445 3723 4524 ngni_en_-Ra.-

2070 4468 2150 4508 tut
2168 4469 2411 4524 pnsszmt
2442 4468 2636 4506 necem
2675 4468 2809 4504 torta
2831 4468 3173 4520 ;iegauonls
3193 4468 3350 4501 enim
3381 4468 3593 4500 nomen
3613 4468 3723 4502 na.-

2067 4523 2292 4578 therius
2315 4523 2588 4593 precibus
2619 4468 2973 4593 ﬁequonter
2995 4511 3570 4576 accommodati/ide
3597 4515 3726 4574 loca

2071 4535 2292 4578 tuerius
2315 4535 2588 4593 precibus
2619 4535 2954 4643 neq/uenter
2995 4535 3024 4576 a

2071 4594 2131 4648 in
2155 4593 2344 4648 indice
2375 4591 2682 4663 designata
2766 4633 2778 4645 .
2815 4591 3024 4647 Oratio.

2145 4664 2292 4735 (615)
2323 4659 2606 4720 Construe
2637 4679 2651 4716 :
2683 4670 2843 4735 capta
2863 4711 2866 4714 λ
2889 4668 3072 4718 tamen
3101 4659 3337 4735 quadam
3372 4659 3578 4735 ﬁducia
3599 4661 3725 4733 jam

2076 4737 2208 4792 olim
2232 4731 2678 4808 praesumptionis
2705 4731 2774 4788 de'
2803 4737 3054 4808 (novena
3075 4731 3611 4804 misericordia,quid
3622 4735 3726 4808 sci-

2076 4808 2202 4864 licet
2231 4805 2322 4864 illi
2352 4805 2590 4880 (angeli)
2605 4806 2808 4862 tutores
2827 4805 3170 4880 iniuriarum
3187 4811 3430 4880 taurum,
3459 4807 3720 4880 Domine,

2073 4897 2184 4937 non
2217 4875 2605 4950 interfecerunt
2647 4893 2754 4944 me,
2807 4875 2895 4932 ut
2915 4875 3148 4950 dignum
3190 4877 3414 4950 fuerat,
3443 4892 3614 4948 usque
3653 4876 3726 4950 ad

2073 4952 2218 5008 istud
2235 4947 2583 5022 senium,quo
2601 4951 2930 5022 inveteratus
2955 4947 3172 5022 dierum
3185 4947 3460 5022 malorum
3467 4947 3723 5018 perueni,

2073 5040 2285 5095 semper
2313 5019 2542 5078 irritans
2563 5029 2615 5076 te
2634 5041 2655 5088 ;
2683 5036 2795 5095 non
2842 5020 3257 5095 ξηιεῖνΐθᾳεναηι,
3311 5019 3562 5095 inﬂa"?!
3613 5035 3720 5095 ηιε,

2071 5091 2300 5151 scientes
2352 5095 2608 5165 forsitan,
2657 5092 2804 5165 quia.
2839 5091 3148 5162 benignitas
3193 5099 3288 5165 uta
3321 5091 3725 5165 patientissime

2071 5161 2401 5240 exspectaret
2427 5181 2547 5240 me,
2579 5161 2704 5240 licet
2732 5161 3204 5240 thesaurisantem
3229 5163 3373 5240 iram
3419 5162 3488 5240 in_
3505 5161 3596 5240 die
3614 5163 3744 5240 _irw-

2071 5243 2124 5294 et
2151 5233 2500 5294 reuelationis
2519 5233 2881 5308 justijudicii
2903 5235 3006 5298 tui,
3035 5233 3228 5308 multis
3273 5233 3725 5308 et_ia1pfratn‘bus

2071 5309 2397 5372 habentibus
2425 5305 2574 5364 mala
2602 5305 2890 5361 adversum
2933 5321 3021 5359 me
3043 5321 3064 5368 ,'
3095 5307 3245 5377 quia,
3296 5305 3544 5377 Domine,
3582 5311 3718 5371 asto,

2071 5397 2260 5438 verum
2282 5385 2558 5451 suspectus
2607 5381 2662 5432 et
2705 5381 2958 5451 tre-mens,
2986 5392 3055 5433 ne
3095 5375 3276 5431 subito
3305 5377 3506 5451 utique
3517 5376 3716 5444 fer-iur,

2071 5457 2130 5509 ut
2151 5447 2489 5526 justum'est,
2518 5452 2788 5526 praesente
2817 5457 2868 5526 te
2897 5449 3198 5526 incorpore
3225 5451 3278 5504 et
3301 5447 3575 5515 sanguine
3603 5453 3716 5526 lno;

2068 5519 2190 5582 cuin
2223 5519 2656 5594 nusquamﬁcsis
2677 5519 3142 5594 pigjdjvinitatem
3167 5536 3181 5586 ;
3194 5533 3362 5594 porge
3385 5527 3587 5594 tamen,
3605 5520 3715 5570 etc.

2071 5599 2200 5670 Haec
2227 5585 2352 5651 tam
2379 5591 2605 5670 prolixa
2633 5585 2712 5648 ac
2729 5589 2982 5648 difﬁcilis
3002 5585 3266 5670 syntaiis
3293 5585 3716 5648 Ratherianum

2070 5668 2298 5742 stylum'
2319 5663 2575 5723 exhibet.
