4060 6176
250 375 371 441 457
1141 377 1567 450 INVECTIVA
1610 384 1714 449 ne
1755 382 2194 452 TRANSLAT.
2242 388 2307 453 s.
2349 386 2774 455 MATRONIS.
3536 342 3654 451 ise

249 513 359 569 Sed
388 512 545 570 808
576 528 901 569 reveranon
914 514 1096 586 doles;
1120 519 1219 574 sed
1233 519 1429 577 dolore
1454 523 1508 576 te
1529 521 1602 576 ad
1624 534 1900 593 quorum-
1923 519 1982 588 Α
2009 526 2225 593 gasset,
2256 523 2407 579 ειη
2444 524 2613 595 cujus
2644 523 2741 579 ille
2772 523 2977 578 beatus
2995 521 3170 578 fuerit
3190 519 3538 588 sanctitatis,
3560 519 3656 578 ille

248 603 384 659 dam
417 600 855 675 sugillationem
887 604 1132 662 subdola
1161 608 1511 681 ﬁngis.Nam
1542 610 1592 664 si
1620 609 1901 665 veraciter
2008 627 2121 666 non
2154 612 2225 667 ad
2258 611 2475 667 librum
2499 630 2561 669 se
2581 611 3131 684 contulitgestorum
3150 609 3308 665 illius
3339 608 3536 665 studio
3558 606 3658 664 ali-

245 691 497 749 amissos
527 690 775 760 doleres,
796 692 1026 751 relictos
1038 696 1327 754 devotiore
1344 697 1505 755 cultu
1537 702 1711 771 atque
1733 699 1897 755 obse—
2005 701 2175 772 cujus
2205 705 2439 757 tuorum
2472 702 2778 766 dictatum,
2802 701 2902 756 sed
2919 700 2989 756 ad
3010 699 3225 756 famam
3255 696 3654 755 veridicamil-

244 780 381 855 quia
412 781 829 852 fl‘e‘luentares.
2004 788 2219 858 lorum,
2254 790 2354 862 qui
2386 807 2520 846 cum
2544 789 2856 846 Psalmista
2882 788 3151 845 valebant
3194 791 3457 845 cantare:
3490 788 3651 856 Deus,

314 871 366 926 4.
400 869 549 926 Vere
576 873 795 942 tamen,
818 888 1154 946 quanquam
1187 876 1473 933 invidiose
1490 876 1596 933 tibi
1624 877 1894 950 praelatos
2002 880 2233 936 auribus
2264 882 2462 937 nostris
2491 880 2821 947 audivimus,
2851 883 3034 951 patres
3060 880 3239 935 nostri
3283 880 3653 934 annuntiave-

240 958 433 1016 valeas
464 956 854 1031 obloquendo,
883 966 949 1018 ut
976 964 1227 1033 conaris,
1261 964 1701 1037 reprehendere,
1726 969 1782 1023 te
1803 970 1890 1023 ta-
2000 976 2133 1025 runt
2158 970 2315 1026 nobis
2342 970 2517 1038 (Psal.
2549 986 2705 1037 XLIII,
2758 968 2831 1040 1).
2865 968 3089 1034 Quibus
3143 967 3531 1023 referentibus
3560 967 3651 1023 di-

243 1065 376 1105 men
419 1046 713 1116 meliores,
750 1049 986 1119 suadeo,
1027 1053 1245 1126 cogites
1288 1055 1533 1110 minime
1578 1055 1885 1112 meruisse.
1996 1057 2158 1127 dicit,
2193 1059 2347 1130 quod
2369 1062 2609 1115 sanctus
2625 1054 3649 1127 isdeminadolescentiahujusmodi

240 1137 473 1193 Dictum
502 1135 659 1192 enim
685 1136 756 1192 de
787 1137 902 1194 Deo
933 1138 1147 1213 legitur
1174 1143 1573 1211 veracissime,
1606 1145 1761 1216 quod
1793 1161 1886 1200 re-
1994 1146 2165 1203 fuerit
2196 1148 2422 1203 actibus
2442 1144 3098 1217 saeculiimplicatus,de
3114 1143 3330 1217 quibus
3350 1143 3649 1201 libercon-

239 1241 411 1298 gnara
434 1226 607 1298 faciat
633 1224 979 1297 hypocritam
1003 1235 1230 1301 propter
1261 1240 1481 1303 peccata
1521 1233 1882 1305 populi.(Job.
1992 1236 2140 1292 tinet
2172 1236 2252 1292 ita
2279 1236 2513 1291 divinus
2538 1252 2551 1290 :
2588 1236 2696 1303 Qui
2722 1236 2952 1306 cupiunt
2978 1234 3175 1289 divites
3208 1235 3270 1289 in
3297 1232 3397 1288 hoc
3441 1234 3645 1290 saeculo

238 1331 431 1382 xxxxv,
462 1314 575 1382 30).
607 1315 853 1387 Ipseque
880 1316 952 1372 de
982 1333 1081 1373 se:
1114 1319 1281 1389 Dabo,
1303 1319 1516 1393 inquit,
1548 1322 1626 1377 eis
1655 1324 1887 1392 regesin
1993 1323 2137 1392 ﬁeri,
2170 1325 2424 1380 incidunt
2453 1326 2513 1379 in
2559 1324 2926 1396 muscipulam
2953 1330 3006 1380 et
3062 1323 3321 1394 laqueum
3364 1320 3574 1378 diaboli
3602 1322 3652 1394 (Ι

239 1404 427 1473 furore
450 1419 589 1471 meo,
621 1407 675 1458 et
703 1404 763 1457 in
792 1404 881 1458 ira
908 1421 1030 1461 mea
1070 1407 1214 1477 (Ose.
1270 1425 1392 1471 xm,
1427 1409 1551 1476 11):
1607 1413 1674 1464 ut
1721 1425 1886 1481 reges
1996 1412 2131 1466 Tim.
2162 1429 2240 1479 v1,
2268 1412 2349 1483 9),
2381 1412 2543 1477 Quod
2574 1429 2708 1467 cum
2740 1412 2791 1468 ei
2815 1413 2977 1483 justo
3023 1411 3138 1467 Deo
3188 1409 3646 1467 misericorditer

242 1508 353 1548 non
383 1508 480 1547 eos
508 1490 721 1557 solum,
755 1491 857 1563 qui
878 1493 1532 1552 itaconsuetudinaliter
1549 1513 1888 1569 nuncupau-
1996 1498 2390 1569 permittente,
2424 1504 2488 1554 ut
2518 1499 2721 1554 multis
2749 1516 2900 1571 saepe
2929 1498 3081 1567 aliis,
3116 1499 3478 1572 contigisset,
3510 1515 3645 1557 rea-

219 1583 330 1634 .tur
358 1580 418 1634 in
449 1578 682 1647 saaculo,
714 1581 818 1636 sed
848 1585 907 1636 et
936 1587 1180 1639 cunctos
1206 1584 1500 1657 intelligas
1532 1585 1791 1657 quolibet
1824 1587 1884 1642 in
1994 1590 2094 1642 tus
2128 1587 2219 1642 sui
2252 1587 2715 1642 consideratione
2744 1591 3065 1658 permotus,
3097 1603 3160 1642 se
3206 1592 3409 1643 contra
3438 1603 3499 1644 se
3526 1605 3643 1646 non

229 1667 432 1723 ordine
461 1667 684 1724 caeteris
702 1669 773 1724 ad
792 1669 1240 1741 gubernandum
1254 1673 1540 1743 praelatos.
1568 1674 1881 1747 Martyrem
1991 1674 2246 1730 tardavit
2276 1675 2514 1747 erigere,
2549 1675 2755 1731 mundi
2786 1674 2966 1745 hujus
2996 1674 3194 1731 omnia
3213 1674 3558 1747 relinquere,
3580 1680 3647 1732 ut

227 1772 368 1812 sane
396 1759 569 1813 tuum
601 1757 650 1813 si
682 1761 985 1829 tantopere
1001 1758 1305 1832 diligebas,
1341 1765 1405 1815 ut
1426 1762 1565 1833 quid
1589 1766 1709 1818 tam
1729 1763 1880 1819 male
1991 1763 2295 1834 expeditus
2325 1768 2383 1818 et
2413 1762 2579 1830 liber,
2609 1762 2715 1818 soli
2747 1763 2994 1818 Domino
3016 1767 3215 1836 posset
3240 1779 3466 1820 vacare.
3490 1764 3646 1820 Sico-

226 1844 618 1902 custodieras?
646 1847 1018 1903 Consenserit
1047 1864 1207 1916 sane,
1241 1848 1614 1905 utcriminari
1647 1854 1879 1906 conten-
1905 1882 1955 1947 B
1987 1866 2221 1906 morum
2251 1850 2449 1923 itaque
2479 1851 2671 1906 crucis
2702 1867 2837 1906 cum
2868 1851 3129 1917 Zachazo,
3165 1855 3231 1907 ut
3257 1852 3463 1908 Jesum
3491 1851 3643 1909 libe-

225 1935 341 2004 dis,
367 1934 561 1991 altiori
592 1934 738 1991 forte
782 1934 1047 2003 consilio,
1100 1935 1319 2008 Deique
1368 1936 1622 2009 amplius
1666 1954 1873 1995 conve-
1905 1934 1954 1988 ."
1984 1939 2205 1994 randus
2234 1939 2471 2007 videret,
2492 1938 2757 1994 ascendit
2784 1942 3068 2005 (Luc.xnx,
3090 1939 3163 2011 4);
3198 1944 3254 1995 et
3267 1955 3339 1995 ne
3371 1942 3638 1997 eamdem

224 2024 409 2081 nienti
440 2023 723 2097 disposito
752 2027 891 2080 tuus
921 2024 1250 2098 episcopus:
1273 2030 1357 2095 tu,
1387 2044 1511 2098 quae
1540 2031 1769 2083 tantum
1788 2029 1870 2083 fa-

220 2115 393 2171 cinus
421 2114 1036 2187 perhorrueras,nosse
1052 2113 1179 2170 volo
1209 2115 1873 2184 curabhorrueris.Quia

218 2202 954 2277 pessimum,inquis,quod
968 2202 1050 2258 ita
1059 2207 1291 2260 sanctos
1303 2204 1603 2276 perdimus
1615 2210 1866 2262 nostros.

216 2290 559 2349 Verissime:
593 2290 693 2348 sed
724 2290 1164 2348 convenientius
1194 2291 1434 2361 diceres,
1479 2293 1633 2366 quod
1682 2295 1865 2351 sancti

216 2382 303 2437 ita
331 2398 440 2438 nos
461 2380 696 2453 fugiunt
723 2380 929 2436 nostri.
963 2380 1178 2453 Turpis
1228 2398 1370 2437 sane
1420 2381 1569 2438 lucri
1619 2384 1870 2455 cupidus

215 2486 356 2527 cum
386 2486 559 2526 nemo
589 2468 668 2525 sit
695 2471 969 2537 sanctus;
994 2468 1307 2526 honestum
1321 2472 1608 2527 relutasse
1634 2471 1870 2528 lucrum

216 2576 392 2616 nemo
420 2558 719 2614 invenitur
746 2563 1107 2614 sanctorum.
1140 2562 1462 2615 Honestum
1481 2576 1616 2615 vero
1637 2559 1868 2617 lucrum

215 2655 327 2715 est,
360 2648 517 2720 quod
531 2645 742 2703 ccelum
755 2645 1093 2719 locupletat,
1112 2650 1399 2703 tartarum
1411 2648 1644 2719 spoliat.
1664 2650 1721 2703 Si
1735 2666 1870 2705 vero

213 2741 272 2792 te
303 2736 551 2810 fugienti
579 2752 813 2808 quoquo
844 2735 1055 2791 adnisu
1084 2735 1222 2792 illuc
1248 2736 1333 2792 ire
1363 2737 1718 2810 complacuit
1740 2756 1871 2793 san-

212 2827 445 2881 ctorum
477 2822 671 2889 alicui,
705 2822 803 2877 ubi
838 2839 942 2894 pro
987 2823 1322 2891 reverentia,
1354 2841 1554 2897 quam
1602 2842 1781 2898 penes
1811 2831 1868 2883 te

212 2912 459 2968 minime
489 2911 761 2978 habebat,
794 2910 909 2966 sibi
941 2927 1139 2967 amore
1168 2911 1381 2968 Christi
1405 2912 1664 2969 exhibita
1692 2932 1865 2987 para-

1982 2027 2042 2083 in
2073 2028 2316 2101 angaria
2343 2043 2478 2082 cum
2510 2027 2744 2083 Simone
2776 2028 3172 2099 (Matthxxvn,
3204 2029 3318 2100 32),
3353 2030 3454 2084 sed
3482 2045 3639 2086 eam-

1980 2117 2111 2173 dem
2144 2115 2449 2172 cumvitiis
2461 2120 2518 2172 et
2528 2116 3015 2189 concupiscentiis
3040 2116 3482 2175 mortiﬁcandus
3496 2135 3634 2177 cum

1980 2206 2227 2275 Christo,
2261 2222 2378 2262 non
2405 2205 2600 2277 aliquo
2626 2209 2908 2277 tempore,
2931 2206 3035 2261 sed
3057 2206 3335 2277 quotidie,
3356 2206 3476 2264 imo
3499 2225 3637 2266 con-

1981 2294 2142 2351 tinue
2174 2295 2378 2363 ferret;
2409 2293 2525 2349 tale
2566 2293 2679 2350 sibi
2727 2294 2912 2349 fertur
2958 2292 3314 2365 supplicium
3362 2294 3632 2368 elegisse,

1980 2384 2136 2455 quod
2168 2382 2398 2438 etiamsi
2412 2384 2603 2437 carnis
2617 2382 2941 2454 petulantia
2953 2382 3141 2436 victus
3152 2381 3349 2447 vellet,
3372 2384 3634 2440 omnimo

1983 2473 2251 2544 nequiret
2280 2472 2542 2526 evadere.
2574 2468 2961 2525 Publicanum
2994 2485 3057 2524 se
3088 2470 3245 2525 enim
3281 2473 3339 2523 et
3368 2475 3635 2540 peccato-

1981 2577 2104 2616 rem
2138 2560 2291 2615 ultra
2319 2575 2524 2613 omnes
2548 2557 2880 2628 dijudicans
2910 2556 3202 2624 homines,
3235 2555 3488 2612 ecclesia:
3520 2558 3634 2614 sibi

1980 2648 2187 2704 limina
2217 2647 2533 2704 obstruxit:
2568 2664 2602 2702 a
2650 2644 2821 2718 longe
2860 2650 2925 2700 ut
2971 2645 3209 2716 stando,
3258 2646 3398 2701 Deus
3439 2648 3631 2719 propi-

1980 2741 2090 2794 tius
2119 2744 2231 2793 esto
2286 2738 2430 2792 mihi
2481 2736 2753 2807 peccatori
2799 2734 2952 2806 (Luc.
3005 2751 3162 2800 XVIII,
3200 2735 3312 2806 13),
3365 2752 3497 2791 cum
3530 2735 3628 2793 illo

1976 2828 2089 2883 alio
2117 2825 2570 2882 misericorditer
2600 2824 2915 2895 iustiﬁcata
2947 2827 3145 2896 posset
3175 2822 3449 2894 clamare,
3493 2843 3625 2897 pro-

1972 2916 2118 2972 vidit
2148 2917 2314 2988 (645).

210 3003 381 3059 disus
407 3003 480 3058 de
509 3000 823 3056 animabus
838 2999 1159 3073 repleretur
1187 3002 1406 3057 devotis
1426 3002 1719 3071 aetherius,
1744 3008 1861 3059 tar-
2042 3007 2096 3061 6.
2129 3006 2240 3061 Sed
2270 3021 2374 3060 cur
2414 3021 2517 3076 pro
2566 3019 2801 3077 magno,
2862 3005 3018 3076 quod
3050 3004 3318 3060 convenit
3374 3005 3620 3063 minime

207 3095 409 3147 tareus
436 3092 790 3146 vacuaretur
818 3088 1115 3159 infernus;
1148 3106 1282 3146 cum
1312 3108 1416 3163 per
1460 3095 1546 3147 tot
1569 3110 1859 3150 annorum
1969 3094 2162 3151 stando
2182 3098 2207 3147 ?
2237 3092 2407 3165 quasi
2441 3096 2596 3160 ante,
2623 3091 2713 3148 vel
2744 3096 2878 3164 post
2906 3108 3265 3165 quemquam
3291 3098 3623 3150 nostratum

211 3178 506 3236 curricula
534 3177 1466 3251 prodevotioneconsimilinullus
1486 3180 1595 3237 hoc
1615 3182 1861 3239 meruis—
1901 3250 1933 3255 _
1971 3183 2083 3240 sibi
2104 3182 2216 3255 ipsi
2230 3181 2485 3253 aliquem
2502 3181 2682 3253 hujus
2699 3180 3109 3236 aestimationis
3148 3180 3437 3241 audierim
3468 3182 3623 3238 intu-

211 3273 299 3326 set
326 3250 585 3337 tuorum,
619 3268 940 3323 cavendum
973 3284 1046 3323 ne
1076 3267 1202 3323 cceli
1229 3269 1481 3326 videaris
1501 3271 1860 3342 profectibus
1891 3250 1933 3317 (αἶ
1972 3272 2113 3328 lisse
2127 3250 2512 3343 martyrium,
2546 3269 2975 3342 Congruentius
3007 3286 3150 3326 sane
3178 3269 3434 3327 dicerem
3476 3272 3628 3329 volu-

215 3358 390 3423 aﬂici,
424 3357 660 3414 damnis
689 3356 891 3412 laetari.
924 3356 1043 3413 Hoc
1082 3357 1317 3429 quippe,
1365 3358 1521 3429 quod
1568 3365 1862 3416 monstras
1972 3362 2154 3429 tando,
2190 3376 2305 3415 non
2336 3360 2494 3415 enim
2526 3364 2806 3414 consonat
2835 3359 3046 3413 stando.
3071 3358 3144 3413 Ut
3158 3359 3315 3414 enim
3339 3376 3439 3417 eos
3460 3362 3626 3417 omit-

215 3446 502 3521 exemplo,
535 3462 641 3503 nec
670 3445 826 3518 apud
856 3448 914 3501 te
943 3444 1051 3515 vis,
1087 3461 1193 3501 nec
1222 3444 1433 3501 alicubi
1465 3446 1745 3503 honorem
1766 3448 1867 3504 ha-
1971 3455 2114 3517 tam,
2147 3447 2247 3520 qui
2275 3448 2346 3502 ad
2373 3451 2656 3514 ventrem,
2688 3444 2776 3500 vel
2806 3444 3176 3500 stomachum
3210 3446 3465 3501 attinent
3489 3463 3624 3503 cru-

217 3536 391 3592 beant
419 3534 627 3593 sancti.
1972 3539 2184 3603 ciatus,
2216 3534 2629 3597 (consideranti
2671 3532 2827 3587 enim
2877 3536 3085 3587 caetera
3133 3531 3279 3587 illud
3332 3534 3625 3589 aestimare

289 3627 342 3680 5.
374 3625 418 3681 Ο
448 3628 645 3680 autem
676 3638 891 3695 magna
918 3622 1167 3690 Verona,
1196 3622 1334 3677 villa
1350 3623 1645 3695 quondam
1668 3623 1864 3679 Plato-
1973 3624 2226 3693 dimitto)
2259 3624 2332 3678 ad
2361 3621 2646 3678 exteriora
2666 3636 3000 3687 conversus,
3020 3635 3252 3690 poenam
3275 3619 3387 3675 sibi
3406 3619 3629 3678 illatam

1973 3713 2243 3782 referam,
2275 3716 2333 3766 et
2357 3710 2508 3765 hanc
2557 3708 2904 3764 inauditam.
2957 3706 3134 3772 Quasi
3186 3708 3344 3763 enim
3388 3709 3628 3766 tortoris

1971 3799 2312 3874 impiissimi
2341 3804 2399 3855 et
2429 3796 2820 3855 crudelissimi
2853 3796 2966 3853 sibi
3010 3795 3233 3853 diceret
3276 3814 3435 3854 voce:
3484 3800 3629 3868 Quia

1972 3907 2098 3947 cum
2123 3890 2183 3945 in
2213 3890 2414 3944 honore
2439 3903 2600 3954 esses,
2632 3901 2741 3941 non
2774 3885 3100 3942 intellexisti
3149 3892 3495 3958 comparatus
3525 3888 3625 3958 ju-

1973 3979 2167 4036 mentis
2215 3976 2630 4049 insipientibus,
2678 3979 2731 4030 et
2757 3975 2961 4030 similis
3009 3974 3127 4029 illis
3174 3975 3394 4047 effectus
3447 3976 3621 4045 (Psal.

1972 4084 2165 4136 XLVIII,
2201 4067 2314 4137 13);
2334 4067 2715 4138 jumentorum
2766 4065 2880 4120 loro
2910 4071 2958 4120 te
3004 4065 3337 4134 restringere
3380 4054 3520 4134 volo,
3555 4081 3626 4123 ne

1968 4157 2245 4230 petulanti
2269 4158 2385 4210 ritu
2413 4155 2653 4226 amplius
2676 4156 2851 4225 possis
2880 4154 3118 4222 vagari;
3167 4157 3435 4209 catenam
3491 4153 3626 4225 pedi

229 4248 494 4303 naculum
526 4247 634 4304 hoc
650 4246 746 4302 Dei
761 4242 1545 4317 ornasses,Gessenietquod
1562 4252 1865 4303 mutuave-
1975 4244 2257 4319 imposuit
2287 4245 2458 4311 (647),
2492 4243 2733 4315 plumbo
2766 4258 2893 4298 eam
2926 4241 2986 4295 in
3017 4257 3252 4312 magno,
3287 4241 3388 4311 qui
3434 4241 3627 4295 adhuc

232 4337 592 4410 ratcespistis
605 4336 1059 4408 cultor,argento
1070 4334 1157 4390 vel
1170 4351 1312 4390 auro
1326 4339 1679 4406 compsisses
1694 4338 1862 4408 (644).
1976 4341 2112 4390 ante
2132 4335 2379 4404 jannam
2409 4331 2664 4386 basilica:
2679 4331 2857 4401 jacet,
2880 4330 3033 4385 ποθ
3056 4328 3249 4400 lapide
3274 4326 3626 4394 obﬁrmavit,

228 4423 367 4481 Nam
392 4426 463 4481 ad
493 4426 746 4482 dedecus
778 4424 866 4480 tui
893 4440 1025 4480 cum
1066 4423 1308 4495 quidam
1361 4423 1667 4495 praesulem
1718 4425 1866 4496 (645)
1977 4420 2262 4478 circulum
2294 4418 2626 4490 capularem
2660 4418 2795 4489 pedi
2836 4414 3317 4486 circompositum
3364 4416 3631 4469 seratura

233 4514 875 4581 conscius,dicam,tam
889 4512 1124 4586 pretiosi
1145 4510 1418 4567 facinoris
1431 4514 1600 4566 tuum
1622 4513 1872 4567 interro-
1978 4509 2263 4566 ostiorum
2296 4506 2567 4574 firmavit,
2602 4503 2810 4559 clavim
2838 4502 2896 4557 in
2928 4502 3159 4574 gurgite
3189 4496 3437 4572 proximi
3459 4498 3633 4557 Athe-

222 3714 350 3770 nica
376 3713 477 3769 illa
503 3711 768 3783 Athenis,
794 3710 883 3767 vel
907 3710 1090 3767 altera
1115 3727 1231 3781 prae
1246 3711 1624 3768 multitudine
1643 3712 1867 3784 sapien-

221 3803 369 3859 tium
398 3801 705 3870 aestimata,
737 3800 1112 3875 grandisonis
1165 3804 1435 3856 sanctum
1481 3805 1651 3856 tuum
1685 3818 1866 3873 quare

223 3909 337 3948 non
364 3890 652 3949 extuleras
683 3889 917 3947 modis?
946 3888 1062 3944 Cur
1089 3888 1403 3958 mirabilia,
1437 3906 1564 3962 qua:
1594 3905 1699 3963 per
1728 3907 1865 3947 eum

224 3981 376 4037 Deus
404 3981 593 4037 fuerat
622 3982 913 4053 operatus,
946 3977 1054 4034 etsi
1085 3995 1202 4035 non
1235 3978 1475 4034 metrico
1503 3979 1651 4052 style
1672 3979 1869 4053 vulga-

225 4085 319 4126 ras
338 4069 543 4126 saltem
581 4067 886 4142 prosaico?
915 4066 1076 4131 Quod
1109 4065 1274 4138 plebs
1313 4066 1546 4124 indocta
1597 4069 1863 4139 canebat,

224 4157 558 4214 honoratius
571 4162 631 4214 tu
641 4155 1185 4229 ,crede,legisses,et
1197 4172 1305 4211 aere
1319 4156 1522 4228 Taphn
1532 4157 1662 4213 itico
1677 4158 1866 4214 taber-

299 4638 441 4712 (644)
469 4638 781 4712 Construe;
833 4642 885 4712 e_t
933 4638 1537 4712 compsissesargento,
1572 4636 1668 4712 pel
1708 4652 1866 4706 auro,
1896 4612 1945 4677 D
1975 4630 2438 4712 propitiusqstq,
2472 4633 2627 4712 etc.“
2726 4697 2739 4712 τ
2968 4700 2977 4712 _
3034 4711 3038 4712 ί
3094 4695 3108 4712 ι

236 4694 363 4782 quod
386 4694 562 4782 cultor
587 4694 804 4782 cespitis
835 4694 1072 4782 Gesseni',
1102 4707 1160 4763 id
1191 4694 1546 4780 estpopulus
1571 4694 1867 4782 Hebraeus,
1976 4694 1997 4709 ⁵
2051 4694 2198 4776 (647)
2231 4694 2521 4757 Usitatum
2555 4698 2694 4782 olim
2726 4697 2839 4782 hoc
2863 4700 2987 4782 erat
3014 4694 3260 4782 publica:
3275 4694 3629 4782 poenitentiae

238 4764 329 4852 qui
357 4764 860 4838 colueratvterram
884 4764 1129 4849 VGessen,
1163 4795 1264 4835 seu
1292 4764 1616 4853 ‘jE‘gyptum
1674 4764 1866 4852 (Exod:
1978 4764 2193 4853 genus:
2216 4790 2335 4853 _quo
2382 4776 2714 4853 peccatores
2743 4767 2975 4853 publici
3015 4764 3220 4853 catena
3262 4764 3328 4823 ac
3379 4764 3629 4823 vinculis

237 4838 347 4917 vIII,
372 4854 462 4924 22)
494 4861 856 4909 mutuaverat.
1115 4838 1127 4849 ’
1379 4838 1475 4926 W:
1678 4838 1689 4852 ’
1978 4838 2181 4926 ῖειςνείε
2203 4838 2663 4926 jussu—episcopi
2679 4838 2979 4926 constricti
2997 4855 3106 4921 per
3129 4838 3452 4926 loca‘sacr‘a
3468 4853 3630 4910 pere-

301 4909 458 4998 (645)
477 4924 975 4998 Ratheriuseum,
1008 4922 1235 4998 quiusa
1266 4920 1517 4998 prazsule
1548 4923 1871 4998 Veronensi
1981 4909 2385 4998 grinare'ntur:
2409 4909 2872 4998 vinculaautem‘,
2900 4909 3017 4966 nisi
3031 4909 3319 4998 miraculo
3341 4909 3631 4998 solyeren-

240 4981 557 5064 quaesierat,
589 4997 743 5068 cujus
767 4981 1084 5068 filleqbeatus
1128 4981 1356 5068 (Metro)
1377 4995 1685 5068 sanctitatis
1703 4995 1874 5065 fuerit
1980 4981 2096 5058 tur,
2130 5008 2164 5068 a_
2195 4988 2316 5068 solo
2346 4986 2627 5068 episcopo
2651 4989 2784 5068 post
2804 4984 3080 5068 idoneum
3099 4986 3335 5062 tempus
3364 4981 3510 5068 solvi
3532 4997 3628 5052 po-

239 5052 501 5139 Emiscium
532 5052 722 5139 ipsius
753 5065 891 5139 furti
921 5052 1272 5139 suspicatur.
1305 5052 1413 5139 Qui
1441 5065 1598 5139 enim
1639 5052 1870 5121 sancto-
1981 5052 2192 5139 terant,
2226 5064 2292 5139 ut
2312 5052 2613 5139 videreest
2635 5052 2789 5128 apud
2804 5052 3187 5139 Maboilo-Iiium
3199 5053 3267 5139 in.
3283 5052 3631 5139 praefatione

1982 5135 2055 5190 ad
2089 5124 2368 5188 smculum
2399 5124 2723 5184 secundum
2755 5126 2979 5181 ordinis
3003 5124 3321 5194 Benedicti,
3352 5140 3515 5177 num.
3538 5124 3629 5194 41,

1983 5210 2041 5261 et
2071 5203 2223 5276 apud
2254 5200 2661 5278 Muratorium,
2691 5196 2976 5278 Antiquit.
2996 5195 3182 5278 .lta‘lic.
3203 5193 3435 5278 dissert.
3456 5193 3631 5278 23.15!

1982 5263 2136 5351 vero_
2149 5273 2334 5351 nostri
2364 5263 2973 5351 Metronis'peculiare.
2991 5266 3120 5334 fuit,
3153 5266 3310 5351 quod
3326 5263 3634 5351 ejusmodi

1984 5345 2387 5421 pcenitentiam
2420 5343 2555 5421 ipse.
2573 5337 2688 5396 sibi
2706 5344 2912 5421 sponte
2959 5337 3260 5421 imposuit,
3288 5341 3346 5392 et
3395 5354 3498 5410 pro
3531 5351 3630 5421 pe-

1986 5405 2376 5491 regrinatione
2422 5405 2492 5469 ad
2528 5412 2669 5491 loca
2714 5405 2929 5491 sancta
2979 5405 3112 5465 ante
3141 5405 3416 5491 ‘januam'
3451 5405 3633 5491 eccle-

1987 5479 2087 5546 sié
2116 5492 2171 5543 S.
2205 5486 2657 5556 Vitalisicatena
2711 5481 2973 5556 illigatus
3031 5479 3416 5556 septennium
3452 5479 3634 5556 stetit,

2030 5560 2180 5617 uoad
2209 5557 2407 5628 clavis,
2422 5555 2535 5613 Deo
2548 5547 2913 5632 disponente.
2928 5552 2989 5610 in
2999 5547 3202 5612 ventre
3212 5547 3643 5628 piscisinventa

2009 5632 2117 5693 init.

243 5150 363 5210 rum
394 5135 691 5210 reliquias,
727 5137 817 5193 vel
846 5135 1089 5210 corpora
1118 5135 1230 5191 alio
1262 5136 1871 5210 perferenda_quaere-

241 5204 390 5283 bant,
422 5204 549 5283 acta
572 5211 628 5283 si
661 5204 790 5283 quae
820 5204 1038 5280 scripta
1065 5204 1288 5283 essent,
1314 5206 1400 5262 vel
1431 5204 1875 5283 actis_d_e_ﬁcien-

243 5278 388 5353 tibus
416 5277 857 5353 notitiasfquas
884 5277 1172 5353 poterant,
1191 5277 1777 5353 diligentersolebant
1792 5279 1875 5332 in-

245 5350 491 5419 quirere:
520 5354 691 5424 cujus
711 5348 791 5408 rei
811 5348 1184 5421 multahujus
1209 5348 1395 5405 astatis
1411 5348 1877 5474 exemflalegere

247 5422 410 5478 estin
439 5425 757 5479 Inventione
782 5426 1090 5478 sanctorum
1140 5439 1174 5476 a
1202 5421 1397 5477 domno
1442 5421 1547 5475 Deo
1586 5436 1734 5475 erzca
1768 5435 1877 5479 em-

247 5432 328 5476 cst
353 5432 410 5478 in
439 5432 757 5481 lnventione
782 5432 1090 5478 sanctorum
1140 5439 1174 5476 a
1202 5432 1397 5477 domno
1442 5432 1734 5475 ueoaerzca
1768 5435 1877 5491 epi-

245 5505 387 5576 εςορρ
413 5495 1045 5576 ΜειθηεςξΑτερενιονωη,
1101 5496 1243 5548 tom.
1277 5492 1325 5548 II
1352 5489 1643 5564 Spicilegii
1694 5491 1877 5547 Ache-

248 5567 384 5621 riaui
532 5610 546 5623 .
579 5567 683 5622 133
710 5570 768 5621 et
797 5582 921 5637 seq.

277 5703 289 5709 _
311 5580 795 5709 (Bagasonstrue:
824 5636 1176 5709 providit,iut
1215 5633 1411 5709 stando
1440 5635 1662 5709 alonge
1701 5640 1883 5709 posset

246 5703 471 5782 cuman
495 5726 621 5771 cum
648 5710 747 5769 illo
774 5703 886 5767 alio
914 5704 1336 5765 misericorditer
1355 5706 1655 5784 justi/iouia
1678 5703 1881 5770 :‘Deua

550 5836 819 5929 Ρὲποιν
861 5831 1171 5921 (ῙΧΧΧῩῙ-
2108 5904 2117 5911 .
3243 5818 3324 5899 15.
