4060 6176
252 321 370 416 φλ
1155 330 1578 437 invnerit/ii
1620 336 1724 406 DE
1766 342 2204 445 rediistis.
2248 349 2317 411 s.
2362 343 2795 419 METRONIS.‘
3544 360 3668 433 ω

255 464 399 563 fera,
434 459 706 563 hiemalis
732 467 1068 563 eatis’rigor
1100 473 1531 543 incommodus,
1565 477 1664 549 qui
1699 477 1912 534 lavaret
1941 484 2001 553 Α
2027 480 2268 553 quidam
2311 482 2465 540 inter
2512 503 2649 543 suos
2698 487 3157 563 metrographiic.
3183 488 3669 563 diligentissimus

251 553 459 627 utique
507 555 663 628 quod
715 558 1089 616 commiserat
1129 563 1344 627 scelus.
1377 565 1485 621 Pro
1533 565 1683 639 pileo
1734 584 1909 639 quem
1980 568 2151 626 'ita:

248 643 431 701 moris
455 648 547 700 est
587 642 814 702 incesta
865 648 1042 706 etiam
1100 653 1463 726 generalitati
1524 656 1787 726 adversa,
1821 657 1908 713 vel

244 733 514 811 ejusdem
535 731 949 793 aestimationis
988 738 1299 798 innumera
1345 741 1689 817 plangentes
1739 745 1905 819 pelli-

206 862 219 869 -
242 822 393 889 culis
423 822 667 879 exoticis
723 822 884 881 intus
938 827 1165 899 farcire,
1198 831 1454 889 brumali
1486 837 1659 907 caput
1716 834 1906 907 ipsius

240 912 617 995 operiebatur
672 911 950 987 lanugine
1010 917 1176 992 (654).
1226 910 1543 994 Stipularis
1598 922 1701 979 illa
1753 924 1902 981 ritus

2267 724 2509 777 Oderunt
2534 742 2755 791 peccare
2783 730 2910 782 boni
2928 733 3141 783 virtutis
3168 745 3372 784 amore.

3059 797 3271 858 (Haut,
3292 795 3440 861 epist.
3469 795 3573 860 16.)

2080 925 2134 980 8.
2169 925 2314 983 Ecce
2344 927 2403 983 in
2436 945 2551 1001 qua
2596 930 2797 988 schola
2826 934 3189 1006 educabaris,
3219 936 3501 1011 discipule
3530 938 3668 995 ohe-

239 1000 512 1059 Saxonici
560 1017 811 1071 camera,
853 1019 1031 1076 quam
1080 1007 1279 1063 vertici
1327 1026 1431 1082 pro
1475 1011 1711 1068 vitando
1760 1012 1899 1069 solis
2009 1012 2381 1072 dientissime
2412 1034 2477 1073 ac
2508 1021 2969 1079 vercundissime
3001 1000 3246 1095 Christi;
3280 1000 3418 1100 quia
3448 1028 3667 1083 ex‘erce-

237 1090 555 1187 impon_unt
596 1091 822 1187 ardore.
854 1092 1104 1153 Phiebus
1151 1094 1235 1152 illi
1285 1103 1411 1155 erat
1463 1099 1896 1183 flammivomus
2006 1102 2164 1160 baris
2194 1103 2487 1177 palaestra,
2520 1108 2675 1180 regis
2726 1108 2887 1166 illius
2935 1113 3191 1170 ccclesiis
3235 1090 3492 1183 athleta;
3548 1131 3663 1187 quo

237 1178 388 1261 ipse.
419 1180 559 1257 Ejus
588 1179 904 1237 tentorium
947 1184 1163 1240 coelum
1193 1190 1316 1243 erat
1355 1187 1513 1243 istud
1542 1180 1789 1258 aerium,
1822 1209 1896 1248 ne

234 1267 324 1347 illi
368 1266 591 1326 scilicet
640 1266 784 1324 illud
842 1270 1246 1333 occluderetur
1300 1276 1625 1333 aetherium.
1658 1278 1755 1334 Sol
1811 1278 1894 1335 illi

235 1374 344 1433 pro
392 1357 635 1435 umbra,
664 1374 875 1433 cauma
903 1360 1051 1439 (655)
1082 1379 1186 1435 pro
1232 1364 1533 1437 refrigerio
1559 1371 1701 1433 erat,
1742 1366 1894 1427 lunae

236 1445 534 1519 profectus
581 1449 756 1521 atque
805 1447 1089 1519 defectus,
1124 1452 1267 1523 quid
1299 1470 1333 1509 a
1361 1453 1625 1525 proiectu
1672 1455 1894 1512 deiece-

233 1535 328 1602 rit,
366 1534 437 1590 ad
489 1533 782 1609 defectum
833 1538 1038 1608 ruerit,
1072 1539 1528 1619 improperabat.
1580 1534 1893 1600 Stellarum

206 1620 762 1699 innumerabilitas,
784 1623 835 1679 si
867 1628 1107 1697 quando
1156 1628 1422 1686 siderum
1467 1631 1768 1689 ordinator
1799 1650 1890 1689 as-

221 1710 510 1787 trigerum
570 1710 1077 1787 splendiﬁcaverat
1132 1715 1529 1779 luminaribus
1576 1720 1890 1777 auricomis

222 1798 475 1877 omium,
536 1799 905 1879 innumeras
952 1803 1064 1859 sibi
1136 1810 1409 1879 reputare
1480 1808 1889 1864 commonebat

218 1874 515 1959 indcﬁcue
543 1887 769 1963 culpas,
792 1893 851 1948 et
886 1874 1331 1964 ingratitudinis
1378 1884 1709 1950 inculcabat
1756 1896 1883 1952 sine

218 1972 664 2051 intermissione
706 1978 994 2053 querelas.
1027 1979 1176 2046 Quid
1224 1982 1419 2055 fragor
1464 1983 1878 2052 tonitruorum,

186 2060 485 2144 impeth
531 2066 939 2145 procellarum,
971 2067 1199 2141 lapides
1256 2071 1631 2144 grandinum,
1682 2072 1882 2144 jacula

220 2154 572 2233 fulminum,
612 2155 740 2241 misi
786 2158 1157 2237 tremendum
1208 2158 1352 2241 illud
1403 2159 1609 2216 divinae
1656 2161 1879 2218 anima-

97 2310 105 2317 ,
210 2232 550 2321 dversiOnis
593 2232 722 2323 eius
765 2232 925 2305 cordi
971 2232 1318 2309 intonabant
1365 2249 1698 2320 judicium?
1741 2252 1880 2307 Tec-

210 2338 351 2402 tum
381 2334 545 2392 illius
575 2335 838 2405 stellifer,
872 2351 1023 2412 saepe
1068 2335 1369 2417 imbrifer,
1388 2338 1698 2411 aliquoties
1728 2342 1881 2398 nim-

206 2424 427 2491 bosus,
473 2423 819 2502 plerumque
866 2442 1110 2483 serenus
1159 2427 1276 2483 Deo
1324 2427 1581 2484 volente:
1630 2446 1881 2502 quorum

206 2500 549 2585 alternitas;
588 2512 921 2572 habitacula
970 2514 1254 2572 mortales
1312 2517 1595 2589 compulit
1647 2500 1883 2588 excogi-

206 2606 377 2671 tare;
417 2607 659 2673 tectum,
693 2603 961 2679 inquam,
995 2601 1080 2659 illi
1123 2608 1245 2661 tam
1275 2605 1473 2662 varius
1504 2605 1602 2662 ille
1634 2606 1885 2663 caelestis

210 2696 351 2748 erat
404 2691 692 2768 indeﬁcue
749 2693 946 2763 orbis;
976 2710 1092 2749 non
1121 2709 1328 2752 arcens
1387 2696 1585 2750 tamen
1641 2695 1881 2763 imbres,

208 2782 323 2837 sed
382 2781 659 2857 fundens,
690 2782 838 2839 dans
896 2781 1090 2838 nivem
1149 2781 1303 2838 sicut
1357 2782 1577 2852 lanam,
1610 2784 1884 2840 nebulam

209 2875 279 2928 ut
316 2868 578 2928 cinerem
611 2887 916 2945 spargens,
948 2871 1227 2929 emittens
1268 2864 1621 2930 cristallinas
1650 2890 1765 2931 non
1797 2890 1884 2930 re-

209 2958 477 3034 fugienti
507 2958 825 3028 buccellae,
855 2964 991 3019 ante
1028 2977 1283 3034 quarum
1319 2959 1506 3034 frigus
1537 2961 1633 3018 ille
1661 2966 1881 3034 persta-

206 3048 323 3106 bat
355 3047 783 3119 patientissime
828 3048 1011 3119 solus,
1035 3066 1224 3122 usque
1272 3051 1413 3106 dum
1445 3050 1541 3108 Dei
1571 3051 1755 3109 solius
1784 3069 1884 3124 po«

204 3140 408 3197 testas
440 3132 623 3207 misso
650 3154 719 3193 ea
764 3136 1142 3211 liquefaceret
1194 3140 1389 3208 verbo,
1423 3140 1589 3197 ﬂaret
1632 3140 1878 3215 spiritus

2003 1190 2506 1249 holocaustabaris
2536 1195 2825 1267 incendio,
2855 1200 3263 1272 acceptissima
3286 1203 3481 1260 hostia
3504 1202 3665 1260 Chri-

2004 1283 2112 1334 sto.
2146 1280 2292 1346 Quid
2347 1282 2665 1356 cogitabas,
2702 1287 3097 1356 sanctissime,
3130 1290 3271 1363 quid
3324 1290 3660 1364 loquebaris

2005 1373 2207 1442 contra
2229 1386 2363 1425 eum
2395 1372 2614 1438 tamen,
2648 1375 2750 1446 qui
2804 1379 2916 1431 tua:
2946 1377 3215 1435 invidens
3264 1378 3463 1448 saluti,
3495 1383 3551 1437 te
3583 1381 3654 1437 ad

2002 1454 2114 1509 hoc
2164 1454 2496 1528 impulerat,
2530 1466 2767 1533 pr0pter
2814 1464 2968 1535 quod
2998 1465 3190 1523 'mille
3239 1468 3530 1525 mortibus
3577 1468 3654 1525 si-

2004 1541 2143 1598 mile
2173 1545 2410 1617 aggredi
2440 1563 2502 1601 es
2551 1550 2891 1621 compulsus
2935 1556 3336 1612 tormentum?
3364 1556 3655 1614 Nimirum

2003 1632 2316 1689 revocabas
2360 1633 2417 1688 in
2467 1650 2623 1703 eum,
2658 1654 2785 1709 quae
2832 1641 2951 1712 pati
2992 1642 3299 1712 jubebaris
3344 1650 3654 1717 tormenta,

2001 1736 2134 1796 cum
2164 1721 2234 1777 de
2266 1722 2371 1777 tibi
2414 1723 2818 1782 misericordia
2868 1729 2963 1785 Dei
3014 1747 3117 1803 pro
3149 1735 3391 1789 ventura
3418 1733 3660 1791 victoria

1913 1855 1964 1921 Β
2000 1792 2288 1921 ἱήάἰοὶὺϋιὶ
2322 1827 2457 1901 eum
2492 1814 2719 1921 urebas‘
2747 1815 2965 1873 invidia
2995 1792 3164 1892 (2357).
3190 1821 3338 1888 Quid
3370 1823 3525 1894 quod
3556 1840 3660 1879 ur-

1992 1914 2216 1964 sorum,
2258 1896 2516 1967 leonum,
2557 1900 3001 1974 pantherarum,
3026 1908 3112 1963 vel
3155 1909 3555 1983 Hyrcanarum
3586 1912 3665 1969 ti-‘

1991 1983 2185 2057 grium
2221 2002 2383 2042 more
2415 1992 2621 2044 catena
2660 1991 2718 2045 in
2750 1993 3064 2064 propatulo
3100 1998 3476 2069 constrictus,
3500 2016 3659 2073 spec-

1992 2072 2251 2155 taculum
2281 2075 2506 2148 angelis
2537 2082 2595 2133 et
2622 2079 2966 2137 hominibus
2998 2084 3206 2153 factus,
3236 2086 3392 2144 circa
3423 2092 3475 2145 te
3505 2090 3655 2149 mul-

1990 2154 2300 2219 titudinem
2330 2164 2589 2235 videbas,
2608 2168 2695 2223 vel
2718 2170 3001 2227 audiebas
3024 2172 3375 2246 ludentium,
3398 2179 3652 2251 gauden-

1990 2250 2162 2318 tium,
2186 2253 2425 2325 nuptias
2454 2270 2628 2327 saepe,
2664 2259 2912 2328 prandia
2941 2260 3306 2320 incessanter
3346 2250 3649 2323 celebran-

1991 2339 2162 2407 tium,
2197 2339 2466 2413 symbola
2494 2343 2644 2415 (658)
2683 2346 3163 2418 frequentissima
3205 2354 3650 2411 commessatio-

1993 2426 2139 2483 num
2176 2427 2482 2486 illecebras
2527 2433 2916 2502 actitantium,
2953 2438 3271 2495 cachinnos
3318 2446 3376 2495 et
3425 2440 3651 2498 ludicra

1995 2514 2175 2569 moris
2204 2513 2376 2587 longe
2407 2515 2648 2572 alterius
2680 2518 2782 2573 tibi
2828 2521 3077 2577 nimium
3108 2523 3487 2596 importuna?
3513 2531 3673 2583 Sur-'

1995 2602 2068 2657 do
2096 2602 2219 2658 hinc
2264 2603 2595 2660 sirenarum
2628 2610 2925 2678 quondam
2978 2610 3073 2666 ille
3117 2618 3326 2669 cantus
3374 2619 3438 2670 ut
3485 2613 3651 2683 alter,

1996 2688 2379 2764 p'ercipiebas,
2432 2694 2625 2762 credo,
2677 2696 2881 2752 auditu
2940 2699 3107 2774 (659).
3131 2702 3216 2758 Ad
3276 2701 3398 2759 hazc
3448 2696 3655 2763 omnia

1996 2780 2130 2853 quis
2161 2778 2267 2835 tibi
2300 2781 2559 2837 sansus?
2604 2800 2729 2856 quae
2780 2786 3024 2858 passio?
3054 2788 3208 2861 quod
3260 2796 3385 2848 erat
3428 2796 3649 2867 marty-

1994 2868 2193 2925 rium?
2222 2869 2352 2925 Scio
2381 2872 2602 2939 tamen,
2636 2872 2755 2929 scio
2802 2877 2861 2930 et
2907 2875 3329 2948 incunctanter,
3355 2879 3543 2937 sciant
3589 2885 3654 2939 ut

1993 2957 2112 3028 alii,
2145 2958 2405 3031 proferre
2459 2960 2600 3032 quid
2633 2962 2847 3035 agebas
2907 2982 3021 3022 non
3080 2971 3298 3025 metuo.
3356 2969 3649 3027 Nimirum

1992 3048 2262 3129 precibus
2303 3048 2563 3122 angelos,
2594 3048 2870 3126 lacrymis
2902 3055 2974 3111 ad
3018 3055 3421 3115 auxiliandum
3455 3059 3649 3118 ciebas

1992 3136 2399 3210 archangelos,
2429 3139 2723 3212 apostolos
2760 3141 3079 3216 gemitibus
3111 3147 3458 3218 advocabas,
3491 3156 3667 3206 mar-'

208 3229 456 3299 ejus,ct
495 3225 745 3283 ﬂuerent
787 3244 951 3301 aquae
990 3229 1162 3300 (Psal.
1186 3244 1390 3299 CXLVII,
1417 3230 1597 3301 16-18)
1644 3229 1878 3287 lavatri-
1910 3224 1953 3293 Ο
1988 3232 2165 3300 tyres,
2199 3226 2582 3296 confessores,
2618 3247 2681 3286 ac
2710 3231 2987 3304 virgines,
3023 3237 3087 3289 ut
3116 3252 3219 3307 pro
3250 3240 3306 3291 te
3347 3235 3647 3295 invidissi-

207 3332 312 3375 ces
349 3318 468 3371 tam
500 3320 869 3373 externarum
903 3332 1081 3389 quam
1114 3316 1479 3403 internarum
1509 3318 1695 3375 sancti
1725 3319 1880 3392 capi-

204 3404 289 3461 tis
326 3403 618 3461 sordium.
648 3404 704 3474 Si
732 3405 971 3477 quando
1014 3403 1327 3479 pluvigeras
1374 3407 1561 3464 nubes
1589 3408 1884 3464 obduxere

206 3491 506 3553 nebulosa
536 3492 785 3565 caligine
822 3492 1058 3567 polum;
1092 3492 1231 3550 inde
1272 3493 1508 3567 aliquod
1544 3495 1885 3553 minitantes

204 3580 535 3653 imminere
562 3580 899 3638 infelicibus
945 3581 1218 3639 ruricolis
1263 3583 1566 3653 damnum,
1588 3601 1764 3640 suum
1796 3601 1886 3640 re-

206 3669 473 3745 putabat
520 3671 653 3743 fore-
687 3673 1016 3744 peccatum,
1044 3672 1199 3744 quod
1256 3673 1399 3729 adeo
1446 3672 1632 3728 Deum
1684 3672 1886 3745 utique

209 3760 552 3829 offenderit,
586 3764 653 3816 ut
680 3777 799 3816 non
847 3760 959 3815 sibi
997 3758 1215 3829 solum,
1244 3760 1346 3816 sed
1378 3766 1435 3817 et
1463 3777 1640 3834 quam
1674 3760 1886 3818 incole-

208 3849 344 3921 bat,
375 3847 525 3906 illud
554 3847 960 3923 importaverit
987 3848 1191 3922 patriae
1216 3848 1459 3905 malum.
1485 3849 1578 3906 Sic
1601 3850 1779 3922 enim,
1803 3850 1889 3908 sic

215 3938 422 3995 solent
451 3939 637 3997 sancti
666 3937 1018 4017 plerumque
1057 3936 1171 3993 sibi
1218 3937 1362 3995 talia
1406 3944 1773 4013 computare;
1804 3940 1889 3998 sic

210 4026 431 4100 culpas
460 4026 710 4084 aliorum
742 4027 802 4099 in
822 4026 1063 4100 ,seipsos
1092 4026 1327 4095 referre,
1357 4045 1471 4084 non
1497 4033 1629 4086 voto
1656 4030 1890 4087 menda-

212 4116 459 4191 ciit,sed
484 4116 879 4175 sollicitudine
901 4115 1131 4173 timoris
1153 4116 1278 4179 Dei.
1303 4135 1419 4174 non
1441 4136 1574 4175 vero
1597 4118 1754 4176 illius
1775 4137 1892 4177 ser-

207 4205 373 4277 vilis,
404 4221 584 4278 quem
615 4206 771 4263 foras
802 4203 1058 4261 charitas
1089 4206 1292 4273 mittit,
1323 4207 1425 4264 sed
1457 4206 1619 4263 illius
1650 4208 1794 4265 casti
1827 4209 1887 4264 in

211 4293 509 4361 saeculum
559 4293 755 4351 seaculi
796 4293 1228 4367 permanentis;
1263 4311 1370 4350 nec
1415 4296 1556 4368 quia
1601 4301 1886 4366 metuant,

213 4399 409 4456 quam
435 4370 811 4453 conversione
835 4383 963 4455 jam
1009 4386 1124 4439 Deo
1161 4383 1541 4455 promittente
1572 4402 1634 4441 se
1671 4403 1889 4458 praesu-

211 4476 398 4536 munt
423 4472 704 4542 evasisse,
729 4489 992 4546 poenam;
1025 4471 1126 4528 sed
1168 4488 1242 4527 ne
1294 4472 1606 4528 securitate
1654 4478 1888 4555 torpen-

210 4566 332 4630 tes,
367 4560 657 4629 claritatis
686 4562 786 4623 Dei
834 4562 979 4618 ﬁant
1014 4559 1245 4662 indigni
1277 4560 1614 4660 conspicere
1642 4562 1887 4662 gloriam
1918 4596 1966 4662 Β

212 4651 372 4722 (656)
406 4652 742 4709 sanctitatis
774 4651 901 4707 sine
952 4648 1261 4704 dilectione
1294 4666 1306 4705 :
1340 4649 1481 4704 vitia
1528 4666 1642 4705 non
1694 4650 1886 4706 solum

218 4733 436 4822 cavent
457 4741 695 4813 propter
707 4736 976 4814 jubentis
996 4736 1229 4794 Domini
1256 4736 1589 4809 imperium,
1610 4739 1709 4795 sed
1731 4740 1880 4795 8"

212 4831 273 4883 et
302 4827 561 4893 nimium
591 4832 968 4888 exsecrantur
998 4844 1103 4900 per
1144 4825 1368 4895 odium,
1404 4831 1467 4881 ut
1497 4844 1613 4883 non
1639 4828 1889 4885 dedocet

290 4954 762 5081 (6542.60nstrue
790 4972 804 5011 :
833 4954 1007 5026 Caput
1037 4954 1210 5035 ipsius
1238 4952 1588 5024 operiebatur
1618 4954 1885 5036 lanugine

290 5041 422 5080 urna
448 5043 468 5081 ι
496 5042 592 5081 pro
622 5029 787 5081 mleo.
817 5041 978 5081 eum
1005 5040 1180 5079 moris
1220 5028 1299 5079 est
1340 5024 1658 5081 olanaentes
1689 5028 1704 5081 (
1711 5028 1766 5080 1d
1796 5029 1885 5081 est

217 5024 470 5081 brumali
493 5042 592 5153 pro
618 5028 787 5100 pileo,
817 5024 978 5097 quem
1005 5024 1180 5079 moris
1220 5028 1299 5079 est
1340 5024 1658 5096 plangente:
1689 5027 1766 5097 (id
1796 5029 1887 5108 est

217 5095 297 5152 iis
326 5097 430 5153 aui
460 5113 498 5153 n
524 5098 769 5153 (ineunti
798 5100 1006 5153 incesta
1042 5096 1210 5151 etiam
1238 5095 1464 5151 adversa
1509 5098 1881 5153 aeneralilatt.

216 5095 307 5179 iis
326 5097 430 5179 qui
460 5095 769 5179 plangunt)
798 5095 1006 5179 incesta
1042 5095 1464 5179 etiamoadeersa
1508 5095 1881 5179 generalitati,

214 5168 307 5223 vel
334 5168 636 5243 innumeri:
678 5168 920 5243 ejusdem
961 5168 1584 5243 aestimationisﬂuem,
1604 5168 1881 5243 inquam,

216 5242 394 5313 mori;
445 5244 525 5296 est
573 5237 656 5297 iis
699 5237 914 5313 'farct're
960 5237 1443 5313 hituspellieulzis
1490 5237 1735 5295 exotieis.
1769 5242 1887 5311 Ipse

217 5309 459 5383 Phineus
485 5309 889 5383 ﬂammiuomus
918 5313 1039 5383 erat
1068 5309 1160 5365 illi
1197 5309 1296 5383 illa
1317 5324 1554 5383 camera
1594 5309 1886 5383 stipulari:

219 5380 388 5453 (pilei
413 5379 601 5466 genus
624 5379 714 5466 es
762 5382 1021 5466 stipulis,
1045 5379 1386 5466 seu‘pal'eis)
1416 5381 1556 5466 ritus
1599 5379 1881 5466 ᾷᾳζτοφέίσί,

218 5450 393 5540 fuam
416 5450 719 5540 imponunt
736 5450 935 5540 vertici
957 5450 1061 5540 pro
1093 5450 1313 5540 uitanda
1341 5450 1537 5540 ardore
1563 5454 1712 5516 solis,
1753 5455 1885 5509 Ten-

218 5525 432 5598 tat-tum
460 5523 579 5598 ejus
604 5532 721 5583 erat
748 5523 1120 5583 caelum—istud
1146 5525 1382 5598 aerium,
1403 5526 1525 5598 _etc_.

322 5596 448 5661 656)
476 5594 692 5654 Cauma
718 5614 788 5655 ex
816 5598 1010 5655 Graeco
1044 5594 1333 5650 ustionem
1364 5594 1680 5666 signiﬁcat.

322 5596 448 5661 656)
476 5596 692 5654 Cauma
718 5614 788 5655 ex
816 5598 1010 5655 Graeco
1044 5596 1333 5650 ustionem
1364 5596 1680 5666 signiﬁcat.

300 5596 452 5798 3656)
483 5669 559 5725 In
578 5670 775 5727 codice
792 5672 938 5755 post
969 5667 1206 5751 gloriam
1234 5669 1807 5797 notaturupunetum,
1830 5669 1888 5722 et

410 5742 508 5800 tur
546 5759 562 5800 :
610 5741 935 5800 Samnium
976 5754 1097 5798 me
1136 5735 1381 5800 dilectio.
1429 5754 1461 5797 υ
1509 5753 1587 5800 ια.
1617 5742 1727 5799 etc.
1757 5754 1887 5800 sine

391 5735 508 5800 itur
546 5759 562 5803 :
610 5735 935 5802 Sanetiiatis
970 5735 1097 5798 jsive
1136 5735 1381 5808 dilectio,
1429 5735 1587 5809 vitta,
1617 5742 1727 5799 etc.
1757 5738 1887 5801 sine

1990 3332 2085 3372 mo
2109 3332 2243 3370 cum
2275 3314 2443 3372 hoste
2486 3318 2886 3391 conﬂigerent,
2918 3323 3220 3379 exorabas.
3255 3324 3401 3388 Quid
3447 3325 3518 3381 de
3546 3325 3649 3385 illa

1991 3404 2397 3460 universorum
2444 3404 2678 3460 illorum
2730 3408 2969 3479 regina?
3010 3409 3445 3479 Subserviente,
3492 3430 3641 3482 reor,

1989 3490 2359 3560 verecundia,
2394 3509 2520 3563 quae
2569 3492 2721 3548 inter
2767 3494 2954 3550 bonos
3002 3496 3430 3568 impetrationis
3478 3499 3644 3556 inne-

1992 3578 2187 3653 gabile
2239 3579 2506 3652 possidet
2575 3581 2772 3649 robur,
2823 3586 2987 3636 tanto
3046 3599 3175 3638 eam
3232 3584 3647 3657 exaudibilius,

1994 3663 2214 3741 quanto
2242 3666 2527 3722 humilius
2560 3684 2624 3721 ac
2654 3670 3042 3725 verecundius
3074 3669 3468 3741 supplicabas.
3503 3673 3649 3731 Puto

1995 3756 2182 3823 enim,
2233 3756 2387 3827 quod
2450 3772 2620 3811 nemo
2670 3757 2889 3813 carnali
2944 3758 3371 3817 oblectamento
3420 3761 3652 3833 (cohors

1996 3850 2063 3901 ut
2117 3845 2339 3918 nostra)
2396 3843 2681 3917 pollutus,
2712 3847 2841 3919 ejus
2900 3847 3024 3904 sine
3079 3850 3302 3923 pudore
3347 3849 3655 3909 inviolabi-

1993 3935 2259 3992 lissimos
2289 3934 2503 4008 pulset,
2534 3934 2651 3991 nisi
2681 3937 2944 4005 demens,
2970 3940 3227 3997 auditus.
3251 3941 3351 3997 Dei
3378 3941 3533 3999 enim
3556 3942 3657 4000 ho-

1996 4025 2217 4080 minem
2247 4023 2439 4080 induti
2470 4040 2573 4097 per
2603 4027 2888 4083 unitatem
2919 4026 2978 4083 in
3010 4029 3241 4087 duabus
3263 4018 3500 4089 naturis
3531 4049 3655 4107 per-

1995 4132 2152 4171 sonas
2186 4117 2374 4169 mater
2405 4113 2532 4170 ideo
2566 4114 2688 4169 fieri
2732 4118 2966 4185 meruit,
2992 4118 3129 4192 quia
3170 4124 3435 4192 respects
3462 4120 3653 4194 ipsius

1996 4221 2030 4259 a
2050 4204 2165 4259 Deo
2188 4202 2632 4274 incomparabili
2656 4207 2879 4261 caeteris
2904 4206 3252 4278 humilitate,
3278 4226 3405 4281 quae
3429 4213 3650 4267 statum

1994 4294 2283 4348 bonorum
2316 4290 2442 4347 sola
2470 4293 2623 4364 potis
2654 4297 2744 4349 est
2773 4295 3423 4367 perseverantissimum
3455 4301 3651 4354 custo-

1996 4381 2140 4449 dire,
2170 4384 2237 4435 ut
2265 4383 2398 4435 ante
2432 4385 2687 4452 partum,
2719 4382 2801 4437 ita
2829 4383 2889 4438 in
2921 4388 3116 4455 partu,
3151 4400 3257 4440 nec
3287 4384 3487 4440 minus
3516 4389 3652 4457 post

1996 4472 2230 4541 partum
2252 4467 2414 4539 virgo
2437 4468 2627 4539 potuit
2647 4486 3010 4541 permanere.
3031 4470 3246 4527 Morale
3266 4476 3355 4527 est
3376 4470 3652 4529 omnibus

1998 4573 2162 4624 sane,
2184 4559 2250 4610 ut
2281 4555 2417 4609 huic
2447 4556 2549 4623 rei,
2574 4572 2752 4627 quam
2780 4558 3037 4629 amplius
3067 4558 3340 4631 diligunt,
3369 4560 3654 4617 detesten-

1996 4649 2094 4700 tur
2122 4641 2501 4698 contrarium.
2527 4644 2739 4700 Sancta
2772 4661 2910 4718 ergo
2944 4645 3042 4701 Dei
3086 4645 3365 4702 Cenitrix.
3390 4648 3528 4720 quia
3557 4665 3653 4705 ca-

1996 4734 2255 4790 stitatem
2288 4731 2443 4788 ultra
2472 4746 2677 4790 omnes
2720 4732 2941 4804 dilexit,
2957 4735 3311 4792 contrariam
3342 4735 3429 4793 illi
3454 4736 3654 4797 libidi-

1996 4839 2130 4880 nem
2168 4821 2227 4877 in
2279 4821 2555 4878 omnibus
2604 4821 2984 4892 Chrisiieolis,
3017 4825 3209 4891 credo,
3243 4827 3435 4901 magis
3478 4827 3656 4886 habet

1994 4966 2192 5007 sensu.
2216 4947 2698 5023 Emendationem
2724 4964 2794 5005 ex
2823 4949 3057 5023 ingenio
3088 4951 3390 5010 inductam
3423 4958 3654 5011 senten-

1993 5023 2076 5077 tia
2114 5019 2421 5091 contextui
2466 5024 2797 5091 congruens
2855 5019 3061 5078 suasit.
3092 5023 3223 5079 Mox
3275 5041 3384 5081 non
3437 5025 3653 5084 dedocet

1993 5093 2148 5149 idem
2181 5094 2269 5147 est
2296 5108 2363 5145 ac
2390 5090 2556 5146 docet.
2587 5090 2605 5091 ί
2938 5111 2943 5117 ι

2066 5162 2215 5236 (657)
2246 5160 2532 5236 construe
2561 5178 2573 5217 :
2600 5179 2727 5217 cum
2754 5164 2951 5236 u‘rebas
2978 5181 3101 5220 eum
3130 5166 3342 5236 invidia
3371 5167 3649 5225 indi'cz'bili

1988 5234 2090 5308 pro
2118 5234 2349 5308 victoria
2376 5242 2605 5308 uentura
2624 5234 2843 5308 [tibide
2858 5234 3235 5293 misericordia
3259 5238 3375 5295 Dei.

2066 5305 2223 5387 (658)-
2248 5304 2509 5387 Symbola
2537 5304 2633 5387 hic
2671 5305 2922 5387 ablativo
2971 5324 3109 5364 casu
3142 5309 3490 5387 accipienda
3518 5311 3645 5387 :_si-

1994 5375 2233 5460 gniﬁcat
2278 5375 2475 5456 autem
2526 5375 2894 5461 collationem
2950 5375 3379 5461 pecuniarium
3425 5382 3501 5461 ab
3549 5381 3644 5461 iis,

1996 5447 2096 5522 qui
2111 5447 2434 5575 foculi:un
2461 5452 2702 5519 sumptu
2733 5447 3025 5520 pransuri,
3049 5450 3136 5507 vel
3157 5447 3439 5509 Caenaturi
3458 5447 3647 5520 erant,

1996 5538 2103 5575 con
2131 5536 2225 5575 ere
2271 5537 2303 5574 a
2331 5536 2420 5574 ur.

1995 5536 2420 5577 CODIBI‘BDELUI‘.

2068 5591 2215 5662 (659)
2247 5592 2533 5664 Construe
2584 5606 2597 5644 :
2640 5592 3013 5664 iPercﬁipiebas,
3066 5594 3245 5662 credo,
3289 5595 3409 5653 haec
3454 5593 3652 5650 auditu

1993 5660 2180 5731 surdo,
2200 5660 2268 5721 ut
2295 5660 2579 5737 quandam
2608 5663 2707 5723 ille
2734 5660 2877 5722 alter
2909 5660 3253 5742 percipiebat
3281 5671 3471 5723 cantus
3509 5666 3650 5723 sire-

1991 5750 2218 5799 narum.
2318 5790 2319 5795 η
