4034 6172
448 330 566 390 463

1366 319 1743 385 RATHERII
1786 316 2036 383 EPISC.
2081 313 2373 384 VERON.
2419 318 2597 385 OPP.
2637 314 2838 384 PARS
2881 313 2935 383 Ῑ.

3704 314 3818 392 ω,

442 476 694 517 exesam.
722 456 900 514 Labia
920 456 1101 530 igitur
1123 455 1322 513 osculo
1360 454 1699 512 illecebroso
1740 453 1962 527 polluta
1981 453 2092 509 lin-
2121 459 2174 523 Α
2206 455 2507 512 nutriebas
2536 459 2809 529 percepta
2832 451 3273 511 immortalitate
3292 451 3355 512 in
3378 458 3628 515 aeternum
3648 460 3798 518 victu-

440 566 555 623 gua
576 546 915 620 turpiloqua
936 547 1090 603 312
1116 545 1474 602 obscenitate
1496 544 1812 612 sordidata,
1837 542 2098 600 castissi-

441 656 548 695 ma:
569 636 831 710 Virginis
856 636 1085 709 (praeter
1105 635 1163 691 id
1187 635 1339 707 quod
1363 638 1552 690 mater
1576 634 1791 690 interni
1814 635 1903 689 est
1920 632 2097 688 etiam

433 727 676 802 judicis)
698 743 911 783 nomen
943 742 1061 798 qua
1088 722 1818 781 temeritateinverecunde
1847 721 2102 777 audeant

443 817 784 878 nominare?
817 816 927 872 Cor
958 814 1173 871 lasciva
1211 812 1594 869 meditatione
1624 810 1936 885 pollutum.
1970 810 2099 882 ejus

446 909 698 968 recolere
723 905 973 980 qualiter
1000 907 1317 975 prmsumat
1341 901 1548 958 saltem
1574 900 1924 957 vocabulum
1955 897 2101 971 ipsis

447 998 671 1073 angelis
700 992 1138 1052 venerandum?
1186 992 1298 1048 Sed
1341 991 1497 1063 quod
1532 990 1861 1046 facinorosa
1888 987 2103 1061 refugit

449 1085 825 1151 conscientia,
873 1097 1226 1156 praesumere
1284 1080 1422 1135 facit
1478 1077 1921 1135 clementissimi
1973 1075 2101 1132 Filii

447 1182 576 1253 ejus
607 1176 814 1249 pietas,
838 1177 1014 1243 atque
1042 1168 1461 1225 incarnationis
1491 1168 1681 1241 ipsius
1710 1167 1856 1223 ratio
1887 1165 2100 1222 fidelis-

447 1270 595 1327 sime
625 1263 1011 1321 considerata.
1045 1258 1342 1331 Indignari
1387 1256 1544 1312 enim
1583 1274 1734 1325 eam,
1770 1254 2102 1312 misericor-

447 1359 616 1425 diter,
649 1370 798 1421 reor,
822 1348 1183 1415 contradicit,
1208 1345 1694 1403 sceleratissimus
1716 1345 1890 1402 etiam
1914 1344 2101 1400 famu-

447 1448 543 1504 lus
573 1447 715 1501 dum
748 1455 982 1496 carnem
1029 1436 1113 1491 illi
1159 1440 1552 1507 repraesentat,
1579 1451 1756 1507 quam
1790 1449 1858 1490 ex
1886 1450 1954 1489 ea
1985 1432 2098 1489 cle-

448 1538 675 1593 menter
706 1527 1031 1599 assumpsit
1061 1542 1164 1598 pro
1195 1524 1589 1581 emundandis
1608 1539 1840 1579 reorum
1871 1522 2099 1579 delictis

446 1625 595 1699 (660)
621 1639 634 1678 :
659 1638 725 1676 ac
755 1635 858 1691 per
886 1617 996 1671 hoc
1027 1615 1096 1670 de
1127 1618 1183 1669 te
1205 1614 1331 1685 jam
1365 1616 1586 1686 martyr
1616 1628 1838 1680 secure,
1868 1629 1972 1684 pro
2003 1629 2100 1667 no-

443 1714 537 1770 bis
567 1711 722 1784 apud
754 1706 1021 1763 eamdem
1069 1703 1165 1759 Dei
1198 1701 1551 1759 Genitricem
1592 1702 1796 1757 eadem
1822 1717 2098 1757 verecun-

442 1804 543 1859 dia
570 1817 738 1865 usus,
769 1811 1097 1870 precamur,
1131 1790 1435 1847 humiliter
1463 1790 1775 1847 intercede.

512 1893 568 1946 9.
601 1888 711 1945 Sed
745 1885 887 1957 quid
917 1879 1401 1953 imperitissimus
1432 1878 1685 1934 inaniter
1716 1879 1929 1935 conor?

632 1975 810 2026 Defuit
838 1970 1131 2035 eloquium,
1157 1982 1257 2018 nec
1285 1972 1335 2016 te
1365 1966 1642 2016 sustollere
1670 1980 1910 2029 possum.

446 2066 717 2125 Tulliana
749 2061 906 2118 enim
940 2058 1086 2114 mihi
1127 2057 1175 2113 si
1224 2056 1457 2112 adesset
1504 2055 1797 2127 facundia,
1828 2071 2099 2112 enarrare

444 2154 713 2228 nequiret
738 2166 869 2206 mea
892 2148 965 2203 de
995 2150 1049 2201 te
1071 2144 1211 2218 quae
1230 2144 1427 2218 gestit,
1438 2143 1639 2213 victor,
1657 2143 1959 2201 instantia.
1985 2145 2096 2201 Sed

442 2242 698 2301 conabor
725 2233 1244 2308 iterum,quamvis
1285 2249 1403 2288 non
1442 2237 1722 2305 sequatur
1750 2233 1982 2290 dicendi
2012 2234 2095 2291 fa-

441 2331 652 2398 cultas,
675 2343 851 2401 quem
885 2342 999 2380 non
1031 2323 1254 2396 patitur
1272 2321 1445 2379 silere
1463 2321 1753 2378 voluntas.
1782 2322 2093 2392 Studebas,

440 2422 591 2491 dico,
606 2415 866 2491 quotidie
886 2412 1134 2471 Domino
1157 2411 1453 2467 victimam
1474 2410 1800 2478 immolare,
1818 2411 2095 2469 holocau-

439 2515 600 2567 stum
633 2509 909 2570 mactare,
934 2519 1048 2559 non
1087 2517 1157 2557 ex
1197 2499 1384 2556 alieno
1411 2516 1611 2556 verum
1643 2516 1877 2572 pecore,
1891 2501 1993 2557 sed
2024 2518 2093 2557 ex

436 2598 671 2672 proprio
722 2591 1093 2666 corpore.Tu
1150 2589 1443 2658 sacerdos,
1494 2593 1557 2644 tu
1614 2589 1807 2645 hostia
1834 2605 1991 2659 eras;
2027 2594 2090 2647 tu

437 2686 714 2751 carnifex,
738 2687 802 2738 tu
834 2685 1084 2752 martyr;
1107 2682 1172 2733 tu
1192 2682 1397 2746 tortor,
1421 2681 1485 2732 tu
1510 2677 1786 2734 torsionis
1809 2677 2089 2750 perlator;

435 2780 499 2832 tu
525 2770 827 2846 jugulum,
860 2773 925 2824 tu
961 2762 1308 2839 jugulatorf
1330 2765 1483 2821 ultor
1525 2766 1813 2834 criminis,
1835 2772 2093 2824 servator

438 2856 892 2928 alumni,earnis
924 2854 1238 2927 neglector,
1273 2852 1489 2909 mentis
1518 2853 1802 2926 provisor.
1837 2855 2091 2912 Multum

438 2956 495 3008 te
522 2944 929 3019 vero,qua1em
961 2942 1258 3011 censebas,
1277 2942 1479 3010 fateor,
1499 2942 1725 3011 oderas,
1751 2942 1894 2999 dum
1924 2947 1982 3000 te
2010 2945 2094 3002 ita

439 3038 721 3097 acerrime
744 3033 1066 3091 cruciabas.
1082 3030 1389 3088 Rationem
1412 3030 1570 3086 carni
1587 3032 1858 3106 subigere
1882 3034 2092 3106 gestie-

437 3129 579 3195 bas;
614 3141 742 3181 eam
775 3122 903 3177 ideo
935 3124 1055 3176 tam
1087 3118 1358 3175 atrociter
1386 3117 1719 3190 afﬂigebas;
1762 3120 1864 3176 sed
1895 3138 2094 3179 revera

442 3215 691 3273 odiendo
711 3211 1123 3278 amabas,dum
1146 3207 1230 3264 sic
1247 3225 1376 3264 eam
1394 3208 1636 3265 Domino
1655 3209 2088 3269 reconciliabas.
2122 3186 2166 3255 (ἶ

440 3304 592 3361 Vera
616 3306 708 3360 est
732 3300 888 3357 enim
910 3297 1160 3354 dicentis
1179 3295 1488 3363 sententia,
1516 3297 1653 3369 quia
1670 3314 1827 3354 nemo
1845 3316 2093 3373 unquam

438 3409 662 3452 carnem
711 3406 872 3448 suam
911 3388 1031 3445 odio
1079 3386 1288 3455 habuit,
1316 3387 1416 3443 sed
1458 3388 1639 3443 nutrit
1687 3395 1738 3443 et
1780 3390 1926 3461 fovet
1970 3406 2091 3447 eam

435 3484 655 3558 (Ephes.
681 3498 736 3549 v,
759 3480 850 3551 29)
877 3492 1155 3544 :earnem,
1181 3474 1393 3548 inquit,
1418 3479 1483 3531 ut
1510 3492 1627 3533 non
1658 3475 1795 3532 vitia
1824 3477 2090 3535 intenda-

434 3590 571 3629 mus
588 3569 783 3628 carnis
800 3567 980 3640 (quod
1004 3571 1060 3622 te
1089 3564 1332 3621 minime
1357 3563 1596 3635 latebat)
1616 3566 1870 3622 amanda
1899 3568 2049 3640 (661)
2071 3583 2086 3624 :

430 3661 535 3717 illa
554 3661 713 3718 enim
734 3676 769 3715 a
788 3656 943 3713 malo
966 3654 1195 3712 sciebas
1216 3654 1549 3725 procedere,
1568 3653 1720 3710 hanc
1738 3671 1873 3711 vero
1896 3656 1967 3712 ab
1989 3656 2089 3714 illo

428 3751 670 3816 factam,
695 3745 794 3818 qui
820 3745 955 3800 vidit
973 3746 1170 3799 cuncta
1191 3758 1310 3813 qua:
1334 3743 1481 3813 fecit,
1508 3745 1559 3797 et
1589 3750 1747 3798 erant
1774 3744 1927 3799 valde
1951 3746 2091 3801 bona

429 3836 584 3912 (Gen.
610 3833 788 3904 1,31).
810 3831 966 3887 Vitia
1012 3846 1170 3902 ergo,
1218 3833 1456 3901 martyr,
1493 3830 1654 3898 vitia,
1688 3846 1803 3886 non
1853 3848 2087 3890 carnem

427 3919 858 3997 insequebaris,
893 3920 1035 3974 dum
1074 3934 1202 3973 eam
1243 3921 1365 3972 tam
1408 3917 1587 3974 variis
1631 3920 2089 3978 tormentaveras

430 4013 654 4080 modis;
689 4013 754 4065 ut
776 4007 1041 4064 medicus
1066 4004 1288 4062 scilicet
1309 4004 1580 4060 morbum
1608 4005 1939 4078 insequitur
1958 4026 2090 4066 cau-

429 4101 598 4169 terio,
624 4101 767 4156 dum
799 4095 962 4169 cupit
1004 4093 1230 4151 homini
1274 4095 1554 4165 prodesse
1587 4094 1866 4162 remedio,
1895 4098 2087 4155 carnis

431 4188 593 4247 illius
624 4189 760 4244 licet
805 4184 1208 4252 incommodo;
1242 4198 1421 4254 quam
1460 4196 1659 4239 severo
1707 4183 1906 4256 igitur,
1937 4186 2088 4245 bone

429 4280 674 4344 medice,
699 4276 923 4333 urendo
956 4280 1011 4330 te
1042 4274 1237 4345 ipsum
1273 4269 1483 4327 salutis
1504 4269 1740 4341 dilecto,
1764 4276 2085 4333 tormenta-

427 4369 535 4426 bas
565 4364 850 4433 cauterio;
890 4381 1008 4438 qua
1039 4361 1343 4435 potionum
1384 4358 1777 4416 amaritudine
1807 4360 2085 4424 interiora

425 4462 537 4514 tuae
559 4473 764 4514 curare
783 4471 898 4511 non
915 4451 1225 4509 omittebas
1243 4448 1504 4521 quotidie
1518 4447 1725 4504 animae
1739 4450 1767 4505 ‘l
1782 4450 1967 4516 Quam
1989 4472 2085 4514 ne-

2209 560 2357 611 ram,
2388 545 2630 618 longum
2662 548 2753 601 est
2776 543 3080 601 enarrare!

2279 634 2366 688 10.
2391 633 2539 698 Quid
2569 632 2676 689 tibi
2714 637 2774 689 at
2823 631 3129 705 profecerit
3173 637 3374 689 contra
3417 633 3641 692 militem
3667 638 3799 696 818

2207 720 2419 777 Christi
2436 721 2849 790 tamen,hostis
2863 720 3487 794 importunissime,tua
3501 722 3594 779 illa
3606 725 3671 781 ad
3684 729 3808 783 tem-

2207 827 2320 883 pus
2348 810 2608 880 victoria,
2641 811 2838 867 videre
2868 827 2984 868 non
3014 826 3254 884 possum
3278 810 3806 887 (662).Triumphan-

2207 899 2325 955 tius
2357 903 2413 956 te
2442 900 2599 956 enim
2631 901 2958 973 gaudemus
2996 899 3124 973 ipso
3153 899 3340 972 ipsius
3369 917 3501 957 casu
3531 901 3810 973 devictum,

2208 1005 2387 1061 quam
2418 989 2467 1046 si
2497 990 2569 1045 ab
2601 990 2727 1063 ipso
2758 1006 2827 1046 ea
2854 988 2999 1046 hora
3029 989 3418 1046 continuisses
3443 989 3813 1063 insipientissi-

2209 1093 2302 1133 me
2333 1095 2598 1134 manum.
2632 1078 2861 1134 Oblitus
2901 1077 3048 1135 forte
3091 1077 3305 1147 fueras,
3335 1076 3683 1150 impiissime,
3705 1080 3813 1136 Sal-

2206 1172 2465 1223 vatorem
2497 1164 2954 1224 clementissime
2985 1167 3337 1240 professum,
3363 1166 3613 1236 gaudium
3639 1184 3740 1225 esse
3763 1171 3815 1224 in

2206 1256 2339 1311 σανιο
2368 1272 2532 1327 super
2571 1273 2681 1312 uno
2722 1259 3004 1328 peccatore
3025 1256 3408 1327 paenitentiam
3446 1260 3644 1326 agente,
3673 1273 3817 1329 quam

2205 1361 2373 1416 supra
2402 1346 2706 1416 nonaginta
2723 1360 2917 1401 novem
2925 1345 3099 1417 justos
3127 1360 3239 1402 non
3270 1344 3563 1416 indigentes
3582 1346 3820 1417 paeniten-

2209 1434 2288 1489 tia
2319 1433 2468 1506 (Luc.
2502 1450 2601 1502 vn,
2633 1433 2748 1504 20).
2777 1432 2885 1498 Qui
2915 1432 3270 1489 desidiosius
3316 1433 3473 1489 enim
3519 1450 3629 1490 suae
3658 1434 3818 1490 conﬁ-

2208 1522 2354 1579 dens
2382 1522 2577 1579 forsan
2600 1521 2869 1593 justitiaz,
2890 1521 3209 1579 victitando
3236 1522 3333 1579 vix
3358 1522 3429 1579 de
3451 1522 3612 1579 venia
3635 1522 3822 1579 habue-

2209 1616 2298 1667 rat
2328 1627 2443 1666 non
2475 1612 2618 1667 adeo
2648 1611 2936 1684 gravium,
2959 1611 3060 1667 sed
3091 1614 3288 1667 tamen
3340 1610 3821 1668 innumerabilium

2208 1700 2635 1772 peccaminum,
2660 1704 2726 1754 ut
2773 1698 2968 1768 multi,
3001 1715 3375 1772 praesumere,
3397 1700 3525 1757 odio
3570 1700 3745 1768 istius,
3772 1700 3823 1756 in

2127 1825 2176 1890 B
2208 1789 2363 1861 quod
2394 1805 2528 1845 eum
2580 1787 2922 1861 impuleras,
2944 1788 3231 1857 criminis,
3258 1789 3410 1845 vires
3459 1804 3685 1845 exerens
3712 1788 3823 1844 uni-

2208 1894 2326 1946 sas,
2349 1876 2613 1950 gladium
2636 1875 2838 1932 auxilii
2862 1876 3148 1949 arripiens
3169 1881 3224 1932 te
3254 1882 3458 1935 contra
3476 1876 3667 1948 divini,
3684 1881 3825 1934 scuto

2207 1965 2582 2039 protectionis
2602 1963 2920 2021 Dominicis
2947 1968 3158 2033 tectus,
3185 1966 3466 2024 acerrime
3487 1982 3598 2023 non
3628 1965 3827 2022 dubita-

2206 2055 2290 2111 vit
2314 2055 2637 2128 insurgere,
2664 2053 2971 2110 Entellinis
3001 2071 3068 2111 ac
3093 2058 3147 2111 te
3177 2056 3461 2114 ccestibus
3492 2056 3733 2130 fatigare,
3746 2055 3824 2127 ja-

2206 2144 2338 2201 cula
2385 2142 2815 2201 incessabiliter
2860 2143 3112 2215 mittere,
3144 2143 3400 2203 missilia
3420 2147 3629 2218 jacere,
3657 2144 3826 2201 nudus

2204 2232 2494 2290 indeﬁcue
2521 2236 2716 2289 tecum
2746 2233 2936 2306 gratia
2964 2232 3064 2290 Dei
3096 2234 3380 2303 nudante,
3404 2234 3618 2292 scilicet
3646 2248 3712 2290 ne
3735 2231 3823 2289 tibi

2206 2323 2362 2379 unde
2404 2325 2700 2379 teneretur
2739 2320 3099 2394 relinqueret
3125 2321 3378 2395 aliquid,
3410 2322 3535 2381 sine
3561 2321 3824 2380 intermis-

2203 2411 2369 2469 sione
2398 2410 2637 2479 luctari;
2670 2409 2869 2482 provid
2881 2427 3068 2483 usque
3097 2428 3131 2466 a
3156 2410 3332 2485 longe
3357 2412 3582 2487 sagittis
3609 2412 3675 2469 de
3701 2410 3825 2485 pha-

2202 2504 2360 2556 retra
2395 2499 2536 2557 Jesu
2568 2498 2803 2555 emissis
2832 2501 2888 2555 te
2919 2515 3151 2573 semper
3170 2499 3476 2573 impetere,
3502 2506 3577 2573 et,
3599 2503 3660 2557 ut
3685 2499 3828 2555 inac-

2201 2588 2489 2646 cessibilis
2517 2588 2577 2643 in
2603 2592 2953 2661 perpetuum
2976 2588 3144 2661 foret,
3164 2588 3318 2647 vallo
3353 2588 3714 2664 protectionis
3742 2585 3826 2643 Dei

2201 2679 2327 2735 sine
2350 2676 2783 2734 intermissione
2803 2676 3069 2734 divinum
3103 2677 3460 2751 postulando
3479 2677 3746 2736 auxilium
3774 2691 3825 2732 se

2201 2767 2569 2823 circumdare
2590 2766 2763 2839 (663).
2789 2766 3129 2840 lgnorabas,
3147 2774 3249 2823 aut
3278 2769 3481 2826 forsan
3503 2786 3615 2825 non
3634 2764 3827 2824 recole~

2201 2856 2326 2925 bas,
2351 2854 2734 2928 nequissime,
2757 2859 2982 2911 asserto
3006 2854 3163 2928 illius
3181 2858 3485 2928 quondam
3507 2851 3828 2913 nobilissimi

2201 2943 2509 3000 devictoris
2531 2942 2589 2998 in
2614 2942 2982 3015 sterquilinio
3004 2943 3112 3013 tui,
3128 2943 3246 3000 imo
3268 2946 3342 3001 ad
3378 2962 3512 3003 eum
3542 2941 3825 3017 loquentis,

2201 3032 2302 3105 qui
2332 3032 2436 3087 tibi
2480 3030 2651 3087 illum
2695 3035 3043 3103 exposuerat
3082 3033 3437 3090 tentandum
3468 3033 3717 3107 quidem,
3743 3026 3829 3087 sed

2201 3120 2446 3177 minime
2464 3118 2838 3187 vincendum,
2861 3120 2933 3177 de
2952 3120 3186 3177 turbine
3208 3125 3428 3193 Deum;
3455 3140 3571 3179 non
3593 3118 3833 3177 reminis-

2203 3209 2449 3279 cebaris,
2472 3208 2735 3282 inquam,
2763 3208 3025 3265 foramen
3046 3208 3107 3265 in
3135 3209 3381 3267 maxilla
3400 3216 3501 3268 tua
3521 3212 3638 3268 fore
3657 3204 3833 3267 armil-

2201 3298 2259 3355 la
2287 3301 2582 3372 patratum
2608 3297 3143 3370 circumplectentis
3163 3316 3269 3356 nos
3299 3300 3517 3357 divinae
3538 3297 3836 3357 misericor-

2201 3387 2308 3445 dia:
2356 3388 2504 3460 (664)
2558 3402 2664 3459 per
2719 3386 2876 3458 quod
2935 3388 3178 3445 evadere
3234 3388 3307 3445 de
3366 3393 3606 3447 tuarum
3659 3385 3834 3462 posset

2201 3475 2678 3534 mandibularum
2723 3475 3074 3533 contritione
3105 3476 3224 3547 (Job
3251 3495 3342 3534 XL.
3372 3480 3487 3552 2i),
3513 3482 3577 3534 ut
3605 3471 3833 3534 universi

2200 3568 2405 3639 utique
2434 3565 2660 3621 fructus
2690 3563 2901 3637 dignos
2941 3570 3180 3638 agentes
3217 3567 3580 3639 pcenitentiaa
3605 3560 3836 3639 [subaudi

2199 3658 2448 3730 possunt
2476 3651 2778 3726 evadere]?
2808 3652 2971 3709 Unde
3014 3654 3193 3723 enim,
3226 3655 3588 3723 miserrime,
3617 3673 3681 3712 ac
3710 3668 3836 3727 pra":-

2197 3746 2503 3802 teritorum
2535 3741 2732 3811 oblite,
2770 3742 2946 3810 unde,
2970 3741 3236 3816 inquam,
3258 3744 3497 3817 Petrus,
3529 3745 3679 3802 unde
3705 3742 3836 3797 Pau-

2197 3835 2292 3892 lus
2316 3851 2386 3890 ex
2414 3831 2589 3889 Saulo
2620 3831 2829 3900 factus,
2854 3831 3010 3889 unde
3042 3831 3141 3887 alii
3173 3832 3344 3889 multi
3371 3834 3572 3891 fauces
3591 3838 3717 3890 tuas
3737 3825 3838 3886 nisi

2196 3940 2301 3996 per
2351 3921 2496 3977 illud
2555 3936 2791 3976 evasere
2846 3919 3153 3977 foramen?
3184 3921 3251 3977 Et
3276 3920 3436 3996 vide,
3467 3921 3664 3989 miser,
3711 3914 3836 3991 quid

2196 4012 2303 4067 tibi
2334 4009 2662 4082 contigerit.
2686 4009 2839 4065 Dum
2868 4008 3026 4065 enim
3056 4010 3185 4081 ejus
3223 4027 3326 4066 cor
3372 4009 3697 4086 petulantia
3723 4023 3840 4064 car-

2196 4100 2314 4156 nali
2346 4097 2616 4172 pulsasti,
2649 4096 2759 4153 hoc
2789 4096 2994 4155 nolens
3025 4098 3096 4155 ad
3128 4115 3394 4173 amorem
3425 4098 3679 4168 Domini,
3707 4095 3836 4152 infe-

2194 4187 2498 4256 licissime,
2531 4186 2740 4242 fortius
2784 4185 3094 4258 impulisti.
3128 4187 3268 4244 Inde
3304 4205 3449 4264 ergo
3479 4186 3769 4245 robustior
3792 4179 3838 4237 ei

2195 4294 2307 4350 pax
2336 4292 2469 4332 cum
2511 4273 2854 4348 poenitentia
2899 4274 3125 4347 placato
3156 4276 3436 4349 piissimo
3476 4277 3676 4351 judice
3720 4272 3835 4338 fuit,

2192 4364 2349 4420 unde
2377 4360 2584 4418 durius
2612 4364 2815 4416 contra
2840 4363 2897 4416 te
2928 4365 3244 4429 certamen,
3277 4363 3659 4438 impiissime,
3689 4375 3838 4418 sum-

2192 4452 2331 4527 psit.
2359 4450 2564 4507 Merito
2616 4465 2753 4523 ergo
2779 4450 2932 4521 follis
2960 4450 3107 4522 (665)
3156 4450 3342 4508 latiali
3395 4452 3724 4511 rusticitate
3751 4463 3839 4503 vo-

425 4547 680 4604 cessario
711 4546 834 4601 fotu
867 4557 1103 4600 carnem
1137 4538 1313 4596 etiam
1346 4536 1697 4610 quandoque
1718 4555 1853 4596 cum
1884 4543 2083 4604 anima
2109 4552 2158 4619 Ι)
2190 4542 2370 4612 caris;
2404 4539 2685 4614 quoniam
2732 4538 2969 4610 quidem
3018 4539 3258 4598 veritate
3298 4558 3548 4612 vacuus,
3603 4537 3840 4597 falsitate

492 4696 639 4766 (660)
667 4697 946 4766 Construe
980 4709 1005 4766 :4
1021 4691 1239 4747 Etenim
1284 4703 1406 4766 reor
1436 4687 1617 4766 (ﬁlius
1649 4690 1801 4766 ejus)
1850 4695 2070 4753 miseri-

420 4758 653 4821 corditer
706 4764 1029 4820 contradicit
1098 4777 1220 4816 eam
1274 4758 1587 4834 indignari,
1641 4758 1787 4816 dum'
1827 4766 2073 4834 famulus

418 4839 581 4894 etiam
609 4836 1060 4891 sceleratissimus
1095 4835 1454 4908 reprmsentat
1498 4831 1587 4886 illi
1627 4831 1889 4908 carnem,
1908 4853 2073 4908 quam

417 4909 710 4965 clementer
736 4923 806 4961 ex
846 4922 909 4962 ea
952 4903 1242 4975 assumpsit
1290 4917 1389 4974 pro
1445 4902 1799 4960 emendandis
1855 4902 2071 4968 delictis

418 4996 729 5123 Τείξέἱιέῖἲω
761 5052 868 5123 est,
900 5051 959 5102 ut
976 5061 1099 5123 _non_
1128 5043 1476 5123 intendamus
1502 5046 1638 5102 vitia
1665 5049 1852 5105 carnis
1873 5068 2067 5108 aman-

416 5118 509 5187 da,
541 5118 681 5187 quod
709 5121 939 5176 minime
969 5118 1170 5174 latebat
1199 5124 1269 5172 te.

485 5161 509 5187 ν,
709 5140 939 5176 mmtme
969 5140 1168 5174 tawuut
1199 5140 1269 5172 ιϐ.

485 5193 542 5278 (β
580 5195 633 5277 '2.)
664 5192 947 5278 (Pensm
975 5191 1096 5278 τίη.
1114 5195 1680 5278 ηυρῖξιῖοδξιφῖξέατῖψη
1705 5190 1907 5278 videre
1937 5196 2068 5278 quid

414 5260 644 5320 victoria
674 5264 903 5336 illatua
952 5263 1023 5318 ad
1077 5269 1305 5336 tempus,
1347 5260 1536 5336 [tostis
1573 5260 2061 5336 importunissime,

411 5336 700 5408 profecerit
730 5334 831 5389 tibi
851 5330 1301 5408 contraAmilitern
1330 5330 1553 5408 Christi.

484 5401 633 5478 (663)
661 5405 943 5478 Οοῃβιιιυβ
978 5421 990 5459 :
1027 5405 1134 5478 Qui
1179 5404 1329 5459 enim
1370 5401 1669 5478 victitando
1716 5402 2059 5477 desidiosius,

408 5474 601 5551 forsan
613 5474 890 5546 conﬁdens
901 5475 1145 5551 justitige
1163 5489 1301 5551 suae,
1320 5475 1420 5528 vix
1437 5474 1701 5551 habuerat
1709 5474 2059 5551 praesumere,

409 5545 470 5605 ut
487 5550 651 5604 multi
672 5545 1033 5619 praesuniunt,
1077 5545 1143 5601 de
1169 5547 1329 5601 venia
1350 5545 1741 5619 peccaminum
1771 5563 1883 5604 non
1928 5545 2060 5609 adeo

405 5615 683 5691 gravium,
697 5620 790 5673 sed
824 5634 1014 5691 tamen
1044 5615 1576 5691 innumerabilium,-
1604 5617 1726 5691 odio
1754 5619 1916 5675 istius
1944 5624 2058 5677 cn“-

402 5689 592 5773 minis,
618 5693 677 5749 in
695 5689 837 5772 quod
854 5706 982 5751 cum
1006 5689 1326 5769 impuleras,
1343 5702 1568 5748 exerens
1585 5690 1729 5751 vires
1748 5692 2055 5774 universas,

2182 4697 2459 4764 arripiens
2488 4691 2736 4763 gladium
2758 4691 2969 4764 auxilii
2986 4691 3184 4764 divini,
3206 4697 3373 4749 tectus
3398 4701 3553 4750 scuto
3572 4687 3841 4764 protectio-

2179 4771 2270 4825 nis
2298 4761 2622 4831 Dominicae,
2653 4777 2765 4818 non
2796 4761 3065 4835 dubitavit
3100 4765 3378 4835 acerrime
3409 4761 3697 4835 insurgere
3721 4775 3838 4816 con-

2181 4846 2268 4897 tra
2297 4847 2365 4902 te,
2391 4850 2456 4891 ac
2482 4836 2721 4905 fatigare
2750 4837 2800 4888 te
2833 4834 3067 4889 vestibus
3087 4834 3400 4901 Entellinis,
3426 4834 3649 4892 mittere
3676 4835 3836 4887 inces-

2177 4911 2429 4969 sabiliter
2446 4906 2870 4978 jacula,jacere
2896 4905 3155 4978 missilia,
3187 4906 3371 4962 nudus
3416 4906 3705 4978 indeﬁcue,
3735 4916 3833 4978 nu;

2177 4984 2343 5040 dante
2362 4969 2541 5051 grdlia
2586 4969 2704 5042 Dei,
2734 4991 2806 5051 ne
2833 4975 3043 5051 scilicet
3066 4969 3402 5051 relinqueret
3453 4969 3563 5051 tibi
3603 4969 3833 5051 aliquid,

2176 5053 2319 5110 unde
2363 5045 2664 5114 teneretur,
2694 5048 2817 5102 sine
2868 5045 3272 5104 intermissione
3316 5053 3499 5105 tecum
3539 5045 3756 5114 luctari,
3784 5047 3834 5097 et

2213 5123 2454 5182 rovidus,
2486 5123 2596 5175 etc.

2173 5143 2454 5198 providus,
2486 5143 2596 5175 uw.
3772 5186 3782 5195 .

2200 5268 2205 5269 ί
2247 5193 2397 5269 (664)
2429 5190 2491 5269 Id
2535 5193 2646 5254 est,
2666 5190 2794 5269 fore
2835 5193 3118 5269 patratum
3161 5191 3385 5247 armilla
3435 5184 3829 5247 misericordes

2172 5261 2388 5324 divini?
2409 5261 2898 5333 circumplectentis
2926 5277 3045 5318 nos.

2244 5322 2395 5465 (665)
2426 5333 2593 5389 Follis
2616 5322 2725 5387 ‘vox
2752 5337 2939 5399 vetus,
2964 5348 3035 5388 ex
3052 5348 3171 5405 qua
3208 5332 3402 5416 Italiae
3438 5333 3597 5415 (oue,
3620 5332 3678 5387 et
3705 5322 3825 5384 Gal-

2250 5427 2280 5465 e
2311 5414 2366 5465 fo
2396 5452 2409 5465 .
2437 5404 2524 5461 vel
2554 5406 2668 5465 fou,
2692 5418 2942 5460 vacuum
2965 5408 3021 5459 et
3045 5403 3291 5460 stultum
3323 5403 3646 5465 signiﬁcat.
3672 5400 3824 5455 Hanc

2171 5400 2280 5467 lice
2308 5400 2409 5483 fol,
2424 5404 2524 5483 _vel
2553 5406 2668 5475 fou,
2692 5418 2942 5483 vacuum
2965 5400 3291 5483 et_stultu_r_n
3322 5400 3646 5483 signiﬁcat.
3672 5400 3824 5483 Rapo

2169 5498 2204 5537 ο.
2234 5468 2472 5538 rusticis
2502 5468 2845 5546 usurpatam
2876 5478 3126 5531 testatur
3144 5468 3481 5546 Willelm'us
3508 5473 3691 5546 abbas
3710 5468 3826 5546 lite-

2168 5553 2354 5610 tensis
2397 5547 2569 5621 epist.
2599 5541 2681 5621 3':
2716 5550 3006 5621 Praetereo,
3036 5546 3255 5621 inquit,
3296 5545 3458 5621 quod.
3496 5586 3511 5600 .
3546 5585 3562 5600 .
3598 5541 3825 5621 .follgm

2165 5642 2252 5682 me
2280 5612 2451 5681 verbo'
2691 5612 3003 5697 appellanti;
3025 5612 3281 5697 Joannes
3301 5612 3589 5697 diaconus
3615 5612 3676 5697 in

2168 5681 2238 5759 S.’
2260 5690 2521 5779 Gregorii
2546 5687 2650 5754 lib.
2682 5681 2836 5765 1v,'c.
2855 5688 2947 5765 96,
2971 5689 3253 5759 usitatam
3300 5690 3362 5773 in,
3402 5685 3598 5761 Gallia
3622 5681 3821 5775 Redit,
