4080 6180
399 348 518 425 16³1
1280 348 1289 359 ’
1348 345 1726 426 RATHERII
1758 348 2010 424 ‘EPlSG.
2055 347 2346 426 VERON.
2382 348 2567 425 'OPP.
2605 348 2807 424 PARS
2847 345 2899 423 Ῑ.
3688 344 3807 414 188

398 480 721 555 forinsecus
743 494 944 564 stellae,
966 484 1317 554 intrinsecus
1338 486 1591 553 tenebrae
1611 495 1842 570 (loquar
1859 500 1923 552 ut
1944 495 2047 569 ita)
2075 494 2132 563 Α
2160 494 2219 551 in
2252 485 2391 569 pace
2419 500 2681 568 vocatus,
2703 482 2968 568 martyrii
2999 480 3115 549 non
3138 480 3389 547 caruerit
3416 485 3624 563 gloria,
3656 490 3727 542 ut
3738 490 3809 544 et

399 605 515 645 non
550 588 773 644 timent.
807 588 1107 654 Quomodo
1130 587 1287 642 enim
1309 589 1374 642 ut
1395 586 1672 659 splendor
1690 585 2048 642 ﬁrmamenti
2162 584 2315 641 inter
2335 585 2578 641 eximios
2610 600 2845 657 quoque
2875 600 2992 639 non
3021 572 3245 648 inﬁmo,
3280 584 3413 639 ante
3441 580 3713 644 mortem,
3742 575 3807 632 in

397 678 552 734 816
582 676 890 750 fulgentes,
927 676 1026 749 qui
1058 664 1261 747 utique
1295 679 1435 731 sunt
1463 674 1568 743 illi,
1604 675 1705 748 qui
1737 692 1839 747 pro
1882 691 2055 747 posse
2165 680 2370 739 morte,
2394 662 2525 747 post
2546 678 2793 730 mortem
2816 673 3030 729 invicto
3051 666 3366 743 contigisse
3386 668 3572 724 lev1taa
3594 665 3811 723 Christi

397 754 634 822 illorum
666 766 1059 821 constantiam
1082 768 1368 820 conantur
1388 764 1625 833 imitari,
1649 764 1751 837 qui
1771 768 1827 820 te
1851 768 2053 820 ruente
2161 764 2484 833 Vincentio,
2502 750 3095 836 passionis‘ipsiusm‘t
3113 764 3173 816 et
3185 750 3317 815 aliis
3341 754 3626 832 pluribus,
3650 758 3815 817 mon-

403 853 899 911 immutabilitatis
932 858 1071 910 sunt
1099 854 1350 926 gratiam
1384 853 1656 922 assecuti,
1680 853 2053 909 aeternalibus
2164 856 2312 908 strat
2341 853 2605 909 assertio.
2629 854 2777 909 817
2807 838 2971 908 Illius
2997 866 3207 922 nempe
3234 865 3268 905 a
3288 863 3529 921 corpore
3548 845 3812 907 animum

402 942 888 1016 involviunquam
904 943 1464 1015 tuispossintvidere
1478 941 2048 1012 nonvaleotenebris,
2160 943 2500 1015 tyrannicus
2532 959 2648 998 non
2677 941 2901 1014 expulit
2949 956 3171 1007 mucro,
3195 939 3297 995 sed
3326 934 3474 993 diris
3494 938 3815 993 tormento-
3866 950 3873 961 ³

398 1048 650 1107 quorum
681 1048 936 1104 namque
968 1032 1208 1088 nomina
1236 1036 1376 1087 sunt
1405 1031 1623 1104 scripta
1654 1032 1714 1087 in
1736 1031 2047 1104 coelo(Luc.
2162 1049 2295 1087 rum
2312 1026 2616 1104 suppliciis
2646 1048 2752 1104 pro
2782 1022 3014 1087 Christo
3030 1026 3299 1085 alacriter
3318 1025 3631 1099 superatis,
3652 1025 3817 1082 acie.

486 1108 558 1178 2O
603 1121 795 1193 [669]).
835 1118 899 1176 In
931 1124 1044 1175 tuae
1075 1119 1440 1193 perditionis,
1475 1108 1646 1176 crede
1700 1119 1866 1189 mihi,
1899 1138 2049 1177 nun-
2161 1119 2290 1176 licis
2311 1137 2519 1193 pugnae
2541 1136 2745 1193 agone,
2771 1123 2838 1176 ut
2865 1120 2935 1176 de
2957 1135 3025 1176 eo
3045 1120 3313 1174 cantatur
3341 1112 3657 1190 perlepide,
3678 1130 3817 1172 con-

2161 1212 2386 1265 stanter
2406 1208 2650 1282 expleto,
2673 1209 2910 1266 tandem
2929 1196 3245 1281 pretiosam
3263 1204 3556 1262 resolutus
3578 1204 3637 1259 in
3659 1219 3819 1260 mor—

2158 1301 2301 1367 tem,
2332 1297 2476 1354 coelo
2507 1297 2861 1370 trimphans,
2895 1295 3151 1370 Agathes
3181 1295 3270 1351 uti
3299 1298 3358 1351 et
3401 1294 3595 1361 beata,
3626 1291 3814 1367 spiri—

2159 1394 2285 1445 tum
2317 1386 2586 1443 reddidit.
2623 1388 2793 1443 Tuam
2821 1388 2993 1460 ipsius
3033 1388 3278 1442 animam
3300 1379 3662 1458 pertransibit
3688 1383 3817 1456 gla-

398 1140 455 1192 x,
487 1122 558 1178 2O
603 1121 795 1194 [669]).
835 1118 899 1176 In
931 1124 1044 1175 tuae
1075 1119 1440 1193 perditionis,
1475 1121 1646 1176 crede
1700 1119 1866 1189 mihi,
1899 1138 2049 1177 nun-

402 1225 582 1283 quam
606 1209 994 1277 invenientur,
1016 1209 1231 1264 Lemur
1252 1197 1585 1281 nigerrime,
1610 1209 1884 1283 diptyeho
1901 1209 2052 1282 (mil-

401 1298 535 1355 leno
565 1314 665 1355 eos
690 1297 824 1353 licet
843 1297 1077 1353 inficere
1105 1298 1322 1370 gestias
1347 1298 1663 1354 criminum
1694 1300 1916 1372 morbo)
1946 1315 2052 1372 per

402 1376 679 1444 foramen.
693 1385 939 1442 maxillae
972 1386 1253 1443 nimirum
1285 1388 1454 1459 ejeeti
1486 1388 1625 1460 (Job.
1659 1405 1750 1459 XL,
1774 1389 1887 1461 21),
1911 1392 1977 1444 ut
1995 1393 2052 1445 et

400 1475 513 1533 iste
538 1479 755 1544 noster,
789 1477 859 1532 de
892 1479 1130 1550 gutture
1165 1480 1287 1532 tuo.
2159 1479 2284 1535 dius
2305 1478 2455 1550 (Luc.
2490 1493 2553 1544 u,
2580 1477 2692 1550 35),
2726 1477 2908 1533 beatae
2927 1474 3029 1532 Dei
3055 1474 3289 1531 Simeon
3321 1472 3588 1548 genitrici
3616 1471 3816 1546 loqui-

476 1567 563 1621 11.
595 1565 710 1622 Nec
738 1568 795 1621 te
826 1570 1121 1632 caeterum,
1154 1565 1254 1638 qui
1302 1568 1467 1622 tanta
1514 1565 1846 1638 pertuleris,
1906 1567 2049 1623 satis
2160 1571 2260 1624 tur
2283 1567 2505 1639 justus,
2530 1565 2904 1622 subeundum
2930 1564 3136 1636 utique
3152 1563 3239 1620 illi
3260 1562 3588 1621 vaticinans
3605 1561 3819 1635 procul

399 1655 665 1724 laudare,
696 1657 917 1727 martyr
945 1655 1150 1725 beate;
1183 1670 1287 1711 nec
1311 1654 1498 1724 illum,
1533 1656 1638 1728 qui
1668 1660 1722 1712 te
1750 1656 1822 1711 ad
1853 1672 1921 1712 ea
1951 1672 2052 1713 ne-
2163 1655 2340 1713 dubio
2368 1652 2611 1723 doloris,
2645 1671 2762 1710 non
2790 1652 3000 1711 mortis
3030 1670 3163 1710 vero
3189 1650 3559 1724 martyrium.
3760 1664 3772 1675 '

402 1743 657 1800 cessario
686 1744 1063 1817 perpetienda
1095 1743 1414 1816 impulerit,
1451 1748 1515 1799 ut
1548 1746 1762 1821 dignus
1784 1748 1890 1812 cst,
1924 1762 2048 1801 car-
2232 1745 2320 1801 43.
2354 1743 2556 1800 Gaude
2586 1759 2744 1823 ergo,
2768 1746 3014 1816 martyr.
3056 1741 3267 1816 gaude,
3296 1742 3559 1815 inquam,
3591 1739 3819 1807 lmtare,

398 1848 536 1905 pere
566 1832 916 1901 sufficimus,
960 1837 1017 1889 et
1061 1833 1211 1889 odiis
1256 1832 1487 1904 insequi
1537 1834 1662 1905 ejus
1689 1838 1891 1890 contra
1941 1851 2049 1890 nos
2075 1866 2124 1905 ι)
2162 1836 2220 1889 et
2248 1832 2492 1901 exsulta,
2528 1836 2585 1888 et
2613 1848 2716 1905 pro
2750 1836 2969 1903 nostra,
3002 1847 3302 1905 rogamus,
3332 1829 3822 1903 intercedeapud

400 1920 631 1978 invidia;
678 1921 941 1994 paribus.
992 1921 1188 1977 Miseri
1222 1922 1374 1977 inter
1402 1921 1525 1977 haec
1556 1940 1661 1978 nos
1709 1923 1957 1979 niuium
1989 1928 2048 1979 et
2077 1916 2126 1934 ³¹
2157 1922 2340 1978 Deum
2365 1938 2619 1995 semper,
2644 1920 2897 1978 indebite
2929 1920 3083 1989 licet,
3117 1920 3373 1977 miseria.
3407 1916 3823 1975 Mansuetudi-

400 2010 685 2080 infelices,
719 2026 851 2066 cum
873 2014 927 2066 te
959 2014 1181 2081 martyr
1201 2009 1441 2066 laudare
1473 2018 1755 2067 conamur
1782 2013 2048 2084 vocibus,
2157 2028 2291 2068 nem
2315 2026 2570 2083 namque
2591 1998 2844 2067 imitaris
2866 2010 2949 2082 [id
2985 2019 3081 2079 est,
3115 2008 3341 2081 antiqui
3369 2007 3612 2081 Joseph]
3650 2005 3818 2063 illius

402 2099 679 2156 contrarii
711 2099 997 2166 moribus,
1050 2099 1363 2172 praedicare
1394 2116 1682 2168 sermone,
1729 2102 2048 2160 dissimiles
2157 2099 2229 2171 (si
2254 2100 2367 2156 reis
2384 2099 2575 2172 parcis
2590 2099 2845 2172 gratuito
2865 2097 3125 2163 famulis)
3141 2099 3242 2172 qui
3265 2096 3819 2154 venditoribustam

402 2204 591 2262 Opere.
620 2190 700 2245 Te
718 2188 933 2261 quippe
956 2187 1090 2244 felix
1111 2188 1399 2261 glorificat
1430 2189 1661 2262 palma:
1699 2207 1804 2247 nos
1848 2196 2051 2248 contra
2156 2186 2272 2244 leni
2296 2188 2591 2261 quondam
2623 2178 3448 2257 indulserat,'veridicotamen
3463 2184 3820 2259 aﬂatu,ger-

401 2277 603 2334 infelix
647 2282 882 2334 accusat
934 2277 1326 2347 conscientia;
1361 2282 1418 2335 et
1448 2295 1519 2335 ne
1550 2278 1732 2335 cuivis
1782 2284 2049 2338 nostrum

400 2367 649 2424 dicatur.
683 2366 758 2424 De
785 2383 876 2423 ore
919 2370 1010 2423 tuo
1063 2376 1114 2423 te
1161 2367 1370 2441 judico,
1427 2385 1580 2424 serve
1629 2385 1865 2442 nequam
1896 2370 2047 2443 (Luc.

370 2474 517 2524 'x1x,
540 2457 651 2529 22),
681 2456 957 2513 formidat
987 2456 1225 2514 omnino
1268 2463 1557 2531 suspecta.
1594 2459 1653 2516 Si
1685 2459 1840 2516 enim
1872 2458 2049 2516 talem

2160 2277 2387 2334 manis:
2420 2294 2761 2351 quanquam
2782 2276 3014 2332 nullum
3038 2276 3124 2333 tui
3154 2275 3349 2333 adhuc
3375 2272 3818 2348 deprehendere

2148 2365 2516 2423 saluerimus
2537 2366 2723 2422 sancti
2746 2364 3008 2439 corporis
3027 2366 3411 2434 venditorem,
3434 2364 3591 2437 quod
3610 2363 3821 2436 utique

2160 2455 2367 2512 fecisse
2395 2455 2563 2511 Judae
2588 2455 2776 2511 fuerat
2803 2454 3120 2528 proditoris
3146 2452 3396 2523 facinus,
3421 2452 3688 2517 scelerati
3717 2451 3826 2508 ali—

402 2546 683 2609 habebas,
715 2562 820 2602 cur
849 2549 968 2601 tam
998 2545 1399 2618 vilipendebas
1419 2548 1446 2602 ?
1495 2564 1600 2603 cur
1642 2548 1869 2621 sublegi
1903 2549 2049 2622 (670)

370 2634 508 2690 'tibi
539 2637 657 2689 tam
690 2635 1011 2706 pretiosum
1035 2652 1246 2707 passus
1275 2653 1338 2692 es
1360 2638 1793 2709 margaretum?
1813 2653 1919 2693 cur
1947 2638 2055 2694 hu-

397 2722 728 2795 juscemodi
742 2721 987 2794 fulgoris
1002 2724 1374 2780 tenacissime
1388 2741 1503 2780 non
1519 2726 1880 2782 custodieras
1891 2743 1965 2781 nu
1977 2744 2057 2782 m-

407 2824 573 2866 mum
593 2811 622 2866 ?
653 2810 724 2866 Ut
768 2809 939 2865 illum
982 2802 1124 2867 sane
1153 2812 1434 2883 pradicas
1465 2813 1536 2869 de
1568 2831 1684 2869 uno
1734 2814 1957 2883 fecisse,
1990 2819 2055 2871 tu

407 2912 590 2972 quare
624 2899 695 2954 de
736 2899 1064 2955 innumeris
1105 2915 1295 2972 neque
1322 2900 1631 2958 dissimilis
1664 2901 2057 2960 damnationis

411 2987 615 3045 stades
635 2985 953 3044 sceleribus
979 2988 1218 3044 actitare
1250 2990 1365 3061 (67l
1378 2989 1426 3062 )?
1446 2990 1503 3046 Si
1530 2989 1626 3046 ille
1645 3008 1749 3063 per
1768 2992 2058 3064 pceniten—

410 3076 555 3133 tiam
578 3093 693 3133 non
715 3076 930 3143 solum,
953 3080 1020 3133 ut
1038 3076 1396 3134 credibiliter
1411 3079 1647 3147 asseris,
1668 3080 1922 3150 veniam,
1954 3083 2056 3139 sed

407 3168 467 3222 et
483 3164 747 3239 martyrii
767 3165 1028 3239 accipere
1047 3166 1261 3222 meruit
1280 3166 1535 3240 palmam
1558 3172 1649 3237 ;tu
1671 3185 1776 3241 per
1791 3168 2058 3244 impcnni-

406 3235 658 3311 tentiam
672 3271 854 3327 quare
884 3235 1244 3312 thesaurizas
1265 3235 1371 3312 tibi
1411 3235 1564 3313 iram
1591 3235 1763 3331 (Rom,
1802 3235 1964 3332 11,6),
1996 3264 2056 3317 et
2084 3235 2127 3302 Ο

408 3358 524 3399 non
537 3344 1021 3422 exstinguendam
1037 3345 1095 3400 in
1109 3349 1388 3421 perpetuu
1399 3363 1454 3401 m
1471 3346 1800 3403 ﬂammam?
1813 3350 1923 3405 Sed
1939 3349 2059 3422 agit

372 3454 383 3459 ·
407 3432 538 3500 hoc,
561 3421 780 3490 athleta
807 3432 1266 3507 pugnacissime,
1300 3452 1415 3491 non
1439 3435 1781 3502 diffitemur,
1805 3438 1927 3512 agit
1948 3421 2056 3496 hoc

406 3518 761 3579 instabilitas
818 3526 875 3580 et
917 3524 1206 3580 enervitas
1244 3514 1483 3593 nostra;
1517 3530 1821 3582 succurrat
1864 3527 2053 3598 nobis,

407 3620 626 3685 quaeso,
658 3612 990 3669 constantia
1019 3616 1076 3669 et
1105 3614 1357 3671 firmitas
1382 3617 1501 3671 tua.

480 3703 569 3757 12.
601 3702 844 3758 Miretur
868 3702 974 3758 sed
996 3701 1243 3775 aliquis,
1278 3705 1433 3775 quod
1465 3707 1523 3760 te
1563 3709 1877 3779 martyrem
1933 3710 2054 3763 tam

410 3789 624 3860 saepius
642 3788 910 3858 vecitem,
925 3806 1058 3845 cum
1072 3791 1352 3849 effusione
1365 3793 1670 3866 sanguinis
1684 3811 1799 3851 non
1813 3795 2057 3852 sortitus

409 3876 611 3947 fueris,
624 3877 923 3934 confessor
933 3878 1526 3948 sanctissimeﬁnem.
1542 3882 1651 3939 Sed
1668 3883 1882 3955 potius,
1902 3884 2054 3952 dico,

410 3964 509 4021 ille
530 3963 792 4036 miretur,
818 3966 971 4039 quod
994 3968 1252 4025 Zebedaei
1284 3968 1422 4025 filiis
1443 3970 1662 4027 dixisse
1709 3989 1825 4027 non
1856 3971 2057 4029 recolit

410 4051 749 4127 Dominum,
810 4056 1048 4113 Calicem
1105 4075 1285 4115 meum
1344 4059 1536 4115 bibelis
1580 4046 1789 4131 (Matth.
1817 4078 1909 4126 xx,
1940 4058 2053 4134 23),

409 4156 545 4199 cum
576 4158 731 4201 unus
757 4160 959 4201 eorum
992 4145 1184 4201 solum
1228 4145 1509 4202 effusione
1562 4164 1665 4219 pro
1722 4148 1955 4205 Christo
1984 4146 2056 4207 de

409 4226 629 4290 mundo
648 4234 948 4292 transierit
968 4233 1303 4307 sanguinis:
1330 4234 1478 4289 alter
1496 4253 1631 4291 vero
1644 4236 1812 4309 (672),
1837 4241 1902 4293 ut
1917 4242 1974 4294 et
1992 4243 2056 4294 tu

411 4319 965 4389 felicissime,multa
981 4338 1085 4393 pro
1102 4321 1220 4377 Deo
1236 4321 1586 4379 sustinuerit
1608 4327 1918 4396 tormenta,
1953 4328 2054 4384 sed

2163 2546 2330 2617 cujus
2361 2544 2448 2601 vel
2479 2543 2817 2618 vespillonis
2850 2544 3224 2618 sacrilegium
3265 2540 3481 2599 imitari
3502 2541 3673 2607 (678).
3705 2541 3825 2598 Sed

2161 2637 2238 2703 te,
2262 2633 2407 2706 proh
2431 2634 2593 2690 nefas
2610 2634 2622 2688 !
2650 2634 2731 2688 ita
2746 2636 2917 2689 tenus
2938 2633 3316 2706 deploramus
3331 2649 3365 2687 a
3381 2631 3570 2699 nobis,
3588 2635 3825 2700 sancte,

2162 2723 2514 2796 neglectum,
2548 2726 2614 2778 ut
2643 2723 2797 2778 furto
2828 2722 2976 2777 adiri
3023 2720 3353 2779 venerabile
3382 2726 3552 2777 tuum
3582 2736 3829 2792 quoque

2138 2826 2147 2833 '
2165 2813 2338 2868 modo
2364 2812 2642 2868 valuisset
2657 2811 3013 2884 sepulcrum,
3036 2812 3191 2884 quod
3208 2811 3684 2882 facinusquequ‘e
3702 2826 3835 2866 non

2166 2898 2501 2956 inficiamur
2530 2901 2711 2957 fuisse
2735 2900 3074 2956 nefandum.
3100 2900 3240 2966 Quis
3258 2899 3416 2957 enim
3436 2895 3613 2955 talem
3641 2897 3834 2971 negli—

2166 2991 2345 3062 geret,
2380 2988 2492 3044 nisi
2513 2990 2775 3056 demens,
2795 2976 3128 3061 patronum,
3152 2984 3384 3046 etiamsi
3406 3003 3542 3044 eum
3565 2988 3636 3044 eo
3657 2986 3833 3045 milia

2166 3093 2478 3150 corporum
2524 3076 2819 3135 vicinitate
2875 3079 3161 3152 potiretur
3201 3074 3588 3136 sanctorum?
3630 3076 3834 3134 Deve-

2166 3165 2312 3223 tiore
2339 3183 2474 3240 ergo
2495 3171 2551 3223 te
2590 3168 2908 3225 recolentes
2929 3157 3159 3237 affectu,
3182 3165 3607 3241 benignissime
3626 3165 3829 3237 Fata,

2166 3257 2465 3313 absentem
2477 3301 2490 3327 ,
2507 3273 2683 3331 quam
2698 3256 2836 3314 olim
2851 3245 3278 3315 excoluerimus
3290 3260 3637 3330 praesentem
3650 3255 3835 3329 dege-

2168 3362 2355 3410 neres,
2380 3346 2519 3418 quia
2535 3363 2686 3420 saepe
2706 3346 2788 3402 ita
2799 3333 3496 3421 contingit,considerans
3514 3343 3829 3410 ﬁliosto

2165 3436 2561 3508 nequissimos
2583 3453 2802 3501 servos,
2828 3437 3013 3493 vicem
3039 3436 3207 3494 nobis
3232 3436 3499 3492 eamdem
3521 3432 3831 3490 malorum

2134 3540 2137 3543 ·
2166 3523 2304 3591 noli,
2333 3527 2388 3580 te
2419 3540 2747 3597 precamur,
2784 3526 3117 3599 rependere,
3152 3542 3267 3581 non
3290 3518 3834 3580 deserenSrsb'dicet

2162 3613 2431 3686 tuitione,
2447 3613 2775 3669 deserueris
2789 3606 3521 3686 quamvisindignissimos
3534 3610 3829 3680 abitione,

2165 3684 2266 3757 scd
2298 3684 2996 3775 praesentissimusfnobis
3019 3702 3077 3783 in
3112 3684 3227 3760 tuo?
3244 3694 3432 3775 capite
3451 3699 3704 3768 Christo,
3732 3718 3832 3759 re-

2131 3810 2138 3871 ‘_
2163 3790 2475 3847 conciliare
2495 3791 2614 3847 tuis
2635 3796 2769 3847 eum
2792 3792 3019 3848 meritis
3041 3788 3210 3850 nobis
3228 3805 3347 3847 non
3370 3790 3562 3847 solum
3585 3790 3659 3846 de
3678 3788 3831 3859 iste,

2165 3880 2266 3935 sed
2297 3884 2354 3936 et
2378 3880 2690 3953 omnigeno
2721 3879 3027 3952 culparum
3054 3894 3169 3937 non
3201 3879 3461 3947 desinas,
3484 3880 3834 3952 peccatum,

2164 3968 2952 4042 reatu(674).Contigeritrhoc
2973 3964 3231 4025 tibisane
3245 3967 3628 4041 nostm(q'ue'd
3650 3967 3841 4025 nobis

2130 4072 2133 4077 '
2154 4072 2280 4114 non
2293 4058 2563 4114 convenit
2579 4059 2612 4114 d
2623 4057 2842 4128 ifﬁteri)
2853 4057 3027 4131 culpa
3039 4062 3218 4130 atque
3240 4057 3524 4131 neglecto;
3543 4055 3648 4119 sed
3659 4055 3839 4114 illius

2165 4163 2282 4201 non
2311 4154 2633 4218 possumus
2683 4158 2917 4220 negare,
2978 4146 3079 4219 qui
3114 4141 3351 4202 terrena
3399 4142 3838 4204 συκῆ-(κώδε-

2163 4235 2276 4291 bus
2310 4235 2667 4303 moderatur,
2718 4236 2938 4292 factum
2968 4235 3270 4292 voluntate
3301 4236 3485 4307 atque
3507 4233 3835 4307 disposito.

2163 4326 2334 4397 cujus
2363 4324 2720 4381 ordinationi
2751 4324 2974 4381 nullius
3018 4322 3313 4382 ’result'are
3340 4323 3526 4382 valuit
3550 4340 3835 4398 unquam

476 4608 623 4684 (669)
652 4608 939 4684 Construe
957 4623 971 4664 :
1007 4596 1542 4684 Sediquiimitantes
1563 4619 1630 4679 te,
1649 4614 1863 4670 ruituri
1877 4622 2051 4673 tecum
2074 4598 2131 4671 ῖι)
2159 4609 2361 4684 cobus,
2389 4623 2505 4663 non
2526 4623 2659 4684 vero
2682 4608 2741 4663 S.
2761 4608 3041 4684 Joannes)
3064 4588 3349 4684 iransz'eril
3366 4608 3432 4665 de
3449 4608 3657 4666 mundo
3673 4600 3834 4684 efﬂi-

405 4681 465 4736 in
486 4679 818 4737 barathrum
847 4682 1078 4751 inferni,
1097 4679 1401 4751 forinsecus
1418 4682 1606 4751 stellae,
1635 4685 1965 4743 immacus
1982 4694 2053 4745 te-

400 4751 593 4808 nebrae
636 4754 719 4878 (ut
747 4754 830 4837 ita
860 4753 1072 4877 loquar)
1101 4768 1210 4835 nou
1255 4754 1450 4836 timent
1478 4756 1875 4838 transﬁgurare
1903 4776 1962 4815 se
1990 4762 2053 4816 in

403 4822 621 4878 anaelos
664 4839 894 4878 uczsoer
950 4825 1497 4878 unocrzszmﬂtemm
1516 4826 1698 4878 vldm'e
1734 4844 1845 4878 non
1876 4831 2046 4878 valeo-

403 4822 629 4900 angelos
642 4822 780 4900 lucis
798 4839 896 4900 per
913 4822 1265 4900 hypocrisim.
1282 4825 1497 4900 Etepim
1516 4822 1698 4882 videre
1734 4844 1845 4883 non
1876 4831 2048 4900 valeo,

2122 4702 2131 4706 ι
2163 4683 2317 4737 sione
2348 4673 2645 4751 sanguinis
2672 4696 2773 4751 pro
2796 4673 3034 4749 Christo,
3061 4683 3201 4739 alter
3225 4679 3371 4748 vero,
3393 4684 3505 4737 etc.

2236 4749 2384 4835 (€373)
2415 4749 2686 4835 βορετυέ
2704 4752 2911 4835 ξρτιρά
2955 4755 3147 4835 fecisse
3177 4753 3367 4835 alii!“
3384 4755 3567 4835 [πέτεαι
3594 4753 3837 4835 imitari

2160 4818 2375 4896 facinus
2403 4818 2569 4896 Iuda?
2580 4818 2894 4896 proditoris,
2927 4818 3011 4896 vel
3048 4818 3402 4896 sacrilegium
3430 4818 3671 4896 alicujus
3700 4841 3835 4881 sce-

687 4893 962 4974 fulg‘entes’
984 4893 1047 4951 ut
1071 4894 1326 4965 splendor
1352 4896 1708 4974 ﬁWti,
1741 4902 1840 4969 qui
1867 4893 2053 4974 αιίραέ
2160 4893 2328 4974 ξεῖ-ειέὶ
2342 4894 2789 4974 _vesp_illonis.-Ex
2810 4894 2912 4974 his
2925 4893 3831 4974 incertum_t‘ui‘sseiliquet_,tnurn

400 4971 530 5047 sunt
559 4965 669 5033 illi,
700 4965 800 5039 qui
817 4982 919 5093 pro
944 4982 1099 5038 posse
1126 4975 1395 5022 comatur
1430 4968 1642 5051 imitari
1687 4965 2050 5030 constantiam

400 5036 630 5114 illorum
644 5042 816 5114 (auge
839 5054 1008 5114 orum
1025 5039 1384 5108 sanctorum)
1408 5052 1505 5109 qui
1525 5044 1758 5114 assecuti
1778 5053 1904 5099 sunt
1920 5063 2050 5114 gra-

402 5108 536 5187 tiam
562 5108 1032 5187 immutabililaiis
1060 5117 1110 5163 te
1142 5108 1525 5187 _ruen.le;_uon
1575 5112 1749 5187 valeo,
1795 5108 2043 5187 inquam,

888 4982 919 5021 ο
944 4958 1110 5038 posse
1126 4958 1395 5022 conantur
1430 4968 1642 5023 imitari
1687 4958 2051 5030 schemae...
2158 4966 2217 5022 S.
2243 4958 2523 5022 Metroiiis
2538 4976 2752 5038 corpus
2766 4966 3071 5023 venditum
3089 4958 3276 5040 pretio
3298 4958 3831 5037 fueritfanfurtiin

888 5054 1008 5092 rum
1025 5039 1384 5095 sanctorum)
1408 5041 1507 5095 aui
1525 5044 1758 5095 assecuti
1778 5053 1904 5095 sunt
1922 5063 2050 5095 ara-
2159 5037 2529 5095 subrcntum.
3772 5088 3779 5095 λ

2159 5052 2302 5095 διιοέ

2227 5041 2731 5192 ἃδὲθὸὶηιέἓιίδιωθε
2758 5109 2918 5192 Erg?’
2946 5096 3336 5192 Ρϐηίθηίσέείνπθ
3391 5110 3578 5192 Pium.”
3636 5088 3830 5192 ωπέρ

398 5176 598 5252 videre,
625 5182 887 5252 quomodo
918 5181 978 5235 hi
1001 5182 1211 5251 possint
1260 5180 1463 5236 involvi
1493 5176 2044 5246 tenebrisraeleinali;
2153 5176 2359 5235 ἀεθάηέ
2380 5180 2542 5252 ﬁlios,
2574 5195 2684 5252 τωο
2710 5176 3276 5252 ηεθάίδείθηοδνεεντόε
3311 5182 3602 5237 νϐοοιεηλεε
3631 5189 3683 5239 ιε
3710 5181 3824 5243 ab-

400 5250 517 5323 bas,
551 5250 783 5323 quorum
808 5250 1049 5323 namque
1073 5253 1322 5323 nomina,
1338 5256 1463 5323 pete.

2151 5260 2355 5324 sentem
2383 5251 2581 5322 a/feclu
2609 5250 2899 5319 devotiore,
2932 5269 3097 5324 quam
3142 5254 3277 5309 olim
3309 5252 3613 5323 ;degeneres
3638 5268 3823 5313 aco-

469 5321 616 5403 (6?0)
643 5322 877 5403 Sublego
907 5321 1012 5403 pro
1043 5322 1305 5403 subripio
1338 5321 1431 5403 hic
1477 5324 1783 5403 accipitur,
1838 5330 1921 5385 uti
1980 5336 2037 5387 et
2151 5323 2416 5377 luerimus
2433 5321 2777 5403 prwseiitem,
2808 5321 3115 5403 quia—saepe
3144 5327 3225 5380 ita
3251 5321 3559 5403 contingit;
3585 5325 3725 5403 uoti,
3760 5329 3824 5381 te

380 5392 552 5464 apud
574 5392 859 5465 probatas
890 5392 1492 5465 scriptores'invenire
1520 5392 1673 5451 licet.

2143 5409 2459 5465 precamur,
2491 5394 2785 5465 rependere
2826 5395 2982 5453 nobis
3008 5394 3181 5453 vicem
3222 5395 3477 5455 eamdem
3508 5395 3817 5465 malarum,

464 5462 612 5540 (67l)
644 5464 926 5540 Construe
951 5462 1179 5540 {Quare
1222 5473 1289 5540 tu
1328 5467 1663 5540 uonqstudes
1707 5473 1936 5528 actitare
1975 5474 2041 5530 de
2142 5462 2256 5521 han
2285 5462 2801 5540 desercns'scilicel,
2834 5469 2963 5540 etc._
2988 5466 3128 5523 Erat
3156 5467 3215 5522 in
3246 5466 3583 5540 apographo
3611 5462 3816 5540 olglile,

358 5576 363 5581 .
388 5535 685 5617 sceleribus
704 5538 1013 5617 innumeris
1030 5553 1214 5617 aequo.
1226 5536 1518 5617 dissimilis
1537 5539 1926 5617 da_mnaliouis(
1932 5562 2036 5601 seu

2141 5554 2454 5609 precamur,
2488 5536 2716 5621 repeude
2732 5554 2840 5609 pro
2871 5537 3010 5605 noli,
3034 5543 3098 5621 ,ιθ
3116 5535 3431 5621 precabar,
3466 5535 3816 5621 rependere}

389 5606 653 5690 malitia).
677 5613 742 5690 ut
753 5625 885 5690 sane
903 5606 1171 5680 praedicas
1193 5607 1356 5662 illum
1374 5610 1567 5690 fecisse
1580 5606 1997 5690 descelereuqo
2012 5621 2038 5672 .9
2141 5606 2325 5690 quam
2338 5606 2827 5690 emendationem
2846 5610 3049 5667 sensui
3070 5606 3461 5671 necessariam
3489 5606 3551 5667 in
3573 5609 3815 5667 textum

454 5679 603 5752 (672)
633 5679 695 5736 Id
727 5684 835 5747 est,
866 5679 988 5736 cum
1010 5695 1152 5734 unus
1181 5694 1367 5736 eorum
1405 5681 1584 5737 solum
1613 5684 1694 5754 (id
1725 5690 1813 5742 est
1843 5687 1899 5744 S.
1932 5686 2027 5745 Ja-

2112 5722 2123 5727 -
2150 5679 2510 5740 induximus.
