4034 6172
470 328 587 399 4⁸71

1352 361 1367 379 ι
1391 313 1779 389 RATHERII
1816 320 2066 387 EPISC.
2113 317 2402 386 VERON.
2448 314 2623 384 OPP.
2664 318 2869 385 PARS
2912 316 2962 384 Ῑ.

3714 321 3821 389 17!

471 459 522 530 (Ι
544 457 663 512 Cor.
691 443 1653 527 XIII,4),etoquamlepidellzetor,
1680 448 2121 515 Charitasenim,
2157 452 2204 519 Α
2238 463 2367 504 rare
2396 447 2600 519 possit,
2635 446 2842 518 conjici
2872 443 3027 501 valet
3064 440 3399 516 certissime,
3445 441 3824 522 lucrum‘(680)

468 545 615 602 alter
646 547 709 599 ut
737 543 839 611 ait,
867 559 977 599 non
993 545 1108 616 agit
1120 539 1639 615 perperam.0tiosa
1653 537 2118 612 estergo?Absit.

469 632 619 690 Audi
651 632 809 688 enim
859 631 1164 688 verissime
1212 630 1516 685 fatentem:
1565 628 1861 699 Nunquam
1904 629 1981 682 est
2027 626 2126 681 Dei

471 738 629 781 amor
654 724 890 783 otiosus;
922 724 1197 793 operatur
1227 718 1383 775 enim
1412 733 1647 791 magna,
1680 716 1729 772 si
1760 719 1874 783 est;
1909 715 1958 772 si
1989 730 2123 771 vero

475 812 703 886 cperari
734 809 948 878 renuit,
982 825 1148 865 amor
1177 825 1291 864 non
1323 810 1432 863 est.

544 902 632 958 14.
688 899 790 956 His
836 898 918 956 ita
965 897 1284 971 compactis
1341 897 1402 952 in
1460 895 1622 952 cultu
1654 897 1710 950 et
1753 892 2125 951 veneratione

470 996 730 1058 tuorum,
763 986 1096 1055 sancte,ubi
1120 985 1274 1043 latus
1290 985 1795 1052 diceris,artuum,
1823 986 1898 1052 et,
1916 982 2016 1038 ubi
2034 997 2122 1036 re-

472 1078 646 1135 lictus
673 1076 945 1146 crederis,
979 1076 1265 1141 cinerum,
1300 1074 1470 1146 quale
1502 1072 1636 1145 quis
1651 1071 1737 1127 vel
1768 1071 2122 1139 ablatorum,

470 1166 560 1225 vel
591 1165 946 1223 amissorum
968 1164 1123 1237 apud
1136 1164 1321 1220 Deum
1346 1164 1486 1219 dete
1502 1159 1989 1217 remunerationis
2000 1175 2122 1233 spe'

548 1292 697 1364 (680)
725 1292 1036 1347 Construe:
1088 1290 1184 1344 His
1232 1288 1310 1344 ita
1350 1288 1641 1364 compactis
1670 1288 1732 1364 in
1777 1286 2007 1364 cultuet
2036 1300 2124 1364 ae:

472 1355 757 1420 neratione
786 1369 1009 1417 artuum
1031 1369 1272 1426 tuorum,
1301 1359 1398 1414 ubi
1423 1355 1632 1415 sancta)
1659 1357 1858 1412 diceris
1879 1356 2023 1410 tatus
2044 1355 2124 1426 (id

475 1440 568 1492 est
597 1438 832 1511 artuum
859 1437 1118 1511 tuorum,
1137 1446 1487 1511 quocunque
1502 1428 1660 1511 allati
1674 1427 2032 1511 dicentum-et
2046 1428 2125 1511 ei:

474 1522 691 1573 uerum,
722 1504 821 1562 ubi
849 1503 1084 1560 crederis
1105 1496 1338 1561 relictus
1370 1496 1449 1572 (id
1482 1505 1571 1555 est
1600 1500 1859 1573 Veronae,
1887 1496 1986 1553 ubi
2016 1496 2125 1573 soli

476 1571 700 1633 cineres
739 1574 921 1631 relicti
969 1573 1310 1646 creduntur)
1361 1571 1665 1630 Certissime
1712 1572 1853 1627 valet
1900 1571 2125 1643 conjici,

2230 535 2543 606 Utriusque
2555 541 2747 593 tamen
2763 535 2947 609 partis
2959 537 3159 591 contra
3166 538 3223 591 te
3233 534 3658 593 commissorum
3667 537 3828 593 indul-

2231 629 2419 682 torem
2449 641 2816 694 excessuum,
2855 641 3178 698 precamur,
3198 624 3566 694 inveniamus,
3597 625 3828 698 piissime

2233 712 2407 780 alme,
2440 717 2495 768 te
2526 713 2721 784 ipsum
2754 720 3111 768 exoratorem
3141 713 3294 769 320
3322 728 3423 784 pro
3451 712 3609 768 nobis
3651 713 3830 770 indeﬁ-

2233 801 2667 858 cientissimum
2701 801 2857 875 apud
2889 800 3203 857 Dominum
3234 801 3434 858 Jesum
3460 800 3732 856 Christum
3756 819 3831 859 re-

2233 890 2597 962 demptorem
2630 889 2838 946 mundi
2865 876 3834 961 clementissimum,dispunctcrein-

2235 996 2348 1052 que
2362 996 2476 1035 non
2490 978 2614 1036 solu
2625 996 2683 1034 m
2698 979 3067 1046 actuum,sed
3080 983 3137 1035 et
3147 978 3526 1035 intentionum
3539 983 3833 1034 nostrarum

2234 1067 2661 1140 aequissimum,
2695 1067 2796 1141 qui
2827 1084 2960 1124 cum
2991 1067 3159 1124 Patre
3189 1072 3248 1125 et
3277 1066 3495 1140 Spiritu
3516 1070 3700 1122 sancto
3718 1065 3837 1122 vivit

2233 1160 2294 1213 et
2323 1161 2527 1229 regnat
2555 1157 2710 1213 Deus
2727 1173 2830 1230 per
2842 1157 3040 1213 omnia
3062 1154 3275 1212 saecula
3290 1154 3642 1213 saeculorum.
3659 1156 3835 1211 Amen.

2233 1284 2402 1352 quate
2431 1284 2652 1352 lucrum
2669 1280 3162 1337 remunerationis
3182 1280 3306 1352 quis
3325 1280 3725 1352 velgabtatorum
3742 1283 3841 1348 (eo-

2234 1350 2366 1409 rum
2381 1351 2605 1425 scilicet
2615 1352 2715 1425 qui
2727 1357 2997 1425 sanctum
3008 1350 3221 1425 corpus
3233 1350 3691 1425 abstule_runt)vel
3698 1351 3842 1425 amis-

2233 1441 2427 1481 sorum
2461 1424 2585 1497 (qui
2618 1422 2900 1497 nimirum
2932 1424 3088 1481 idem
3112 1422 3331 1497 corpus
3352 1422 3681 1488 amiserunt)
3694 1424 3843 1493 possit

2234 1513 2474 1569 sperare
2502 1496 2572 1553 de
2602 1504 2656 1552 te
2680 1496 2840 1566 apud
2865 1497 3062 1556 Deum.

1172 1762 1691 1850 EJUSDEM
1750 1714 2339 1848 OPUSCULI
2396 1758 3195 1850 FBAGMENTUM

675 1916 901 1980 Primis
930 1911 1211 1977 Ratherii
1233 1913 1392 1974 curis
1421 1911 1817 1988 lucubratum,
1851 1919 1909 1972 et
1934 1916 2111 1973 antea
2157 1908 2377 1970 editum
2405 1928 2478 1971 ea:
2505 1930 2613 1971 ms.
2647 1909 2903 1992 capituli
2923 1909 3285 1973 cathedralis
3327 1906 3675 1970 Veronensis.

1979 2025 2395 2037 .———_—

550 2107 602 2161 1.
690 2104 763 2161 Ut
847 2100 1310 2169 sacratissimus,
1386 2116 1451 2156 ac
1534 2098 1951 2156 veracissimus
2030 2096 2128 2153 aevi
2162 2100 2210 2165 B
2241 2096 2475 2171 cophini
2502 2100 2733 2167 (Matth.
2765 2114 2882 2171 xxv,
2917 2098 3026 2170 17);
3061 2113 3210 2170 quos
3251 2096 3301 2155 si
3332 2099 3528 2153 ventre
3577 2092 3852 2150 recondere

440 2240 452 2246 -
473 2193 690 2269 prioris
712 2194 913 2248 narrat
924 2187 1424 2262 chronographus,
1444 2203 1579 2243 cum
1602 2186 1959 2259 Memphitici
1978 2186 2127 2260 (681)

477 2284 550 2341 de
580 2280 853 2338 manibus
884 2277 1140 2352 tyranni,
1157 2276 1276 2333 imo
1288 2275 1520 2333 Niliacae
1545 2276 1899 2332 defaucibus
1925 2274 2132 2333 bellua!

478 2387 655 2429 suum
683 2364 930 2426 liberare
961 2365 1296 2422 diutissime
1345 2365 1627 2422 afflictum
1678 2364 2132 2421 misericorditer

475 2459 813 2533 disponeret
877 2455 979 2513 Dei
1052 2457 1240 2528 pietas
1314 2453 1638 2528 populum;
1696 2454 1850 2510 inter
1922 2457 2131 2509 caetera

476 2549 669 2607 eidem
727 2544 1110 2620 congruentia
1166 2543 1327 2617 operi
1387 2543 1677 2617 praecepit,
1738 2547 1805 2599 ut
1865 2543 2131 2600 abiturus

472 2637 695 2695 viritim
726 2636 797 2692 ab
825 2634 1012 2691 amico
1044 2649 1149 2689 suo
1181 2632 1428 2705 quilibet
1454 2632 1643 2706 plebis
1682 2632 1945 2704 ejusdem
1995 2648 2131 2687 mu-

475 2729 672 2785 tuaret
725 2740 867 2780 vasa
924 2725 1218 2795 argentea,
1272 2726 1449 2793 atque
1495 2737 1692 2776 aurea.
1747 2737 1861 2792 quo
1921 2719 2134 2776 sciliiet

474 2818 535 2871 et
564 2830 710 2887 gens
736 2810 979 2867 veneﬁci
1012 2809 1161 2880 (682)
1190 2811 1371 2865 maris
1421 2809 1697 2864 ﬂuctibus
1742 2809 2128 2875 absorbenda,

474 2900 719 2974 indigne
744 2898 845 2954 diu
876 2896 1133 2970 possesis
1159 2897 1370 2969 Opibus
1401 2896 1772 2968 spoliaretur,
1823 2901 1882 2953 et
1912 2896 2132 2954 deicola

475 2985 1328 3057 Abrahamidarum'prcgenies
1342 2984 1538 3040 cmlicc
1567 3000 1805 3040 munere
1824 2985 2126 3041 ditaretur.

478 3079 679 3137 Fuerit
707 3081 768 3135 at
799 3092 979 3132 causa
1006 3072 1351 3145 hujusmodi
1381 3073 1551 3145 quasi
1602 3073 1928 3131 subsimilis
1976 3075 2127 3145 ejus,

478 3184 597 3241 qua
616 3184 646 3223 e
658 3166 788 3238 jure
798 3163 1183 3235 vituperatur,
1199 3158 1759 3216 fraudulentissimus
1775 3160 2129 3233 deceptionis

477 3253 763 3329 mysterii,
796 3253 846 3308 si
874 3250 1480 3307 considereturtamen
1498 3248 2132 3322 humanmimpenetra-

478 3344 641 3412 bilis,
672 3357 849 3416 quam
882 3339 1187 3396 confundit
1202 3338 1981 3411 Deus,sapientiaaopacitas;
2006 3357 2129 3396 ma-

477 3433 639 3490 xima
668 3431 801 3489 istic
831 3427 1084 3486 occurrit
1110 3427 1408 3500 sapientiae
1439 3432 1495 3484 et
1524 3427 1778 3483 scientias
1810 3428 1929 3497 Dei,
1959 3430 2129 3501 cujus
2161 3469 2204 3538 Ο

516 3521 601 3538 ’.αι
672 3521 709 3538 'I'
770 3535 844 3538 __.-
890 3518 1036 3538 ιη----
1092 3533 1146 3538 ---
1201 3516 1288 3538 nm
1325 3515 1519 3538 ...Σ--..2
1546 3533 1668 3538 ---μ
1694 3516 1949 3538 ,1-21-----
1991 3519 2007 3538 Δ
2030 3536 2051 3538 ,_
2078 3536 2089 3538 Α

479 3521 851 3579 altitudinem
885 3518 1061 3579 (Rom.
1092 3533 1170 3582 χι,
1199 3516 1290 3588 33)
1325 3515 1674 3572 miraricum
1688 3516 1957 3589 deiloquo
1977 3519 2127 3592 Apo-

478 3610 650 3680 stolo,
685 3623 863 3681 quam
874 3606 1167 3663 discutere
1178 3622 1245 3661 ac
1262 3604 1685 3677 reprehendere
1714 3622 1850 3662 cum
1872 3608 2130 3665 vesanis-

479 3699 632 3757 simo
661 3695 1070 3754 hwreticorum
1102 3693 1365 3768 catalogo
1388 3711 1600 3751 sanum
1615 3696 1882 3753 convenit
1907 3699 2134 3770 sapien-

475 3791 618 3856 tem,
634 3802 737 3859 per
750 3801 850 3842 eos
863 3783 1161 3853 ventilata,
1189 3786 1364 3854 atque
1378 3783 1547 3839 nobis
1564 3786 2132 3858 monstrata,quibus

479 3876 864 3949 ecphinorum
896 3872 1203 3930 duodecim
1228 3872 1434 3941 (Matth.
1454 3889 1567 3940 xw,
1583 3874 1676 3937 20)
1700 3873 2131 3946 implendorum

478 3965 619 4022 data
643 3963 860 4036 legitur
889 3961 1227 4027 auctoritas,
1260 3959 1468 4015 divinae
1486 3960 1887 4032 dispositionis
1910 3963 2131 4020 incom-

478 4051 975 4127 prehensibilitas.
1010 4050 1199 4121 Hujus
1230 4048 1427 4120 itaque
1458 4049 2131 4122 incomprehensibilitas

481 4142 807 4215 multigena
826 4138 1126 4213 mysteria,
1142 4141 1430 4210 quantum
1444 4142 1653 4194 nostra:
1674 4138 1895 4194 inertia:
1916 4141 2134 4198 divisor

479 4229 580 4288 ille
609 4227 1105 4287 clementissimus
1116 4226 1440 4301 gratiarum
1454 4225 1650 4282 studio
1662 4227 1907 4299 propriae
1925 4230 1994 4284 ad
1993 4230 2135 4301 jice—

479 4336 543 4377 re
555 4317 1403 4394 dignaturindagationls,cum
1417 4315 1859 4371 consideramus
1872 4318 2130 4387 solliciti,

479 4409 769 4481 contingit
782 4406 1287 4481 smpissime,quod
1306 4404 1540 4476 sapiens
1552 4404 1717 4460 fateri
1727 4405 1995 4478 (685)non
2008 4425 2134 4464 eru-

476 4495 1092 4569 buitincomparabilis
1105 4493 1526 4550 omnibuszitlic
1536 4493 2129 4568 inquisivi,inquiens,

475 4586 828 4656 sapientiam
858 4587 1032 4653 821,
1051 4592 1107 4639 et
1128 4582 1257 4650 ipsa
1279 4582 1443 4651 longe
1469 4583 1722 4652 factaest
1747 4599 1893 4639 ame
1924 4587 2128 4646 (Eccle.

476 4691 579 4742 vn,
609 4676 722 4744 24).
756 4673 872 4729 Nec
902 4672 1143 4744 injuria;
1177 4670 1249 4724 de
1296 4670 1559 4741 piscibus
1611 4671 1765 4728 enim
1808 4672 1964 4730 binis
2013 4692 2128 4731 non

478 4762 609 4820 sine
639 4761 929 4818 laborioso
960 4762 1032 4816 de
1064 4757 1340 4815 ﬂuctibus
1371 4759 1603 4816 incertae
1653 4760 2007 4833 dapsilitatis
2039 4764 2128 4819 in-

2238 2185 2476 2242 libuerit
2504 2186 2818 2254 memoriae,
2850 2185 3216 2259 experiemur
3231 2183 3493 2242 omnimc
3520 2180 3850 2240 veracissime

2240 2275 2506 2331 dictum:
2540 2277 2656 2346 Qui
2681 2277 2921 2348 apponit
2967 2276 3300 2347 scientiam,
3344 2272 3579 2346 apponit
3629 2273 3853 2329 laborem

2239 2364 2445 2437 (Eccle.
2478 2381 2518 2431 ι,
2581 2366 2688 2437 18).
2739 2363 2864 2421 Non
2924 2368 3066 2420 sunt
3121 2364 3284 2421 enim
3313 2362 3547 2432 triticei,
3579 2366 3641 2418 ut
3684 2359 3853 2416 leviter

2237 2452 2470 2509 valeant
2524 2453 2784 2525 spoliari,
2846 2453 2947 2510 sed
3006 2453 3319 2511 hordeacei
3377 2454 3667 2521 (Joan.v1,
3703 2449 3770 2522 Ἰ),
3796 2446 3854 2504 ad

2241 2559 2493 2615 quorum
2524 2541 2843 2599 medullam
2879 2542 2973 2598 vix
3003 2543 3191 2615 possit
3217 2540 3403 2601 labor
3430 2536 3856 2597 studiosissimus

2240 2631 2557 2704 pervenire.
2591 2632 2900 2704 Superiora
2924 2631 3106 2704 igitur
3136 2631 3305 2688 mola
3333 2631 3394 2686 in
3421 2628 3747 2703 vertiginem
3768 2626 3857 2681 du-

2240 2724 2350 2789 cta,
2384 2721 2706 2777 subteriore
2739 2721 2905 2793 quasi
2939 2721 3125 2777 otiosa
3147 2720 3410 2792 jacente,
3443 2718 3745 2775 hordeacea
3769 2714 3858 2770 bac

2240 2809 2569 2866 necessario
2601 2810 2759 2878 trita,
2792 2826 2970 2883 quem
3001 2827 3119 2883 pra:
3168 2809 3455 2866 manibus
3500 2804 3859 2864 ventilandam

2240 2896 2632 2970 suscepimus,
2666 2915 2919 2965 summa,
2951 2899 3275 2971 eademque
3309 2896 3511 2973 gustui
3566 2895 3856 2970 prepinata,

2240 2984 2393 3058 sapit
2424 2985 2592 3041 nobis
2618 2988 2949 3059 Egyptum,
2984 2989 3277 3043 mundum
3312 2991 3368 3043 ie
3396 2985 3648 3058 maligno
3665 2980 3861 3057 signiﬁ-

2240 3090 2404 3143 care;
2438 3074 2821 3144 Pharaonem,
2855 3077 3183 3150 principem
3204 3077 3416 3134 mundi
3439 3075 3724 3133 diabolum
3748 3090 3760 3141 ;
3782 3086 3862 3143 po-

2238 3162 2445 3235 pulum
2477 3163 2598 3220 luto
2629 3168 2686 3220 et
2713 3163 2997 3222 lateribus
3028 3182 3404 3239 oppressum,
3454 3181 3626 3239 quem
3670 3162 3861 3218 missus

2237 3249 2484 3308 liberare
2501 3252 2802 3309 descendit
2829 3253 3135 3325 Dominus,
3155 3271 3346 3329 genus
3363 3257 3702 3321 humanum;
3726 3263 3861 3306 mare

2241 3340 2527 3407 Rubrum,
2546 3342 2910 3414 baptismum
2923 3360 3127 3401 cruore
3140 3345 3458 3418 sanguinis
3471 3343 3729 3410 tinctum,
3750 3338 3862 3394 sub-

2242 3446 2489 3500 mersos,
2548 3434 2802 3503 peccata,
2864 3431 3165 3501 liberatos,
3221 3433 3583 3507 baptismate
3628 3430 3784 3494 lotos,
3819 3427 3866 3481 et

2241 3516 2456 3573 Christi
2487 3518 2772 3591 sanguine
2801 3518 2872 3575 de
2902 3524 3089 3576 morte
3128 3519 3345 3576 animus
3395 3537 3500 3594 per
3545 3517 3865 3575 Salvatorem

2242 3610 2509 3662 nostrum
2536 3608 2889 3680 redemptos.
2918 3608 3000 3664 De
3028 3608 3183 3665 vasis
3227 3610 3455 3679 aureis,
3486 3612 3545 3665 et
3589 3600 3867 3680 argenteis,

2242 3712 2424 3751 suasu
2452 3694 2805 3764 liberatoris,
2834 3696 3197 3754 mutuaticae
3223 3697 3440 3755 furatis
3458 3696 3606 3770 (784)
3635 3694 3682 3751 si
3711 3690 3870 3749 oritur

2243 3784 2507 3856 quaestio;
2541 3802 2699 3856 opes,
2733 3784 2851 3842 sive
2881 3785 3131 3857 phalerae
3162 3786 3543 3843 saecularium
3590 3784 3866 3841 librorum.

2242 3890 2393 3945 qum,
2425 3877 2491 3928 ut
2519 3874 2807 3944 videmus,
2843 3891 2878 3930 a
2901 3874 3145 3947 paganis
3173 3875 3416 3947 penitus
3448 3874 3672 3939 ablatae,
3693 3870 3749 3925 in
3783 3867 3868 3938 jus

2241 3966 2297 4017 et
2319 3962 2585 4018 decorem
2618 3963 2765 4036 (685)
2788 3963 2915 4034 jam
2942 3963 3084 4019 olim
3109 3964 3502 4035 transierunt,
3528 3962 3751 4019 Christo
3781 3953 3869 4012 tri-

2240 4051 2475 4121 buente,
2506 4068 2750 4124 prorsus
2779 4052 3067 4109 Ecclesiae.
3102 4055 3398 4121 Quorsum
3426 4058 3624 4110 tamen
3647 4049 3770 4117 ista,
3788 4061 3867 4102 sa-

2241 4155 2354 4212 gax
2383 4140 2706 4213 interrogat
2736 4141 2784 4196 si
2819 4141 3152 4214 requisitor;
3185 4142 3498 4210 nimirum,
3531 4144 3597 4199 ut
3622 4155 3728 4196 neu
3760 4134 3869 4191 sine

2241 4244 2421 4283 causa
2451 4228 2737 4285 clamasse
2768 4229 3059 4286 fateamur
3084 4231 3464 4303 Apostolum:
3516 4230 3620 4290 Ubi
3645 4227 3869 4299 sapient,

2240 4317 2340 4373 ubi
2349 4318 2662 4386 scriba,ubi
2673 4319 2978 4391 inquisitor
2992 4323 3167 4393 hujus
3187 4323 3414 4377 seculi?
3434 4326 3633 4379 Nonne
3650 4312 3871 4372 stultam

2238 4400 2377 4478 fecit
2397 4408 2542 4463 Deus
2557 4408 2904 4478 sapientiam
2917 4410 3204 4482 mundi?(I
3216 4409 3654 4482 Cor.i,20.)Jam
3667 4416 3872 4474 nempe:

2394 4522 2510 4571 Jam
2539 4523 2749 4573 Cariath
2779 4524 2984 4578 Senhor
3010 4526 3173 4575 Josue
3202 4526 3553 4576 destruxerat
3581 4523 3727 4578 alter.

2394 4585 2459 4633 Et
2486 4594 2667 4635 muros
2688 4587 2894 4637 Jericho
2925 4592 3289 4643 prostraverat
3314 4588 3566 4638 funditus
3595 4596 3742 4643 arvo,

2395 4647 2631 4712 Compita
2662 4662 2755 4712 per
2781 4643 2969 4699 mundi
2991 4650 3351 4713 jubilantibus
3381 4651 3568 4701 ornuia
3596 4643 3803 4696 sanctis.

2309 4766 2363 4818 2.
2389 4762 2534 4819 Cum
2568 4780 2685 4820 non
2717 4764 2942 4821 minore
2974 4765 3168 4822 studio
3198 4761 3666 4838 historiographi
3712 4751 3877 4815 nostri

478 4849 649 4924 genio
681 4849 1006 4922 acquisitis,
1039 4852 1097 4905 et
1129 4847 1308 4919 quino
1330 4864 1549 4920 panum
1568 4866 1682 4904 non
1710 4849 2125 4924 sinemysterio
2155 4838 2202 4905 D
2234 4867 2449 4925 agones
2480 4856 2825 4926 martyrum,
2860 4854 3071 4911 merita
3099 4855 3530 4923 confessorum,
3565 4849 3875 4908 caelibatum

478 4939 694 4996 iterum
725 4954 970 4995 numero
987 4938 1047 4994 hi
1075 4937 1417 5011 fragmentis
1432 4937 1652 4994 bisseni
1675 4938 1974 5011 adimpleti
1991 4947 2131 4997 sunt

550 5062 699 5135 (681)
729 5062 923 5120 Prima
953 5079 1132 5137 manu
1161 5062 1224 5137 in
1252 5062 1569 5137 Veronensi
1600 5079 1742 5137 ms.,
1774 5079 1841 5119 ex
1862 5081 1978 5137 quo
2019 5067 2127 5123 hoc

477 5133 875 5207 fragmentum
896 5133 1101 5207 prich
1111 5133 1333 5189 editum
1349 5134 1381 5207 Af
1381 5134 1482 5200 uit,
1498 5134 1785 5207 scriptum
1807 5133 2126 5194 eratNilia-

476 5207 554 5262 εἰ.
580 5204 1138 5279 Βᾳρθτροεὶῑανοοξε
1152 5204 1399 5279 mutatio
1415 5206 1771 5279 Meuzptiitici
1781 5210 1841 5260 tu
1850 5224 1911 5279 m7
1927 5208 1983 5263 in
2002 5209 2125 5264 vul-

476 5280 611 5349 gato
642 5276 851 5353 Veron.
886 5282 1012 5334 tum
1067 5276 1378 5350 postremis
1422 5276 1579 5332 curis
1607 5277 1665 5331 in
1720 5294 1831 5332 ms.
1878 5278 2123 5353 Frising.

476 5352 729 5404 recenta.

542 5364 1140 5501 fgggleupravocem
1157 5419 1393 5501 ueneﬁci
1407 5419 1644 5501 scripsit
1666 5419 1976 5501 Batherius
1991 5438 2124 5493 spu-

471 5491 608 5562 mei,
639 5490 744 5562 p'ro
776 5506 889 5562 quo
922 5492 979 5546 in
1011 5507 1119 5546 ms.
1160 5490 1793 5562 Frisingensi’punicei.

544 5560 692 5643 (683)
724 5560 1016 5643 .Verbum
1061 5563 1328 5643 fateri_in
1354 5560 1545 5643 vulg.“
1574 5562 1784 5643 Ycron.
1838 5564 2125 5622 omissum

473 5632 877 5709 supplevimus
905 5652 973 5691 ex
1003 5635 1131 5708 ipso
1163 5633 1359 5690 codice
1390 5632 1729 5707 Capitulari.

2237 4944 2294 4997 et
2318 4940 2737 4997 continentiam
2769 4943 2920 5015 (686)
2956 4943 3253 5017 virginum
3285 4960 3351 5000 ac
3393 4943 3737 5007 viduarum,
3767 4948 3878 5007 ρω-

2307 5064 2453 5137 (684)
2487 5064 2549 5120 In
2581 5064 2762 5139 vulg.,
2795 5067 2993 5125 deerat
3021 5070 3091 5135 si,
3113 5073 3170 5125 et
3199 5084 3335 5124 mox
3363 5066 3649 5123 mendose
3668 5059 3877 5139 editum

2234 5134 2361 5223 erat
2388 5134 2589 5209 opes...
2620 5134 2936 5223 et'ftytere,
2955 5134 3129 5223 quad
3158 5140 3404 5222 verbum
3435 5142 3628 5223 tptam
3658 5134 3879 5223 φξφῇ-

2234 5203 3168 5283 tiam“pervertitIACog-recti‘onem
3199 5211 3327 5283 ipse
3368 5210 3553 5283 codex
3602 5203 3874 5283 exhibuit.

2305 5278 2453 5350 (685)
2484 5280 2576 5334 Sic
2603 5280 2912 5337 Ratherius
2939 5283 3197 5339 secunda
3224 5278 3402 5338 manu
3431 5279 3493 5335 in
3528 5278 3736 5333 eodem
3774 5286 3875 5327 ms.

2236 5349 2576 5426 Vcroucusi:
2602 5351 2794 5426 prima
2810 5357 3015 5426 (autem
3046 5353 3364 5426 scripserat
3381 5349 3641 5426 jamdiu.

2307 5423 2453 5494 (686)
2486 5423 2571 5477 Ita
2598 5412 2667 5478 ex
2696 5423 2892 5481 codice
2918 5412 3567 5481 emendavimus.'Male
3598 5420 3660 5494 i_n
3702 5412 3877 5494 vulg-3

2231 5498 2290 5548 et
2309 5481 2707 5550 constantiam.
2733 5496 3173 5553 Substantivum
3196 5498 3524 5553 caliculum
3541 5491 3792 5564 refertur

2232 5565 2508 5639 virgines,
2542 5567 2957 5624 continentiam
3004 5569 3076 5625 ad
3117 5568 3346 5625 viduas.
3381 5565 3527 5623 Hinc
3579 5562 3640 5619 in
3671 5558 3885 5615 litaniis
