4080 6180
322 264 446 335 873

1219 273 1638 344 INVECTI'VA
1682 278 1785 344 DE
1829 279 2264 346 TRANSLAT.
2312 281 2378 346 S.
2420 279 2845 348 METRONIS.

3606 279 3730 348 474

329 404 636 464 nitentium
659 403 986 466 describere
1003 409 1330 484 gestiebant
1349 429 1974 487 conversorum,quam
2003 416 2060 483 Α
2089 414 2322 488 aliquis,
2356 415 2456 488 qui
2481 416 2822 490 praevideret
2849 415 3063 484 locum,
3095 414 3218 472 tam
3246 411 3566 488 pretiosum
3597 431 3726 474 con-

329 495 674 568 eloquentizs
703 503 1006 556 venustate
1059 505 1266 558 cuncto
1296 503 1504 559 saeculo
1558 505 1854 577 prmdicati
1905 504 1974 559 li-

327 584 616 642 beralium
649 587 864 643 artium
897 588 980 644 illi
1005 589 1090 646 vel
1121 592 1470 662 inventores,
1502 593 1589 648 vel
1629 598 1973 667 propagato-

321 677 440 743 'res,
474 692 624 748 quos
654 677 906 733 mendax
938 678 1177 750 protulit
1226 683 1598 754 potissimum
1651 683 1886 751 Graecia,
1920 688 1977 740 et

327 764 555 838 poetica
582 765 899 837 garrulitas
923 783 1153 841 semper
1181 771 1252 825 de
1282 771 1536 827 falsitate
1583 772 1828 829 inﬂabat
1877 790 1974 828 or-

325 866 486 931 nata,
520 878 660 917 suos
712 861 984 920 laudibus
1014 865 1287 923 extollere
1317 885 1432 924 non
1465 869 1713 925 cessavit
1741 870 1968 927 heroas.

327 952 494 1008 Nunc
523 967 684 1017 vero,
708 952 852 1023 proh
877 954 1094 1024 pudor!
1123 956 1341 1011 nostris
1364 956 1586 1029 utique,
1616 975 1972 1031 avorumque

327 1039 694 1112 temporibus
727 1040 812 1112 (ut
841 1043 1128 1113 conjicere
1159 1061 1439 1117 cogamur
1468 1064 1582 1102 non
1616 1047 1788 1121 longe
1816 1051 1971 1106 822

328 1126 491 1184 illius
544 1129 748 1184 abesse
805 1130 1116 1186 adventum
1147 1133 1219 1188 de
1276 1150 1390 1204 quo
1422 1139 1511 1191 est
1539 1137 1970 1208 prophetatum,

330 1232 449 1288 qua
484 1217 685 1288 faciem
712 1219 827 1289 ejus
852 1220 1114 1288 praecedet
1155 1227 1360 1290 egestas
1405 1225 1520 1295 (Job
1561 1242 1671 1293 xu,
1694 1227 1780 1297 13)
1814 1231 1976 1282 tanta

332 1305 532 1362 orbem
556 1304 752 1377 inopia
769 1305 916 1378 (687)
939 1307 1150 1363 invasit
1169 1310 1546 1382 scriptorum,
1569 1317 1635 1367 ut
1655 1313 1704 1368 si
1745 1330 1859 1385 qua
1889 1314 1976 1368 vel

336 1401 572 1469 nostris,
604 1401 691 1458 vel
722 1402 981 1471 illorum,
1004 1421 1152 1476 quos
1185 1407 1419 1478 protuli,
1451 1409 1834 1480 temporibus,
1875 1411 1978 1465 ali-

335 1507 450 1561 qua
478 1489 824 1547 meritorum
857 1493 1145 1549 effulserit
1182 1497 1580 1568 prmrogativa,
1632 1498 1820 1570 magis
1871 1499 1981 1554 hoc

328 1576 560 1648 vulgus,
584 1594 764 1650 quam
786 1579 1033 1650 quilibet
1060 1581 1870 1642 extuleritlitteratus.Dicaut
1897 1603 1982 1643 er-

327 1679 422 1737 go,
451 1663 670 1738 ﬂagito,
705 1667 777 1722 ad
803 1684 950 1738 quos
975 1685 1120 1724 usus
1142 1670 1213 1723 ab
1241 1671 1525 1744 Egyptiis
1548 1672 1649 1728 illa
1677 1679 1977 1730 mutuave-

2085 505 2364 561 tinentem
2397 506 2759 562 thesaurum.

2239 595 2351 644 Heu
2383 594 2557 644 dolor!
2592 594 2836 645 orbiculus
2868 593 3130 657 Ingentes,
3163 594 3401 656 obsecro,
3435 594 3571 644 ﬂete.

2157 683 2299 748 Quis
2328 683 2485 738 enim
2512 687 2568 739 te
2599 684 2743 739 satis
2775 698 3027 754 carpere,
3069 683 3187 738 imo
3217 681 3520 754 deplorare
3549 681 3726 754 (quod

2082 776 2172 827 est
2199 772 2404 837 tutius,
2439 777 2496 828 et
2544 771 2970 841 rationabilius)
3019 771 3234 828 misera
3277 776 3468 845 potest
3515 770 3729 827 Italia?

2081 859 2447 933 Principibus
2468 859 2878 933 indignissime
2909 859 3165 915 abuteris
3188 860 3602 932 apostolorum,
3637 876 3729 916 su-

2081 966 2185 1022 per
2213 955 2496 1022 martyres
2526 949 2812 1022 graderis,
2844 947 3204 1004 confessores
3254 947 3467 1020 plantis
3514 950 3724 1016 calcas,

2079 1038 2369 1112 virginum
2400 1039 2729 1094 veneranda
2758 1037 3008 1110 pedibus
3045 1038 3199 1094 323
3231 1036 3726 1094 immundissimis

2079 1129 2219 1184 teris
2239 1127 2527 1197 sepulcra,
2551 1131 2609 1184 et
2627 1143 2838 1183 canum
2864 1142 3023 1182 more
3045 1125 3245 1182 fenum
3263 1125 3395 1182 aliis
3413 1127 3728 1198 prohiben-

2081 1215 2250 1282 tium,
2283 1216 2494 1272 latratu
2529 1215 2862 1289 praeinvido,
2898 1231 3048 1286 quos
3077 1215 3338 1271 venerari
3369 1216 3728 1272 detrectave-

2085 1319 2179 1359 ras
2226 1310 2560 1374 praesentes,
2621 1303 2946 1360 maledictis
2997 1303 3363 1376 persequeris
3421 1304 3727 1375 abeuntes,

2088 1391 2227 1456 imo,
2263 1395 2416 1463 quod
2445 1393 2727 1460 veracius,
2755 1397 2811 1447 te
2844 1392 3151 1464 fugientes,
3176 1391 3322 1449 alios
3340 1393 3723 1466 requirentes.

2088 1480 2292 1535 Nonne
2315 1480 2717 1536 infelicissima
2731 1480 2818 1536 vel
2835 1481 3196 1552 congaudere
3218 1482 3500 1538 debueras
3523 1499 3727 1540 eorum

2091 1567 2171 1640 [id
2201 1577 2280 1624 est
2307 1569 2689 1639 sanctorum],
2725 1567 2825 1639 qui
2854 1568 2959 1623 tibi
2990 1585 3106 1639 prie
3145 1569 3521 1626 multitudine
3546 1571 3728 1628 vilue-

2089 1661 2247 1724 runt,
2282 1657 2520 1722 honori,
2557 1673 2660 1712 nec
2690 1655 2945 1711 invidere
2975 1672 3197 1725 eorum,
3233 1656 3334 1728 qui
3376 1674 3509 1713 cum
3540 1658 3732 1715 nullos

325 1761 445 1852 rint
473 1779 795 1852 vasa,iqua3
842 1766 1146 1837 possident
1183 1784 1361 1824 aurea
1390 1769 1475 1825 vel
1509 1775 1803 1842 argentea,
1835 1773 1884 1828 si
1917 1773 1976 1828 in
2007 1787 2055 1852 Β
2087 1745 2390 1852 Ξθέθῖθηίν
2416 1851 2419 1852 ν
2446 1745 2864 1852 θζῙίίξυξωῌΨῙίξῗζ
2928 1745 3454 1852 θυλωᾷίξξάιίείῗτθηξ
3500 1748 3667 1852 (δεξξλ
3698 1766 3737 1846 ξι

322 1851 699 1908 tabernaculo
727 1854 817 1910 vel
875 1855 1092 1926 templo
1142 1855 1362 1929 aliquid
1411 1858 1547 1914 inde
1586 1865 1828 1915 ornatus
1859 1873 1976 1921 uel

325 1939 598 1997 exhibent
643 1939 896 1995 Domini.
949 1942 1125 1998 Orma
1182 1942 1299 2000 illis
1348 1963 1563 2014 vereor,
1601 1946 1775 2003 Orma
1805 1950 1971 2021 (688),

322 2028 591 2102 inquam,
642 2028 760 2086 illis
803 2048 904 2102 pro
953 2031 1150 2087 futura
1178 2033 1305 2088 auri
1337 2035 1536 2106 regula
1567 2037 1692 2106 (los.
1726 2055 1824 2105 vn,
1857 2039 1971 2109 21),

321 2135 431 2175 nec
483 2118 667 2191 Moysi
724 2119 1145 2184 demonstrata.
1203 2123 1338 2177 Erat
1375 2124 1635 2180 Dominus
1690 2127 1842 2182 Jesus
1871 2129 1970 2200 eji-

321 2210 472 2264 ciens
502 2207 854 2276 dwmonium,
889 2218 939 2265 et
971 2210 1112 2264 illud
1162 2219 1280 2266 erat
1307 2216 1519 2267 mutum
1541 2233 1564 2278 ,ο
1592 2223 1642 2269 et
1696 2232 1822 2270 cum
1873 2219 1976 2287 eje-

321 2299 483 2353 cisset
512 2297 866 2366 daemnium,
930 2299 1138 2354 locutus
1185 2308 1266 2356 est
1310 2309 1492 2356 mutus
1523 2304 1672 2373 (Luc.
1729 2322 1808 2375 x1,
1861 2306 1971 2375 14).

321 2385 497 2441 Iterct
528 2385 636 2441 hoc
666 2390 838 2454 Deus,
871 2402 1198 2459 precemur,
1249 2388 1620 2457 miraculum,
1655 2397 1712 2447 et
1741 2392 1975 2448 laudem

321 2474 559 2531 Domini
589 2473 864 2546 loquatur
892 2493 958 2531 os
988 2482 1259 2532 nostrum
1302 2479 1471 2550 (Psal.
1506 2495 1685 2548 cxuv,
1715 2483 1831 2550 21).

397 2591 452 2645 3.
717 2591 844 2662 jam
876 2591 1059 2664 igitur
1083 2592 1217 2662 jure
1250 2610 1624 2650 succenseam
1659 2596 1843 2652 nostri
1874 2615 1978 2669 pa-

319 2682 708 2752 truorumque
721 2679 1002 2752 temporis
1017 2680 1385 2738 scholasticis
1407 2684 1582 2738 etiam
1599 2701 1752 2740 nunc
1770 2690 1978 2743 mmsto

322 2768 666 2841 depromam
697 2767 879 2824 relatu
912 2768 1082 2840 (689).
1115 2769 1438 2844 Contigisse
1482 2771 1739 2844 primum
1794 2774 1978 2830 fateor

321 2875 531 2931 nuper,
563 2857 673 2913 hoc
720 2861 809 2914 est
857 2862 1136 2929 tempore,
1173 2875 1286 2932 quo
1332 2866 1539 2917 cuncto
1585 2862 1975 2934 praedicabilis

323 2946 538 3004 saeculo
560 2945 1044 3020 gloriosissimus,
1069 2947 1645 3023 aequissimus,atque
1669 2952 1974 3024 piissimus

321 3037 456 3094 Otto
486 3035 805 3108 imperator
822 3036 1120 3108 Augustus
1146 3036 1371 3093 Italiam
1394 3039 1636 3096 feliciter
1659 3039 1974 3098 intraverat

319 3125 818 3196 triumphaturus.
836 3124 1155 3180 Veronensi
1177 3126 1392 3199 p0pulo
1404 3129 1970 3201 gravissimum,cul-

323 3231 403 3288 pa
434 3230 549 3269 non
599 3212 792 3270 solum
842 3212 1023 3281 illius,
1058 3214 1157 3286 qui
1190 3219 1328 3271 tunc
1377 3215 1518 3272 inibi
1559 3217 1974 3291 indignissime

318 3302 718 3386 praeerat,_sed
749 3306 807 3358 et
848 3319 1152 3376 sexageno,
1203 3305 1302 3376 qui
1342 3322 1478 3361 eum
1529 3313 1968 3378 praecesserant,

324 3416 616 3458 annorum
643 3398 954 3468 curriculo,
989 3400 1295 3456 damnum.
1320 3401 1641 3472 Cujusdam
1662 3405 1816 3459 enim
1839 3406 1976 3477 (hae-

325 3507 426 3547 reo
457 3488 811 3546 confessoris
832 3489 1044 3556 dicam,
1063 3507 1136 3545 an
1160 3490 1458 3563 martyris)
1488 3491 1765 3549 Metronis
1787 3495 1974 3549 sancti

324 3595 540 3651 corpus
560 3594 629 3633 ex
658 3577 940 3633 suburbio
966 3578 1213 3633 civitatis
1244 3579 1532 3650 ejusdem,
1556 3581 1710 3652 quod
1732 3581 1976 3638 basilica

323 3667 482 3725 beati
510 3665 783 3740 martyris
832 3666 1168 3722 continebat
1193 3665 1422 3735 Vitalis,
1469 3669 1624 3723 furto
1668 3669 1971 3737 laudabili,

324 3765 642 3822 amissione
656 3762 976 3820 damnabili
997 3763 1772 3838 fueratasportatum.Cujus
1786 3767 1974 3823 sancti

324 3852 673 3911 memoriam
703 3869 808 3925 pro
830 3853 1136 3924 signorum
1168 3852 1685 3910 innumerabilium
1708 3856 1974 3928 ejusdem

324 3943 480 4000 beati
511 3946 741 4015 patratu
773 3940 918 3997 inibi
949 3941 1360 4011 exhibitorum,
1398 3959 1531 3999 cum
1553 3945 1809 4019 vulgaris
1840 3946 1972 4003 reli-

325 4033 489 4107 gioso
521 4048 716 4088 amore
741 4031 1135 4102 frequentaret
1177 4035 1426 4100 caterva,
1460 4032 1600 4091 solis
1627 4035 1974 4092 miserrimis

325 4130 636 4204 episcopis,
659 4133 716 4185 et
745 4128 846 4201 qui
865 4128 1182 4184 vanissimo
1204 4127 1399 4187 labore
1421 4132 1653 4204 siliquis
1670 4133 1973 4191 incumbe-

326 4221 470 4276 bant
498 4233 806 4291 porcorum
837 4217 1098 4284 edendis,
1154 4234 1331 4290 quam
1361 4218 1479 4276 illis
1508 4221 1743 4278 triticeas
1777 4221 1974 4279 dulce-

325 4306 482 4364 dinis
502 4307 774 4379 panibus,
795 4305 1008 4378 quibus
1021 4308 1515 4362 mercenariorum
1535 4309 1974 4366 multitudinem

328 4395 628 4452 abundare
657 4395 938 4469 prodigus
977 4396 1048 4450 ad
1081 4401 1306 4469 patrem
1338 4397 1653 4465 rediturus,
1687 4415 1749 4453 sc
1777 4402 1974 4455 autem

2086 1833 2334 1889 Domino
2367 1835 2627 1905 accipere
2670 1837 3032 1899 meruerunt,
3065 1833 3371 1903 desiderio,
3421 1836 3732 1906 devotioni,

2085 1919 2459 1991 atque.......?
2502 1920 2686 1983 Quare
2713 1920 2772 1974 in
2822 1920 2934 1975 isto
2965 1919 3172 1976 saltem
3205 1921 3362 1978 illius
3393 1939 3509 1979 non
3542 1941 3733 1981 recor-

2082 2009 2205 2064 dari
2260 2009 2429 2079 juvat
2484 2008 2823 2080 apostolici:
2890 2009 2998 2076 Qui
3051 2009 3308 2066 habuerit
3363 2013 3733 2070 substantiam

2079 2097 2295 2164 mundi,
2326 2105 2376 2152 et
2427 2097 2622 2152 viderit
2668 2098 2901 2168 fratrem
2950 2114 3113 2153 suum
3168 2116 3378 2156 necesse
3431 2102 3649 2170 habere,
3679 2110 3732 2160 et

2082 2187 2340 2241 clauserit
2384 2187 2586 2242 viscera
2614 2203 2715 2241 sua
2767 2186 2834 2241 ab
2887 2202 2966 2253 eo,
3021 2188 3282 2258 quomodo
3337 2189 3575 2247 charitas
3631 2192 3732 2248 Dei

2080 2279 2263 2330 manet
2293 2276 2351 2329 in
2380 2292 2440 2332 eo
2461 2279 2486 2328 γ
2523 2276 2569 2345 (Ι
2589 2277 2746 2331 Joan.
2782 2291 2866 2335 III,
2901 2275 3015 2346 17.)
3047 2276 3144 2330 Et:
3179 2277 3383 2347 Diliges
3408 2281 3728 2349 proximum

2085 2373 2243 2419 tuum
2278 2366 2418 2418 sicut
2457 2365 2686 2434 teipsum
2716 2363 2925 2431 (Matth.
2953 2380 3069 2433 xxx,
3094 2365 3202 2433 19).
3247 2364 3366 2419 Cur
3407 2367 3570 2422 doles
3600 2383 3733 2438 per-

2085 2452 2296 2516 ditum,
2321 2451 2473 2522 quod
2505 2467 2638 2505 cum
2670 2451 2936 2516 haberes,
2955 2466 3070 2505 non
3093 2451 3235 2506 adeo
3254 2451 3539 2522 diligebas
3560 2452 3588 2507 ?
3619 2453 3730 2509 Sed

2085 2556 2283 2597 revera
2303 2556 2420 2596 non
2443 2538 2627 2605 doles,
2650 2539 2751 2594 sed
2775 2537 2966 2593 dolerc
2998 2542 3054 2593 te
3084 2539 3155 2593 ad
3187 2540 3579 2611 quorumdam
3602 2557 3733 2614 aug.

2085 2629 2446 2702 gillationem
2477 2627 2660 2699 impia
2688 2627 2884 2699 fingis.
2917 2627 3062 2682 Nam
3094 2627 3143 2682 si
3176 2626 3454 2684 veraciter
3481 2629 3734 2687 amissos

2039 2746 2043 2750 -
2085 2719 2333 2784 doleres,
2368 2717 2597 2774 relictos
2623 2716 2914 2772 devotiore
2943 2715 3102 2772 cultu
3133 2716 3444 2774 excoleres.

2155 2810 2208 2863 4.
2243 2806 2386 2863 Vere
2415 2811 2632 2872 tamen,
2666 2822 3004 2878 quanquam
3039 2805 3320 2863 invidiose
3340 2805 3442 2863 tibi
3462 2808 3731 2881 praelatos

2081 2897 2275 2954 valeas
2303 2895 2693 2967 obloquendo,
2729 2898 2791 2950 ut
2811 2893 3060 2962 conaris,
3084 2895 3524 2968 reprehendere,
3557 2902 3613 2954 te
3641 2902 3728 2955 ta-

2082 3003 2216 3043 men
2250 2985 2519 3042 meliorcs
2549 2984 2764 3040 suadeo
2793 2984 3012 3056 cogites
3042 2984 3283 3041 minime
3306 2985 3609 3043 meruisse.
3631 2986 3728 3043 Di-

2083 3080 2242 3132 ctum
2296 3075 2454 3130 enim
2514 3075 2584 3129 de
2614 3074 2729 3129 Deo
2759 3073 2974 3146 legitur
3019 3073 3413 3143 veracissime,
3465 3076 3618 3147 quod
3650 3092 3732 3131 re-

2003 3152 2046 3220 C
2083 3182 2262 3240 gnare
2288 3167 2456 3236 faciat
2488 3164 2825 3234 hypocritam
2853 3166 3076 3234 propter
3099 3171 3324 3233 peccata
3348 3165 3543 3235 populi
3588 3165 3726 3236 (Job.

2081 3253 2385 3325 xxx1v,30)
2438 3253 2681 3324 Ipseque
2711 3251 2780 3306 de
2812 3267 2910 3306 se:
2944 3252 3110 3315 Dabo,
3138 3251 3350 3323 inquit,
3377 3253 3458 3307 eis
3486 3268 3638 3322 reges
3669 3255 3727 3308 in

2079 3346 2267 3416 furore
2297 3357 2430 3409 meo,
2473 3349 2523 3395 et
2553 3342 2612 3395 in
2642 3341 2730 3393 ira
2759 3355 2880 3394 mea
2925 3339 3074 3409 (Oss.
3106 3356 3224 3406 xm,
3259 3340 3368 3409 11).
3419 3340 3479 3395 Si
3511 3344 3728 3413 marty-

2084 3447 2207 3488 rem
2240 3445 2379 3485 sane
2431 3433 2600 3483 tuum
2631 3431 2934 3498 tantopere
2981 3426 3288 3499 diligebas,
3334 3430 3399 3481 ut
3438 3427 3578 3498 quid
3609 3432 3730 3484 tam

2086 3518 2238 3575 male
2269 3515 2684 3572 custodiebas?
2735 3513 3126 3581 Consenserit,
3159 3519 3223 3568 ut
3264 3511 3562 3568 criminari
3594 3531 3730 3570 con-

2085 3605 2299 3673 tendis,
2321 3603 2509 3659 altiori
2529 3603 2672 3658 forte
2693 3599 2937 3658 consilio
2961 3599 3216 3672 amplius
3236 3601 3598 3656 convenienti
3621 3602 3734 3659 dis-

2085 3694 2295 3768 posito,
2329 3697 2468 3748 tuus
2527 3691 2874 3763 episcOpus:
2926 3692 3010 3755 tu,
3070 3705 3196 3760 quae
3225 3691 3456 3744 tantum
3504 3687 3731 3748 facinus

2085 3783 2493 3848 abhorrueras,
2518 3797 2691 3836 nosse
2716 3777 2844 3835 volo
2869 3795 2972 3834 cur
3001 3777 3399 3835 abhorrueris.
3431 3777 3578 3844 Quia
3607 3796 3734 3852 pes-

2084 3872 2326 3939 simum,
2349 3871 2568 3942 inquis,
2597 3869 2752 3942 quod
2784 3869 2866 3925 ita
2895 3873 3129 3926 sanctos
3148 3867 3449 3941 perdimus
3475 3872 3728 3927 nostros.

2085 3960 2423 4028 Verissime,
2477 3960 2579 4015 sed
2619 3958 3055 4015 convenientius
3087 3958 3308 4014 diceres
3363 3958 3532 4032 (692).
3566 3959 3729 4025 Quod

2083 4049 2270 4108 sancti
2289 4049 2370 4106 ita
2390 4066 2496 4105 nos
2527 4047 2760 4122 fugiunt
2790 4047 2992 4105 nostri.
3015 4047 3229 4121 Turpis
3259 4065 3400 4104 sane
3424 4046 3573 4104 lucri
3602 4066 3732 4104 cru-

2085 4141 2260 4214 pidus
2285 4156 2421 4195 cum
2453 4155 2624 4194 nemo
2654 4138 2732 4194 sit
2763 4141 3021 4204 sanctus,
3045 4137 3358 4194 honestum
3389 4137 3611 4210 fugisse
3639 4136 3728 4193 lu-

2085 4246 2250 4286 crum
2283 4245 2454 4285 nemo
2508 4227 2803 4282 invenitur
2831 4231 3189 4282 sanctorum.
3223 4226 3545 4280 Honestum
3598 4241 3731 4281 vero

2083 4318 2313 4374 lucrum
2346 4323 2452 4386 est,
2487 4316 2640 4388 quod
2673 4316 2884 4372 caelum
2915 4314 3248 4387 locupletat,
3278 4316 3565 4368 tartarum
3597 4329 3731 4384 spo-

2087 4407 2210 4462 liat.
2245 4407 2304 4462 Si
2334 4422 2467 4460 vero
2497 4409 2553 4460 te
2575 4404 2820 4476 fugienti
2840 4419 3074 4475 quoquo
3097 4400 3309 4456 annisu
3343 4398 3481 4453 illuc
3513 4399 3596 4454 ire
3617 4399 3734 4470 pla-

326 4493 482 4550 fame
503 4491 710 4566 perire,
735 4492 1074 4565 deplorabat
1093 4492 1272 4562 ﬁlius,
1307 4492 1564 4548 italocus
1587 4494 1796 4564 isdem,
1830 4494 1976 4565 proh
2008 4518 2056 4583 Β
2086 4494 2208 4550 cuit
2232 4493 2405 4548 alicui
2424 4496 2645 4583 sancto,
2669 4492 2896 4583 u-bi‘pro
2927 4487 3268 4583 reverentia,
3292 4486 3735 4583 quam-honeste

327 4581 545 4655 nefas!)
567 4581 834 4652 viluerat,
868 4585 934 4636 ut
964 4580 1252 4637 militibus
1282 4581 1472 4637 reditu
1497 4582 1642 4654 (690)
1666 4581 1855 4638 eidem
1885 4599 1976 4638 ec-

327 4671 515 4728 clesia
540 4670 888 4744 competenti
935 4670 1170 4740 donato,
1213 4671 1515 4743 presbyter
1544 4687 1648 4727 nec
1677 4670 1796 4726 illic
1827 4676 1981 4728 esset

331 4813 613 4895 antiquis,
629 4830 756 4895 qua;
776 4812 1052 4895 leguntur
1071 4813 1129 4895 in
1150 4829 1278 4895 m_s.l
1295 4813 1383 4868 33.
1421 4813 1670 4886 Capituli
1687 4814 1978 4895 veroneu-

330 4886 415 4968 sis
443 4883 575 4958 post
601 4883 1085 4966 sanctzzo'virgines
1114 4883 1361 4940 habetur
1387 4883 1592 4944 saneta?
1621 4889 1980 4955 continentes,

330 4958 511 5038 id__est
540 4956 1160 5038 sanctae.V1‘duae.‘I’ost
1182 4955 1468 5038 nonnulla
1495 4958 1756 5015 extollere
1776 4976 1880 5031 pro
1903 4967 1981 5016 at-

333 5029 520 5085 tollere
552 5045 623 5084 ex
651 5027 889 5084 laudato
913 5026 1109 5083 codice
1131 5026 1443 5082 edidimus.

428 5099 554 5170 687)
586 5097 1066 5172 Rri‘maARatherii
1088 5114 1264 5153 manu
1294 5099 1579 5172 scriptum
1607 5106 1731 5158 erat
1754 5111 1977 5172 egestas.

428 5173 556 5239 688)
584 5169 742 5238 Vul.,
776 5169 932 5227 Onna
962 5170 1078 5225 illis
1110 5185 1296 5225 vereor
1325 5169 1516 5225 Onam.
1545 5171 1735 5230 Codex
1766 5169 1976 5230 habet:

337 5241 488 5300 Orno
514 5243 631 5300 illis
658 5257 844 5300 vereor
880 5257 1092 5315 omam.
1142 5241 1350 5315 Melius
1403 5243 1686 5315 scriptum
1747 5245 1982 5302 fecisset

332 5317 557 5381 Horme,
583 5315 640 5369 id
671 5319 759 5371 est
779 5314 1090 5379 anathema,
1111 5313 1392 5386 vocabulo
1415 5313 1650 5386 sumpto
1671 5331 1740 5371 ex
1763 5317 1979 5372 Nume-

334 5402 537 5443 rorum
558 5385 707 5442 libro
730 5401 855 5458 cap.
884 5401 1044 5451 xxm,
1075 5400 1224 5458 vers.
1253 5390 1303 5440 3.
1327 5385 1472 5458 Cum
1500 5385 1670 5458 porro
1694 5387 1981 5444 indicetur

333 5459 558 5529 furtum
590 5455 1047 5529 regulai‘aureze,
1081 5457 1151 5529 de
1183 5473 1298 5529 quo
1325 5457 1384 5511 in
1413 5455 1560 5512 libro
1590 5457 1766 5512 Josue
1796 5475 1845 5513 c.
1879 5476 1976 5526 vn,

330 5529 428 5585 his
456 5526 680 5600 primis
715 5526 872 5583 curis
903 5526 1217 5600 Ratherius
1251 5527 1420 5599 lapsu
1469 5529 1763 5584 memoria:
1811 5531 1982 5600 Moysi

331 5598 572 5672 scripsit
600 5616 704 5678 pro
731 5601 929 5666 Josue;
961 5598 1126 5678 quod
1145 5598 1340 5678 tamen
1374 5600 1684 5678 postremis
1715 5601 1870 5678 curis
1897 5598 1975 5656 ab

330 5688 402 5729 eo
433 5669 811 5729 emendatum
843 5687 912 5727 sx
941 5686 1052 5726 ms.
1085 5669 1440 5741 Frisingeusi
1473 5672 1896 5745 perspeximus.

2090 4581 2331 4637 minime
2363 4579 2635 4647 habebat,
2670 4578 2782 4634 sibi
2813 4592 3010 4632 amore
3033 4574 3248 4631 Christi
3271 4573 3548 4641 exhibita,
3571 4591 3735 4647 para-

2091 4669 2256 4726 disus
2274 4671 2344 4725 de
2368 4667 2680 4725 animabus
2693 4665 2914 4721 devotis
2928 4663 3247 4737 repleretur
3266 4661 3540 4720 aetherius
3561 4664 3730 4738 (693),

2161 4811 2314 4881 (689)
2341 4809 2537 4882 Vulg.,
2590 4823 2677 4882 me
2730 4806 2918 4863 stud...
2959 4806 3290 4882 depromam.
3345 4805 3465 4878 Ope
3483 4807 3734 4882 _codicis

2087 4877 2302 4940 Veron;
2324 4877 2784 4953 emendavimus:
2810 4883 2869 4953 et
2887 4877 3057 4950 paulo
3081 4877 3247 4953 aliter
3266 4878 3326 4933 in
3350 4877 3728 4953 ms._Frising.

2088 4956 2402 5029 postremis
2433 4952 2588 5010 curis
2638 4948 2949 5007 Ratherius
2995 4951 3333 5022 mwstiloquo
3363 4948 3600 5021 scripsit
3627 4948 3731 5024 pro

2328 5096 2424 5175 _Ita
2449 5097 2646 5151 codex.
2681 5092 2831 5175 Male
2860 5090 2920 5146 in
2953 5091 3133 5175 vulg.,
3167 5093 3423 5175 ejusdem.

2181 5101 2286 5154 690
2341 5101 2424 5151 lta
2449 5101 2646 5151 codex.
2683 5101 2831 5149 Male
2860 5101 2920 5146 in
2953 5101 3133 5164 vulg.,
3167 5101 3423 5175 ejusdem.

2160 5101 2510 5243 E691l_Yoces
2529 5183 2653 5222 cum
2683 5165 3009 5243 indigere-nt,
3035 5181 3159 5236 quae
3185 5181 3243 5219 in
3279 5164 3435 5240 vulg.
3469 5167 3730 5232 deerant,

2089 5236 2513 5300 exms.'Veron.
2549 5236 2968 5309 supplevimus.

2161 5313 2306 5384 (692)
2332 5306 2642 5366 Ratherius
2667 5306 2774 5381 pro
2802 5307 3007 5362 diceres
3032 5306 3222 5380 prima
3272 5326 3449 5365 manu
3481 5309 3728 5380 scripse-

2088 5384 2478 5461 raljilfﬂ‘ﬁris'
2541 5452 2556 5461 .
2665 5450 2716 5461 ..
3035 5450 3124 5461 ..
3238 5450 3250 5461 .
3402 5450 3416 5461 .
3596 5448 3608 5461 .

2159 5448 2308 5528 (693)
2341 5455 2425 5510 Ita
2455 5452 2632 5508 codex
2663 5450 2839 5528 idem.
2874 5448 3207 5528 Habebatur
3226 5450 3293 5528 _in
3324 5450 3482 5528 vulg.
3517 5448 3731 5528 ‘minus

2087 5519 2234 5582 bene
2260 5519 2546 5580 :tartarus
2578 5525 2905 5593 uacuaretur
2936 5523 3188 5592 inferius.
3226 5523 3356 5577 Mox
3387 5519 3485 5576 ubi
3505 5519 3731 5593 legitur

2086 5599 2377 5654 meruisset
2415 5602 2697 5649 tuorum...
2731 5591 3002 5663 videaris,
3040 5595 3230 5665 prima
3261 5591 3514 5648 Ratherii
3549 5591 3726 5665 manu

2090 5670 2374 5742 scriptum
2406 5665 2592 5722 fuerat
2621 5667 2907 5722 meruisset
2937 5662 3315 5722 vestratium...
3338 5662 3656 5722 videamini.
