4094 6180
264 353 437 426 ,489

313 782 389 822 eo
419 765 751 824 inconsulto
783 766 955 824 nihil.
988 792 1009 819 η

608 857 747 912 Item
773 872 846 912 ex
873 859 1107 915 consilio
1137 860 1492 927 Antiocheno,
1524 860 1613 915 tit.
1651 859 1711 915 9.

390 967 417 994 α
453 944 873 1017 Unusquisque
902 947 1063 1003 enim
1095 949 1405 1023 episcopus
1445 948 1671 1005 habeat
1692 965 1812 1005 sua:
1838 967 2011 1022 paro-

314 1031 458 1088 chia
488 1034 860 1104 potestatem,
890 1038 959 1089 ut
988 1041 1153 1109 regat
1191 1039 1357 1110 juxta
1408 1037 1809 1094 reverentiam
1843 1041 2008 1097 340

312 1120 564 1194 singulis
594 1125 1051 1195 competentem,
1072 1129 1130 1181 et
1153 1126 1584 1199 providentiam
1610 1130 1779 1201 gerat
1804 1130 2003 1187 omnis

310 1209 704 1282 possessionis
727 1226 858 1282 qua:
882 1212 1002 1268 sub
1023 1213 1152 1284 ejus
1173 1219 1261 1271 est
1282 1219 1650 1288 potestate.»
1675 1216 1841 1286 Item,
1865 1234 1997 1291 cap.

307 1299 381 1355 24
414 1315 483 1354 ει(
516 1302 652 1366 Quae
695 1304 840 1356 sunt
888 1301 1184 1371 Ecclesiae,
1216 1304 1324 1361 sub
1377 1305 1547 1361 omni
1598 1304 1999 1363 sollicitudine

334 1389 461 1460 741)
489 1392 546 1444 et
574 1390 915 1446 constantia
942 1391 1121 1460 bona,
1145 1396 1202 1448 et
1230 1393 1366 1462 fide,
1400 1411 1535 1466 quae
1566 1395 1629 1450 in
1662 1394 1848 1450 Deum
1881 1400 1996 1464 est,

1266 360 1363 432 DE
1409 360 1940 433 CONTEMPTU
1987 366 2396 446 CANONUM.
2432 417 2505 433 --
2538 382 2737 454 PARS
2782 388 2831 455 Ι.

268 537 279 547 .
316 495 608 571 permisso
637 515 673 554 a
711 515 822 556 sua
858 501 1138 573 parochia
1180 504 1511 569 abscedant,
1549 517 1680 558 nec
1717 503 1779 558 in
1807 521 1882 560 ea
1911 505 2018 560 ad-
2050 509 2105 576 Α
2171 547 2176 551 .

310 591 620 644 ventantes
651 587 869 644 morari
894 597 1274 662 praesumant.
1295 592 1514 648 Animae
1534 604 1699 647 vero
1721 609 1933 649 eorum
1964 594 2019 650 ei

314 677 549 733 credite
568 682 736 746 sunt;
761 676 890 735 ideo
912 678 1043 751 ejus
1068 681 1312 740 consilio
1328 680 1530 738 omnia
1549 695 1745 753 agere
1768 682 2015 753 debent,

3671 415 3799 483 490

2376 520 2611 612 alternos:
2638 527 2866 595 cpistola
2892 546 3056 602 papa:
3088 532 3315 607 Urbani,
3338 555 3458 612 cap.
3485 543 3539 597 2.

2215 623 2240 656 α
2269 603 2382 705 Res
2410 608 2676 667 Ecclesiae
2708 615 2927 674 collata:
2953 619 3013 675 in
3045 603 3307 683 editione.
3333 603 3504 686 erant
3532 632 3790 708 antiqui-

2127 693 2677 799 tus‘episcOporuni,
2705 705 2806 776 qui
2834 706 3027 766 locum
3052 715 3255 770 tenent
3283 715 3346 772 in
3367 719 3627 778 Ecclesia
3655 693 3793 799 apo-

2126 779 2436 856 stolorum,
2462 792 2519 843 et
2566 795 2706 847 sunt
2737 811 2923 868 usque
2953 799 3166 872 adhuc,
3201 808 3261 861 et
3310 805 3527 866 futuris
3576 779 3792 874 debent

2123 884 2254 927 esse
2285 875 2668 948 temporibus.
2693 902 2722 931 »

2118 987 2254 1079 Item
2282 990 2350 1079 de
2375 994 2725 1079 xenoaochiis
2754 1008 2804 1079 et
2842 1010 3190 1079 monasteriis
3233 1019 3350 1068 tam
3394 1018 3788 1079 monachorum

2388 1067 2897 1161 sali-otimoaialium
2928 1092 2998 1157 ea?
3027 1067 3788 1161 decretis;

2185 1146 2373 1229 papf,
2403 1152 2522 1229 cap.
2935 1147 3131 1205 iisdem
3160 1156 3343 1212 verbis
3374 1139 3783 1229 quarti—

2181 1218 2367 1273 papae,
2400 1222 2518 1278 cap.
2551 1212 2823 1268 simititef
2842 1215 2930 1270 23.

2185 1321 2214 1349 «
2252 1300 2360 1356 Per
2388 1303 2841 1367 sollicitudinem
2887 1314 3300 1391 episcoporum
3350 1322 3492 1394 haec,
3526 1346 3787 1401 quorum

2111 1387 2430 1446 dioeceseos
2479 1394 2757 1467 existunt,
2809 1402 2880 1456 ad
2930 1387 3171 1463 easdem
3221 1387 3778 1491 utilitates,‘quibus

316 1477 409 1548 qui
443 1482 658 1534 cuncta
704 1479 1047 1536 considerat
1085 1481 1463 1555 judicatque,
1497 1487 1821 1540 serventur.
1856 1485 1987 1548 Quae

2107 1480 2431 1535 constituta
2464 1489 2622 1554 sunt,
2648 1489 3024 1562 ordinentur;
3060 1499 3126 1551 ut
3155 1498 3337 1555 debiti
3367 1477 3777 1581 panes,‘atque

310 1565 488 1623 etiam
518 1566 924 1639 dispensanda
945 1574 1089 1624 sunt
1111 1569 1336 1641 judicio
1357 1576 1420 1627 et
1442 1576 1733 1644 potestate
1762 1573 1995 1644 pontiﬁ-

306 1654 413 1724 cis,
439 1655 536 1711 cui
568 1657 929 1713 commissus
953 1662 1045 1713 est
1065 1658 1343 1731 populus,
1367 1664 1429 1716 et
1450 1661 1660 1718 anima:
1684 1678 1813 1736 quae
1834 1662 1992 1719 intra

304 1743 617 1801 ecclesiam
660 1751 1122 1820 congregantur.
1151 1771 1180 1798 »
1205 1752 1370 1820 Item,
1416 1767 1545 1825 cap.
1578 1753 1653 1807 25
1673 1771 1725 1809 ;‹‹
1758 1753 1991 1824 Episco-

304 1850 420 1906 pus
450 1833 987 1903 ecclesiasticarum
1019 1853 1217 1893 rerum
1264 1838 1481 1897 habeat
1509 1846 1879 1913 potestatem,
1914 1844 1986 1899 ad

302 1923 779 1997 dispensandum
809 1940 953 1998 erga
983 1942 1190 1983 omnes
1221 1927 1322 1999 qui
1352 1928 1643 2003 indigent,
1659 1947 1793 1986 cum
1818 1948 1980 1989 sum-

299 2026 403 2067 ma
431 2013 759 2069 reverentia
806 2017 865 2069 et
908 2012 1119 2070 timore
1164 2016 1287 2072 Dei.
1314 2016 1644 2092 .Participet
1692 2023 1891 2075 autem
1923 2026 1980 2077 et

300 2100 452 2171 ipse,
480 2100 702 2173 quibus
758 2100 1007 2174 indiget,
1043 2103 1094 2158 si
1134 2107 1332 2159 tamen
1387 2106 1634 2181 indiget,
1669 2113 1793 2163 tam
1851 2111 1978 2165 suis

300 2205 484 2262 quam
515 2190 766 2246 fratrum
798 2190 1006 2262 quiab
1055 2206 1122 2248 eo
1164 2194 1593 2268 suscipiuntur,
1628 2198 1978 2256 necessariis

301 2277 512 2333 usibus
536 2278 906 2350 profuturus,
926 2279 1008 2334 ita
1028 2284 1094 2334 ut
1114 2280 1174 2334 in
1200 2280 1363 2337 nullo
1384 2282 1650 2355 qualibet
1671 2284 1977 2342 occasione

298 2365 653 2423 fraudentur
693 2368 869 2439 juxta
915 2372 1188 2424 sanctum
1234 2371 1582 2443 Apostolum
1628 2374 1971 2431 dicentem:

299 2456 571 2511 Habentes
600 2457 808 2512 victum
838 2464 889 2512 et
938 2460 1329 2529 tegumentum,
1360 2461 1447 2516 his
1493 2465 1739 2520 contenti
1787 2480 1975 2519 sumus

299 2544 354 2615 (ι
386 2545 521 2600 Tim.
553 2562 632 2611 v1,
663 2545 741 2618 8).
771 2566 799 2596 »

550 2636 691 2690 Item
722 2650 794 2690 ex
822 2634 1051 2691 decretis
1074 2653 1230 2710 papae
1263 2636 1484 2709 Getasii,
1516 2643 1603 2697 tit.
1635 2645 1726 2698 27.

378 2746 406 2772 α
442 2723 610 2780 Sicut
657 2723 980 2781 sacerdotis
1026 2725 1291 2783 intererit
1335 2726 1626 2802 integram
1676 2730 1972 2788 ministris

293 2811 573 2868 Ecclesiae
618 2818 1007 2869 memoratam
1053 2814 1381 2887 dependere
1429 2820 1851 2889 quantitatem;
1885 2820 1971 2877 sic

292 2899 497 2956 clerus
522 2899 679 2971 ultra
710 2900 1036 2975 delegatam
1067 2902 1179 2959 sibi
1212 2920 1510 2962 summam
1541 2907 1689 2964 nihil
1718 2907 1971 2966 insolen-

288 2993 387 3045 ter
417 2989 644 3046 noverit
672 2991 1081 3063 expetendum.
1112 3014 1141 3042 »

574 3078 711 3134 Item
742 3079 803 3134 in
828 3095 949 3135 can.
985 3079 1275 3151 Gangren.,
1307 3097 1429 3153 cap.
1458 3086 1493 3138 7
1525 3087 1610 3142 vel
1639 3090 1692 3143 8.

2015 1883 2066 1950 B

2106 1571 2315 1658 caetera
2348 1574 2687 1641 petentibus
2718 1584 3105 1655 revertantur,
3132 1571 3389 1658 qualiter
3416 1592 3532 1649 Deo
3556 1571 3772 1653 vacan-

2106 1660 2218 1724 tes,
2265 1656 2481 1731 inopia,
2514 1661 2603 1718 vel
2635 1667 3086 1727 necessitatibus
3118 1656 3459 1737 nullatenus
3487 1698 3772 1757 occupen-

2102 1750 2221 1814 tur,
2246 1748 2348 1802 sed
2391 1750 2549 1804 omni
2581 1753 2823 1824 expulsa
2862 1774 3022 1828 cura,
3057 1763 3225 1833 puris
3275 1767 3332 1822 in
3380 1768 3484 1826 Dei
3529 1748 3767 1831 servitio

2097 1834 2333 1891 valeant
2365 1840 2662 1896 mentibus
2689 1859 3052 1913 permanere.
3079 1873 3108 1899 ››

2166 1924 2219 1978 3.
2256 1925 2391 2024 Haec
2416 1928 2557 1982 dum
2607 1929 3020 2006 inconsultius,
3045 1942 3249 2013 utpote
3298 1946 3583 2006 inutiliter
3629 1968 3764 2024 gar-

2093 2012 2252 2069 riens
2302 2014 2674 2089 delatrarem,
2709 2037 2940 2079 mecum
2992 2026 3076 2083 ita
3118 2012 3272 2105 coepi
3323 2053 3529 2095 rursus
3560 2012 3757 2099 rixvari.

2090 2101 2201 2156 Sed
2229 2103 2369 2173 quid
2396 2103 2510 2160 ritu
2534 2107 3023 2169 stultissimorum
3049 2101 3447 2189 quorumdam
3469 2126 3627 2185 mille
3649 2130 3760 2187 hoc

2052 2190 2056 2195 ’
2089 2195 2351 2246 astruere
2382 2192 2761 2268 testimoniis,
2787 2216 2923 2257 cum
2969 2205 3234 2265 sufficiat
3276 2228 3481 2285 unum,
3515 2216 3760 2276 laboro?

2089 2278 2387 2353 Interroga
2412 2282 2569 2338 enim
2594 2287 2935 2358 quemlibet,
2956 2295 3115 2351 unde
3148 2313 3277 2356 mos
3307 2278 3607 2362 inoleverit
3635 2307 3752 2375 ille,

2086 2373 2151 2423 ut
2180 2373 2444 2468 pastores
2465 2378 2742 2429 vocentur
2761 2376 3031 2436 Ecclesiae
3058 2388 3363 2456 praesules.
3390 2390 3593 2450 Nonne
3617 2373 3753 2468 post

2084 2455 2336 2554 typicam
2369 2457 2529 2514 illam
2560 2463 3031 2532 patriarcharum
3066 2455 3348 2544 pascendi
3378 2495 3586 2554 greges
3617 2455 3751 2541 con-

2084 2544 2481 2615 suetudinem,
2503 2552 2560 2603 et
2586 2552 3007 2623 prophetarum
3054 2562 3129 2617 ad
3172 2544 3438 2623 nostrum
3471 2544 3528 2625 id
3561 2588 3747 2629 sacu-

2083 2632 2205 2688 lum
2237 2632 2577 2706 spiritaliter
2605 2644 3077 2714 retorquentium
3109 2669 3329 2723 vocem,
3354 2673 3626 2715 summus
3646 2658 3745 2718 ille

2080 2726 2384 2793 pastorum
2425 2724 2699 2801 princeps
2730 2733 3005 2805 occurrit,
3033 2742 3094 2793 et
3128 2741 3211 2796 ait
3234 2759 3247 2798 :
3270 2744 3379 2815 Ego
3406 2762 3531 2802 sum
3552 2754 3744 2820 pastor

2081 2811 2294 2909 bonus
2325 2812 2497 2885 (Joan.
2523 2833 2579 2884 x,
2606 2816 2717 2889 41.)
2741 2819 2807 2875 Et
2836 2826 2903 2876 ut
2931 2826 3034 2897 qui
3067 2834 3270 2901 pastor
3299 2811 3387 2890 est
3415 2811 3612 2909 gregis
3632 2837 3744 2894 Do-

2078 2899 2301 2968 minici,
2326 2911 2748 2976 consequenter
2785 2899 3087 2970 eumdemv
3116 2899 3457 2995 episcopum
3506 2899 3735 2982 noveris

2078 3005 2225 3057 esse,
2247 2992 2385 3047 audi
2419 3008 2487 3048 ex
2514 3010 2649 3050 voce
2691 2995 2942 3057 dicentis
2968 3019 2981 3058 :
3006 3005 3192 3063 Eratis
3219 2992 3362 3068 sicut
3390 3028 3510 3069 oves
3538 3030 3733 3071 erran-

2076 3086 2169 3147 tes,
2202 3081 2293 3135 sed
2323 3084 2568 3138 conversi
2596 3088 2723 3142 estis
2763 3106 2911 3146 nunc
2935 3093 3007 3149 ad
3040 3107 3319 3168 pastorem
3346 3105 3398 3156 et
3425 3105 3735 3176 episcon

370 3189 402 3218 α
438 3165 498 3222 Si
530 3166 663 3238 quis
702 3167 1025 3225 oblationes
1064 3140 1333 3227 Evcclesize
1369 3140 1750 3245 .baptismalis
1798 3140 1964 3233 extra
1998 3243 2037 3262 Π
2074 3140 2394 3262 animarum
2446 3180 2752 3262 vestrarum
2782 3178 2831 3250 (Ι
2856 3180 3008 3237 Petr.
3040 3140 3103 3251 ii,
3146 3188 3259 3258 25).
3284 3190 3430 3262 (742)
3450 3140 3732 3248 plagam

290 3272 433 3312 eam
466 3256 730 3330 accipere
750 3256 839 3313 vel
871 3257 1009 3315 dare
1036 3257 1283 3316 voluerit
1311 3243 1519 3332 praeter
1538 3266 1961 3323 conscientiam
1994 3243 2038 3309 (ἶ
2076 3258 2278 3314 ordine
2320 3260 2586 3353 Sequitur
2614 3263 2693 3334 [ίά
2723 3243 2798 3321 θεέ
2838 3268 2896 3324 S-
2929 3271 3162 3346 Petrus]
3194 3243 3371 3347 iae‘m:
3405 3243 3580 3352 (luem
3611 3280 3733 3353 θΡί·

280 3344 584 3419 episcopi,
601 3344 690 3400 vel
712 3345 841 3416 ejus
866 3347 958 3402 cui
979 3346 1099 3403 hec
1122 3348 1313 3405 ofﬁcia
1329 3351 1648 3409 commissa
1673 3360 1833 3424 sunt,
1856 3371 1964 3412 nec

276 3450 441 3490 cum
470 3433 600 3506 ejus
634 3433 745 3491 hoc
795 3435 874 3515 sit
920 3436 1181 3506 consilio,
1217 3438 1530 3513 anathema
1581 3443 1731 3499 sit.»
1767 3445 1911 3500 Item
1948 3461 1961 3499 :

275 3548 306 3573 α
336 3522 412 3579 Si
447 3523 583 3594 quis
602 3524 829 3580 dederit
848 3524 1042 3582 oblata
1063 3527 1329 3584 Ecclesiae
1360 3533 1568 3599 praeter
1596 3533 1960 3606 episcopum,

270 3610 382 3668 vel
416 3626 554 3667 eum
586 3612 685 3685 qui
730 3613 1084 3672 constitutus
1115 3619 1204 3672 est
1252 3617 1324 3671 ab
1373 3633 1439 3672 eo
1488 3619 1561 3674 ad
1611 3621 1964 3695 dispensan-

275 3701 478 3769 dum;
512 3705 570 3756 et
597 3701 695 3773 qui
727 3702 848 3771 dat,
882 3706 939 3758 et
968 3703 1067 3776 qui
1099 3704 1327 3776 accipit,
1356 3706 1671 3785 anathema
1702 3711 1796 3767 sit.
1832 3734 1861 3761 ››

622 3792 751 3847 Item
784 3793 843 3847 in
873 3809 993 3849 can.
1031 3793 1371 3863 Cbalcedon.,
1403 3812 1522 3867 cap.
1551 3799 1643 3854 26.

367 3900 403 3928 ‹‹
442 3877 725 3944 Quoniam
756 3879 995 3952 quidam
1040 3886 1247 3955 praeter
1273 3882 1707 3954 dispensatores
1736 3890 1961 3962 episco-

276 3982 520 4041 porum
554 3966 851 4024 facultates
873 3969 1295 4027 ecclesiasticas
1317 3975 1587 4042 tractant,
1611 3977 1714 4048 qui
1745 3978 1855 4034 hoc
1887 3977 1964 4033 fe-

278 4053 518 4123 cerint,
544 4057 835 4115 canonicis
865 4060 1331 4133 correptionibus
1360 4062 1741 4136 castigentur.
1764 4090 1792 4118 ››
1818 4068 1961 4123 Item

277 4160 436 4217 cap.
468 4145 527 4212 8,
555 4145 628 4200 De
669 4147 884 4204 clericis
923 4150 1021 4220 qui
1046 4159 1174 4206 sunt
1221 4151 1284 4205 in
1326 4140 1580 4222 ptochiis,
1611 4158 1962 4213 monasteriis

275 4242 473 4306 atque
501 4237 799 4307 martyriis,
822 4252 948 4309 quae
964 4239 1065 4294 sub
1088 4243 1351 4310 potestate
1370 4240 1745 4313 episcoporum
1770 4247 1962 4300 unius-

274 4322 572 4394 cujusque
597 4324 833 4381 civitatis
871 4327 1113 4383 existunt
1144 4346 1163 4382 :
1186 4350 1215 4377 «
1249 4326 1451 4384 Clerici
1485 4330 1585 4401 qui
1626 4333 1961 4405 praeficiun-

277 4416 407 4465 tur
433 4410 700 4482 ptochiis,
732 4412 819 4468 vel
857 4415 957 4485 qui
989 4414 1335 4472 ordinantur
1387 4415 1448 4471 in
1499 4421 1872 4477 monasteriis
1903 4425 1962 4477 et

282 4497 574 4556 basilicis
602 4505 948 4577 martyrum,
983 4504 1092 4560 sub
1124 4504 1552 4578 episcoporum,
1588 4508 1690 4579 qui
1720 4509 1781 4564 in
1813 4526 1958 4565 una-

2075 3362 2317 3443 scopn-m
2342 3348 2647 3443 instituere
2670 3353 2882 3424 (dicam
2906 3363 2972 3414 ut
2992 3360 3095 3433 ita)
3117 3365 3393 3437 gestiens,
3423 3348 3496 3425 an
3519 3386 3579 3425 se
3598 3348 3733 3443 plus

2075 3436 2296 3492 caeteris
2328 3437 2551 3511 diligat,
2606 3440 2850 3497 solerter
2904 3436 3231 3525 interrogat
3274 3472 3286 3508 :
3336 3436 3617 3512 nimirum
3665 3462 3732 3514 ut

2074 3528 2321 3593 astruat,
2355 3527 2492 3597 quia
2517 3529 2814 3618 praecipua
2841 3541 3121 3604 pascendi
3160 3540 3568 3600 rationabilem
3600 3562 3729 3618 gre-

2073 3629 2206 3705 gem
2236 3630 2460 3705 norma,
2478 3615 2674 3705 visest
2707 3619 3279 3693 charitatis,dilectio
3308 3630 3577 3688 videlicet
3606 3615 3725 3705 Dei,

2073 3708 2129 3757 et
2158 3703 2419 3774 ejusdem
2471 3703 2578 3760 sibi
2615 3724 2648 3761 a
2687 3707 2801 3764 Deo
2850 3715 3151 3772 commissi
3198 3717 3429 3775 dilectio
3480 3703 3727 3793 proximi

2072 3792 2247 3880 (Joan.
2272 3810 2387 3863 xxi,
2409 3793 2515 3863 15).
2533 3793 2639 3858 Qui
2663 3814 2795 3852 cum
2822 3802 2913 3855 ter
2933 3801 3339 3880 interroganti,
3364 3812 3455 3864 ter
3473 3826 3536 3866 se
3558 3809 3725 3867 illum

2073 3879 2312 3953 diligere
2342 3881 2468 3954 ipso
2512 3883 2884 3954 profiteretur
2926 3879 3271 3963 sciente,ait
3300 3900 3389 3953 ter
3417 3896 3502 3953 illi
3532 3899 3726 3956 Domi-

2071 3986 2183 4025 nus
2217 3986 2450 4043 quoque
2476 3990 2487 4027 :
2515 3974 2683 4031 Pasce
2721 3992 2840 4033 oves
2878 3996 3047 4037 meas.
3070 3983 3232 4046 Quod
3264 3985 3375 4042 fuit
3404 3987 3607 4060 utique
3637 3990 3724 4045 di-

2071 4075 2198 4115 cere
2232 4076 2243 4115 :
2279 4064 2413 4117 Esto
2443 4064 2644 4134 pastor
2688 4066 2881 4123 ovium
2930 4069 3436 4143 intellectualium,
3472 4078 3624 4134 342
3666 4077 3723 4133 id

2069 4152 2176 4213 est,
2201 4149 2510 4222 epis00pus
2553 4152 2915 4212 credentium
2948 4159 3321 4230 populorum.
3348 4164 3543 4221 Pastio
3584 4183 3724 4223 sane

2070 4235 2172 4293 illa
2193 4242 2390 4293 utrum
2416 4237 2745 4313 uniformis,
2765 4260 2838 4299 an
2863 4246 2938 4301 sit
2959 4248 3360 4317 multiformis,
3380 4254 3721 4324 corporalis,

2070 4342 2141 4380 an
2177 4325 2467 4393 animalis,
2493 4328 2612 4383 sive
2635 4335 2972 4405 utrumque,
3001 4354 3116 4392 non
3140 4355 3175 4393 a
3195 4355 3288 4394 me
3309 4338 3554 4410 quilibet
3580 4358 3725 4412 prae-

2070 4414 2317 4470 stoletur
2336 4415 2567 4483 audire;
2595 4416 2912 4493 interroget
2932 4424 3197 4481 doctores
3220 4425 3351 4482 illos
3374 4428 3719 4500 praecipuos,

2070 4502 2169 4574 qui
2201 4521 2377 4576 super
2395 4504 2706 4577 Evangelia
2737 4514 2971 4566 sanctos
2994 4513 3305 4569 ediderunt
3330 4514 3457 4570 sine
3481 4517 3722 4572 menda-

282 4602 548 4661 quaque
597 4589 825 4647 civitate
880 4596 1037 4658 sunt,
1086 4593 1413 4650 secundum
1463 4598 1799 4653 sanctorum
1847 4598 1957 4653 Pa-
1988 4614 2038 4679 Β
2068 4591 2156 4647 cio
2186 4592 2460 4648 libros.Si
2480 4609 2612 4649 vero
2633 4611 2944 4668 corporum
2976 4599 3237 4673 aliquam
3258 4603 3332 4660 ad
3362 4620 3462 4661 eos
3493 4621 3720 4673 curam,

284 4683 472 4734 trum
530 4678 889 4746 traditiones,
921 4685 1204 4753 potestate
1259 4688 1662 4754 permaneant,
1702 4702 1810 4741 nec
1854 4703 1959 4758 per
2004 4678 2007 4679 ⁷
2067 4681 2168 4753 qui
2200 4680 2378 4749 illius,
2403 4682 2495 4737 cui
2545 4683 2802 4755 primum
2835 4686 2945 4744 hoc
2993 4687 3214 4748 dictum
3269 4695 3379 4761 est,
3412 4697 3614 4751 tenent
3660 4695 3723 4754 in

282 4765 735 4823 contumaciam
779 4769 851 4825 ab
891 4769 1161 4844 episcOpo
1192 4787 1298 4827 suo
1328 4769 1643 4828 dissiliant.
1666 4774 1773 4837 Qui
1801 4776 1950 4832 841

284 4869 447 4910 vero
477 4854 690 4911 audent
712 4861 964 4915 evertere
995 4858 1399 4932 hujuscemodi
1426 4860 1672 4917 formam
1702 4879 1959 4935 quocun-

284 4957 423 5015 que
455 4943 645 5013 modo,
668 4960 774 5002 nec
819 4948 1054 5020 proprio
1094 4948 1489 5020 subjiciuntur
1529 4950 1799 5025 episcopo
1832 4971 1844 5010 :
1878 4954 1956 5010 si-

285 5029 552 5103 quidem
584 5031 773 5090 clerici
801 5040 959 5104 sunt,
986 5053 1277 5093 canonum
1322 5039 1782 5110 correptionibus
1813 5044 1958 5099 sub—

278 5119 613 5193 jacebunt;
645 5122 693 5178 si
730 5139 866 5180 vero
914 5123 1044 5181 laici
1076 5125 1161 5182 vel
1210 5126 1480 5182 monachi
1528 5127 1764 5200 fuerint,
1798 5148 1956 5188 com-

294 5206 592 5265 munione
619 5210 934 5282 priventur.
966 5235 995 5263 ››
1302 5204 1303 5209 “

382 5367 534 5439 (741)
565 5368 728 5443 Lege,
751 5372 838 5427 uti
863 5375 1017 5453 apud
1048 5373 1390 5453 Dionysium
1416 5376 1728 5453 Exiguum,
1751 5396 1820 5436 ex
1844 5396 1959 5453 quo

297 5437 373 5496 hi
391 5437 949 5517 ganeones'sumpti
982 5437 1237 5517 fuerunt,
1266 5452 1316 5502 et
1345 5437 1677 5506 eonsez'Zutia
1708 5437 1864 5507 bona;

382 5510 537 5588 (742)
563 5510 1192 5588 Αθὴθτὶαηῖερίοίιθείί
1222 5510 1578 5578 novissimus
1601 5521 1789 5578 editor
1812 5522 1961 5580 hanc

302 5583 673 5667 notationem
701 5583 1025 5667 ‘BQQDSlillf.
1048 5609 1077 5638 «
1114 5583 1224 5667 llic
1253 5589 1568 5667 legebatur
1611 5609 1737 5649 eum
1779 5610 1960 5667 quem,

303 5652 574 5731 profecto
602 5652 1112 5716 malefL'ibrarium
1140 5652 1414 5719 fefellisse
1441 5662 1688 5736 videtur,
1714 5652 1869 5743 qu‘od
1902 5652 1962 5726 in

637 5782 902 5856 Ριτιιοι..
947 5783 1252 5860 CXXXVI.

2074 4768 2343 4825 Ecclesiis
2386 4769 2593 4839 vicem,
2627 4777 3001 4833 consentiunt
3039 4781 3355 4852 pertinere;
3390 4786 3724 4841 monstrent

2069 4857 2316 4930 qualiter
2353 4861 2728 4932 corporaliter
2786 4864 2896 4920 sibi
2958 4869 3310 4928 commissos
3359 4872 3492 4944 quis
3533 4873 3724 4931 valeat

2068 4964 2326 5020 pascere,
2358 4948 2408 5004 si
2440 4950 2595 5006 unde
2625 4968 2724 5008 eos
2754 4953 2963 5010 debeat
2978 4973 3251 5029 pascere,
3284 4978 3401 5017 non
3434 4960 3722 5034 permitti-

2066 5042 2166 5093 tur
2185 5037 2392 5093 saltem
2414 5055 2781 5111 cognoscere.
2802 5044 2870 5098 Et
2892 5061 3024 5101 cum
3047 5047 3117 5104 de
3134 5048 3532 5108 oblationibus
3553 5055 3610 5106 et
3629 5052 3727 5107 de-

2069 5126 2237 5183 cimis
2270 5125 2529 5183 fidelium
2551 5129 2739 5185 vivere
2770 5132 3131 5191 tabernaculi
3165 5140 3439 5195 custodes
3477 5139 3728 5196 debeant

2069 5214 2320 5284 Domini,
2354 5213 2463 5272 hoc
2495 5220 2584 5273 est
2612 5219 2886 5291 ecclesiae,
2920 5220 3152 5296 clerici;
3189 5226 3239 5283 si
3280 5227 3471 5285 nescit
3499 5228 3726 5301 episco‘

2071 5376 2493 5467 codicenquem
2535 5379 3192 5467 exscribebatputraque
3238 5404 3346 5467 vc};
3401 5387 3729 5467 reperieba:

2072 5453 2189 5517 tur,
2215 5449 2318 5525 sed
2347 5466 2465 5504 una
2518 5464 2623 5525 suo
2681 5450 2829 5525 loco,
2864 5453 3043 5511 altero
3094 5449 3249 5514 inter
3304 5449 3512 5525 lineas,
3548 5464 3612 5515 ut
3640 5460 3730 5515 vel

2072 5519 2323 5601 eum,vel
2352 5520 2731 5601 quem'legere
2772 5522 2989 5601 liceret.
3011 5526 3196 5601 Totus
3226 5528 3320 5586 his
3351 5519 3516 5586 locus
3548 5530 3727 5586 inter-

2116 5590 2409 5673 unctionis
2427 5590 2568 5647 vitio
2599 5590 2903 5673 laborabat
2930 5595 2992 5653 in
3022 5598 3203 5673 priori
3228 5601 3501 5670 editione,
3520 5601 3581 5657 in
3613 5618 3731 5673 qua

2116 5608 2409 5647 unctionis
2427 5608 2568 5647 vnio
2599 5608 2903 5651 laborabat
2930 5614 2992 5653 in
3022 5608 3203 5669 priori
3228 5608 3501 5670 editione,
3520 5608 3581 5657 in

2072 5608 2374 5741 Fegebatur
2398 5661 2674 5739 poscendi,
2708 5664 2809 5726 ubi
2839 5669 3214 5747 reposuimus
3237 5673 3521 5747 pascendi.
3556 5695 3586 5731 υ

3332 5798 3409 5883 16
