4094 6180
478 392 589 452 491

1400 368 1773 444 RATHERII
1816 374 2062 442 EPISC.
2108 368 2401 443 Venox.
2448 368 2621 438 opp.
2669 366 2871 436 PARS
2915 367 2965 434 Ι.

3733 358 3840 440 492

475 538 585 595 pus
616 520 759 591 quot
788 515 1098 586 decimani,
1114 519 1257 589 quot
1286 514 1497 585 mansi,
1517 519 1660 590 quot
1688 513 1886 571 modia
1927 512 2127 581 tritici,
2160 512 2214 580 Α
2245 509 2401 583 quod
2434 509 2607 565 modo
2637 507 2860 580 patitur
2899 502 3162 595 abistis,
3195 500 3304 595 hoc
3334 502 3449 595 ipse
3475 500 3667 595 inferat
3690 507 3832 574 aliis;

477 612 620 681 quot
649 604 859 678 congia
886 605 1007 661 vini
1037 606 1218 661 tantis
1248 602 1335 660 vel
1370 604 1550 660 tantis
1582 604 1879 661 sufficiant
1909 602 2135 659 clericis

477 698 550 753 ad
576 697 799 755 victum
833 695 1035 768 utique
1064 698 1122 751 et
1150 698 1590 767 tegumentum;
1624 709 1819 750 nonne
1850 691 2137 749 convinci-

477 791 575 842 tur
604 790 705 842 aut
735 802 852 841 non
875 800 1003 841 esse
1034 787 1253 857 pastor,
1281 786 1383 839 aut
1406 787 1562 839 certe
1583 782 1870 855 insipiens
1890 781 2135 838 existere

479 878 697 947 pastor,
722 873 825 946 qui
857 873 1040 929 nescit
1069 872 1273 944 utique
1305 872 1404 928 ubi
1432 871 1534 928 illa
1563 872 1683 927 sint
1711 887 1947 945 pascua.
1983 870 2131 942 (743)

479 968 537 1020 et
579 963 678 1019 ubi
731 979 941 1035 pecora
991 962 1315 1019 conducere
1373 961 1580 1018 debeat
1632 978 1750 1017 sua;
1807 958 2136 1033 praevisioni

480 1050 541 1124 [ἰ.
574 1051 920 1124 provisioni]
952 1048 1291 1107 commissa.

549 1142 601 1195 4.
626 1141 717 1209 Et,
752 1144 817 1195 ut
842 1140 914 1195 ad
946 1143 1167 1207 nostra,
1195 1137 1254 1193 id
1285 1142 1393 1205 est,
1427 1137 1571 1209 proh
1604 1137 1799 1195 nefas!
1834 1136 2138 1194 saacularia

478 1228 735 1294 redeam,
756 1243 890 1282 cum
915 1225 1215 1282 rarissime
1236 1225 1432 1281 videas
1455 1224 1637 1298 gratis
1658 1224 1909 1297 aliquos,
1929 1224 2138 1297 [supple

479 1317 605 1388 sed]
639 1319 741 1372 aut
766 1314 993 1383 timore,
1019 1317 1121 1371 aut
1147 1312 1526 1371 confmderari
1552 1330 1769 1384 amore,
1794 1314 1949 1370 unde
1973 1317 2030 1369 te
2048 1329 2139 1369 ve.

480 1405 721 1470 rebitur,
747 1405 840 1459 cui
873 1403 1021 1458 nihil
1068 1403 1226 1459 vales
1273 1402 1542 1459 auferre?
1572 1402 1735 1457 Unde
1767 1402 2009 1469 amabit,
2042 1401 2136 1457 cui

480 1493 626 1549 nihil
658 1497 823 1565 potes
846 1491 1224 1548 confcrre?3i
1253 1507 1389 1563 ergo
1422 1492 1494 1546 ad
1526 1491 1868 1563 episcopum
1895 1489 2040 1545 nihil
2065 1491 2137 1546 de

479 1582 654 1637 rebus
695 1580 966 1653 pertinet,
989 1579 1207 1651 quibus
1262 1578 1452 1635 clerici
1511 1577 1699 1635 vivere
1757 1579 2000 1647 debent;
2033 1582 2138 1634 aut

477 1670 604 1743 ipse
635 1670 720 1726 eis
752 1686 867 1726 non
900 1668 1092 1737 debet,
1121 1673 1185 1723 ut
1214 1667 1551 1735 animalem,
1584 1667 1667 1727 ita
1692 1671 1749 1723 et
1778 1667 2133 1740 corporalem

480 1759 619 1815 dare
648 1759 707 1815 in
738 1762 1002 1831 tempore
1032 1757 1212 1813 tritici
1262 1773 1621 1823 mensuram,
1655 1761 1731 1825 et,
1758 1756 1910 1811 sicut
1954 1759 2137 1812 Actus

478 1848 737 1903 continet
768 1844 1188 1919 apostolorum,
1214 1861 1330 1901 non
1376 1843 1719 1899 dividuntur
1769 1843 2021 1917 singulis
2062 1845 2134 1900 ab

478 1936 773 2008 episcopo,
797 1934 881 1990 vel
914 1933 1174 2006 quolibet
1202 1932 1314 1989 alio
1346 1934 1417 1988 ab
1450 1934 1651 1988 eodem
1682 1933 1753 1987 ad
1786 1933 1842 1988 id
1874 1933 2135 1990 officium

478 2024 771 2091 instituto,
790 2028 967 2096 prout
984 2023 1197 2094 cuique
1219 2038 1367 2093 opus
1389 2026 1496 2089 est,
1512 2022 1613 2077 sed
1647 2021 1759 2094 ipsi
1782 2020 1972 2077 clerici
1996 2023 2137 2077 divi-

479 2114 629 2169 dunt
644 2113 796 2167 inter
816 2128 879 2168 se
899 2115 1072 2184 prout
1092 2110 1339 2183 quilibet
1359 2127 1561 2166 eorum
1584 2110 1876 2183 potentior
1890 2116 1979 2167 est
1996 2112 2132 2183 (Act.

481 2220 553 2269 IV,
576 2202 687 2273 35),
715 2205 773 2257 et
803 2218 918 2257 non
941 2201 1116 2271 juxta
1144 2199 1631 2255 consuetudinem
1661 2198 1912 2256 aliarum
1941 2200 2135 2256 Eccle-

478 2290 706 2347 siarum
740 2289 1017 2344 omnibus
1066 2287 1333 2344 Ecclesiae
1362 2287 1610 2355 clericis,
1644 2288 1745 2343 sed
1786 2290 1956 2360 juxta
2002 2307 2133 2362 pro-

477 2378 669 2451 priam
690 2378 1052 2433 voluntatem
1076 2377 1217 2433 solis
1232 2377 1577 2434 diaconibus
1593 2381 1651 2433 et
1669 2378 2024 2450 presbyteris
2043 2379 2137 2434 de-

480 2467 640 2535 bent,
663 2484 791 2539 quas
817 2466 1137 2524 Veronensi
1170 2465 1431 2522 Ecclesiae
1463 2465 1673 2523 collata
1704 2472 1862 2535 sunt,
1896 2467 2131 2535 cedere;

479 2561 544 2613 ut
573 2556 742 2613 ditati
774 2555 1045 2613 videlicet
1080 2556 1336 2612 habeant
1375 2556 1531 2612 unde
1560 2560 1763 2612 contra
1791 2557 2133 2630 episcopum

478 2663 655 2702 suum
685 2645 916 2701 valeant
962 2643 1265 2714 rebellare,
1288 2649 1344 2701 et
1391 2650 1455 2700 ut
1484 2644 1862 2701 dominentur
1889 2645 2135 2732 ceteris,

480 2737 538 2789 et
567 2733 639 2788 ad
664 2734 755 2789 sui
788 2733 1072 2788 auxilium
1102 2749 1205 2805 per
1233 2737 1583 2805 potestatem
1606 2733 1835 2805 possint
1853 2750 1972 2803 eos,
1997 2751 2133 2791 cum

478 2819 700 2887 volunt,
761 2820 1131 2893 compellere,
1186 2825 1243 2877 et
1292 2822 1696 2893 juramentum
1738 2822 1885 2893 (744)
1944 2822 2131 2893 alteri,

482 2926 658 2981 quem
712 2908 792 2963 illi
846 2908 1068 2965 scilicet
1120 2909 1484 2977 attraxerint,
1516 2908 1786 2982 episcopo
1835 2909 2135 2969 fidelitatis

448 3072 453 3077 ι
483 2997 688 3054 fecisse
721 2999 807 3069 [[2,
840 2997 1046 3069 facere]
1082 2997 1313 3069 jubere,
1349 3002 1423 3065 et,
1455 2998 1505 3053 si
1549 3014 1661 3055 non
1696 2998 2036 3069 obedierint,
2063 3001 2134 3056 de

483 3084 739 3143 Ecclesia
769 3102 867 3142 cos
888 3085 1094 3158 ejicere
1116 3102 1317 3158 posse;
1352 3091 1416 3141 ut
1445 3086 1699 3143 habeant
1723 3104 1957 3161 quoque
1980 3090 2136 3145 unde

481 3173 619 3231 filiis
650 3191 880 3244 uxores,
912 3173 1147 3231 filiabus
1197 3175 1503 3248 acquirant
1549 3177 1810 3244 maritos,
1841 3178 2041 3235 vineas
2080 3186 2136 3235 et

2241 616 2361 671 qua
2389 597 2591 670 utique
2620 613 2723 669 spe
2754 594 2917 651 mille
2940 592 3178 650 illorum
3208 592 3443 667 decepti,
3465 597 3519 650 et
3543 594 3596 649 in
3624 594 3723 652 hoc
3750 614 3839 654 saa-

2241 687 2372 743 culo
2402 686 2721 742 maximam
2752 683 3042 758 pertulere
3064 681 3460 755 indigentiam,
3484 688 3537 739 et
3563 683 3619 738 in
3641 682 3741 740 alio
3757 702 3842 743 ve-

2243 773 2490 831 rendum
2523 790 2596 829 ne
2626 772 2774 829 forte
2805 770 3156 845 gehennam.
3190 770 3334 825 Nam
3363 785 3491 826 cum
3524 769 3688 827 totius
3715 772 3844 828 trau-

2243 862 2336 918 dis
2366 866 2425 919 et
2468 860 2721 935 perﬁdiae
2764 859 3000 917 illorum
3052 859 3189 915 hinc
3236 861 3429 914 sumat
3471 859 3845 933 scaturiginem

2243 950 2495 1018 insania,
2511 949 2612 1024 qui
2642 967 2759 1005 non
2791 947 3111 1005 dissimiles
3134 946 3397 1004 videlicet
3426 944 3556 1014 illis,
3577 947 3643 1003 de
3663 948 3850 1021 quibus

2199 1051 2203 1055 '
2244 1040 2468 1096 dictum
2502 1044 2591 1096 est
2616 1056 2629 1095 :
2655 1039 2763 1108 Qui
2794 1039 3163 1110 relinquentes
3207 1036 3464 1092 mandata
3504 1037 3601 1092 Dei
3642 1041 3852 1093 tenerent

2243 1129 2305 1201 [1.
2341 1127 2558 1203 tenetis]
2602 1128 2928 1184 traditiones
2976 1127 3263 1183 hominum
3308 1125 3491 1197 (Marc.
3515 1142 3609 1190 vn,
3633 1126 3705 1195 8),
3749 1125 3856 1199 lege

2243 1218 2479 1291 penitus
2525 1217 2808 1274 canonica
2854 1215 3224 1289 ﬂoccipensa,
3267 1213 3702 1272 consuetudines
3729 1214 3854 1287 (746)

2242 1311 2446 1363 tenent
2466 1310 2900 1363 antecessorum
2926 1321 3169 1363 suorum
3194 1305 3362 1377 (747),
3385 1319 3548 1377 reges
3564 1303 3751 1375 utique
3772 1307 3857 1359 aut

2244 1395 2742 1464 interficientium,
2793 1399 2894 1451 aut
2950 1394 3388 1462 excaacantium,
3436 1392 3722 1465 episcopos
3770 1395 3856 1448 aut

2244 1483 2635 1556 ignominiose
2662 1484 2853 1540 vivere
2883 1482 3386 1556 compellentium,
3407 1486 3525 1549 aut,
3548 1481 3597 1535 si
3621 1479 3721 1536 hoc
3746 1497 3855 1553 per-

2245 1573 2382 1646 peti,
2407 1578 2472 1629 ut
2503 1574 2652 1645 (748)
2684 1577 2884 1629 noster
2929 1572 3062 1641 iste,
3095 1570 3287 1644 quivis
3329 1569 3560 1626 illorum
3604 1568 3858 1642 patienter

2244 1662 2524 1735 nequivit,
2548 1661 2693 1734 (749)
2716 1660 3031 1717 Scariotico
3050 1661 3207 1732 jure,
3226 1662 3293 1715 ut
3316 1659 3389 1715 ab
3420 1658 3549 1714 aliis
3573 1661 3856 1730 pateretur,

2244 1752 2400 1823 quod
2424 1751 2535 1823 ipsi
2580 1749 2922 1819 intulerant,
2945 1748 3488 1806 fraudulentissime
3526 1744 3856 1815 facientium;

2246 1841 2385 1913 quis
2415 1855 2618 1896 eorum
2649 1838 3105 1896 consuetudines
3133 1837 3321 1894 sacris
3352 1837 3614 1911 praeferat
3640 1834 3856 1908 legibus,

2247 1929 2359 1985 nisi
2388 1945 2564 2001 quem
2585 1928 2868 2002 Josaphat
2890 1928 3008 2001 regi
3035 1945 3147 1983 non
3170 1931 3351 1984 terret
3378 1925 3538 1982 illata
3557 1922 3858 1997 hujusmodi

2245 2008 2553 2085 sententia,
2593 2017 2842 2073 dicentis
2877 2033 2891 2073 :
2924 2018 3096 2090 Impia
3140 2017 3358 2090 praebes
3399 2014 3693 2080 auxilium,
3718 2016 3767 2069 et
3789 2012 3859 2067 his

2244 2109 2343 2179 qui
2370 2107 2601 2163 oderunt
2626 2108 2817 2175 Deum,
2858 2108 3109 2163 amicitia
3148 2107 3508 2180 conjungeris
3525 2103 3595 2177 (ll
3619 2102 3788 2159 Paral.
3811 2117 3858 2168 ι,

2242 2197 2320 2268 2),
2349 2200 2457 2252 etc.
2492 2195 2640 2252 Illud
2672 2211 2905 2267 quoque
2949 2194 3215 2268 Apostoli
3249 2212 3263 2251 :
3297 2195 3418 2252 Non
3466 2194 3637 2250 solum
3680 2191 3766 2265 qui
3788 2192 3859 2261 fa-

2242 2287 2418 2352 ciunt,
2461 2285 2552 2341 sed
2596 2287 2763 2341 etiam
2810 2286 2909 2355 qui
2952 2286 3302 2341 consentiunt
3342 2287 3518 2355 (Rom.
3552 2300 3589 2349 1,
3619 2280 3721 2351 32).
3751 2278 3860 2334 Hie-

2243 2373 2471 2447 ronymi
2503 2390 2735 2447 quoque
2769 2392 2782 2430 :
2812 2395 2833 2423 ι
2863 2373 3190 2429 Defendens
3222 2372 3498 2447 iniquum
3528 2370 3856 2433 destruatur;

2242 2468 2302 2521 et
2331 2479 2503 2537 paena
2531 2462 2711 2519 simili
2742 2463 3055 2519 damnetur
3095 2463 3371 2520 convenit
3412 2461 3677 2519 defensus
3703 2461 3754 2515 et
3777 2456 3859 2512 de-

2243 2554 2458 2610 fensor.
2482 2575 2510 2603 »
2533 2556 2679 2608 Item
2714 2570 2780 2608 :«
2813 2552 2896 2607 Ne
2940 2551 3219 2609 defendas
3261 2549 3504 2624 injuste,
3536 2554 3600 2605 ut
3627 2548 3725 2604 fias
3750 2543 3857 2601 alli-

2241 2647 2415 2715 gatus
2436 2642 2620 2714 justo,
2642 2645 2699 2697 et
2738 2640 3041 2712 subjectus
3087 2656 3269 2714 pennae
3323 2640 3556 2709 alienae;
3587 2635 3682 2712 qui
3721 2634 3855 2692 enim

2242 2731 2494 2805 percutit
2549 2729 2737 2787 malos
2764 2730 2821 2785 in
2853 2746 2920 2786 eo
2951 2730 3105 2802 quod
3134 2729 3272 2785 mali
3308 2734 3470 2799 sunt,
3498 2728 3747 2786 minister
3771 2723 3861 2780 Do-

2242 2819 2387 2876 mini
2421 2825 2527 2877 est.
2551 2842 2579 2870 »
2601 2819 2742 2876 Item
2773 2836 2822 2874 :«
2854 2818 3191 2875 Homicidas
3221 2822 3279 2875 et
3330 2818 3640 2893 sacrilegos
3683 2811 3859 2888 punire

2242 2926 2358 2965 non
2387 2914 2475 2965 est
2504 2908 2711 2965 etfusio
2737 2900 3064 2981 sanguinis,
3084 2908 3186 2965 sed
3209 2907 3607 2965 ministerium
3637 2904 3859 2977 legum.»

2244 2998 2390 3054 Nota
2416 3014 2552 3054 vero
2584 2998 2736 3071 quod
2769 3014 2887 3053 non
2914 2997 3126 3053 dixerit
3153 2997 3506 3065 interficere,
3535 2995 3631 3053 sed
3661 2990 3860 3068 punire,

2242 3086 2502 3160 vigilanti
2553 3085 2758 3159 utique
2804 3104 2951 3144 usus
3010 3102 3311 3156 sermone;
3347 3088 3437 3145 sic
3492 3085 3646 3143 enim
3699 3081 3863 3138 alter:

2245 3176 2443 3244 Tunde,
2468 3175 2572 3244 ait,
2597 3177 2775 3232 latera
2815 3175 2927 3245 ﬁlii
2954 3177 3055 3243 tui,
3087 3175 3219 3231 dum
3264 3177 3469 3248 infans
3497 3178 3602 3237 est;
3631 3171 3697 3229 ad
3723 3171 3868 3226 inter-

446 3260 455 3264 ’
480 3279 741 3336 campos,
766 3268 1059 3336 postremo
1090 3265 1245 3320 unde
1288 3281 1636 3321 mammona:
1681 3265 2012 3339 iniquitatis
2040 3285 2129 3324 va—
2162 3243 2207 3311 C
2241 3267 2532 3337 fectionem
2555 3273 2738 3322 autem
2769 3265 2919 3321 illivs
2950 3281 3019 3322 ne
3043 3281 3216 3338 ponas
3244 3267 3511 3322 animiam
3537 3272 3684 3321 tuam
3708 3256 3868 3333 (Eccli.

478 3351 637 3408 leant
683 3353 991 3410 deservire.
1035 3353 1417 3421 Subdiaconi,
1449 3354 1722 3427 acolythi,
1749 3360 1807 3412 et
1852 3356 2042 3413 «:azteri
2072 3357 2132 3413 in

478 3441 679 3497 ordine
711 3440 904 3497 clerici
935 3441 1077 3514 quid
1117 3442 1331 3498 debent
1378 3458 1572 3516 agere,
1601 3443 1755 3500 unde
1783 3445 1994 3513 vivere,
2027 3462 2133 3518 pro

476 3545 593 3601 qua
617 3547 675 3586 re
697 3527 946 3587 militare
968 3529 1254 3599 Ecclesia},
1271 3532 1546 3588 excubias
1568 3533 1886 3602 custodire,
1904 3532 2134 3607 ﬂagella

475 3634 579 3689 pro
611 3619 908 3675 discendis
938 3618 1148 3676 litteris
1170 3619 1377 3677 saltem
1410 3620 1692 3693 perferre;
1724 3638 1862 3678 cum
1892 3622 2133 3681 interro-

474 3707 634 3778 ganti
663 3706 938 3779 Apostolo
981 3712 1157 3779 atque
1187 3710 1403 3765 dicenti
1438 3727 1451 3765 :
1487 3710 1619 3778 Quis
1664 3712 1813 3767 enim
1860 3714 2132 3771 militavit

474 3798 592 3849 suis
618 3795 906 3867 stipendiis
931 3801 1213 3868 unquam?
1233 3798 1278 3868 (l
1310 3799 1430 3854 Cor.
1456 3817 1533 3866 ix,
1551 3801 1611 3869 7)
1635 3800 1825 3857 adhuc
1849 3820 2018 3859 nemo
2049 3821 2133 3861 re-

474 3881 796 3954 sponderit,
820 3884 916 3939 ille
946 3886 1100 3941 843
1123 3884 1209 3943 vel
1241 3886 1377 3942 ille?
1398 3888 1744 3960 Quanquam
1776 3895 1833 3945 et
1862 3890 1999 3959 illis,
2026 3910 2130 3964 pro

476 3972 694 4041 quibus
724 3969 909 4044 litigo,
930 3989 1045 4029 non
1072 3973 1310 4031 omnino
1344 3974 1457 4031 ista
1486 3993 1617 4032 mea
1657 3976 1883 4049 placeat
1929 3984 2131 4037 contra

476 4062 908 4131 contemptores
940 4061 999 4117 in
1025 4060 1135 4118 hoc
1156 4078 1445 4119 canonum
1469 4064 1614 4131 rixa,
1636 4066 1785 4137 (745)
1806 4068 1961 4138 quod
1992 4068 2132 4125 dua-

476 4148 587 4203 bus
610 4152 794 4221 agunt
815 4152 1009 4206 tamen
1033 4167 1138 4223 pro
1161 4152 1357 4208 causis
1385 4169 1398 4207 :
1422 4170 1539 4208 una
1559 4153 1799 4223 scilicet,
1824 4160 1888 4210 ut
1910 4156 2017 4213 hac
2038 4175 2129 4215 oc-

475 4236 707 4293 casione
736 4253 798 4293 se
824 4238 1053 4310 possint
1081 4258 1115 4296 a
1144 4240 1379 4298 servitio
1418 4242 1517 4299 Dei
1567 4242 1887 4313 retrahere;
1921 4244 2124 4315 altera,

473 4340 590 4398 qua
616 4344 678 4383 se
708 4326 955 4399 quilibet
982 4328 1215 4386 illorum
1240 4337 1439 4403 sperat
1466 4335 1696 4388 tantum
1727 4332 2038 4408 victurum,
2062 4341 2126 4394 ut

545 4433 692 4505 (743)
710 4432 1057 4511 Conjunctio
1093 4442 1185 4511 _et,
1217 4454 1353 4511 quas
1397 4454 1701 4511 perperam
1758 4438 1948 4497 locata
2000 4447 2125 4499 erat

472 4511 607 4560 ante
636 4506 841 4577 utique,
876 4506 1010 4575 huc,
1050 4509 1148 4564 ubi
1174 4506 1656 4577 desiderabatur,
1686 4513 2118 4571 transtulimus.

2241 3372 2371 3423 xxx,
2406 3354 2517 3426 12).
2538 3354 2782 3423 Dimitte,
2815 3353 2899 3409 ait
2937 3353 3173 3410 cuidam
3203 3354 3525 3422 Dominus,
3556 3359 3776 3409 mortuos
3797 3359 3867 3400 εε-

2239 3444 2413 3516 pelire
2441 3447 2681 3499 mortuos
2708 3457 2834 3499 suos
2863 3443 3071 3513 (Matth.
3094 3459 3214 3509 VIII,
3235 3443 3330 3515 22)
3371 3461 3385 3501 :
3419 3444 3570 3517 quod
3602 3437 3869 3498 enucleare

2241 3532 2498 3606 gestiens
2554 3532 2636 3589 ait
2681 3531 3018 3605 veriloquus
3065 3531 3372 3605 expositor
3402 3550 3416 3590 :
3451 3534 3604 3591 8M
3632 3530 3863 3586 Mortuus

2242 3628 2541 3679 mortuum
2572 3621 2798 3693 sepelit,
2826 3638 2958 3678 cum
2996 3625 3263 3695 peccator
3299 3627 3667 3695 peccatorem
3692 3615 3867 3673 defen-

2239 3713 2345 3780 dit,
2375 3716 2432 3768 et
2481 3727 2553 3769 ne
2601 3712 2673 3767 ad
2724 3711 3194 3768 emendationem
3245 3711 3577 3779 reviviscat,
3625 3701 3866 3764 falsitatis

2239 3801 2508 3875 congerie
2550 3800 2765 3857 obruit.
2802 3802 2905 3869 Vae,
2939 3798 3021 3857 ait
3051 3817 3153 3873 per
3178 3799 3536 3873 prephetam
3583 3796 3674 3854 bis
3716 3791 3867 3851 etiam

2238 3890 2544 3958 Dominus,
2566 3891 2665 3963 qui
2690 3897 2959 3946 eonsuunt
2976 3889 3237 3961 pulvillos
3260 3889 3368 3945 sub
3397 3889 3553 3946 omni
3578 3886 3745 3943 cubito
3769 3894 3867 3935 ma-

2237 3996 2343 4035 nus
2374 3979 2589 4051 (Ezech.
2622 3995 2745 4047 xm,
2768 3978 2877 4052 48).
2901 3978 3007 4045 Qui
3041 3982 3182 4034 sunt
3206 3993 3343 4034 vero
3379 3978 3485 4047 illi,
3518 3975 3632 4034 nisi
3661 3974 3728 4030 de
3755 3966 3866 4043 qui-

2238 4067 2350 4123 bus
2381 4067 2522 4124 alibi
2553 4067 2768 4124 dicitur
2800 4085 2812 4124 :
2853 4070 2938 4125 Vce
2981 4069 3079 4139 qui
3112 4067 3296 4123 dicitis
3326 4068 3537 4125 bonum
3581 4062 3796 4128 malum,
3825 4061 3871 4112 el

2235 4157 2447 4211 malum
2478 4156 2717 4213 bonum?
2743 4159 2870 4227 (Isa.
2902 4173 2957 4224 v,
2989 4158 3105 4224 20.)

2304 4246 2355 4301 5.
2387 4244 2695 4302 Cavillator
2722 4250 2961 4302 econtra
2990 4262 3004 4301 :
3039 4244 3297 4315 Quandiu
3339 4245 3616 4319 apostolus
3642 4238 3870 4314 gentium

2230 4352 2374 4407 sum,
2406 4334 2487 4391 ait
2514 4334 2725 4392 Doctor
2764 4333 3052 4408 egregius,
3083 4336 3467 4392 ministerium
3506 4347 3689 4389 meum
3715 4328 3871 4383 hono-

2305 4442 2453 4516 (747)
2475 4441 2682 4516 Reges.
2707 4440 2989 4516 nimirum
3010 4441 3432 4516 Berengarium
3447 4442 3500 4516 _I,
3525 4438 3630 4516 qui
3658 4436 3872 4516 Verum?

2230 4507 2727 4581 interfe'ctusvfuit,
2751 4518 2809 4568 et
2845 4507 3228 4569 Ludovicum'
3243 4507 3495 4571 Bosonis
3529 4507 3717 4567 ﬁlium
3747 4507 3873 4560 item

543 4578 1059 4675 $33.4)...‘59Pjii'29:
1084 4580 1907 4675 et3!..t9kﬁa"!.3i"€*eﬁ9mm
1926 4586 2121 4657 iubere
2152 4609 2198 4675 ι)
2228 4585 2468 4675 Venae
2490 4578 2883 4675 sbewcétum-

465 4649 1082 4729 [ᾳρςνε.’,ξιιιῇωηεηιιιηιΔ
1108 4652 1393 4729 ﬁdelitatis
1449 4654 1613 4729 alteri
1663 4649 1944 4729 episcopo;
1960 4674 2119 4729 quem

468 4718 786 4801 illi‘scilicet
814 4718 1143 4778 attraxerint
1169 4741 1189 4778 :
1221 4723 1323 4778 ubi
1368 4718 2116 4801 notandum'verbum'pos-

463 4790 783 4870 sinthquod
818 4806 934 4870 non
967 4809 1087 4870 rem
1120 4801 1251 4870 actu
1295 4800 1540 4867 gestam,
1566 4797 1665 4853 sed
1707 4798 1955 4870 jubendi
1982 4790 2118 4870 pos-

467 4859 1238 4953 sibilitatemsignilicat,ita
1267 4859 1331 4953 iit
1360 4859 1853 4953 sensus‘sit,'solis
1882 4859 2119 4953 presby-

466 4931 606 4984 teris
656 4937 713 4985 et
754 4931 1016 4990 diaconis
1048 4931 1247 4993 omnia
1279 4937 1544 4994 Ecclesia:
1577 4931 1929 4997 Veronensis
1962 4931 2117 4999 bona

464 5000 688 5083 cedere,
706 5007 772 5083 ut
792 5010 994 5083 contra
1010 5008 1346 5083 episcopum
1367 5027 1545 5083 suum
1562 5009 1793 5083 valeant
1810 5012 2111 5083 rebellare,

462 5078 519 5126 ct
533 5089 647 5153 per
666 5078 1012 5153 potestatem
1032 5078 1369 5153 saecularem
1394 5082 1622 5153 possint
1644 5078 2113 5150 inferiores,cuni

462 5142 1042 5227 velint,:compell_ere
1072 5142 1457 5227 adauxiliuni
1490 5153 1603 5220 sui,
1636 5158 1694 5227 et
1721 5155 1793 5209 ad
1832 5142 2111 5227 praestan—

462 5214 628 5297 dum.
649 5214 1055 5297 juramentum
1107 5222 1296 5297 alteri
1324 5214 1616 5297 episcopo,
1650 5225 1700 5280 si
1738 5214 1913 5297 quem
1945 5229 2015 5283 ad
2048 5245 2111 5285 se

460 5286 750 5371 attrahere
780 5289 1082 5371 placuerit,
1107 5286 1377 5371 uti_olim.
1395 5286 1704 5371 acciderat,
1727 5286 1862 5371 clum
1885 5298 2107 5371 _Bathe-

460 5357 582 5411 rius
615 5357 872 5443 Manassi
903 5357 1172 5443 episcOpo
1200 5366 1409 5443 locum
1429 5368 1618 5443 cederi
1666 5357 1923 5443 Lotharii
1954 5372 2107 5443 regis

460 5434 743 5513 princepto
774 5433 1272 5513 compulsus—fuit.
1305 5438 1649 5513 Videepist.
1680 5441 1733 5507 5,
1764 5443 1905 5513 n.7,

529 5502 675 5583 (745)
709 5500 768 5583 In
824 5500 1003 5575 priori
1040 5508 1362 5583 Acheriana
1398 5500 1668 5583 editione
1713 5500 1845 5583 quid
1873 5511 2102 5570 duabus.

455 5570 932 5655 Eniendationem
970 5580 1289 5655 _novissimi
1347 5580 1585 5639 editoris
1639 5570 1767 5655 ipse
1823 5583 2104 5642 orationis

452 5647 756 5719 coelestia?
785 5649 1087 5719 approbat-

524 5715 670 5807 (746)
703 5715 895 5813 γυιςῖ,
926 5725 1168 5799 teneant,
1201 5722 1399 5783 minus
1427 5723 1597 5788 bene.

2299 4658 2450 4736 (Ζᾴξ)
2479 4657 2913 4736 ᾷοειςννξδξεβεῐ
2941 4655 3065 4736 ipse
3096 4654 3432 4736 Esther-ius.
3511 4725 3547 4736 μ
3599 4725 3612 4736 ι
3665 4721 3679 4736 ε
3713 4735 3726 4736 7
3768 4718 3780 4736 ε

2300 4721 2447 4800 (749)
2475 4727 2782 4801 Seariotico
2788 4727 2936 4801 jure,
2963 4721 3029 4781 id
3066 4731 3156 4783 est
3199 4742 3268 4801 ea
3295 4726 3450 4801 lege,
3466 4725 3557 4801 _ait
3582 4721 3868 4801 Acherius,

2227 4794 2344 4871 qua
2369 4817 2399 4855 e
2429 4794 2676 4880 nurnero
2708 4794 2961 4880 militum
2993 4794 3690 4880 expungitur'quis,‘sive
3716 4803 3871 4880 exau-

2225 4859 2503 4926 ctoratur.
2539 4871 2750 4934 Verum,
2776 4859 3356 4942 _subdit‘no‘viss‘imus
3377 4859 3679 4942 Spicilegii
3706 4859 3870 4942 Ache-

2227 4942 2376 4997 riani
2405 4942 2612 5005 editor,
2644 4944 2707 4995 ut
2736 4940 2793 4995 id
2818 4956 2929 4996 esse
2957 4939 3317 5012 Scarioticum
3360 4937 3461 5012 jus
3516 4937 3872 5012 agnosco,_ita

2223 5012 2492 5084 ejusmodi
2560 5002 3064 5084 interpretationem
3119 5011 3246 5068 huic
3310 5002 3428 5069 loco

2218 5074 2377 5156 posse
2403 5098 2539 5153 nego
2560 5101 2579 5137 :
2601 5074 2859 5156 namihoc
2887 5082 3241 5156 Scarioticum
3261 5083 3358 5155 jus
3401 5082 3650 5156 appellat
3671 5074 3872 5156 ΔΒᾳυιες

2222 5140 2362 5221 rius,
2389 5140 2499 5227 quo
2523 5156 2647 5226 quis
2674 5155 2859 5225 efﬁcit,
2892 5158 2965 5227 ut
2996 5155 3136 5226 quod
3182 5140 3297 5225 ipse
3341 5140 3573 5227 malum,
3593 5150 3781 5221 infert,

2219 5210 2597 5299 atio'quoda‘m
2627 5210 3145 5299 illatum'rvidet'uur.
3181 5210 3244 5283 Ut
3281 5227 3463 5299 igitur
3513 5210 3697 5279 dicam

2217 5287 2414 5364 sentio,
2444 5298 2668 5370 clericos
2689 5313 2816 5353 suos
2846 5298 2907 5352 in
2929 5312 2990 5351 se
3030 5297 3219 5370 eadem
3238 5287 3477 5370 perﬁdia
3516 5308 3645 5350 usos
3662 5287 3868 5370 ρετ-ἱρῇ.

2254 5386 2327 5425 ua
2354 5356 2522 5427 ludas
2578 5370 2869 5426 Iscariotes
2923 5370 2984 5424 in
3041 5356 3350 5425 Christum:
3364 5367 3526 5423 Sicut
3582 5363 3739 5439 enim
3782 5356 3875 5439 illq

2261 5424 2508 5497 ominum
2533 5424 2697 5512 suum
2752 5456 2817 5495 ac
2852 5424 3117 5495 nostrum
3155 5439 3421 5512 prodidit,
3452 5455 3523 5512 ac
3818 5424 3872 5482 id

2213 5514 2346 5585 fecit
2369 5555 2383 5579 ,
2436 5527 2541 5585 quo
2596 5511 2773 5567 videri
2825 5518 3032 5583 poterat
3083 5505 3205 5585 non
3240 5505 3701 5585 consensisse_iis
3757 5513 3873 5585 ᾳμξω

2208 5571 2589 5656 proditionem
2633 5589 2794 5638 erant
2825 5571 3264 5656 'coasecuta;_ita
3311 5578 3710 5656 propemodum

2210 5598 2589 5656 proditionem
2633 5598 2794 5638 erant
2843 5598 3154 5645 coasecuta;
3184 5598 3264 5638 ua
3310 5598 3405 5711 pro

2210 5672 2269 5729 se
2296 5655 2443 5729 apud
2474 5657 2855 5729 imperatorem
2875 5653 3281 5729 (scribendum
3334 5668 3405 5710 ue

2209 5643 2269 5713 se
2296 5655 2443 5729 apud
2474 5657 2855 5737 imperatorem
2875 5643 3281 5736 (scribendum
3310 5643 3503 5736 fuerat
3559 5719 3575 5734 ο
3636 5662 3729 5704 em
3760 5643 3864 5700 Lo-

2209 5727 2489 5800 tharium,
2521 5742 2624 5811 qui
2655 5725 2997 5833 [lethargum
3024 5724 3149 5828 lch
3178 5727 3382 5827 pedere
3412 5664 3636 5813 W35
3655 5716 3864 5795 calum:
