4060 6176
240 356 363 423 197

1173 308 1297 426 .ns
1337 360 1818 430 com-smn
1859 363 2269 432 CANONUM.
2301 399 2380 414 -
2407 364 2611 433 PARS
2653 361 2706 432 1.

3529 362 3648 433 498

240 497 302 553 et
324 490 516 552 clerici
557 489 735 550 istius
763 489 1096 566 provinciae,
1118 512 1235 553 non
1292 496 1530 570 quidem
1587 496 1890 573 religionis
1916 500 1975 570 Α
2001 499 2305 571 fateri,sed
2335 500 2573 575 pulsum
2604 520 2640 559 a
2668 500 2903 576 propria
2932 500 3071 560 sede
3085 498 3165 575 [id
3180 505 3259 559 est
3277 515 3312 556 a
3339 488 3651 574 Veronam]

240 582 581 653 amore,sed
611 581 836 640 laboris
858 584 1239 643 obtenderent
1256 587 1413 655 odio,
1431 587 1522 644 sui
1537 588 1646 644 hoc
1669 589 1892 647 ordinis
2001 592 2348 649 necessitate
2376 596 2643 650 coactum
2674 591 2890 649 adiisse
2921 597 3062 649 tunc
3121 591 3403 664 temporis
3448 590 3646 663 piissi-

238 672 487 731 minime
515 672 688 740 fm'te,
706 671 1011 745 petulanti,
1026 679 1092 731 ut
1114 691 1287 747 saepe,
1311 676 1887 749 respondiscrmone:

236 762 314 821 Ut
341 779 458 827 non
486 761 835 835 permittunt
847 777 1099 821 canones
1115 764 1324 822 clerico
1354 782 1635 839 pugnare,
1670 767 1753 823 ita
1782 784 1888 826 nec

236 856 530 924 stuprare.
553 852 643 908 Vas
668 850 946 920 enim,ait
974 853 1213 925 quidam
1243 853 1481 911 mentiri
1511 855 1765 923 nescius,
1801 858 1888 914 V3

233 941 407 1009 vobis,
439 940 648 996 Scriba
674 944 728 995 et
755 940 1029 998 Phariszi
1063 943 1383 1015 hypocrita,
1416 945 1549 1016 quia
1598 944 1885 1002 decimatis

234 1028 535 1098 mentham,
568 1036 621 1086 et
647 1030 925 1099 anethum,
957 1036 1011 1088 et
1036 1035 1338 1105 cyminum,
1361 1038 1412 1089 et
1441 1034 1742 1106 reliquistis
1761 1050 1886 1108 quae

234 1120 493 1192 graviora
550 1125 680 1175 sunt
719 1119 876 1188 legis,
916 1120 1212 1192 judicium,
1242 1127 1297 1179 et
1348 1123 1803 1193 misericordiam,
1834 1131 1886 1182 et

236 1208 401 1281 ﬁdem
432 1207 644 1280 (Matth.
674 1224 835 1276 mn,
866 1209 980 1281 23).

304 1296 362 1352 9.
395 1295 544 1352 Cum
574 1296 832 1369 puodam
862 1296 1039 1353 etiam
1068 1298 1141 1354 de
1169 1298 1619 1359 intronizatione
1650 1301 1884 1357 Leodici

238 1387 381 1442 dum
412 1385 818 1442 contenderem
846 1402 997 1453 mea,
1020 1387 1255 1444 conanti
1277 1386 1423 1443 mihi
1453 1387 1799 1445 auctoritate
1819 1388 1887 1443 il-

234 1471 354 1528 lam
385 1472 532 1529 tueri
560 1472 805 1530 Antberi
835 1480 1023 1547 papae,
1054 1473 1151 1532 ille
1180 1475 1440 1533 instabat
1480 1475 1738 1550 capitula
1766 1476 1881 1535 ista

229 1560 348 1618 duo
366 1561 731 1618 Sardicensis
762 1562 994 1619 concilii
1014 1565 1362 1636 opponendo
1382 1565 1688 1638 I(epist.sub
1709 1566 1878 1639 init.).

226 1649 332 1723 (Ea:
359 1650 519 1706 Dion.
541 1651 797 1721 Exiguo).
817 1674 846 1702 ‹‹
878 1651 1053 1708 Osius
1083 1652 1395 1724 episcopus
1420 1653 1741 1710 dixit:Non
1772 1655 1882 1711 mi-

221 1754 340 1795 nus
367 1737 528 1795 mala
554 1740 940 1807 consuetudo,
966 1756 1146 1812 quam
1173 1739 1503 1813 perniciosa
1524 1743 1871 1815 corruptela,

220 1827 495 1885 funditus
509 1827 978 1887 eradicandaest.
991 1829 1073 1886 Ne
1089 1829 1183 1885 cui
1199 1828 1397 1902 itaque
1409 1828 1581 1886 liceat
1602 1830 1875 1903 episcopo

217 1917 296 1974 de
315 1915 551 1977 civitate
576 1932 689 1973 sua
715 1917 787 1972 ad
814 1915 988 1974 aliam
1018 1916 1268 1975 transire
1295 1917 1874 1976 civitatem.Manife-

215 2013 314 2064 sla
359 2009 452 2062 est
498 2005 657 2062 enim
686 2022 887 2073 causa,
918 2023 1036 2080 qua
1064 2007 1175 2063 hoc
1204 2006 1391 2064 facere
1429 2010 1689 2077 tentant;
1735 2025 1873 2066 cum

215 2094 431 2153 nullus
461 2095 525 2151 iu
553 2094 665 2152 bac
695 2112 757 2151 re
778 2094 1049 2153 inventus
1077 2094 1157 2151 sit
1184 2095 1514 2169 episcopus,
1539 2096 1641 2170 qui
1672 2097 1874 2154 dema-

200 2186 342 2259 ,ποι-θ
371 2183 602 2242 civitate
633 2184 707 2241 ad
737 2184 1025 2243 minorem
1068 2184 1367 2245 transiret.
1409 2185 1571 2242 Unde
1627 2191 1871 2260 apparet

214 2273 696 2332 avaritiaardore
717 2289 817 2330 eos
836 2272 1215 2343 inﬂammari,
1228 2277 1286 2330 et
1304 2274 1609 2332 ambitioni
1629 2276 1870 2345 servire,

210 2368 277 2421 et
304 2366 373 2419 ut
400 2362 862 2420 dominationem
892 2362 1426 2437 agant,ambire.Si
1455 2364 1732 2421 omnibus
1745 2364 1872 2437 pla-

209 2451 695 2525 cet,bujusmodi
725 2451 1012 2526 pernicies
1040 2452 1300 2509 severius
1329 2456 1387 2509 et
1419 2454 1713 2510 austerius
1743 2452 1873 2509 vin-

209 2542 472 2611 dicetur,
505 2545 571 2597 ut
601 2557 705 2598 nec
734 2540 946 2598 laicam
985 2541 1465 2599 communionem
1512 2542 1727 2599 habeat
1771 2541 1873 2614 qui

208 2630 358 2689 talis
388 2634 498 2687 est.
532 2630 983 2704 Responderunt
1009 2630 1267 2687 universi
1299 2648 1315 2687 :
1350 2630 1562 2688 Placet.
1594 2652 1624 2683 ››
1659 2631 1874 2689 11.1tem

206 2721 279 2777 de
313 2718 513 2777 iisdem
539 2721 823 2793 episcopis,
848 2727 911 2776 ut
937 2722 993 2776 si
1036 2736 1134 2792 per
1159 2721 1513 2777 umbilicum
1539 2720 1718 2776 sedem
1744 2710 1873 2778 mu-

208 2810 476 2876 taverint,
497 2824 596 2867 nec
615 2811 676 2865 in
703 2811 860 2866 exitu
881 2811 1319 2866 communionem
1335 2810 1531 2867 laicam
1546 2826 1875 2883 consequan-

205 2904 332 2956 tur.
367 2897 608 2955 «:Osius
637 2898 948 2971 episcopus
978 2897 1126 2955 dixit
1156 2916 1169 2955 :
1203 2898 1478 2956 Etsiamsi
1501 2898 1639 2956 talis
1655 2898 1869 2973 aliquis

206 2985 507 3046 exstiterit
556 2985 925 3055 temerarius,
984 2990 1050 3043 ut
1107 2987 1374 3045 fortassis
1432 2988 1867 3045 excusationem

200 3076 470 3143 uﬁ'erens
496 3079 807 3143 asseveret,
839 3076 995 3149 quod
1023 3075 1225 3150 populi
1262 3076 1485 3134 litteras
1530 3078 1819 3150 acceperit
1849 3095 1863 3144 ;

2001 696 2165 739 mum
2196 681 2342 754 (765)
2375 698 2533 738 nunc
2588 681 2869 737 Caesarem
2917 679 3410 754 gloriosissimum
3458 678 3647 749 illum;

1999 784 2180 841 super
2205 768 2317 826 hoc
2357 770 2725 827 consuluisse
2774 769 3092 843 praesulum
3137 769 3488 826 concilium:
3519 768 3650 826 illos

1996 874 2128 914 vero
2156 859 2613 916 misericorditer
2643 876 2736 916 me
2766 860 3031 932 elegisse,
3060 863 3116 914 et
3144 858 3343 931 populi
3400 874 3647 914 assensu

1994 948 2330 1020 conjuncto,
2367 948 2757 1005 fraternaliter
2803 947 3205 1014 intronizasse,
3238 948 3387 1019 (766)
3418 946 3647 1004 utilita-

1991 1037 2067 1094 tis
2100 1039 2277 1095 etiam
2309 1039 2613 1096 occasione
2643 1039 2800 1112 quod
2832 1037 3067 1095 illorum
3082 1039 3179 1105 sit,
3198 1038 3643 1110 przetenderam.

1992 1127 2254 1200 Cumque
2284 1145 2390 1186 nec
2420 1128 2637 1185 talibus
2666 1127 2751 1184 illi
2774 1128 2920 1191 (767)
2943 1127 3244 1184 silentium
3275 1128 3429 1184 849
3452 1127 3647 1200 impo-

1993 1232 2129 1272 nere
2160 1217 2497 1287 valuissem,
2530 1217 2735 1274 auditu
2767 1216 3025 1289 quodam
3057 1216 3443 1288 comperiens,
3476 1216 3645 1288 igna-

1993 1321 2097 1361 rus
2126 1309 2324 1361 utrum
2354 1306 2635 1363 veraciter
2665 1305 2803 1362 licet
2830 1322 2967 1361 eum
2998 1304 3120 1360 fore
3169 1303 3465 1373 uxorium,
3491 1304 3641 1376 (768)

1995 1391 2355 1464 ampullatus
2384 1398 2689 1466 potestate,
2716 1394 2853 1450 licet
2882 1410 3000 1450 non
3028 1396 3180 1462 actu,
3209 1393 3367 1449 hunc
3405 1393 3458 1448 ei
3517 1393 3643 1449 red-

1994 1480 2120 1536 didi
2150 1484 2540 1554 anapcsstum.
2572 1483 2638 1538 In
2667 1481 2991 1538 canonibus
3021 1480 3440 1553 apostolorum,
3472 1481 3522 1538 si
3551 1486 3639 1538 ta-

1996 1586 2132 1627 men
2162 1586 2263 1627 eos
2292 1575 2357 1625 ut
2387 1571 2747 1644 apocrypbos
2777 1587 2892 1627 non
2929 1569 3180 1641 respuis,
3211 1569 3382 1625 titulo
3430 1569 3641 1642 legitur

1990 1675 2129 1726 xvn,
2162 1663 2219 1715 et
2257 1658 2464 1715 concil.
2499 1659 2838 1715 Laodicensi
2877 1658 2968 1714 tit.
2999 1675 3041 1725 ι,
3066 1657 3127 1713 in
3182 1657 3431 1713 decretis
3478 1674 3639 1730 papas

1987 1747 2176 1803 Siricii
2206 1748 2296 1803 tit.
2324 1764 2402 1816 χι,
2434 1747 2493 1802 in
2521 1748 2771 1804 decretis
2801 1747 3126 1803 Innocentii
3172 1762 3336 1818 papa:
3366 1745 3456 1801 tit.
3490 1763 3547 1800 ιιι
3586 1751 3643 1801 et

1984 1850 2064 1892 xtl
2086 1839 2146 1891 et
2172 1853 2295 1903 xm,
2329 1852 2554 1892 necnon
2585 1840 2642 1892 et
2669 1853 2823 1905 xxix,
2855 1837 3003 1901 (769)
3034 1836 3094 1890 in
3125 1835 3375 1891 decretis
3408 1851 3641 1907 quoque

1984 1940 2147 1997 papas
2178 1925 2388 1980 Leonis
2400 1924 2492 1980 tit.
2516 1941 2579 1991 ιι,
2603 1923 2954 1997 praecipitur,
2970 1927 3037 1979 ut
3054 1923 3276 1997 bigami
3291 1939 3407 1978 non
3420 1924 3640 1980 admit-

1982 2016 2184 2071 tuntur
2210 2013 2284 2069 ad
2314 2012 2538 2069 clerum
2567 2016 2646 2083 et,
2679 2013 2961 2069 miserum
2989 2008 3143 2081 ine!,
3175 2012 3227 2068 si
3265 2028 3382 2066 non
3413 2012 3485 2067 ad
3517 2011 3639 2068 cle-

1981 2117 2139 2170 rum,
2170 2102 2463 2174 quomodo
2493 2102 2565 2158 ad
2597 2101 3033 2158 sacerdotium?
3054 2117 3188 2156 cum
3223 2117 3340 2156 non
3371 2105 3635 2174 oporteat

1980 2190 2041 2247 in
2074 2190 2298 2263 nuptiis
2322 2191 2543 2264 bigami
2558 2190 2763 2247 saltem
2796 2190 3635 2263 pranderepresbyteros,con—

1981 2280 2119 2337 cilio
2150 2280 2236 2337 sic
2270 2279 2721 2337 Neocaesariensi
2734 2278 2960 2335 dicente
2975 2294 3101 2349 cap.
3123 2278 3637 2348 vnzPresbyterum

1981 2370 2043 2425 in
2071 2371 2283 2441 nuptiis
2314 2370 2523 2439 bigami
2554 2368 2824 2440 prandere
2859 2382 2971 2423 non
3013 2366 3305 2426 convenit;
3335 2367 3463 2436 quia
3510 2381 3636 2420 cum

1978 2458 2307 2529 paenitentia
2337 2458 2581 2528 bigamus
2609 2460 2782 2526 egeat,
2809 2457 2932 2527 quis
2953 2456 3059 2509 erit
3079 2454 3367 2524 presbyter
3392 2454 3488 2523 qui
3505 2468 3635 2521 pro-

1978 2553 2100 2618 pter
2127 2547 2441 2603 convicium
2470 2544 2673 2601 talibus
2701 2545 2914 2615 nuptiis
2938 2544 3111 2615 possit
3128 2540 3377 2613 prabere
3404 2555 3631 2596 consen-

1980 2639 2143 2692 sum?
2172 2639 2250 2691 De
2280 2632 2629 2690 multinubis
2657 2649 2811 2703 vero,
2845 2630 2984 2704 quid
3015 2630 3076 2686 in
3125 2627 3372 2686 concilio
3429 2627 3633 2685 eodem

1976 2726 2132 2795 (770)
2154 2723 2403 2797 legatur,
2436 2723 2668 2795 inquire
2697 2722 2787 2777 tit.
2820 2739 2903 2778 ιιι.

2054 2814 2140 2869 10.
2173 2813 2316 2869 Cum
2346 2811 2461 2869 alia
2491 2815 2667 2884 atque
2697 2811 2813 2868 alia
2843 2810 3196 2883 respondere
3225 2809 3480 2883 gestiens
3513 2807 3628 2865 ritu

1977 2902 2227 2976 garriret
2256 2901 2635 2975 lymphatico,
2660 2904 2720 2957 et
2747 2900 2986 2957 inﬂatus
3016 2899 3288 2957 hesterno
3332 2915 3530 2966 venas,
3563 2903 3630 2954 ut

1972 3007 2210 3065 semper
2251 2990 2454 3047 Iaccho
2496 2991 2661 3062 (771),
2695 2990 2766 3046 ad
2817 2988 3048 3047 tabulas
3102 2989 3345 3062 insuper
3397 2989 3625 3061 luderet

1974 3080 2222 3138 aleariae
2251 3081 2455 3152 (Viae.
2477 3081 2644 3151 eclog.
2662 3093 2741 3146 vt,
2772 3096 2825 3134 v.
2861 3080 2969 3147 15),
2990 3078 3391 3135 stomachatus
3412 3077 3625 3133 iterum

205 3183 353 3222 cum
385 3164 765 3222 manifestum
796 3165 876 3222 sit
903 3166 1162 3239 potuisse
1180 3182 1503 3240 paucorum
1533 3167 1772 3240 praemio
1807 3171 1866 3223 et
1904 3237 1940 3245 _
1978 3187 2087 3245 ego
2119 3189 2131 3227 :
2165 3170 2233 3226 Ni
2260 3186 2513 3226 canones
2544 3167 2945 3240 apostolorum
2976 3184 3112 3223 cum
3142 3167 3287 3239 ipsis
3317 3181 3625 3238 respueres

200 3254 490 3317 mercede
513 3253 810 3328 corrumpi
841 3237 940 3311 eos
970 3254 1070 3328 qui
1102 3237 1389 3312 sinceram
1420 3237 1597 3312 ﬁdem
1618 3273 1737 3313 non
1766 3255 1867 3311 ha-
1896 3237 1940 3305 ο
1978 3237 2277 3332 apostolis.
2294 3258 2547 3314 dicerem
2559 3237 2738 3313 tibiin
2758 3256 3084 3313 canonibus
3102 3237 3386 3312 contineri
3404 3237 3625 3310 eisdem

206 3343 376 3412 bent,
410 3346 478 3400 ut
505 3342 830 3400 clamarent
858 3342 917 3399 in
947 3342 1209 3412 ecclesia,
1242 3348 1300 3399 et
1332 3344 1530 3416 ipsum
1563 3348 1759 3416 petere
1786 3343 1867 3399 vi-

204 3433 497 3490 derentur
524 3432 865 3505 episcopum
897 3450 911 3489 :
943 3431 1182 3490 omnino
1211 3432 1321 3489 has
1347 3432 1871 3489 fraudesdamnan—

204 3522 317 3579 das
348 3535 484 3578 esse
513 3520 786 3590 arbitror,
811 3521 977 3578 itaut
1005 3538 1110 3579 nec
1141 3520 1353 3578 laicam
1383 3520 1443 3577 in
1470 3521 1586 3577 fine
1607 3537 1870 3577 commu-

207 3609 453 3669 nionem
482 3608 617 3666 talis
647 3610 913 3682 accipiat.
940 3610 1010 3666 Et
1040 3611 1090 3667 si
1115 3610 1282 3667 vobis
1330 3610 1609 3667 omnibus
1654 3609 1865 3683 placet,

207 3698 480 3758 statuite.
497 3699 768 3773 Synodus
797 3699 1102 3773 respondit
1126 3715 1142 3754 :
1174 3698 1386 3769 Placet,
1413 3722 1441 3749 »
1471 3698 1708 3756 Anxiari
1737 3714 1865 3771 ego,

207 3804 313 3846 nec
343 3786 601 3846 avaritia:
631 3804 827 3858 causa;
855 3787 946 3845 vel
977 3787 1263 3862 superbiae
1309 3804 1405 3844 me
1448 3786 1864 3844 intronizatum

208 3908 319 3977 etc.
388 3903 671 3977 Quondam
715 3920 850 3961 vero
902 3903 1096 3977 inquit
1149 3903 1221 3959 de
1279 3920 1362 3977 re,
1401 3921 1530 3977 quae
1580 3905 1870 3977 acciderat

1975 3348 2066 3403 tit.
2097 3363 2214 3403 XLII
2241 3351 2301 3403 et
2327 3363 2486 3415 mn,
2518 3345 2675 3417 quod
2715 3343 3047 3417 episcopus,
3074 3342 3400 3415 presbyter,
3421 3346 3479 3397 et
3498 3342 3626 3397 dia-

1976 3453 2161 3492 conus
2191 3434 2408 3491 aleator
2436 3438 2494 3490 et
2521 3432 2896 3499 ebriosus,ut
2919 3436 3006 3498 tu,
3025 3446 3155 3487 esse
3176 3446 3291 3485 non
3314 3430 3551 3495 debeat;
3572 3434 3629 3485 et

1975 3524 2028 3580 si
2086 3523 2280 3590 fuerit,
2313 3526 2414 3577 aut
2467 3520 2717 3586 desinat,
2752 3523 2855 3576 aut
2911 3520 3257 3589 deponatur.
3291 3516 3453 3579 Quod
3509 3532 3625 3571 non

1976 3612 2203 3669 licuerit
2257 3626 2489 3684 quoque
2545 3609 2728 3665 tibia
2780 3612 2887 3664 tua
2942 3605 3188 3663 ecclesia
3242 3603 3376 3677 plus
3434 3602 3627 3660 tribus

1976 3699 2444 3758 hebdomadibus
2501 3699 2691 3766 desse,
2752 3713 2914 3754 conc.
2977 3692 3344 3753 Sardicensis
3380 3692 3471 3748 tit.
3530 3708 3623 3762 xv,

1976 3807 2171 3865 quaere
2192 3788 2583 3854 (772).Utrum
2606 3786 2779 3843 liceat
2808 3785 2984 3843 etiam
3006 3783 3137 3857 tibi,
3153 3788 3221 3840 ut
3245 3801 3278 3839 a
3303 3781 3625 3856 majoribus

1974 3907 2135 3964 nulla
2155 3907 2362 3963 occasio
2390 3904 2641 3961 scandali
2664 3911 2840 3977 posset
2895 3904 2955 3958 in
2992 3918 3181 3959 eorum
3235 3902 3480 3973 episcopo
3538 3915 3622 3956 re-

207 3974 621 4054 gii-caannum
644 3976 774 4046 962,
810 3976 967 4049 quod
982 3974 1128 4032 'l’use
1168 3974 1589 4049 explicavimus
1619 3976 1678 4032 in
1732 3975 1867 4035 Vita
1967 3981 2172 4054 periri.

202 4046 352 4120 §.t3,
378 4048 443 4107 in
476 4048 610 4108 ﬁne.

280 4154 438 4228 (765)
469 4155 625 4228 Nunc
654 4152 756 4228 ait,
771 4152 911 4225 quia
926 4156 1069 4228 tunc
1089 4169 1226 4228 cum
1256 4153 1477 4228 electus
1507 4153 1620 4228 fuit
1641 4156 1863 4228 episco-

208 4225 323 4353 tpnus
354 4225 734 4307 Leodicensis
762 4225 1068 4307 anno.953,
1096 4225 1228 4282 Otto
1259 4227 1521 4283 nondum
1550 4225 1867 4299 imperator

272 4302 405 4353 erat
436 4300 828 4353 renuntiatus.
858 4299 942 4351 uti
972 4301 1097 4353 erat
1122 4313 1294 4353 nunc.
1325 4314 1460 4353 cum
1491 4298 1668 4353 hocce
1717 4316 1865 4353 onus

210 4298 828 4423 merebienuntiatus,
858 4298 942 4351 uti
972 4301 1097 4353 erat
1122 4313 1294 4367 nunc,
1325 4314 1460 4354 cum
1491 4298 1668 4354 hocce
1717 4316 1865 4372 opus

210 4384 429 4440 scripsi
463 4409 477 4423 .

280 4474 554 4547 (766))ιί⁸
578 4477 688 4547 est,
718 4475 999 4547 occasione
1045 4473 1418 4547 etiamquod,
1466 4472 1593 4547 bace
1648 4474 1869 4547 scilicet

211 4543 476 4603 Rutberii
508 4544 729 4614 electio,
761 4547 837 4602 sit
863 4546 1126 4602 utilitatis
1181 4543 1431 4600 illorum.
1465 4543 1629 4600 Hunc
1675 4545 1866 4600 locum

204 4616 463 4690 miriﬁce
490 4616 784 4690 explicant
809 4617 980 4690 coaevi
1009 4616 1324 4690 scriptores
1345 4616 1643 4690 _Rotgerus
1661 4616 1721 4672 in
1733 4616 1868 4690 Vita

209 4678 270 4743 S.
286 4678 583 4761 Brunonis
596 4682 1019 4761 archiepiscopi
1032 4678 1392 4761 Coloniensis
1405 4678 1532 4759 cap.
1547 4687 1637 4753 34,
1653 4692 1710 4761 et
1732 4686 1864 4743 Ful-

211 4759 429 4840 cuinus
444 4759 701 4840 abbot.
730 4757 1087 4840 Lo'biens'ibus
1108 4775 1234 4840 cap.
1258 4757 1614 4840 .2_3,‘guo_rum
1637 4757 1866 4840 alterex

212 4827 398 4905 altera
409 4831 616 4905 eadem
629 4847 807 4905 prope
816 4832 991 4888 verba
1001 4827 1325 4905 exscripsit.
1343 4827 1685 4885 Ratberium
1706 4830 1864 4886 enim

212 4900 434 4973 idcirco
464 4903 535 4958 ad
563 4900 970 4973 Leodicensem
986 4900 1535 4973 sedem—promotum
1552 4905 1862 4969 testantur;

214 4972 355 5045 quia
407 4989 519 5028 non
559 4972 736 5030 eidem
789 4975 1036 5031 ecclesizc
1090 4972 1268 5029 solum
1305 4974 1398 5028 cui
1421 4973 1668 5045 prie/uit,
1693 4974 1786 5031 sed
1815 4982 1866 5030 et

207 5045 408 5100 multis
431 5045 564 5101 aliis
590 5047 997 5118 circunquaque
1032 5044 1196 5118 valde
1218 5046 1529 5118 proﬁcuum
1556 5048 1674 5116 fore
1699 5055 1863 5118 puta-

211 5119 337 5170 tum
365 5120 448 5173 est
466 5134 491 5180 ;
509 5132 578 5172 ac
590 5116 1018 5188 prmtereaquia
1044 5118 1105 5172 in
1134 5116 1251 5172 illis
1265 5117 1611 5188 partibus....
1639 5116 1866 5188 quidam

211 5134 337 5170 mm
365 5134 448 5173 est
466 5134 491 5180 ;
509 5134 578 5172 ac
632 5134 1018 5187 reetereaqma
1044 5134 1105 5172 ιη
1134 5134 1251 5172 tuis
1265 5134 1611 5187 paruous....
1639 5134 1866 5188 quidam

210 5189 393 5260 etiam
414 5134 720 5245 sacertﬁites
762 5189 984 5244 Domini
1008 5188 1351 5260 plerumque,
1384 5186 1523 5260 quod
1577 5190 1734 5257 nefas
1788 5196 1867 5244 est

210 5256 388 5324 dictu,
426 5266 662 5316 terrente
755 5260 840 5317 lus
859 5256 1025 5331 justo'
1054 5256 1254 5330 conﬁsi
1334 5256 1571 5324 oténtiae,
1599 5260 1866 5330 populum

210 5329 536 5387 insueritum
563 5276 1019 5387 scandblizabant
1050 5348 1069 5387 :
1093 5344 1238 5387 saepe
1266 5274 1440 5384 (licius
1468 5330 1655 5386 Bruno
1713 5328 1864 5385 Colo-

210 5329 536 5401 imperitum
563 5328 1019 5388 scandalizabant
1044 5348 1069 5395 ;
1093 5328 1238 5400 saepe
1266 5328 1440 5401 dictus
1467 5328 1682 5401 Bruno'
1713 5328 1864 5385 Colo-

212 5399 1011 5484 niensisnarchiepiswpns...”
1043 5399 1204 5484 ratus
1225 5400 1303 5466 id,
1335 5399 1477 5484 quod
1504 5416 1694 5484 verum
1732 5402 1863 5484 fuit,

212 5470 365 5528 hunc
423 5470 764 5531 Ratberium
791 5470 1023 5529 Verona
1072 5473 1301 5543 ejectum
1346 5470 1532 5543 antea,
1576 5477 1627 5529 et
1681 5470 1863 5543 neglee

212 5490 365 5528 anno
424 5490 764 5531 manuarium
804 5490 1120 5599 vei-onem?

211 5546 385 5616 clusa,
419 5545 519 5601 hoc
547 5549 699 5601 tanto
747 5545 1002 5616 beneﬁcio

213 5614 395 5691 (cadus
425 5616 646 5691 adduci,
678 5620 739 5691 ut
762 5634 798 5691 ᾳ
826 5613 1059 5691 nemine
1069 5621 1243 5687 posset
1293 5613 1496 5682 seduci,
1528 5617 1610 5671 ita
1646 5616 1867 5691 demum

193 5700 272 5742 os
305 5686 644 5759 loquentinm
691 5689 921 5746 inimica
949 5685 1225 5746 obstruere
1250 5700 1308 5743 se
1338 5700 1495 5758 posse
1538 5685 1786 5754 credidit,
1817 5688 1869 5743 si

1157 5534 1301 5598 illud
1349 5542 1478 5614 ﬁdei
1513 5534 1565 5600 et
1620 5534 1866 5600 veritatis

2045 4052 2194 4125 (76a)
2220 4049 2387 4125 Apud
2418 4048 2741 4125 Acberium
2761 4046 3205 4125 similitudinem,
3223 4048 3281 4101 et
3300 4043 3475 4125 paulo
3492 4047 3624 4125 post

1974 4114 2485 4206 auditu'quondam.
2517 4119 2832 4176 Novissimi
2863 4117 3103 4175 editoris
3133 4114 3464 4173 emendatio
3496 4114 3623 4187 pla-

2236 4264 2600 4336 Ampullatus,
2654 4261 2710 4316 id
2760 4264 2849 4317 est
2891 4260 3154 4323 inﬂatus,
3200 4256 3492 4379 turgidus,
3528 4255 3620 4335 .ab

2008 4337 2158 4390 mvul
2216 4353 2265 4390 r.
2298 4334 2606 4390 magnifice
2633 4332 2865 4390 loquor.
2890 4346 3004 4390 quo
3033 4328 3207 4384 verbo
3228 4343 3294 4381 ve
3348 4325 3620 4379 Horatius

1970 4325 3004 4409 anipultor,_magniﬁceloguor,hquo
3033 4325 3315 4409 verboyel
3348 4325 3622 4409 Horatius

1974 4396 2119 4465 usus
2149 4396 2370 4462 est'lib.
2396 4396 2445 4472 ἶ,
2478 4403 2646 4475 epist.
2680 4396 2734 4469 3,
2767 4396 2926 4476 v_,_ili
2955 4418 2967 4454 :
3009 4396 3451 4476 .(mpullatur
3482 4402 3615 4450 arte.

1974 4479 2115 4535 Dein
2150 4470 2498 4549 anapaestum
2514 4470 2693 4529 alicui
2722 4471 2940 4549 reddere
2970 4472 3058 4524 est
3096 4470 3414 4549 adversarii
3447 4482 3620 4537 argu-

1976 4555 2243 4604 mentum
2259 4536 2467 4602 contra
2486 4544 2682 4616 ipsum
2706 4545 3036 4616 convertere
3050 4539 3295 4616 _a__Grzeco
3308 4536 3619 4616 ἀνάξαιᾳᾷος,

1898 4605 1943 4670 D
1973 4636 2078 4692 pes
2109 4618 2387 4674 carminis
2417 4605 3027 4692 dactylo‘contrarius.
3050 4610 3154 4692 Hic
3183 4613 3378 4666 autem
3412 4609 3621 4692 Rutbe-

1976 4680 2100 4746 rius
2130 4692 2331 4745 contra
2360 4704 2458 4742 eos
2490 4680 2589 4759 qui
2621 4684 2730 4739 sibi
2764 4681 3135 4755 opponebant
3172 4698 3444 4750 canones,
3477 4680 3621 4738 alios

1970 4775 2227 4817 canones
2258 4759 2485 4831 regerit.

2044 4833 2192 4905 (769)
2223 4824 2564 4905 Legvebatur
2603 4836 2661 4905 et
2701 4843 2934 4905 xxxvm.
2985 4824 3376 4905 Qorreximus,
3406 4826 3531 4905 uti__
3554 4824 3619 4880 in

1973 4896 2605 4978 collectione'Dionysio
2635 4898 2894 4978 Adriana
2909 4896 3153 4978 iegitur,
3173 4913 3241 4952 ex
3257 4896 3618 4978 quanliathe-

1973 4976 2097 5032 rius
2127 4991 2379 5032 canones
2400 4978 2456 5029 et
2478 4967 2708 5028 decreta
2736 4967 3081 5042 pontiﬁcum
3108 4984 3241 5023 cum
3259 4967 3446 5042 titulis
3470 4968 3527 5023 in
3552 4984 3621 5042 ea

1974 5046 2288 5119 descriptis
2309 5044 2613 5119 excerpsit.
2647 5038 3012 5119 Dei—bigamis
3039 5044 3235 5119 autem
3280 5038 3338 5094 in
3372 5039 3618 5095 decretis

1974 5110 2291 5174 Innocentii
2316 5133 2431 5188 non
2464 5110 2657 5188 agitur
2676 5110 2852 5188 titulo
2864 5125 3099 5180 xxxvnl,
3118 5110 3220 5188 sed
3250 5128 3403 5177 χχιχ,

2066 5190 2195 5256 770)
2224 5187 2421 5259 Vulg.,
2454 5181 2766 5259 pcrperam
2790 5186 2851 5239 in
2879 5198 3098 5259 canone.
3116 5181 3321 5259 eodem.

2066 5191 2195 5256 770)
2224 5191 2421 5259 Vulg,
2454 5201 2756 5258 perperam
2790 5191 2851 5239 in
2879 5198 3088 5239 canone
3116 5191 3321 5238 eodem.

2046 5191 2194 5385 ξπ)
2227 5259 2553 5330 Legebatur
2572 5258 2712 5329 joco.
2748 5256 2869 5310 Imo
2908 5256 3055 5336 vino,
3084 5252 3302 5334 inquit.
3325 5251 3622 5324 Spicilegii

2046 5350 2051 5383 :
2099 5329 2281 5385 eriani
2313 5329 2517 5385 editor.
2532 5328 2885 5383 Cumautem
2918 5325 3015 5381 hic
3038 5342 3239 5380 versus
3257 5327 3621 5385 sntsumptus

1972 5324 2281 5387 Acberi'ani
2307 5324 2517 5385 Editor.
2532 5324 2678 5383 Cum
2691 5333 2885 5383 autem
2918 5325 3015 5381 hic
3038 5324 3239 5380 versus
3257 5324 3332 5380 sit
3347 5328 3621 5394 sumptus

1974 5419 2044 5459 ex
2072 5400 2316 5471 Virgilio
2341 5399 2521 5471 eclog.
2552 5416 2630 5467 γι,
2661 5415 2811 5453 vers.
2849 5399 2941 5471 A15,
2973 5396 3381 5471 corrigendum
3412 5395 3618 5459 Iaccho,

1974 5475 2033 5530 id
2061 5478 2150 5529 est
2181 5468 2423 5538 Baccho,
2464 5468 2521 5526 et
2548 5469 2932 5543 metonymice
2965 5468 3116 5543 vino:

2045 5546 2193 5617 (772)
2225 5544 2469 5617 Litteras
2513 5558 2612 5615 qq.
2638 5539 2957 5617 impressas
2988 5539 3616 5617 explicavimusguxrc,

1974 5607 2061 5673 uti
2082 5607 2349 5688 Suprain
2374 5614 2491 5688 [ine
2520 5607 2743 5671 nemo
2758 5613 3044 5686 scriptum
3061 5607 3135 5667 'et
3162 5609 3384 5667 editum
3408 5607 3618 5669 fuerat,

1973 5684 2214 5763 inquire,
2244 5684 2334 5744 tit.
2367 5685 2421 5741 3.
