4060 6176
286 306 406 382 513

1231 308 1334 381 DE
1376 305 1861 381 CONTEMPTU
1905 308 2316 382 CANONUM.
2348 351 2426 366 —
2452 314 2649 384 PARS
2690 323 2743 385 Ι.

3564 326 3685 397 814

355 451 445 507 23.
480 446 721 507 Memini
752 465 846 506 me
874 446 937 505 in
963 444 1164 507 Rheno
1194 451 1416 508 bicorni
1463 455 1693 508 tantum
1739 455 1934 523 pertu-
1964 449 2019 519 Α
2118 453 2207 507 24.
2242 453 2353 509 Sed
2386 453 2635 511 velimus
2666 454 2942 525 nolimus,
2992 450 3155 531 ipsos
3201 449 3347 534 legis
3385 461 3510 532 Dei,
3540 476 3685 536 quos

282 539 424 597 lisse
454 539 753 612 quondam
785 554 1078 612 pavorem,
1112 538 1364 597 cumulis
1402 542 1604 613 utique
1646 541 1718 596 ad
1751 540 1939 596 instar

284 627 524 687 collium
554 626 973 686 ebullientibus
1003 629 1618 697 fluctuum,utEuxino
1640 630 1785 687 freto
1806 647 1937 685 ma-

280 718 384 791 jus
411 717 693 775 habuisse
721 717 1044 790 putaverim
1094 718 1356 775 nullum:
1410 720 1517 775 sed
1540 735 1676 775 cum
1726 723 1939 776 nautas

287 807 505 863 ﬁducia
544 803 767 879 peritia:
825 805 1133 879 navigandi
1185 808 1373 880 jocari
1428 807 1727 875 vidissem,
1776 810 1935 864 metu

280 895 527 966 amisso,
558 893 865 951 audaciam
897 895 1151 968 [subaudi
1178 897 1424 954 memini
1454 896 1570 971 me]
1610 896 1937 970 sumprissc

287 1002 404 1042 non
435 984 751 1041 modicam.
779 983 897 1040 Hoc
923 985 1119 1058 itaque
1150 986 1298 1050 (803)
1330 989 1397 1042 ut
1444 986 1527 1042 uti
1559 984 1654 1042 hic
1698 1002 1813 1042 non
1845 984 1935 1041 in;

286 1089 612 1148 congruum
634 1072 933 1145 judicetur
956 1074 1238 1148 exemplo,
1273 1075 1322 1131 si
1342 1074 1647 1133 saeculares
1668 1074 1741 1132 ad
1771 1080 1938 1131 tanta

285 1162 465 1220 divini
491 1162 732 1243 terreris
764 1176 893 1235 quae
924 1160 1097 1220 isthic
1125 1163 1387 1237 depinxit
1414 1164 1689 1232 tonitrua,
1704 1181 1831 1236 qua
1863 1162 1938 1219 le-

286 1248 494 1326 gentes
524 1250 850 1324 inte‘lligere
879 1268 984 1308 nos
1015 1268 1225 1325 negare
1254 1270 1373 1309 non
1393 1268 1732 1326 possumus,
1762 1252 1939 1310 vidiss

289 1345 424 1398 sent
453 1340 827 1414 exsp'ergisei,
864 1345 1164 1414 utcunque
1190 1340 1579 1398 nihilominus
1607 1341 1759 1397 etilli
1778 1341 1941 1397 time-

291 1431 663 1487 rent.Atcum
677 1445 784 1485 nos
794 1428 1031 1486 videant
1057 1428 1300 1486 ridendo
1312 1446 1380 1485 ea
1395 1429 1825 1503 quoquelegere
1836 1446 1940 1485 sae—

292 1518 383 1591 pe,
408 1519 471 1572 et’
484 1520 605 1572 tam
620 1507 913 1574 obStinate
929 1519 1241 1576 adversum
1252 1516 1657 1589 talia,tamque
1669 1518 1945 1573 audacter

291 1602 584 1675 resistere,
611 1609 671 1662 et
698 1605 1012 1669 rebellione
1028 1610 1231 1663 contra
1248 1612 1429 1665 Deum
1442 1606 1679 1679 publica
1698 1606 1946 1662 obdura-

291 1695 361 1762 ri;
396 1693 446 1750 si
476 1693 561 1750 illi
583 1693 726 1751 talia
744 1711 857 1751 non
870 1698 1099 1761 curant,
1118 1695 1416 1751 mirumne
1433 1693 1624 1750 alicui:
1648 1698 1842 1767 potest
1859 1692 1941 1748 vi-

2047 541 2220 595 modo
2253 546 2373 597 tam
2406 543 2765 600 obduranter
2792 544 3023 602 odimus
3040 549 3216 620 atque
3236 551 3687 622 contemnimus,

2044 628 2226 686 libros
2248 630 2596 689 habebimus
2623 633 2868 706 judices,
2899 633 3059 708 ipsos
3109 641 3499 712 accusatores,
3543 657 3691 714 quos

2045 717 2250 775 haberi
2277 724 2613 793 oportuerat
2641 722 2994 780 defensores.
3027 727 3321 799 Scriptum
3373 732 3463 785 est
3491 728 3648 786 enim
3674 749 3688 788 :

2041 807 2319 864 Iudicium
2347 810 2503 878 sedit,
2536 819 2587 867 et
2635 812 2772 868 libri
2815 815 2991 885 aperti
3018 819 3143 870 sunt
3192 816 3352 889 (Dan.
3401 828 3504 889 vn,
3552 820 3688 891 10):

2044 898 2199 969 quod
2231 898 2500 970 quamvis
2530 904 2586 955 et
2614 901 2685 956 de
2716 902 3085 960 conscientiis
3109 904 3475 977 singulorum
3504 908 3695 965 valeat

2041 983 2320 1060 intelligi;
2353 987 2658 1045 sciendum
2691 1006 2760 1045 ex
2788 1006 2878 1059 eo,
2912 991 3325 1063 quodinlibris
3340 996 3689 1067 continetur,

2043 1091 2247 1132 omnes
2266 1075 2643 1147 judicandos.
2678 1078 2969 1135 Monstrat
2979 1080 3268 1154 Propheta
3282 1082 3455 1153 alius,
3470 1085 3691 1144 dicens:

2045 1163 2344 1221 Conversus
2371 1181 2513 1237 sum,
2544 1169 2598 1222 et
2629 1167 2806 1223 levavi
2832 1169 3018 1235 oculos
3044 1186 3210 1238 meos,
3240 1180 3294 1228 et
3318 1174 3456 1242 vidi,
3486 1178 3540 1231 et
3581 1191 3698 1232 ecce

2043 1254 2298 1309 volumen
2321 1255 2530 1324 volans,
2563 1263 2615 1311 et
2661 1255 2809 1311 dixit
2835 1256 2907 1313 ad
2954 1273 3074 1313 me:
3122 1260 3271 1329 Quid
3316 1265 3376 1317 tu
3409 1263 3606 1320 vides?
3631 1264 3697 1321 Et

2048 1356 2145 1409 ego
2175 1341 2299 1397 dixi
2323 1358 2337 1398 :
2370 1344 2475 1415 Ego
2505 1344 2658 1400 video
2685 1344 2943 1401 volumen
2975 1348 3196 1418 volans;
3247 1350 3531 1421 longitudo
3578 1354 3696 1426 ejus

2048 1429 2250 1499 viginti
2277 1431 2603 1497 cubitorum,
2628 1435 2680 1488 et
2721 1433 2950 1491 latitudo
2995 1438 3113 1507 ejus
3159 1438 3343 1495 decem
3387 1440 3697 1499 cubitorum

2049 1517 2117 1573 Et
2144 1516 2290 1574 dixit
2317 1518 2387 1574 ad
2413 1535 2538 1575 me:
2574 1524 2701 1575 Haec
2745 1526 2825 1577 est
2867 1524 3196 1591 maledictio,
3244 1542 3370 1598 quae
3419 1530 3699 1599 egreditur

2050 1622 2219 1677 super
2252 1607 2447 1662 'aciem
2476 1609 2656 1663 omnis
2682 1611 2876 1675 terrae;
2900 1612 3034 1680 quia
3065 1615 3243 1669 omnis
3289 1617 3403 1685 fur,
3436 1619 3576 1674 sicut
3620 1620 3700 1674 ibi

2048 1697 2319 1767 scriptum
2366 1702 2462 1761 est,
2511 1696 2881 1768 judicabitur;
2911 1702 2965 1753 et
2992 1703 3171 1756 omnis
3214 1702 3437 1775 jurans,
3486 1721 3558 1762 ea:
3604 1707 3702 1765 hoc

289 1782 447 1840 deri?
472 1782 558 1839 Illi
592 1794 803 1856 nempe
832 1783 975 1856 quid
1024 1783 1290 1880 dicatur,-
1327 1782 1544 1838 nedum
1585 1781 1938 1880 intelligant,
1970 1810 2019 1880 Β
2047 1784 2310 1839 similiter
2319 1781 2684 1855 judicabitur.
2717 1787 2786 1840 Et
2813 1785 3040 1842 educam
3068 1788 3249 1859 illum,
3280 1790 3415 1849 dicit
3442 1794 3702 1853 Dominus

288 1876 493 1929 utrum
518 1881 651 1929 vere
682 1872 912 1929 dicatur
941 1872 1234 1945 ignorant.
1267 1870 1431 1927 Unde
1458 1874 1515 1927 et
1538 1870 1939 1927 excommuni-

289 1960 545 2019 cationes
568 1963 798 2018 nostras
829 1977 964 2017 cum
997 1958 1470 2017 absolutionibus
1500 1959 1658 2032 parvi
1695 1959 1939 2025 ducunt,

292 2051 433 2125 quia
462 2055 748 2125 quantum
781 2049 1105 2123 intelligere
1134 2052 1404 2123 possunt,
1437 2052 1495 2106 et
1522 2066 1627 2105 nos
1659 2066 1693 2103 a
1722 2044 1942 2104 sanctis

292 2141 617 2198 canonibus
647 2139 1181 2197 excommunicutos
1210 2142 1585 2212 cognoscunt,
1607 2142 1665 2194 et
1694 2137 1941 2211 ligatum

295 2230 591 2287 neminem
625 2228 804 2303 ligare
832 2228 919 2286 vel
943 2228 1239 2307 absolvere
1261 2227 1687 2307 possearbitrio
1710 2227 1943 2300 proprio

298 2320 454 2378 804
483 2317 1019 2392 comprehendunb
1034 2318 1119 2373 Ad
1150 2304 1583 2390 pracﬁcaidum
1625 2332 1769 2373 sane
1809 2331 1945 2372 cum

297 2407 550 2465 inaniter
576 2406 930 2481 pervenitur:
958 2405 1225 2479 quamvis
1244 2405 1461 2461 dixisse
1479 2405 1767 2462 Dominus
1789 2421 1947 2460 reco-

302 2497 490 2555 latur:
526 2498 654 2567 Qua
681 2495 871 2552 dicunt
894 2497 1084 2567 facile,
1132 2511 1252 2568 quce
1296 2503 1481 2550 autem
1520 2497 1736 2567 faciunt
1780 2495 1952 2550 nolite

301 2588 484 2658 facere
511 2586 723 2659 (Matth.
756 2601 915 2653 xxm,
937 2584 1013 2656 3);
1045 2582 1304 2656 Apostoli
1322 2587 1519 2638 tamen
1548 2582 1952 2655 exaggerando

306 2691 637 2732 sermonem
666 2674 807 2747 quid
855 2673 1047 2729 dicere
1100 2671 1347 2744 possint,
1398 2689 1515 2727 non
1565 2672 1677 2728 sibi
1710 2671 1956 2727 credunt

305 2765 529 2821 deesse.
565 2764 707 2833 Quid
726 2762 1004 2835 pradicas
1017 2760 1461 2833 nonfurandum,
1485 2760 1790 2833 spoliando
1817 2777 1956 2833 pau-

304 2859 495 2926 peres,
536 2857 605 2908 ut
625 2851 1019 2925 locupletatis,
1051 2852 1221 2922 pejus
1250 2850 1514 2906 omnium
1540 2851 1753 2922 furoris
1777 2851 1951 2919 (Rom.

304 2950 366 3010 ιι,
397 2941 514 3014 24).
547 2941 655 3010 Qui
677 2940 815 2997 dicis
832 2956 944 2996 non
971 2938 1355 2994 machandum
1402 2937 1521 2995 ullo
1568 2939 1762 3009 modo,
1794 2937 1955 2995 mille

174 3050 187 3057 ·
302 3030 496 3087 modis
525 3030 588 3087 in
617 3029 912 3086 actitando
940 3028 1110 3101 pejus
1132 3029 1426 3086 mactari:
1454 3027 1639 3101 (Ibid.,
1668 3026 1780 3101 22),
1799 3029 1952 3084 mul-

300 3119 547 3177 tinubus
576 3119 719 3175 dum
749 3134 981 3191 quoque
1007 3128 1121 3173 non
1150 3132 1279 3173 esse
1301 3116 1539 3174 vereris.
1573 3115 1723 3182 Quid
1751 3122 1947 3174 tamen

2048 1873 2413 1939 exercituum,
2444 1876 2501 1927 et
2526 1875 2705 1929 veniet
2731 1874 2803 1929 ad
2820 1875 3042 1933 domum
3088 1879 3253 1948 furis,
3284 1888 3341 1937 et
3360 1882 3437 1937 ad
3480 1883 3707 1940 domum

2041 1960 2290 2030 jurantis
2344 1962 2407 2016 in
2472 1963 2696 2018 nomine
2758 1979 2877 2019 meo
2935 1966 3294 2024 mendaciter.
3350 1972 3405 2025 et
3465 1986 3698 2030 commo-

2050 2049 2269 2105 rabitur
2290 2050 2353 2104 in
2406 2049 2582 2105 medio
2638 2050 2826 2107 domus
2880 2053 3018 2124 ejus,
3050 2057 3103 2110 et
3131 2062 3409 2114 consumet
3454 2075 3599 2128 eum,
3651 2071 3704 2121 et

2052 2137 2206 2207 ligna
2236 2139 2376 2210 ejus,
2406 2145 2458 2194 et
2484 2138 2692 2210 lapides
2720 2140 2839 2211 ejus
2867 2141 3050 2210 (Zach.
3092 2160 3147 2209 ν,
3178 2144 3232 2211 l,
3264 2147 3345 2219 4).
3378 2149 3595 2218 Audite,
3619 2151 3701 2208 ait

2052 2226 2226 2297 alius,
2259 2231 2326 2283 ut
2354 2226 2575 2284 ad‘alia
2611 2232 2929 2305 transeam,
2986 2230 3170 2288 audite
3225 2234 3324 2289 hoc
3376 2239 3701 2308 sacerdotes,

2050 2320 2104 2372 et
2130 2312 2413 2382 attendite,
2442 2312 2575 2386 quid
2602 2316 2751 2372 vobis
2769 2318 3050 2389 judicium
3076 2329 3172 2386 est,
3194 2325 3456 2393 quoniam
3476 2327 3703 2399 laqueus

2054 2406 2192 2479 facti
2236 2406 2367 2460 estis
2409 2406 2774 2476 speculationi
2802 2405 2942 2477 (Ose.
2973 2424 3031 2473 v,
3060 2409 3132 2476 1).
3179 2410 3288 2475 Qui
3338 2412 3583 2487 intelligi
3613 2415 3702 2471 lu-

2061 2492 2274 2561 cidius,
2304 2491 2447 2563 quid
2479 2509 2664 2563 praise
2694 2493 2958 2564 apertius
2997 2496 3227 2566 potest?
3268 2497 3704 2570 Speculatorem

2060 2582 2278 2654 quippe
2322 2595 2450 2635 esse
2475 2586 2741 2652 oportere
2770 2581 3125 2652 pontiﬁcem,
3159 2584 3259 2655 qui
3289 2585 3448 2655 dicit,
3481 2588 3703 2647 innuit:

2061 2669 2463 2742 Speculatorem
2491 2676 2544 2723 te
2566 2670 2747 2741 posui,
2779 2672 2861 2724 ait
2872 2671 3498 2745 Dominusexercituum,
3513 2678 3708 2738 domus

2060 2761 2229 2816 Israet
2258 2756 2474 2831 (Επειδὴ.
2500 2773 2583 2824 m,
2610 2758 2720 2828 17).
2754 2756 2917 2814 Unde
2943 2763 3001 2815 et
3027 2760 3337 2834 episcopus
3367 2761 3581 2833 Graece,
3604 2784 3706 2824 su-

2061 2847 2474 2922 perintendens
2485 2846 2638 2903 τοῦ
2650 2846 2868 2902 dicitur
2879 2847 3097 2906 Latine.
3108 2849 3215 2915 Qui
3236 2849 3286 2905 si
3304 2850 3413 2908 hoc
3425 2870 3593 2928 agere
3606 2860 3709 2914 aut

2062 2936 2268 3004 nescit,
2283 2940 2384 2992 aut
2399 2935 2659 3009 negligit,
2682 2936 2973 3008 aut,quod
2999 2940 3088 2994 est
3098 2937 3352 3012 gravius,
3371 2957 3486 2999 non
3495 2945 3707 3016 jussus

2060 3026 2383 3101 praesumit;
2414 3024 2661 3098 laqueus
2708 3025 3111 3098 speculationi,
3158 3027 3218 3085 id
3253 3032 3343 3086 est
3389 3031 3708 3108 episcopali

2062 3116 2274 3186 ordini,
2308 3118 2365 3172 et
2392 3131 2572 3172 causa
2596 3114 2943 3187 perditionis
2968 3116 3149 3173 dubio
3179 3116 3382 3190 procul
3431 3120 3705 3193 efﬁcitur,

301 3207 439 3265 inde
469 3206 788 3281 proveniat,
820 3223 936 3262 non
966 3218 1002 3263 a
1029 3222 1124 3261 me
1137 3205 1359 3262 discere
1379 3206 1571 3279 quivis
1598 3206 1946 3280 expostulat.
1979 3178 2024 3248 α
2061 3205 2315 3261 maxime
2345 3205 2394 3260 si
2428 3221 2542 3261 non
2574 3203 2818 3273 inscius,
2851 3204 2954 3261 sed
2986 3207 3259 3264 conscius
3296 3208 3357 3264 id
3411 3178 3705 3283 operatur:

298 3298 647 3372 Gregorium
706 3295 938 3352 audiat:
998 3297 1181 3353 Causa
1235 3294 1449 3367 inquit,
1518 3299 1705 3353 ruinae
1759 3297 1954 3368 papuli

300 3387 601 3447 sacerdotes
624 3385 767 3442 mali
788 3384 959 3458 (804).
989 3383 1100 3448 Qui
1127 3383 1354 3455 utique,
1402 3382 1513 3439 nisi
1546 3400 1646 3439 eos
1694 3388 1951 3440 contem-

303 3480 511 3536 nerant
533 3490 808 3544 canones,
839 3473 957 3529 imo
986 3472 1101 3529 nisi
1136 3471 1493 3545 prophetica,
1525 3470 1879 3544 evangelica,
1897 3476 1956 3527 et

305 3566 626 3642 apostolica
656 3580 762 3637 pro
794 3561 979 3619 nihilo
998 3563 1276 3617 ducerent
1298 3560 1472 3628 dicta,
1491 3557 1692 3616 nullus
1712 3559 1953 3616 saecula-

305 3659 464 3714 rium
493 3659 615 3712 tam
643 3669 714 3709 ea
740 3651 903 3726 parvi
946 3652 1185 3706 duceret
1237 3648 1495 3715 vesania,
1553 3648 1654 3704 sed
1687 3663 1892 3704 omnes
1922 3665 1957 3706 a

307 3747 479 3806 nobis
507 3749 631 3801 tam
659 3740 923 3799 studiose
955 3742 1248 3807 venerata,
1282 3737 1524 3794 omnino
1540 3742 1958 3810 cognoscerent

305 3834 653 3893 veneranda.
684 3831 1116 3887 Venerarentur
1142 3842 1278 3883 vero
1302 3843 1340 3882 a
1367 3826 1539 3883 nobis
1571 3831 1887 3900 utcunque,
1906 3829 1956 3886 si

307 3926 712 3998 diligerentur.
762 3918 1156 3992 Diligerentur
1204 3919 1422 3985 autem,
1454 3916 1506 3971 si
1536 3930 1652 3971 non
1705 3916 1807 3973 illa
1834 3921 1955 3974 tam

307 4014 533 4073 sancite
560 4010 1071 4068 fuissentaustere.
1091 4008 1218 4078 quae
1232 4002 1525 4062 contraria
1554 4009 1695 4061 sunt
1722 4004 1955 4063 libidini

307 4121 374 4162 ac
402 4101 647 4159 luxuriae
677 4096 1018 4165 maledicta,
1069 4095 1240 4167 cujus
1293 4092 1741 4151 detestationem
1782 4112 1955 4153 nemo

302 4193 617 4260 litteratus,
646 4186 878 4245 etiamsi
892 4185 1050 4253 velit,
1064 4183 1719 4257 permittiturignorare.
1739 4184 1956 4243 Omnes

303 4299 441 4339 vero
469 4289 598 4338 eam
630 4277 780 4351 (805)
811 4275 1025 4341 odisse,
1056 4273 1417 4346 voluptatem
1464 4288 1596 4329 vero
1643 4272 1832 4346 ipsius
1862 4274 1956 4330 di-

303 4371 506 4445 ligere,
538 4365 807 4442 quamvis
827 4364 1103 4439 gehennae
1116 4366 1392 4434 suspectu
1406 4361 1578 4417 multi
1588 4377 1720 4418 eam
1732 4378 1952 4433 cavere;

307 4476 375 4518 ac
406 4468 513 4533 per
534 4457 645 4514 hoc
674 4451 1071 4512 adversarium
1098 4450 1268 4506 nobis
1315 4462 1644 4505 sermonem
1690 4449 1953 4506 divinum

2058 3294 2155 3350 Ait
2184 3293 2340 3350 enim
2371 3293 2443 3348 de
2474 3291 2692 3348 talibus
2717 3292 3127 3364 Apostolorum
3144 3296 3496 3371 przecipuus:
3517 3300 3710 3357 Melius

2062 3383 2177 3438 illis
2204 3384 2387 3453 fuerat
2412 3390 2524 3437 non
2552 3394 2867 3451 cognoscere
2895 3384 3041 3438 viam
3069 3385 3335 3452 veritatis,
3386 3402 3553 3458 quam
3591 3393 3711 3460 post

2061 3471 2426 3542 cognitionem
2453 3472 2755 3524 retrorsum
2781 3472 3024 3525 converti
3050 3469 3119 3525 ab
3147 3486 3228 3541 eo,
3260 3473 3401 3545 quod
3445 3475 3712 3531 traditum

2063 3563 2145 3616 est
2172 3559 2307 3625 illis,
2339 3559 2526 3612 sancto
2549 3554 2808 3611 mandato
2837 3557 2910 3628 (ιι
2933 3559 3085 3612 Petr.
3108 3574 3172 3626 ιι,
3202 3560 3316 3632 2i).
3334 3562 3499 3625 Quod
3530 3551 3714 3635 stipu-

2065 3646 2195 3701 lans
2221 3661 2348 3718 ego,
2379 3642 2710 3699 visceratim
2742 3643 2906 3714 (quid
2936 3643 3035 3699 alii
3062 3644 3132 3701 de
3162 3658 3224 3702 se
3263 3649 3538 3719 sentiant,
3581 3649 3712 3706 illo-

2066 3750 2197 3791 rum
2228 3734 2509 3790 interesse
2531 3730 2858 3801 dimittens)
2874 3749 3008 3789 cum
3040 3749 3129 3805 eo,
3153 3735 3254 3808 qui
3284 3739 3417 3793 ante
3448 3753 3541 3795 me
3557 3737 3712 3797 idem

2066 3821 2446 3896 deprompsit,
2477 3819 2766 3877 exclamo:
2805 3821 3018 3879 Utinam
3040 3839 3151 3881 non
3159 3824 3386 3895 fuissem
3404 3829 3493 3884 vir
3508 3818 3713 3887 habens

2063 3914 2340 3986 spiritum,
2370 3927 2471 3968 nec
2516 3909 2587 3966 ad
2638 3925 2728 3965 me
2753 3912 2929 3969 sermo
2974 3915 3154 3985 factus
3202 3912 3398 3987 fuisset
3450 3914 3672 3976 Βοωῖηί
3688 3918 3706 3976 Ἰ

2062 4003 2239 4074 (Mich.
2276 4018 2334 4071 ιι,
2370 4002 2481 4070 ll.)
2511 3999 2659 4066 Quid
2690 3999 2847 4057 enim
2876 4002 3183 4077 mibi(806)
3205 4010 3476 4081 corrupte
3496 4007 3712 4067 viventi

2064 4107 2258 4150 sermo
2288 4089 2540 4158 Domini,
2572 4088 2685 4145 nisi
2716 4091 3037 4165 perspicuas
3068 4096 3271 4151 contra
3310 4094 3478 4152 illum
3527 4096 3713 4154 rebel-

2064 4181 2241 4239 lionis
2271 4179 2579 4248 indicium,
2613 4182 2671 4235 et
2701 4180 3046 4252 perditionis
3075 4186 3165 4240 est
3202 4178 3476 4240 cumulus
3524 4183 3715 4241 mese?

2063 4272 2210 4328 Cum
2241 4270 2398 4327 enim
2429 4268 2526 4325 ille
2554 4267 2725 4325 bonis
2754 4270 3014 4342 praemia,
3048 4287 3083 4326 a
3102 4270 3258 4327 malo
3286 4288 3422 4327 vero
3442 4274 3715 4329 receden-

2063 4360 2224 4418 tibus
2251 4358 2482 4414 veniam
2514 4357 2837 4429 promittat,
2870 4358 3167 4414 neminem
3186 4358 3423 4431 decipit,
3438 4358 3714 4415 omnibus

2064 4447 2241 4502 dicit:
2270 4446 2446 4501 Filius
2494 4445 2734 4500 hominis
2786 4454 3049 4501 venturus
3076 4449 3153 4501 est
3210 4447 3271 4501 in
3296 4446 3482 4517 gloria
3531 4448 3716 4502 Patris

306 4547 370 4605 in
397 4532 493 4604 via
538 4542 841 4619 praestitis
888 4538 1191 4612 temporis,
1250 4534 1479 4594 Christo
1534 4538 1806 4607 testante,
1856 4555 1956 4594 ex-
1986 4543 2035 4609 1)
2063 4537 2154 4592 sui
2180 4551 2306 4590 cum
2333 4534 2690 4603 angelissuis,
2715 4540 2766 4587 et
2778 4535 2909 4588 tunc
2933 4532 3717 4619 reddetunicuicuiquesecun-

306 4635 536 4693 sistere.

380 4766 530 4851 (803)
588 4772 910 4851 Construe:
970 4772 1156 4851 Itaque
1202 4776 1263 4826 ut
1281 4767 1565 4851 judicetur
1609 4782 1719 4824 non
1743 4767 1954 4851 incon-

308 4838 524 4923 gruum
543 4848 628 4904 uti
666 4847 786 4923 h_ic_
811 4838 1079 4923 exemplo:
1114 4841 1232 4923 hoc.
1356 4840 1646 4923 saeculares
1696 4838 1958 4923 vidissent

305 4911 421 4979 non
586 4917 786 4990 ergisci
838 4914 910 4973 ad
956 4911 1111 4971 tanta
1166 4914 1409 4969 tonitrua
1459 4911 1639 4967 divini
1707 4913 1955 4980 terroris,

309 5006 441 5058 quae
467 4936 629 5048 ἰῗςῗῖἰε
676 4988 922 5058 depinxi.
982 5000 1107 5058 quae
1134 5000 1245 5041 non
1291 4998 1580 5058 possumus
1633 4998 1960 5058 negarenos

331 5006 441 5067 {use
467 5005 629 5048 isthic
676 5005 922 5072 aepmm.
982 5005 1107 5058 quae
1134 5005 1245 5041 non
1291 5005 1579 5068 possumus
1633 5005 1958 5066 negaremus

331 5069 544 5135 egentes
563 5059 890 5133 intelligere,
934 5063 1226 5130 utcumque
1268 5054 1633 5111 nihilominus
1663 5058 1716 5110 et
1764 5054 1850 5110 tllt
1881 5058 1958 5110 ιι-

481 5153 542 5190 ιι.

311 5140 669 5281 Hic
720 5206 912 5259 textus
963 5198 1119 5256 Oseze
1152 5194 1640 5281 “est‘ex.ant.iqua
1680 5195 1960 5281 ‘versione

312 5266 438 5351 cap.
471 5266 528 5344 ν,
558 5286 615 5358 v:
650 5277 701 5344 1,
735 5288 909 5361 quem
960 5286 1094 5355 cum
1151 5268 1460 5361 Batberips
1478 5266 1557 5361 1ὶιι
1600 5266 1960 5361 vulgata‘in-

313 5334 725 5423 tefpretatip‘n'e
751 5334 898 5423 ﬁnon
956 5339 1258 5423 invenerit,
1308 5338 1421 5423 sed
1475 5334 1961 5423 leg‘eritlantum

310 5406 466 5495 ipsa
495 5408 932 5495 SLeiegpgium
954 5406 1453 5495 inpommentario
1480 5406 1669 5495 in'lib.
1680 5407 1717 5495 n1
1734 5406 1962 5495 uagum

312 5478 367 5549 cf
385 5509 449 5563 ιι,
467 5489 632 5563 v.23,
659 5478 761 5544 ubi
766 5488 934 5563 _Qseze_
943 5485 1183 5559 quidem
1197 5481 1500 5563 asseritur,
1523 5478 1660 5563 hinc
1679 5479 1739 5535 S.
1755 5478 1965 5563 Grego-

313 5550 470 5633 rium
502 5550 747 5633 allegat.
766 5557 893 5633 Non
918 5550 1261 5633 ignoramus
1290 5550 1716 5633 inter-eruditos
1738 5550 1965 5633 opstre-

314 5624 460 5714 verti
488 5621 651 5714 nun?
665 5630 866 5714 auctor:
881 5621 1023 5714 31738
1052 5621 1466 5714 qommﬁtlistii
1510 5621 1735 5714 83-131
1749 5622 1962 5714 612935"

312 5706 467 5785 rtus;
501 5694 903 5783 at,unun
918 5693 991 5765 id
1021 5696 1131 5775 est,
1178 5693 1442 5762 Rutheni
1489 5693 1670 5754 codex
1705 5693 1961 5774 profecto

2063 4623 2195 4679 dum
2222 4638 2385 4695 opera
2438 4624 2563 4695 ejus
2621 4618 2833 4694 (Matth.
2881 4636 2997 4688 XVI,
3057 4621 3169 4694 27).
3222 4616 3426 4690 [Quem
3475 4624 3713 4682 secutus

2135 4763 2397 4848 gregorii
2427 4779 2641 4848 nomen
2673 4762 3033 4848 praeferebat.

2133 4835 2286 4964 (805)
2316 4836 2399 4892 An
2423 4835 2517 4919 .hic
2545 4835 2689 4919 deest
2729 4835 2997 4919 quoddam
3043 4837 3287 4922 verbum“,
3335 4837 3504 4923 quod.
3527 4853 3716 4923 regere

2165 4918 2251 4964 eat
2280 4908 2589 4964 omnzazlla
2619 4907 2831 4964 inﬁniti
2878 4916 3137 4964 temporis
3184 4911 3398 4964 odisse.
3447 4910 3711 4964 diligere.

2065 4907 2251 4966 debeat
2271 4907 2467 4965 omnia
2489 4908 2589 4963 illa
2619 4907 2834 4989 inﬁniti
2878 4911 3137 4991 temporis
3184 4907 3398 4980 odisse,
3447 4907 3711 4984 diligere,

2067 4980 2308 5065 cavere?
2342 4985 2448 5065 etc.
2482 4980 2639 5051 Infra
2666 4978 2937 5065 edidimus
2966 4978 3168 5065 libros,
3201 4983 3444 5065 abiero}
3473 4981 3709 5065 liberos.

2067 5052 2189 5138 Mos:
2218 5051 2521 5138 sciendum
2554 5067 2622 5138 ex
2651 5065 2726 5138 eo
2750 5051 2939 5138 quod,
2949 5068 3055 5138 quo
3085 5053 3197 5136 loco
3224 5053 3484 5138 {lcherius

2067 5132 2186 5251 rﬁt,t
2210 5122 2513 5179 sciendum
2543 5137 2677 5177 vero
2708 5122 2886 5192 quod.
2920 5122 3005 5179 Ita
3032 5124 3390 5181 novissimus
3419 5123 3716 5199 Spicilegii

2069 5212 2099 5251 e
2144 5213 2160 5249 ι
2190 5212 2274 5251 or.

2069 5212 2288 5348 Θαξέᾎὲ)
2346 5264 2621 5321 Mendose
2652 5262 2711 5318 in
2740 5262 2996 5348 vulgatis
3050 5269 3176 5338 apte
3228 5265 3471 5323 viventi:
3521 5281 3714 5340 neque

2071 5354 2226 5394 enim
2257 5339 2399 5394 ante.
2433 5336 2533 5392 sed
2562 5335 2709 5391 male
2734 5343 2940 5391 viventi
2971 5353 3163 5394 sermo
3193 5337 3426 5394 Domini
3453 5343 3543 5394 est
3571 5338 3714 5393 indi-

2071 5343 2226 5394 enim
2257 5343 2399 5408 apte,
2433 5343 2533 5392 sed
2562 5343 2709 5391 male
2734 5343 2943 5391 viventi
2971 5353 3163 5394 sermo
3193 5343 3426 5395 Domini
3453 5343 3543 5395 est
3571 5343 3717 5393 indi-

2071 5406 2228 5492 cium
2258 5405 2943 5492 re‘bellionisnperspicuaa
2973 5414 3180 5492 contra
3194 5408 3487 5492 ‘Deum,'et
3515 5423 3717 5492 eumu-

2070 5479 2167 5536 lus
2194 5477 2556 5552 perditionis.
2585 5477 2734 5542 Quid
2760 5477 2963 5535 autem
2994 5477 3475 5538 substituendnm
3505 5480 3582 5537 sit
3650 5494 3715 5534 ro

2070 5555 2219 5637 apte,
2248 5553 2315 5606 ut
2343 5547 2706 5637 signiﬁcetur
2730 5549 2897 5618 male,
2929 5554 2986 5606 S.
3018 5552 3265 5637 Zenonis
3297 5556 3508 5637 textus
3538 5497 3714 5637 aga-

2070 5618 2260 5679 tberio
2289 5618 2464 5677 antea
2490 5618 2784 5703 laudatus,
2830 5632 3083 5703 corrupte
3125 5624 3449 5701 viventium,
3500 5634 3715 5699 oppor-

2072 5697 2216 5759 tune
2244 5694 2560 5775 suggessit.
