4094 6180
415 226 531 293 545
1012 206 1013 209 ‘
1332 199 2001 287 amnesamnes.
2047 191 2342 265 vanos.
2386 188 2559 260 OPP.
2607 193 2807 259 PARS
2849 189 2903 256 ι.
3160 268 3167 271 λ
3675 188 3782 257 me

413 357 724 435 Apostolus
751 351 867 409 ait:
903 348 1103 408 Omnes
1126 349 1275 404 enim
1303 344 1606 435 astabimus
1641 343 1769 399 ante
1814 336 2062 435 tribunal
2089 339 2145 408 Α
2173 352 2490 408 ναιίοηεῃιε
2525 353 2581 404 ει
2599 348 2699 420 qui
2725 346 2877 403 bona
2901 347 3164 417 egerunt,
3187 342 3344 435 ibunt
3361 342 3424 400 in
3438 343 3611 400 vitam
3638 352 3786 401 ωεεν.

418 428 639 516 Christi,
668 451 730 501 ut
758 442 963 514 referat
991 438 1363 511 unusquisque
1385 432 1615 505 propria
1632 428 1874 500 corporis
1897 429 2064 516 prout

414 535 597 610 gessit,
625 513 739 591 sive
766 533 986 599 bonum,
1009 531 1119 585 sive
1148 527 1360 582 malum
1406 524 1580 594 (Rom.
1612 537 1730 586 xxv,
1778 516 1891 588 40).
1924 513 2061 610 Qui-

415 602 550 682 dam
578 636 813 697 quoque
845 636 949 677 nec
979 618 1179 675 minus
1233 629 1386 682 vere,
1445 612 1615 682 cujus
1663 613 1860 664 tamen
1909 602 2065 697 dicta

411 691 780 770 Veron-enses
811 710 959 782 (807)
991 702 1317 763 Cleronomi
1345 700 1551 758 nolunt
1572 700 1806 754 cantare
1831 710 1844 749 :
1869 691 1946 748 Ad
1971 708 2063 746 cu-

410 797 502 866 ius
530 802 843 869 adventum,
875 795 1089 872 inquit,
1147 808 1330 851 omnes
1378 803 1658 858 resurgere
1698 784 1901 840 habent
1936 795 2065 835 cum

406 891 727 965 corporibus
755 890 893 957 suis,
925 890 977 943 et
1018 884 1289 941 reddituri
1343 887 1472 937 sunt
1497 879 1562 936 de
1614 877 1776 948 factis
1815 877 2062 947 propriis

484 1033 634 1106 (807)
664 1029 1015 1106 Cteronomia
1042 1024 1338 1106 significat1
1364 1021 1675 1106 coll_egium
1716 1018 2059 1106 clericorum

412 1095 517 1163 seu
574 1095 1018 1166 monachorum,
1072 1095 1411 1169 q'uiwlaudes
1460 1096 1866 1169 p_eo_ca_nun.t.
1922 1097 2062 1148 Acta

414 1181 756 1233 sanctorum
787 1171 923 1229 Maii
952 1163 1110 1227 tom."
1128 1168 1223 1235 VI,
1255 1183 1389 1239 pag.
1419 1166 1546 1239 753,
1581 1164 1652 1220 de
1683 1165 1740 1220 S.
1793 1163 2059 1239 Cerauno

414 1248 539 1305 haec
566 1246 825 1302 habent:
873 1245 963 1300 Vir
1018 1235 1275 1310 namque
1307 1235 1751 1310 apostolicus...”
1803 1235 2062 1310 Abbatem

412 1319 601 1387 simul,
635 1324 685 1373 et
710 1316 999 1388 pulchram
1044 1308 1392 1388 cteronomiae
1436 1309 1750 1388 seriemqu...
1796 1308 2056 1388 instituit.

414 1390 561 1446 Hinc
587 1376 886 1444 cleronomi
914 1385 1066 1440 idem
1098 1385 1236 1438 sunt
1266 1385 1443 1452 atque
1463 1376 2060 1452 canonici_caet_erique

415 1460 633 1525 clerici,
666 1459 765 1531 qui
795 1458 856 1512 in
887 1455 1063 1511 choro
1093 1449 1394 1531 canebant.
1429 1452 1624 1531 Nomos
1653 1449 1809 1505 enim
1840 1449 1902 1504 in
1927 1449 2059 1531 uiu-

420 1532 561 1588 sicis
592 1520 746 1586 idem
776 1532 869 1584 est
897 1543 965 1583 ac
996 1524 1285 1581 cantilena
1341 1528 1498 1578 certa
1542 1520 1668 1593 lege
1716 1522 2057 1593 composita.

410 1603 557 1659 Vide
614 1598 969 1657 Salmasium
1000 1596 1060 1651 in
1086 1594 1345 1651 Suetonii
1398 1594 1575 1649 verba
1628 1593 1839 1648 Neron.
1873 1609 1921 1648 c.
1967 1596 2058 1650 20.

411 1676 519 1732 Nec
549 1677 678 1729 ante
701 1675 926 1728 cantare
953 1668 1178 1736 destitit,
1211 1682 1377 1738 quam
1403 1665 1720 1738 inchoatum
1762 1664 2073 1738 absolveret

410 1710 800 1808 m.w0vuaz
832 1744 1026 1797 autem
1057 1711 1191 1793 moi:
1211 1710 1556 1808 1referuntur
1583 1735 1756 1790 verba
1784 1735 1864 1790 Ad
1910 1736 2065 1808 cujus
2092 1710 2142 1777 Β

412 1805 725 1881 adventum,
756 1818 892 1879 etc.,
923 1813 1065 1867 sunt
1088 1825 1156 1865 ex
1202 1805 1470 1881 symbolo
1519 1807 1849 1881 Quicunque
1860 1805 2062 1881 _vu_lgo

414 1888 568 1946 dicto
592 1886 653 1943 S.
705 1876 1033 1949 Athanasii,
1086 1876 1255 1953 quod
1296 1878 1661 1934 Veronenses
1716 1876 2066 1943 cardinales,

2174 457 2349 506 nam;
2377 439 2475 512 qui
2503 453 2640 494 vero
2665 437 2850 504 mata,
2882 436 2945 490 in
2962 434 3150 504 ignem
3162 425 3457 490 aeternum.
3490 432 3628 505 (808)
3646 433 3787 490 Sub-

2172 529 2384 594 veniat,
2418 527 2521 583 sed
2550 525 2900 598 rogandum,
2935 527 3075 578 tunc
3106 520 3192 577 illi
3234 520 3515 586 Christus,
3562 520 3655 593 qui
3682 521 3787 578 illic

2173 621 2364 692 potest
2390 614 2605 673 vereri:
2639 620 2723 671 De
2748 629 2852 669 ore
2898 620 2998 670 tuo
3028 617 3085 667 et
3126 609 3355 683 scriptis
3406 608 3523 665 tuis
3548 618 3598 665 te
3606 610 3790 680 judico

2168 722 2331 764 serve
2356 721 2610 779 nequam
2642 706 2798 777 (Luc.
2830 719 2945 772 xix,
2976 701 3090 771 21),
3117 699 3410 768 audire,et
3436 698 3507 754 ad
3538 714 3596 754 se
3614 697 3791 771 ipsum

2170 795 2363 868 talpae,
2397 795 2469 851 ad
2502 798 2740 851 caeteros
2770 806 3113 865 caprearum
3145 805 3318 845 usum
3360 787 3491 844 visu
3535 786 3657 844 incr
3671 804 3804 861 epar

2168 884 2373 942 fuisse.
2401 886 2610 940 Amen.

2171 1045 2274 1084 seu
2306 1026 2571 1084 canonici
2621 1029 2832 1082 nostris
2890 1019 3533 1095 cathedralisqecclesiaa
3580 1019 3792 1095 publice

2169 1098 2447 1155 nolebant
2475 1114 2702 1162 canere,
2734 1102 2800 1153 ut
2828 1097 2984 1152 idem
3036 1092 3346 1152 Ratherius
3397 1092 3714 1166 expressius
3740 1092 3794 1149 in

2167 1171 2491 1228 Itinerario
2519 1169 2780 1225 tradidit.
2812 1168 3022 1224 Confer
3050 1166 3269 1222 ibidem
3300 1167 3420 1220 not.

2243 1242 2391 1313 (808)
2422 1242 2740 1313 Construe:
2770 1240 2889 1296 Sed
2914 1237 3259 1313 rogandum,
3290 1234 3646 1313 utatur-inus
3675 1244 3796 1313 tum:

2173 1306 2474 1369 subveniat
2492 1312 2604 1379 illi,
2630 1313 2733 1384 qui
2755 1317 2938 1384 potest
2950 1306 3140 1366 vereri
3156 1309 3302 1377 illic,
3318 1307 3376 1363 id
3402 1311 3493 1384 est
3520 1307 3578 1384 i_n
3591 1306 3799 1384 judicio

2169 1384 2510 1451 novissimo,
2565 1378 2804 1439 audire:
2860 1382 2936 1438 De
2959 1398 3063 1437 ore
3113 1389 3213 1437 tuo
3254 1390 3310 1437 et
3336 1378 3574 1451 scriptis
3600 1378 3722 1434 tuis
3748 1386 3797 1435 te

2155 1456 2387 1528 judico,
2400 1450 2559 1528 serve
2574 1470 2817 1528 nequam
2832 1472 2850 1509 :
2863 1462 2921 1528 et
2927 1456 3111 1528 potest
3124 1452 3320 1528 vereri
3331 1450 3623 1528 increpari
3626 1465 3796 1515 ,usum

2171 1521 2346 1597 (male
2374 1521 2435 1581 in
2453 1521 2704 1599 vulgatis
2720 1525 2879 1597 usus)
2890 1521 3072 1596 fuisse
3082 1524 3202 1580 visu
3225 1530 3286 1578 ta
3297 1521 3407 1590 (pce
3421 1521 3504 1577 ad
3529 1537 3589 1599 se
3603 1522 3792 1599 ipsum,

2170 1591 2293 1653 visu
2320 1591 2673 1667 caprearum
2718 1598 2800 1654 ad
2841 1591 3094 1662 eceterae,
3141 1599 3353 1667 Amen;
3409 1593 3563 1667 quod
3593 1591 3795 1648 scilicet

2172 1664 2399 1746 in_suis
2419 1669 2648 1746 actibus
2671 1667 3066 1746 dijudicandis
3098 1682 3286 1722 oecus
3316 1664 3492 1720 fuerit
3535 1668 3794 1746 tanquam

2174 1738 2356 1866 ιῗὲᾳῦ
2387 1756 2526 1866 erg:
2555 1739 2700 1796 alios
2724 1738 2859 1798 vero
2885 1738 3237 1796 acerrimum
3253 1751 3595 1811 caprearum
3624 1738 3798 1791 visum

2177 1828 2210 1866 a
2299 1828 2311 1865 ι
2361 1827 2484 1866 ueri
2519 1852 2531 1865 .

2177 1811 2531 1867 adhibuerit.

897 2148 1067 2203 '“
1125 2155 1336 2284 DE
1428 2149 2441 2290 CONTEMPTU
2537 2154 3335 2347 CANONUM

1671 2389 1937 2478 PARS
1997 2390 2559 2481 SECUNDA.

1925 2568 2329 2582 __

490 2672 564 2732 Ut
591 2671 887 2748 prioribus
919 2683 1063 2727 sane
1091 2665 1417 2740 posteriora
1459 2666 1851 2738 respondeant
1896 2668 2067 2739 (809),

2179 2669 2397 2726 burens
2427 2670 2570 2726 adeo
2596 2667 2915 2735 lasciviam,
2951 2671 3016 2723 ut
3044 2683 3181 2724 cum
3212 2683 3366 2739 opus
3414 2665 3603 2734 fuerit,
3651 2676 3800 2719 nemo

417 2762 649 2821 lectoris
707 2760 804 2817 hic
855 2759 1119 2815 advertat
1166 2754 1494 2828 perpensio,
1555 2753 1721 2811 nulla
1776 2770 1870 2811 me
1928 2771 2070 2812 mere
2180 2757 2298 2814 fere
2326 2758 2572 2814 inveniri
2593 2755 3217 2831 possitadeligendum
3240 2755 3510 2823 idoneus,
3527 2749 3797 2823 nemo,qui

419 2847 814 2916 admirationi,
842 2863 909 2903 ac
938 2843 1391 2902 studiosissimus
1406 2841 1767 2915 indagationi
1783 2842 1955 2898 aliam
1979 2844 2071 2898 in-

415 2940 614 2997 venire
643 2952 884 2995 causam
913 2933 1191 3006 quivisse,
1222 2931 1335 2986 nisi
1358 2931 1922 3003 pseudopontiﬁcum
1954 2931 2074 2988 cul-

418 3044 577 3103 pam,
610 3031 732 3083 tam
764 3022 1075 3101 generalis,
1109 3020 1255 3093 proh
1288 3019 1489 3076 dolor!
1525 3036 1816 3076 canonum
1850 3019 2071 3077 divino-

2178 2845 2448 2919 legaliter
2475 2845 2675 2917 electo,
2706 2845 2851 2918 proh
2882 2843 3073 2901 nefas!
3099 2860 3315 2900 manus
3347 2844 3622 2917 imponat,
3640 2838 3801 2896 omni-

2181 2935 2374 2991 modis
2403 2934 2639 3007 dignus.
2671 2937 2931 3006 Cumque
2960 2950 3023 2990 se
3052 2932 3137 2989 ita
3157 2949 3252 2989 res
3277 2932 3515 2999 habeat,
3560 2932 3632 3000 et,
3664 2925 3798 3003 quod

2181 3040 2435 3080 canones
2463 3023 2650 3079 sancti
2679 3022 2967 3096 praecipue
3005 3022 3398 3090 detestantur,
3432 3020 3529 3078 isti
3574 3016 3799 3075 maxime

419 3132 550 3173 rum
584 3116 993 3185 contemptus;
1023 3109 1217 3183 ipsam
1246 3124 1381 3165 vero
1411 3125 1590 3164 manu
1637 3109 1980 3181 peccatoris,
2013 3110 2071 3165 id
2182 3111 2646 3185 amplectantur;
2674 3112 2817 3168 dum
2850 3110 3061 3167 nolunt
3086 3109 3202 3167 ista
3223 3126 3450 3180 cavere,
3481 3112 3674 3167 caetera
3699 3120 3797 3161 non

421 3209 512 3264 est
538 3202 775 3272 diaboli,
804 3202 879 3259 ob
899 3198 1184 3274 superbia:
1199 3198 1538 3268 vindictam,
1561 3213 1665 3270 per
1693 3198 2068 3255 enervitatem
2101 3205 2144 3273 α
2183 3205 2458 3258 verentur
2483 3202 2631 3257 861
2666 3217 2768 3273 pro
2808 3199 2992 3256 nihilo
3041 3200 3273 3255 ducere.
3309 3199 3431 3256 Hoc
3477 3213 3667 3256 omnes
3708 3195 3797 3251 Ec-

421 3292 668 3351 luxurim
696 3293 1071 3356 commotam,
1105 3303 1236 3360 que
1265 3286 1324 3343 in
1366 3285 1583 3343 furoris
1629 3285 1732 3343 Dei
1771 3285 1906 3360 igne
1936 3302 2069 3344 suc-

422 3398 601 3440 censa
625 3379 791 3438 ardet
819 3376 991 3434 hodie
1032 3375 1093 3433 in
1142 3374 1356 3432 saeculo
1399 3376 1566 3445 (Deut
1604 3391 1780 3444 xxxii,
1810 3375 1926 3447 23),
1978 3392 2070 3431 ar-

421 3487 563 3530 sura
590 3484 779 3543 usque
803 3467 876 3524 ad
906 3465 1119 3523 inferni
1150 3464 1490 3532 novissima,
1511 3464 1795 3520 devorans
1828 3468 2066 3533 terram,

2179 3289 2367 3347 clesiae
2417 3288 2522 3346 filii
2579 3288 3060 3361 contemplantes,
3124 3288 3558 3362 parvipendunt
3600 3289 3654 3343 et
3701 3280 3798 3356 ipsi

2179 3380 2378 3436 omnia
2408 3396 2535 3453 quas
2564 3378 2625 3434 in
2657 3378 2975 3451 Scripturis
3005 3377 3403 3447 continentur,
3436 3373 3701 3449 exemplis
3728 3378 3797 3428 ta-

2178 3467 2323 3526 lium
2347 3466 2717 3525 solummodo
2770 3466 3106 3535 innitentes,
3156 3465 3478 3539 pietatique
3527 3464 3621 3520 Dei
3665 3461 3796 3518 ultra

420 3560 523 3618 ubi
553 3564 642 3616 est
670 3557 934 3632 plantata
956 3554 1126 3612 vinea
1160 3552 1393 3615 Domini
1443 3551 1709 3621 sabaoth,
1758 3568 1893 3609 cum
1941 3570 2069 3627 ger-

422 3651 583 3707 mine
610 3649 901 3705 bonorum
930 3659 1198 3717 operum,
1231 3658 1407 3715 quem
1451 3640 1513 3715 [ι.
1563 3642 1742 3714 quod]
1790 3642 2072 3699 debuerat

421 3739 592 3805 ferre;
622 3735 711 3793 vel
742 3737 897 3790 certe
922 3730 1238 3804 cujuslibet
1264 3729 1486 3798 miseri,
1520 3730 1662 3785 dum
1685 3730 1832 3787 illud
1849 3730 2073 3787 scilicet

421 3822 823 3884 comburendo
858 3819 1277 3892 temporaliter,
1308 3817 1660 3875 aiternaliter
1695 3822 1762 3873 ut
1805 3819 2070 3875 comburi

422 3931 559 3973 cum
584 3912 784 3969 anima
812 3925 931 3966 non
961 3911 1170 3975 cesset,
1203 3905 1318 3962 sibi
1356 3906 1647 3963 redditam
1696 3907 1759 3980 [f.
1793 3907 2069 3980 reditum]

423 4002 563 4059 facit
587 4017 601 4057 :
631 3998 721 4055 vel
752 4001 904 4053 certe
934 3999 1150 4052 terram
1183 4010 1316 4050 cum
1338 3994 1601 4068 germine
1618 3994 1875 4063 devorat,
1905 3996 2068 4067 dum,

420 4095 488 4147 ut
517 4088 671 4146 alius
713 4085 875 4154 dicit,
907 4084 980 4141 ad
1030 4082 1414 4157 perditionem
1462 4081 1661 4138 omnia
1711 4098 2071 4158 quascunque

421 4179 542 4253 egit
568 4177 723 4235 bona
751 4174 833 4231 ita
849 4166 1136 4249 perducit,
1164 4169 1389 4228 utuihil
1410 4169 1461 4226 ei
1483 4170 1689 4243 prosit,
1713 4171 1915 4243 siquid
1933 4172 2071 4229 boni

421 4265 739 4340 aliquando
766 4263 939 4331 fecit;
972 4261 1127 4335 quod
1140 4264 1335 4316 tamen
1364 4257 1550 4316 deilla
1568 4258 1792 4317 dictum
1808 4259 2072 4319 libidinis

421 4356 673 4413 arbitror
700 4350 1151 4429 perseverantia,
1198 4350 1268 4405 de
1316 4364 1435 4420 qua
1481 4347 1938 4420 Computruerunt
1975 4351 2065 4423 ju-

2250 4359 2306 4411 2.
2339 4357 2569 4422 Quaerat
2625 4359 2683 4412 et
2710 4354 2924 4428 aliquis
2974 4372 3079 4411 cur
3111 4372 3228 4429 pra:
3285 4354 3507 4412 caeteris
3553 4350 3798 4428 gentibus

417 4452 601 4502 menta
633 4446 694 4501 in
719 4450 953 4501 stercore
980 4456 1078 4497 suo
1107 4438 1246 4512 (Joet
1274 4454 1315 4505 ι,
1336 4436 1448 4508 17),
1466 4437 1805 4510 prophetica
1825 4454 2074 4513 conque-
2182 4445 2477 4518 baptismo
2509 4446 2748 4513 renatis,
2783 4448 3212 4518 contemptores
3242 4442 3529 4501 canonicis
3566 4438 3722 4512 legis,
3750 4438 3800 4491 et

420 4533 598 4590 rando
626 4533 839 4589 fatetur
881 4535 1035 4585 Deus
1088 4528 1215 4601 ipse
1260 4525 1513 4599 loquela.
1545 4527 1617 4582 Et
1667 4527 1977 4597 montium,
2012 4530 2070 4586 id
2107 4581 2147 4607 η
2181 4533 2563 4607 vilipensores
2595 4533 2937 4589 clericorum
2969 4534 3090 4589 sint
3119 4533 3308 4605 magis
3341 4531 3538 4589 Italici.
3589 4528 3699 4585 Hoc
3725 4524 3797 4579 fa-

419 4623 508 4676 est
531 4616 874 4693 praesulum,
904 4581 1293 4672 fundamenta
1312 4581 1691 4683 (beatum,
1723 4615 1835 4687 22),
1867 4615 1925 4672 id
1960 4581 2068 4685 est,
2101 4581 2148 4645 Β
2177 4581 3799 4694 ιθοιῗοαῐιξιινξυρἆίῐιζ

418 4707 549 4781 ipsa
575 4707 744 4764 initia
771 4704 1036 4762 discendi
1067 4703 1257 4777 legem
1287 4701 1388 4758 Dei
1418 4719 1522 4775 per
1549 4703 1886 4775 pestiferam
1918 4722 2074 4762 com-
2180 4712 2442 4769 nosiores
2472 4727 2571 4769 eos
2604 4711 2773 4784 (810),
2806 4715 2864 4767 et
2913 4711 3349 4785 pigmentorum
3394 4722 3654 4767 venerem
3699 4704 3795 4759 nu-

2180 3574 2359 3630 quam
2391 3557 2516 3630 ipse
2545 3555 2836 3630 promisit,
2863 3571 2993 3611 sese
3012 3555 3319 3611 credentes
3340 3573 3353 3624 ;
3368 3553 3653 3628 justitiam
3678 3564 3794 3606 vero

2179 3645 2339 3703 illius
2368 3652 2500 3719 post
2529 3645 3088 3716 dorsum’ponentes,
3106 3643 3357 3716 ideoque
3378 3645 3502 3699 sine
3514 3639 3795 3699 formidine

2180 3735 2305 3790 suis
2320 3734 2740 3807 voluptatibus,
2761 3738 2819 3790 et
2838 3731 3157 3788 mortiferis
3176 3731 3580 3789 voluntatibus
3598 3727 3795 3804 passim

2181 3822 2516 3878 deserviunt
2547 3837 2772 3878 omnes.
2802 3825 2924 3877 Dur
2958 3837 3093 3877 vero
3123 3820 3214 3876 lex
3260 3820 3651 3878 ecclesiastica
3691 3822 3796 3873 tam

2181 3911 2586 3984 nullipendatu
2594 3928 2641 3979 r,
2669 3910 2764 3967 lex
2792 3910 3094 3966 mundana
3109 3905 3215 3966 cur
3225 3913 3350 3966 tam
3367 3910 3657 3976 timeatur,
3676 3902 3799 3962 levis

2172 3999 2486 4072 responsio
2515 4003 2633 4056 est:
2666 3999 2806 4072 quia
2828 3998 3100 4056 videlicet
3118 3998 3312 4072 magis
3324 4000 3533 4056 timent
3558 3995 3798 4054 homines

2183 4089 2451 4145 amittere
2480 4089 2813 4161 pecuniam,
2868 4105 3047 4160 quam
3097 4088 3340 4160 perdere
3384 4088 3655 4153 animam;
3684 4082 3799 4157 plus

2180 4183 2454 4234 verentur
2500 4194 2734 4251 pmnam
2787 4176 3191 4251 temporalem,
3247 4193 3429 4249 quam
3485 4177 3797 4250 perpetuam

2180 4250 2643 4324 damnationem.
2916 4250 2923 4251 ί
3122 4250 3136 4267 ’

490 4850 639 4923 (889)
667 4847 1009 4931 Construe:_
1036 4846 1271 4928 Lectoris
1319 4847 1611 4930 perpensio
1659 4846 1748 4929 hic
1797 4846 2066 4930 advertat,
2177 4853 2361 4980 ferre.
2382 4859 2444 4908 In
2460 4851 3083 4935 sequentibusaliquid
3106 4847 3795 4924 corruptumvelluxatum

490 4938 508 4978 ς
560 4936 673 4977 non
700 4932 936 4980 autvtsse
986 4931 1235 4971 ιηυϐηινθ
1277 4932 1401 4971 πιθα
1445 4916 1809 4974 ("imulth
1859 4934 1925 4974 ac
1950 4923 2067 4974 δια·
2201 4931 2338 4980 atet.
2370 4924 2483 4980 nisi
2515 4940 2600 4980 δια
2638 4924 2860 4980 nlaceat
2889 4924 3160 4980 suonlere
3192 4928 3365 4980 atque
3394 4922 3685 4980 corrigere:
3718 4913 3795 4970 vel

700 4920 936 5005 quivifse
980 4913 1812 5005 inveniremem—admirationi
1844 4934 1925 5005 ‘ac
1950 4913 2067 4974 stu-'-
2177 4913 2338 4993 latet,
2370 4924 2483 5005 nisi
2515 4913 2600 4981 sic
2638 4924 2860 5005 placeat
2889 4913 3160 5005 supplere
3192 4913 3685 5005 atq'ue_corrigere:
3712 4913 3795 5005 ρει

417 4987 745 5075 diosissimee
768 4988 1113 5075 indagationi
1140 4987 1325 5075 ultam.
1364 4987 1539 5043 aliam
1585 5004 1807 5075 causam
1836 4996 1948 5073 tam
1975 5007 2068 5060 ge-
2177 4987 2334 5075 certe
2362 4998 2539 5075 (cum
2558 4987 3573 5075 germine)_cujits'_libetmiserantur?
3589 4987 3794 5075 combu:

417 5064 649 5147 iteratis,
676 5060 817 5133 proh
840 5058 1021 5147 dator!
1055 5062 1402 5147 contemptus.
1418 5074 1691 5115 canonum
1728 5058 2065 5129 divinorum,

2177 5058 2539 5147 rendo‘illutt
2559 5058 2989 5147 temporalite'r
3006 5069 3153 5138 facit
3181 5067 3291 5124 sibi
3316 5058 3579 5147 reditum,
3597 5065 3679 5147 .ut

416 5136 531 5191 nisi
556 5129 778 5205 culpam
805 5129 1711 5257 pseudgontiﬁcumnipsamvero
1749 5142 2068 5189 commotam
2176 5148 2351 5195 cesset
2380 5139 2639 5195 comburi
2685 5129 3061 5195 'ceternaliter
3087 5155 3219 5197 cum
3267 5139 3497 5195 anima:
3522 5130 3610 5190 vel
3654 5130 3795 5186 certe

416 5223 589 5257 manu
617 5212 927 5257 metuam.
1043 5207 1123 5257 est
1167 5199 1393 5257 ἀιαὸοιι.
1421 5202 1487 5257 οὺ
1532 5202 1829 5257 vindictam
1877 5221 2066 5257 suner-
2176 5213 2407 5257 (lenner
2437 5216 2661 5257 terram
2676 5227 2807 5257 cum
2820 5213 3101 5257 nerminn-
3122 5212 3279 5257 dum-
3312 5215 3374 5257 ut
3386 5199 3795 5257 aliusdittidm

416 5223 589 5289 ῖιξαηιι
614 5199 927 5289 Ρὶεεαιρνίευ
1043 5199 1487 5289 ωγςάίαρίξιίνόὺ
1532 5202 1829 5289 vii-ﬁmum
1877 5221 2066 5287 super-
2176 5213 2423 5289 devoret
2437 5216 2661 5289 terram
2676 5227 2807 5289 cum
2820 5213 3111 5289 germine,
3122 5212 3280 5278 dum,
3312 5199 3795 5289 utaliusdicinttitfl

420 5279 550 5339 δίων·
579 5273 921 5357 σὸπιηιοιαηι»
955 5274 1212 5359 ,ἐπηπειηιι
1259 5277 1756 5359 Ρθνρηθινριᾳιεῃι
1776 5273 2065 5359 lugu—rica
2174 5283 2445 5350 perducit
2465 5283 2548 5339 ad
2558 5273 2936 5353 perditionem
2952 5273 3155 5341 omnia
3164 5273 3499 5358 quamcunque
3508 5275 3623 5350 egit
3642 5273 3791 5332 bona,

416 5363 543 5425 quae
570 5363 831 5405 succensa
852 5347 915 5401 in
942 5345 1070 5414 igne
1092 5345 1302 5425 furoris
1356 5344 1453 5425 lle:
1479 5345 1644 5425 ardet
1685 5347 1844 5425 hodie
1871 5349 1929 5402 in
1957 5363 2065 5405 ,ςῶ-
2175 5344 2264 5425 ut,
2296 5359 2409 5410 etc.

416 5406 560 5502 M0,
591 5434 791 5502 ανδίέτα
820 5406 1018 5502 ,³⁸δέΡῷ
1185 5416 1755 5502 ίηῖθνηίληοιζίδξίνηᾳ,
1800 5418 2066 5502 devorans
2180 5406 3308 5502 Pigmentumggeneratim‘pro
3348 5406 3788 5502 potioneﬂeiqi;

419 5477 622 5574 terram
652 5491 750 5546 ubi
773 5477 1027 5562 plantata
1056 5494 1134 5543 est
1176 5477 1340 5544 vinea
1383 5488 1606 5544 Domini
1646 5477 1889 5559 sabaoth,
1940 5505 2067 5546 cum
2172 5477 3787 5611 versi—svspecicbus—confejctailincpiimcntatapotioapud

419 5577 663 5613 aer-mune
692 5561 953 5613 bonorum
976 5575 1200 5613 onerum
1250 5575 1410 5613 auem
1438 5558 1573 5613 flet.
1606 5559 1768 5613 σαοάῖ
1806 5561 2066 5613 debuerat
2172 5569 2407 5613 patrum
2445 5567 2790 5613 Damianum
2826 5568 2925 5613 lih,
2966 5586 2999 5613 r,
3037 5567 3205 5613 cminL
3242 5570 3327 5613 ΗΔ
3358 5568 3417 5613 et
3434 5558 3583 5613 anud
3605 5553 3670 5613 Ul
3710 5547 3787 5613 ari

417 5565 663 5647 σθηηξηθ
692 5553 953 5635 bonorum
976 5575 1200 5644 ορθναηι
1250 5575 1410 5641 qum
1438 5558 1573 5642 [103.
1606 5559 1768 5641 quod]
1806 5553 2066 5625 debuerat
2170 5553 2428 5635 Petrumr
2442 5553 2794 5633 Damianum
2824 5568 2928 5633 lib.
2954 5553 3005 5645 ἱ,
3037 5553 3216 5652 epist:
3242 5570 3328 5642 11,
3358 5568 3417 5626 et
3434 5553 3583 5642 apud
3605 5553 3670 5616 U1

3980 4868 3988 4907 Ἰ

3985 4944 3988 4960 ι

3984 5088 3987 5119 Α

3985 5159 3987 5193 1

3985 5268 3988 5301 Α

3982 5332 3987 5363 1

3986 5452 3987 5471 l
