4060 6176
445 328 563 392 διει

1643 321 2018 387 ῐὶΑΤΗοΕΒῐΙ
2061 319 2309 384 EPISC.
2354 321 2646 385 VERON.

3733 320 3857 382 5η

443 479 592 536 cere,
626 459 811 522 urbis.
845 459 1053 520 Visum
1085 460 1176 518 est
1202 455 1661 535 perabsurdum,
1711 456 1797 515 uti
1827 460 1886 515 et
1912 467 2087 514 nemo
2112 456 2171 525 Α
2268 455 2339 513 45
2365 455 2466 513 Est
2525 455 2640 512 ista
2687 451 2781 512 hic
2832 451 3257 530 aliquantisper
3292 450 3561 512 morandi
3590 451 3860 512 rationa-

443 552 889 630 ignorabat,nisi
902 550 1379 610 stultissimimus
1390 548 1584 623 quivis
1595 544 2092 605 illorum.Nullius

442 645 578 702 istic
608 644 825 701 iterum
848 641 935 698 vel
967 656 1197 707 accuso,
1237 639 1325 696 vel
1355 655 1566 695 excuso
1596 637 1901 710 ingenium
1926 653 1940 691 :
1991 636 2090 691 de-

445 734 644 792 scendi
667 730 1050 803 tamea(906),
1066 729 1445 802 domumque,
1471 726 1912 784 formidolosam
1935 725 2087 792 licet,

444 822 672 896 repetii,
700 820 827 877 Non
854 836 1034 876 ausus
1062 818 1121 874 in
1154 833 1222 874 ea
1249 818 1348 873 diu
1383 816 1618 883 morari,
1654 816 1905 872 Gardam
1939 814 2088 885 (907)

445 927 683 986 pergere
700 909 965 965 inchoavi
988 926 1001 976 ;
1016 906 1328 964 consilium
1350 907 1449 961 sed
1464 904 1757 961 demutavi
1772 902 2092 959 reverentia

444 1018 573 1075 quae
604 998 950 1056 imminebat
978 995 1261 1069 paschali.
1296 993 1454 1065 Elegi
1488 994 1803 1066 quemdam
1837 990 2089 1047 civitatis

443 1089 754 1163 angelum;
804 1085 943 1159 petii
989 1084 1180 1157 ipsius
1211 1083 1290 1154 [id
1317 1090 1394 1138 est
1424 1081 1677 1152 comitis]
1709 1094 2086 1146 consensum,

445 1176 610 1233 dedit
635 1174 814 1231 etiam
843 1170 1150 1228 auxilium.
1184 1169 1493 1226 Construxi
1527 1167 1586 1221 in
1627 1184 1694 1224 eo
1723 1166 2035 1222 mdificium
2070 1181 2082 1219 :

445 1267 601 1322 804
631 1262 745 1318 fuit
770 1260 927 1317 illico
952 1262 1407 1315 concrematum.
1430 1257 1571 1321 Quis
1601 1272 1735 1313 vero
1765 1255 1981 1322 fecerit,
2000 1258 2090 1310 est

446 1371 483 1411 a
508 1350 669 1408 nullo
698 1349 1032 1424 quaesitum.
1066 1346 1336 1404 Bestruxi
1368 1344 1620 1413 melius;
1652 1361 1810 1411 sum,
1842 1359 1917 1398 ne
1936 1343 2089 1399 face-

446 1459 592 1508 rem,
632 1441 705 1498 ab
735 1456 803 1496 eo
833 1435 1185 1511 prohibitus.
1219 1436 1323 1491 Est
1350 1436 1562 1490 iterum
1593 1432 1920 1489 restruendi
1953 1432 2091 1488 data

443 1530 696 1600 licentia,
749 1525 1114 1602 prosperiore
1146 1523 1368 1582 scilicet
1398 1524 1523 1597 lyra
1552 1522 1723 1595 (908),
1757 1521 1963 1578 laudes
1992 1537 2088 1577 ca-

442 1623 619 1678 nente
638 1621 769 1692 post
782 1616 1013 1691 probra.
1034 1615 1385 1686 Suspectum
1411 1629 1505 1669 me
1533 1611 1828 1685 incipiunt
1847 1611 2088 1667 reddere

442 1708 601 1766 talia.
636 1706 950 1763 Meditatur
964 1702 1179 1759 iterum
1199 1702 1453 1758 Gardam
1470 1700 1783 1773 confugere
1799 1697 2088 1754 timiditas

443 1813 576 1854 mea
598 1814 612 1865 ;
643 1795 912 1867 interque
932 1791 1359 1858 meditandum,
1381 1790 1538 1845 venit
1560 1790 1813 1845 domnus
1829 1787 2089 1844 Joannes
2117 1826 2169 1894 Β

441 1886 744 1952 diaconus,
796 1881 952 1953 cepit
996 1894 1195 1936 coram
1241 1895 1334 1934 me
1385 1878 1737 1950 deplangere
1796 1875 2087 1949 porticum

443 1973 631 2032 sancti
662 1971 814 2029 Petri
844 1969 1031 2041 (909);
1065 1967 1221 2040 quod
1253 1966 1488 2022 ruinam
1520 1966 1723 2038 utique
1763 1964 2090 2021 minaretur

444 2062 559 2129 sui,
591 2058 706 2116 nisi
736 2056 1147 2115 subveniretur
1169 2055 1333 2111 ocius
1361 2053 1469 2110 illi.
1503 2054 1750 2111 Promisi
1781 2053 2085 2121 auxilium,

444 2149 602 2223 quod
614 2146 1019 2221 etimpendere
1036 2162 1147 2201 non
1172 2142 1679 2209 distuli.Ascendi,
1704 2140 2086 2208 consideravi,

443 2239 722 2297 humeros
751 2236 824 2292 ad
870 2233 1334 2291 succurrendum
1377 2232 1595 2305 paravi.
1642 2229 2088 2288 Praevalesoente

441 2326 731 2385 desiderio
751 2323 1019 2397 juvandi,
1051 2320 1326 2395 conspexi
1358 2320 1543 2376 multa
1574 2320 1766 2394 magis
1791 2319 1983 2375 inesse
2012 2319 2085 2373 ad

440 2415 875 2475 emendandum
907 2410 1256 2478 necessaria,
1286 2426 1412 2483 qua:
1442 2426 1558 2465 non
1590 2410 1822 2465 confido
1854 2407 2086 2481 impleri

441 2522 612 2580 posse
644 2504 707 2561 in
735 2502 855 2584 vita
886 2517 1035 2557 mea.
1068 2501 1193 2557 Non
1226 2499 1411 2555 habeo
1442 2500 1626 2555 fidum
1670 2498 1762 2555 cui
1794 2498 1903 2554 hoc
1928 2513 2088 2554 com-

442 2596 673 2654 mittam
720 2592 1061 2649 ministrum
1098 2607 1111 2646 :
1147 2587 1441 2661 siquidem
1472 2586 1659 2656 illum,
1693 2586 1786 2644 cui
1817 2602 1995 2643 unam
2016 2585 2086 2641 li-

440 2686 609 2743 bram
659 2680 884 2756 argenti
934 2697 1040 2753 pro
1070 2678 1342 2736 trabibus
1372 2677 1640 2755 emendis
1670 2675 2086 2732 commiseram

443 2790 595 2830 anno
609 2770 921 2846 praeterito,
952 2767 1289 2825 immaniter
1317 2765 1462 2823 mihi
1494 2765 1946 2822 indebausiasse
1964 2780 2090 2838 per-

442 2861 567 2935 cepi
595 2859 762 2932 (910).
804 2856 972 2915 Facio
1021 2874 1125 2930 pro
1168 2872 1261 2913 me
1290 2854 1417 2929 ipse
1447 2855 1603 2928 quod
1633 2870 1875 2927 possum
1904 2872 1918 2923 ;
1951 2869 2088 2909 cum

442 2951 702 3008 habuero
734 2948 952 3004 factum
976 2944 1143 3018 (9H),
1179 2948 1453 3013 revertar,
1487 2942 1537 3009 si
1564 2941 1854 3016 principis,
1885 2940 2088 2999 inimi—

444 3037 699 3108 cissime,
731 3035 885 3095 895
920 3034 1021 3108 qui
1052 3033 1384 3092 sollicitaris
1416 3032 1899 3101 exinde,domum
1926 3034 2023 3087 :tu
2036 3029 2087 3085 si

444 3129 585 3186 libet
614 3131 672 3185 et
699 3125 933 3201 quando
962 3124 1105 3181 libet
1133 3123 1289 3182 intra
1319 3123 1377 3179 in
1408 3126 1600 3188 tuum,
1634 3138 1749 3179 non
1784 3120 2085 3194 prohibeo,

447 3219 705 3277 furnum.

488 3362 625 3418 uam
643 3342 916 3418 egrigente
934 3356 1111 3418 sensu
1137 3338 1499 3418 indusimus,
1515 3352 1686 3418 nemo
1708 3333 2084 3418 improbabit.

488 3364 625 3402 nam
655 3364 916 3418 sugente
934 3364 1111 3397 sensu
1139 3364 1499 3405 muuxuuua,
1517 3364 1686 3393 ιιυωυ
1709 3364 2084 3408 ιιυμι-υυαυιιι.

446 3364 959 3482 Ἆωρδὶῐῇθειωω
972 3415 1167 3468 autem
1190 3411 1249 3465 in
1280 3408 1737 3482 ichnographica
1754 3405 1956 3482 tabula
1985 3423 2088 3462 au-

447 3478 542 3546 tea
558 3478 840 3561 laudata,
860 3486 918 3561 in
934 3478 1622 3561 quatheatrumvocatu—1:2
1648 3478 1833 3535 muris
1846 3478 2092 3561 circpm-

446 3561 705 3618 cinetum
754 3550 1082 3614 exhibe-tur.
1128 3554 1213 3609 lta
1262 3552 1417 3609 enim
1468 3550 1661 3608 medio
1700 3567 1816 3607 aevo
1847 3550 2093 3605 aediﬁcia

422 3629 791 3707 -hujusmodi
810 3629 886 3707 in
899 3626 1302 3707 munitionum
1316 3640 1491 3681 usum
1509 3623 1766 3707 converti
1806 3620 2090 3701 solebant,

445 3694 622 3760 nt'ex
670 3697 1117 3774 amphitheatris
1164 3697 1439 3774 Capuano
1469 3699 1663 3774 ‘atque
1703 3694 2092 3774 ljemausensi

445 3774 649 3847 liquet.
698 3764 843 3847 Yide
884 3768 1174 3847 (Cangium
1203 3764 1395 3847 verbo
1442 3764 1658 3822 Arerize.
1692 3764 2092 3847 .Hinc‘eomes

445 3834 633 3903 Bticco
664 3845 727 3901 ob
774 3834 1081 3898 custodiam
1125 3838 1301 3909 urbis,
1337 3853 1477 3909 (quae
1511 3835 1740 3909 magnis
1774 3834 1965 3890 turbis
1996 3850 2092 3888 ex-

446 3916 804 3990 agitabatur,
835 3912 895 3967 in
916 3913 1124 3990 Arenze
1136 3907 1463 3990 munitione
1475 3907 1776 3990 manebat;
1801 3922 1935 3961 cum
1953 3921 2096 3975 prae-

446 3977 650 4045 sertim
679 3977 864 4044 turbas
895 3999 1012 4057 non
1042 3980 1233 4057 solum
1265 3981 1469 4035 contra
1494 3977 1856 4057 Ratherium,
1889 3991 2092 4057 verum

446 4059 622 4117 etiam
667 4061 873 4114 contra
913 4054 1113 4125 ipsum
1140 4055 1467 4125 Buccpnem
1516 4046 1814 4125 comitem,
1842 4046 1951 4125 _qui
1978 4046 2097 4101 lla-

447 4116 633 4188 therio
676 4116 1234 4193 favebatfexcitataa
1283 4118 1585 4193 fuissent,_
1612 4118 1697 4173 uti
1745 4116 1995 4193 dicimus
2025 4132 2096 4171 ex

446 4203 617 4275 epist.
652 4199 722 4255 l2
746 4197 818 4254 ad
851 4188 1228 4275 Ambrosium
1251 4207 1416 4275 quam.
1440 4190 1474 4245 3
1494 4190 1664 4262 cujus
1686 4188 2092 4246 testimonium

452 4261 725 4329 dedimus
756 4263 933 4338 paulo
962 4266 1097 4338 ante
1126 4264 1250 4318 not.
1275 4261 1401 4316 899.

520 4342 669 4421 (906)
695 4328 1123 4421 Νεῖβεξιιξθνέιλε
1168 4348 1303 4421 ara
1336 4347 1513 4421 κείρει)
1546 4334 1619 4421 91
1641 4328 2093 4421 ξτξῖεξπξξίβέιεξξὲῖ

450 4399 612 4470 mitis
642 4399 699 4465 in
713 4405 932 4483 palatio
939 4404 1250 4483 habitaret,
1267 4399 2094 4483 quod-ejusmodicohabitatie

450 4472 815 4556 perabsurda
841 4477 1155 4556 videretur,
1185 4472 1553 4556 descendit'de
1574 4472 1815 4556 palatio,
1845 4472 2093 4556 quodin

449 4543 648 4610 incute
678 4552 857 4609 situm
887 4548 1166 4612 vidimus.
1198 4551 1254 4602 et
1277 4547 1499 4619 domum
1527 4543 1938 4619 episcopalem,
1966 4543 2098 4619 licet

446 4624 873 4697 formidolosam,
887 4613 1591 4697 repetiit.Formidolosam
1606 4613 1801 4697 autem
1817 4613 2093 4697 appellat,

449 4687 676 4771 quiain
694 4711 773 4771 ea
802 4687 974 4771 antea
1011 4688 1478 4771 _cap_tus_fuerat,
1515 4704 1582 4744 ac
1613 4687 1832 4744 ibidem
1855 4687 2097 4759 'degens

451 4759 660 4842 multis
686 4768 877 4842 fuerat
902 4759 1178 4842 periculis
1199 4759 1513 4842 obnoxius.
1651 4832 1663 4842 .
1846 4828 1885 4842 ν
2051 4826 2064 4839 ⁸

523 4840 671 4912 (907)
703 4829 1030 4912 Gardaerat
1049 4831 1521 4912 munitissimum
1544 4832 1806 4912 castrum
1829 4829 2099 4912 dimeesis

450 4900 828 4974 Veronensis,
858 4921 1041 4978 eoque
1071 4909 1265 4978 petere
1294 4902 1525 4960 volebat
1556 4900 1889 4971 Ratherius,
1922 4903 1987 4954 ut
2006 4903 2097 4954 tu-

456 4983 592 5041 tiori
626 4983 683 5037 in
708 4980 833 5036 loco
858 4981 1031 5034 esset.

523 5055 669 5127 (908)
684 5053 849 5109 Hunc
870 5049 1064 5104 locum
1086 5043 1488 5171 explicantilla
1507 5043 1764 5117 epistola:
1784 5042 1836 5099 Η
1858 5042 1928 5096 ad
1951 5041 2101 5097 Nan-

523 5142 663 5171 .nnm
699 5121 994 5171 mmitem.
1028 5117 1129 5171 aui
1201 5116 1404 5171 ucconi
1428 5119 1825 5171 successerat:
1853 5113 1950 5168 ubi
1986 5112 2099 5167 huc

452 5112 665 5183 nohem
699 5121 994 5188 comitem,
1028 5112 1404 5191 quibpcconi
1428 5112 1950 5191 successerat_;_ubi
1986 5112 2099 5167 huc

455 5195 777 5270 respiciens
810 5185 1014 5270 auctor
1043 5185 1251 5270 scribit
1289 5203 1453 5270 num.
1477 5189 1547 5241 3:
1594 5185 1944 5270 Tolerabilius
1970 5201 2101 5239 nam

452 5256 639 5341 fuerat
656 5272 891 5341 vestrum
921 5264 1001 5318 sic
1028 5263 1175 5341 ferre
1202 5258 1533 5341 dominium,
1550 5265 1628 5341 ut,
1653 5272 1813 5328 quem
1829 5256 2095 5341 timerem,

452 5326 701 5398 eumdem
728 5336 1015 5405 diligerem
1028 5326 1297 5405 ipsum,ut
1316 5333 1495 5405 facere
1511 5326 1896 5405 inchdaveram
1915 5326 2096 5405 illum,

454 5397 513 5467 id
545 5415 635 5467 est
681 5397 1028 5464 Buccbnem.
1049 5397 1145 5458 ’ἀι
1188 5397 1293 5476 quo
1316 5397 1465 5457 mihi
1493 5416 1790 5470 congruere
1821 5397 1961 5455 illud
1989 5398 2101 5469 feci

455 5483 806 5540 Nasonicum.

612 5562 810 5630 Probae
834 5559 1160 5630 Therapnaea
1190 5554 1282 5630 qui
1308 5554 1645 5630 dixeratante
1673 5552 1898 5630 maritae,

736 5625 859 5673 Mox
888 5612 1049 5686 cmpit
1093 5612 1281 5668 laudes
1319 5616 1655 5680 prosperiore
1682 5612 1813 5680 lyra.

459 5697 629 5755 Prius
659 5693 881 5751 scilicet
923 5682 1113 5747 Bucco
1163 5687 1436 5758 Ratherﬁio
1468 5687 1753 5758 infensus,
1787 5687 1989 5758 postea
2019 5682 2102 5758 ei-

461 5753 616 5839 dem,
651 5782 828 5840 quem
850 5764 967 5822 dux
995 5759 1211 5832 inclyta
1239 5757 1470 5816 comitis
1486 5753 2103 5815 tuitionicdmmenda-

2198 545 2337 603 hilis
2364 545 2591 601 occasio
2621 561 2741 600 una
2768 561 2838 601 ex
2867 549 2997 601 octo
3026 545 3344 618 (9i2).'l‘uzs
3361 560 3495 601 vero
3513 542 3862 617 malignita-

2199 635 2278 690 tis
2307 650 2380 689 ne
2411 632 2940 701 sileaturintentio,
2973 633 3254 691 maluisse
3273 637 3330 691 te
3349 633 3567 706 optime
3586 632 3733 698 scio,
3750 630 3861 687 tali

2200 724 2355 796 quod
2386 739 2651 779 versarer
2668 722 2727 779 in
2752 722 2899 791 loco,
2918 740 2987 779 ex
3006 740 3121 797 quo
3144 722 3400 780 inimicis
3412 738 3603 779 essem
3618 720 3863 778 adibitis

2200 813 2380 869 meis:
2408 828 2598 884 neque
2619 815 2673 868 te
2693 811 2886 869 dolere
2911 813 3066 886 quod
3088 814 3329 869 domum
3351 814 3686 884 suspectam
3714 809 3859 867 reli-

2199 901 2450 973 querim,
2474 901 2574 956 sed
2598 901 2752 973 quod
2778 918 2872 957 me
2891 902 2950 956 in
2973 901 3185 957 tutiore
3201 898 3536 968 locavcrim,
3566 903 3747 973 atque
3778 899 3861 955 ob

2199 989 2308 1046 hoc
2338 994 2393 1045 te
2422 990 2685 1047 excusari
2714 1007 2827 1046 non
2860 1007 3033 1063 posse
3084 992 3204 1047 tore
3233 990 3305 1046 de
3337 1006 3430 1046 me
3459 988 3856 1049 homicidam.

2197 1079 2467 1151 quamvis
2480 1078 2671 1135 adhuc
2683 1094 2875 1135 meam
2896 1083 3087 1136 servet
3114 1080 3214 1135 Dei
3244 1078 3611 1152 providentia
3644 1078 3857 1135 vitam.

2197 1169 2396 1241 Neque
2427 1185 2520 1224 me
2550 1167 2866 1225 credideris
2898 1170 3053 1240 quod
3086 1168 3347 1241 quotidie
3378 1184 3495 1224 non
3525 1167 3853 1224 interficias

2196 1256 2316 1312 tuis
2348 1255 2878 1313 machinationibus
2901 1258 3045 1330 ipse,
3070 1273 3409 1330 quanquam
3441 1273 3534 1313 me
3546 1256 3755 1313 nolens
3776 1256 3859 1312 vi-

2197 1345 2337 1401 deas
2347 1344 2555 1413 vivere,
2582 1346 2726 1400 dum
2748 1344 2917 1402 audis
2931 1345 3115 1402 Deum
3131 1343 3347 1401 scelere
3366 1346 3438 1402 de
3454 1343 3567 1401 alio
3589 1344 3813 1402 dixisse
3842 1363 3858 1401 :

2195 1436 2307 1504 Qui
2332 1434 2534 1491 viderit
2563 1435 2857 1490 mulierem
2908 1435 2979 1490 ad
3021 1434 3510 1507 concupiscendum
3538 1449 3683 1502 mm,
3732 1435 3861 1505 jam

2195 1525 2489 1579 mwchatas
2517 1530 2598 1579 est
2645 1539 2766 1579 eam
2794 1525 2855 1578 in
2884 1523 3045 1580 corde
3068 1538 3168 1580 suo
3198 1523 3407 1595 (Matth.
3455 1540 3512 1590 v,
3541 1524 3657 1591 28).
3718 1522 3858 1579 Hie-

2197 1628 2507 1686 ronymum
2536 1628 2802 1686 quoque:
2835 1615 2918 1669 Va:
2950 1613 3107 1669 nobis
3134 1614 3353 1669 miseris
3372 1612 3473 1685 qui
3483 1613 3699 1685 quoties
3720 1628 3857 1669 con-

2194 1702 2545 1774 cupiscimus,
2577 1702 2732 1757 toties
2760 1702 3127 1773 fornicamur.
3160 1705 3248 1757 Ita
3263 1702 3421 1757 enim
3443 1704 3502 1757 et
3528 1704 3594 1757 tu
3614 1704 3857 1773 poteras

2196 1790 2552 1847 dicere:st
2599 1790 2746 1846 mihi
2790 1790 3026 1862 misero,
3058 1790 3161 1863 qui
3194 1790 3425 1863 quoties
3477 1788 3575 1845 isti
3622 1790 3855 1862 captivo

2198 1866 2485 1936 moriendi
2516 1878 2816 1952 decipulas
2847 1880 3042 1947 tendo,
3074 1877 3246 1935 toties
3276 1894 3412 1935 eum
3426 1877 3659 1934 occido.
3694 1878 3857 1934 Men-

2196 1967 2293 2024 tiri
2323 1985 2416 2024 me
2447 1971 2676 2040 poteras
2706 1968 2915 2036 dicere,
2950 1968 2999 2024 si
3026 1968 3099 2025 de
3117 1968 3342 2025 minore
3365 1966 3537 2041 culpa
3557 1984 3680 2041 npn
3699 1966 3857 2042 lege-

2197 2062 2357 2114 retur
2400 2056 2652 2113 dilectus
2701 2056 2798 2113 ille
2840 2056 3066 2113 Christi
3096 2056 3353 2114 dixisse:
3385 2057 3578 2113 Omnis
3607 2057 3710 2130 qui
3738 2057 3856 2113 odit

2194 2149 2425 2218 fratrem
2452 2161 2634 2215 suum,
2658 2144 2717 2201 id
2739 2149 2847 2214 est,
2881 2145 3204 2218 quemlibet
3222 2144 3648 2212 Christianum,
3670 2145 3856 2205 homi-

2195 2237 2319 2293 cida
2347 2239 2426 2292 est
2452 2237 2502 2305 (ι
2528 2237 2687 2291 Joan.
2710 2251 2791 2303 ιη,
2825 2236 2936 2306 15).
2970 2236 3081 2291 Sed
3101 2234 3462 2303 vindicabor,
3483 2233 3853 2305 vindicabor,

2194 2325 2460 2398 inquam,
2486 2323 2812 2380 certissime
2843 2324 3093 2393 noveris,
3122 2322 3483 2392 vindicabor,
3506 2323 3645 2379 lilii
3665 2325 3855 2394 enim,

2196 2414 2277 2470 ait
2288 2412 2594 2480 Dominus,
2610 2412 3255 2485 vindictam,suhaudire
3265 2412 3857 2481 valeamus,reservo,

2195 2504 2338 2559 dum
2359 2518 2523 2559 reum
2552 2501 2642 2575 [f.,
2667 2502 2828 2573 eum]
2860 2500 3142 2575 ﬂagellari
3172 2500 3471 2574 permitto.
3494 2503 3628 2573 Ego,
3649 2503 3853 2557 tamen

2194 2591 2520 2661 retribuam,
2555 2590 2699 2646 dicit
2727 2590 3014 2647 Dominus
3035 2592 3211 2661 (Rom.
3243 2607 3344 2659 xu,
3376 2589 3488 2662 49).
3512 2589 3573 2646 Si
3595 2588 3757 2645 enim
3781 2590 3857 2646 de

2194 2679 2363 2738 nobis
2384 2679 2631 2736 cantitat
2662 2678 2932 2735 Psalmus
2958 2697 2970 2736 :
3009 2680 3070 2735 Si
3099 2683 3303 2746 autem,
3331 2678 3630 2752 inquiens,
3652 2679 3858 2735 dereli-

2194 2771 2412 2843 querint
2438 2769 2550 2840 ﬁlii
2577 2770 2694 2840 ejus
2724 2768 2898 2837 legem
2925 2785 3124 2838 meam,
3157 2773 3208 2825 et
3240 2770 3300 2824 in
3321 2767 3551 2840 judiciis
3576 2768 3718 2824 meis
3740 2784 3859 2823 non

2195 2859 2619 2915 ambulaverint.
2642 2857 2706 2913 Si
2724 2858 2976 2930 justitias
3006 2874 3153 2915 meas
3166 2857 3589 2931 pro/amaverim
3612 2861 3671 2913 et
3690 2874 3857 2913 man-

2195 2947 2326 3003 data
2346 2963 2470 3002 mea
2499 2962 2610 3003 non
2624 2946 2980 3003 custodierint
3002 2947 3268 3015 ;visitabo
3282 2947 3511 3017 invirga
3528 2946 3862 3017 iniquitates

2195 3052 2401 3103 eorum,
2431 3043 2484 3092 et
2510 3037 2571 3091 in
2590 3036 2906 3092 verberibus
2928 3043 3150 3108 peccata
3178 3052 3384 3093 eorum.
3413 3032 3855 3092 Misericordiae;

2197 3133 2381 3184 autem
2405 3141 2586 3183 meum
2616 3141 2727 3182 non
2757 3125 3070 3198 dispergam
3097 3125 3166 3182 ab
3193 3142 3279 3195 eo,
3308 3142 3481 3197 neque
3535 3125 3738 3182 nocebo
3789 3126 3861 3181 in

2198 3217 2433 3274 veritate
2460 3230 2583 3270 mea
2613 3215 2785 3285 (Psal.
2819 3231 3086 3285 Lxxxvm,
3104 3214 3309 3287 3,1-34).
3331 3218 3449 3271 Isto
3472 3212 3656 3287 igitur
3672 3229 3859 3271 sensu

2196 3344 2376 3412 verat,
2424 3340 2614 3413 favere
2643 3341 2853 3413 cmpit:
2901 3341 3057 3413 unde
3085 3340 3322 3397 subdit:
3374 3342 3677 3413 Postquam
3706 3341 3862 3395 enim

2198 3415 2264 3470 de
2310 3410 2407 3469 illo
2451 3410 2751 3469 dixeram?
2794 3413 2900 3482 Qui
2946 3412 3200 3468 liberavit
3245 3410 3531 3468 Israelem'
3587 3410 3656 3467 de
3684 3427 3861 3467 mauu

2199 3485 2525 3552 Pharaouis,
2580 3484 3137 3539 liberet'Ratherium
3188 3482 3258 3541 de
3306 3499 3478 3540 manu
3526 3484 3797 3538 Buccouis
3835 3503 3859 3551 ,-

2199 3557 2331 3640 dum
2359 3555 2456 3612 ille
2506 3554 2760 3637 abiturus
2801 3554 3548 3681 meliormj'cwpisseszpi
3586 3558 3641 3634 et
3671 3570 3772 3623 ego
3799 3556 3859 3611 ei

2199 3630 2391 3681 taliter
2414 3642 2726 3681 aaaarrire.
2754 3625 2953 3681 relatis
2982 3625 3205 3681 scillset
3234 3626 3333 3681 Ov:
3382 3643 3422 3681 ιι
3454 3624 3744 3681 versibus.

2199 3629 2391 3685 taliter
2414 3627 2726 3696 aggarrire,
2754 3625 2953 3683 relatis
2982 3624 3205 3696 scilisef.
3234 3624 3422 3683 Ovidii
3454 3624 3744 3683 versibus.

2275 3698 2421 3772 (900)
2453 3694 2721 3772 Ecclesiae
2752 3696 2974 3772 scilicet
2993 3694 3192 3772 sancti
3219 3696 3373 3772 Petri
3423 3696 3483 3772 in
3529 3701 3757 3765 monte,
3785 3711 3859 3772 ac

2202 3764 2513 3844 propterea
2540 3769 2695 3844 d_ein_
2725 3768 2887 3824 addit
2914 3785 2933 3844 _:
2964 3766 3212 3844 Asceudi.
3245 3768 3331 3844 Ad
3377 3764 3856 3844 episcopumni—

2203 3836 2420 3898 mirum
2452 3839 2783 3915 pertinebat
2811 3836 3157 3897 restauratio
3187 3836 3597 3897 ecclesiarum:
3645 3836 3859 3895 Confer

2203 3918 2325 3969 not.
2353 3912 2479 3969 892.
2520 3911 2786 3969 Porticus
2816 3910 3084 3969 eiusdem
3115 3910 3394 3969 ecclesias.
3424 3908 3526 3969 qui
3557 3925 3719 3965 nunc
3747 3926 3855 3965 su-

2203 3926 2325 3971 ῐιοῑ.
2353 3926 2479 3969 892.
2521 3926 2786 3969 Porticus
2816 3926 3084 3971 elusaem
3115 3926 3394 3971 80013818.
3424 3926 3526 3971 qui
3557 3926 3719 3965 nunc
3747 3926 3855 3965 Stl-

2245 3925 2325 3971 ot.
2353 3925 2479 3969 892.
2521 3925 2786 3969 Porticus
2816 3925 3084 3982 eiusaem
3115 3925 3394 3978 θοωθειω,
3424 3925 3526 3983 qui
3557 3925 3719 3965 nunc
3747 3926 3851 3965 su-

2242 3987 2415 4055 erest,
2447 3982 2546 4039 ille
2597 3999 2725 4056 esse
2739 3981 3237 4056 _creditur,_qu_em
3261 3979 3601 4056 Batherius
3629 3980 3851 4056 refecit.

2265 4072 2335 4111 ex
2367 4051 2501 4111 cum
2535 4053 2853 4127 novissimo
2883 4051 3181 4127 Spicileg-ii
3210 4052 3429 4127 editors
3463 4051 3859 4127 correximus,

2201 4127 2462 4193 Promisi,
2490 4141 2601 4181 non
2630 4125 2845 4197 distuli,
2878 4124 3013 4197 eum
3043 4124 3215 4181 antea
3233 4124 3544 4197 legeretur,
3568 4124 3851 4197 promisit,

2198 4214 2306 4255 non
2333 4197 2583 4270 distulit;
2628 4196 2792 4270 sicut
2808 4200 2868 4253 et
2892 4195 3049 4255 intra
3077 4193 3320 4254 emendis
3347 4212 3453 4270 pro
3478 4193 3850 4252 emendandis

2204 4284 2356 4341 cum
2372 4269 2577 4341 eodem
2606 4268 2957 4341 recepimus.

2278 4339 2429 4422 (9|O)
2454 4334 2789 4422 Bausiasse',_
2800 4338 2859 4393 id
2889 4341 2979 4422 est
3005 4336 3324 4422 decepisse.
3353 4336 3500 4393 Vide
3526 4338 3654 4392 not.
3694 4336 3772 4393 65
3798 4334 3863 4391 in

2531 4415 2716 4466 artem
2749 4412 2822 4465 De
2842 4412 3147 4481 contemptu
3167 4424 3462 4466 canonum.

2276 4482 2356 4557 (9t
2372 4481 2424 4608 1)
2452 4476 2513 4563 ld
2533 4485 2645 4546 est,
2666 4498 2803 4538 cum
2823 4476 3308 4537 restaurationem
3323 4480 3661 4560 memoratas
3680 4478 3742 4533 S.
3763 4476 3865 4532 Pe-

2306 4568 2401 4608 ecc
2428 4569 2559 4608 esus
2586 4552 2899 4608 perfecero.
2919 4556 3165 4608 revertar
3190 4551 3415 4608 domum
3440 4547 3865 4608 emsconalem.

2201 4547 2559 4627 triecclesize
2586 4552 2899 4627 perfecero,
2919 4556 3175 4627 revertar
3190 4551 3415 4609 domum
3440 4547 3867 4627 episcopalem,

2209 4624 2282 4697 ad
2314 4639 2494 4697 qu_am
2515 4618 2851 4693 ut'rediret,
2868 4621 3317 4697 inimicissimus
3337 4618 3870 4697 cavillator'incita-

2208 4691 2350 4768 batf
2374 4694 2594 4751 Eadem
2646 4710 2782 4768 vero
2834 4691 3233 4768 episcopalem
3281 4693 3557 4768 domum_
3586 4691 3865 4768 nondum

2209 4767 2434 4825 adierat
2459 4783 2611 4823 anno
2640 4766 2769 4835 968,
2799 4761 2935 4822 cum
2966 4761 3432 4822 ad‘Ambrosium
3446 4761 3707 4835 scripsit.
3731 4762 3869 4835 qu

2206 4838 2405 4909 verba,
2453 4839 2605 4909 intra
2651 4839 2728 4909 iu
2755 4832 2923 4893 tuum
2973 4843 3227 4909 furuum,
3271 4834 3543 4909 explicari
3566 4832 3754 4909 posse
3779 4832 3867 4890 vi-

2210 4905 2427 4965 dentur
2453 4907 2552 4964 illo
2585 4907 2806 4965 rustica
2834 4905 3158 4978 proverbio,
3189 4905 3442 4978 quod'ab
3470 4905 3598 4978 ipso
3621 4908 3869 4978 auctore

2210 4979 2504 5052 profertur
2535 4980 2593 5035 in
2626 4977 2907 5052 Discordia
2955 4995 3124 5052 num.
3150 4980 3175 5034 1
3208 4977 3292 5035 fin
3324 4979 3440 5035 ﬁne
3471 4977 3626 5047 {Qui
3654 4977 3777 5048 fuit
3808 4977 3866 5032 in

2207 5051 2398 5122 furno,
2429 5068 2588 5122 pares
2618 5068 2742 5107 suos
2774 5051 2916 5122 inibi
2942 5051 3165 5121 quaint.

2282 5116 2396 5193 (92)
2428 5116 2537 5177 Ista
2568 5139 2682 5177 una
2706 5121 2911 5193 occasio
2937 5116 3149 5193 exacto
3177 5119 3288 5193 fuit
3336 5116 3685 5193 restaupatio

2211 5190 2360 5249 tiens
2380 5190 2437 5248 8.
2464 5193 2637 5262 Petri,
2670 5193 2763 5249 cui
2790 5190 3102 5249 Ratherius
3132 5191 3353 5262 nemini
3388 5190 3486 5246 alii
3511 5190 3709 5262 fidens
3728 5205 3871 5261 prae-

2209 5279 2339 5319 esse
2372 5259 2636 5321 debebat;
2669 5265 2915 5321 Caeteras
2937 5263 3194 5319 rationes
3213 5261 3308 5318 hic
3332 5265 3506 5318 tacet.
3523 5259 3874 5317 Aliam—vero

2212 5335 2497 5407 rationem
2530 5335 2747 5392 indicat
2766 5334 2827 5391 in
2847 5335 3019 5407 epist.
3040 5336 3108 5391 12
3125 5334 3195 5391 ad
3214 5332 3601 5407 Ambrosium.
3618 5348 3790 5388 num.
3816 5332 3873 5387 4.

2208 5406 2355 5477 Quid
2382 5409 2587 5481 faceret
2615 5404 2926 5481 episcopus
2955 5410 3327 5481 cumexeunte
3354 5422 3426 5481 ea:
3450 5420 3517 5481 ea
3546 5404 3872 5481 dumdum

2208 5473 2631 5552 capvestratibus
2651 5473 2929 5552 principe,
2963 5479 3104 5534 alter
3132 5479 3187 5535 ei
3212 5475 3537 5552 succederet,
3570 5475 3663 5530 illi
3683 5473 3875 5552 alius.

2211 5549 2361 5609 alius
2390 5552 2523 5607 item
2552 5546 2686 5606 illi?
2734 5546 3026 5607 Poteratne
3062 5564 3189 5605 cum
3218 5549 3335 5604 illis
3363 5546 3736 5620 episcopusjn
3760 5560 3876 5620 uua

2213 5620 2370 5677 domo
2412 5623 2626 5678 versari
2665 5623 2690 5675 .9
2732 5620 2942 5678 Confer
2987 5636 3165 5677 serm.
3195 5620 3232 5675 6
3280 5621 3355 5677 De
3389 5616 3600 5675 'octaiiis
3642 5616 3875 5675 Pascha:

2212 5708 2378 5751 num.
2418 5693 2468 5749 1.
2494 5691 2690 5751 Potior
2722 5696 2919 5753 autem
2948 5707 3127 5751 causa
3151 5694 3305 5759 erat,
3329 5688 3700 5751 utintuta'ore
3718 5687 3875 5749 loco-

2212 5761 2595 5834 conslsteret;
2632 5764 2788 5835 quod
2820 5763 2880 5821 in
2906 5760 3290 5836 sequentibus
3322 5760 3537 5819 innuit.

2206 4426 2460 4484 primam,
