4080 6180
212 304 352 367 ὗὲό

225 544 345 583 sua
364 526 633 584 facinora
660 530 945 601 prasules
974 532 1033 589 in
1060 537 1494 608 comparatione
1520 538 1781 610 illorum,
1813 541 1887 597 de

212 616 450 687 quibus
474 632 581 689 per
608 620 924 690 quemdam
955 622 1173 681 dicitur
1189 625 1578 700 veriloquum:
1594 629 1811 685 Ducunt
1826 632 1887 686 in

223 704 387 761 bonis
413 706 529 762 dies
558 722 703 776 suos,
734 712 789 764 et
817 711 876 764 in
898 721 1098 783 puncto
1154 715 1226 773 ad
1281 717 1501 787 inferna
1556 718 1887 776 descendunt

220 793 369 866 (Job.
401 812 519 863 xxx,
555 795 664 866 13).
699 796 782 853 De
828 798 1284 873 ﬂagellatoribus
1330 822 1465 863 vero
1511 808 1685 879 (913),
1718 825 1884 881 pace,

221 899 410 955 quem
440 884 691 952 intueor,
719 890 839 954 tua,
861 889 998 960 quid
1031 907 1134 964 per
1162 891 1343 950 alium
1395 895 1681 955 Dominus
1728 898 1886 955 dicat

224 972 579 1045 depromam
611 973 844 1032 illorum
876 978 1032 1035 896
1058 983 1241 1038 Iratus
1268 1001 1411 1051 sum,
1453 984 1535 1041 ait
1576 985 1881 1055 Dominus,

228 1062 595 1135 Babylonem
629 1064 984 1137 redarguens
1026 1070 1288 1142 impiam,
1336 1075 1519 1129 iratus
1564 1092 1687 1131 sum
1723 1093 1886 1148 super

216 1153 503 1223 populum
528 1168 728 1219 meum,
761 1158 809 1208 et
840 1157 1046 1213 tradidi
1070 1175 1195 1214 eum
1224 1164 1286 1214 in
1330 1178 1529 1218 manus
1570 1168 1694 1220 tuas
1726 1184 1743 1219 :
1772 1181 1885 1220 non

206 1242 467 1312 posuisti
493 1243 547 1297 ei
573 1243 1030 1313 misericordiam,
1054 1265 1154 1304 nec
1178 1256 1481 1307 memorata
1521 1268 1578 1307 es
1598 1280 1601 1283 ν
1624 1254 1754 1323 ﬁnis
1801 1255 1887 1309 tui

216 1329 370 1400 (Isa.
402 1345 574 1397 xuvu,
600 1330 658 1398 6,
686 1333 769 1400 7).
806 1334 1027 1390 Veniant
1066 1353 1274 1409 quoque
1318 1355 1481 1411 super
1526 1344 1579 1397 te
1622 1343 1795 1409 mala,
1824 1343 1890 1398 de

214 1418 437 1489 quibus
463 1433 573 1475 non
596 1422 798 1491 potens
826 1424 1000 1481 exire.
1033 1427 1209 1483 Irruet
1231 1443 1399 1500 super
1416 1432 1467 1484 te
1494 1430 1809 1497 calamitas,
1834 1435 1893 1487 et

218 1506 448 1561 nescies
501 1510 684 1563 ortum
738 1510 859 1580 ejus
906 1512 1091 1584 (Ibid,
1136 1515 1246 1586 11).
1282 1517 1484 1573 Talem
1510 1533 1651 1591 ergo
1682 1533 1795 1587 me,
1827 1522 1895 1575 ut

221 1591 478 1665 protuli,
507 1610 656 1665 esse,
689 1597 741 1652 si
787 1597 932 1657 libet
985 1602 1091 1659 tibi
1138 1602 1309 1675 (914),
1342 1622 1459 1661 non
1489 1605 1772 1677 prohibeo
1801 1607 1892 1663 di-

222 1696 404 1749 cere;
439 1682 488 1737 si
518 1682 730 1756 placet,
768 1689 937 1759 pejus
961 1690 1141 1747 etiam
1171 1692 1480 1764 quidlibet,
1512 1695 1562 1750 si
1595 1695 1754 1752 vales
1802 1701 1890 1751 nt-

224 1772 459 1838 tamen,
488 1770 630 1828 fare.
663 1773 754 1830 Me
782 1778 978 1833 tamen
1012 1778 1266 1835 arbitror
1312 1780 1393 1836 nil
1440 1781 1890 1855 vituperabilius

222 1857 360 1927 tibi,
398 1859 482 1915 nil
512 1861 746 1935 turpius
772 1865 929 1935 quod
972 1867 1046 1924 de
1103 1884 1197 1923 me
1256 1868 1448 1926 dicere
1504 1870 1722 1937 valeas,
1752 1871 1886 1927 reli-

221 1946 454 2019 quisse.
485 1949 846 2024 Nonignoro
876 1957 1073 2011 tamen
1104 1957 1261 2028 quod
1315 1957 1462 2013 mihi
1507 1976 1664 2015 nunc
1695 1960 1887 2032 possis

220 2052 527 2109 opponere
560 2054 575 2095 :
604 2042 690 2096 Ea:
715 2042 895 2099 verbis
925 2045 1035 2100 tuis
1053 2046 1473 2117 justiﬁcaberis,
1501 2052 1552 2103 et
1592 2065 1664 2105 ea:
1708 2050 1886 2106 verbis

216 2128 342 2183 tuis
371 2127 841 2202 condemnaberis,
882 2133 1110 2190 dicente
1165 2135 1469 2208 Scriptura
1519 2137 1726 2210 (Matth.
1779 2156 1882 2208 xu,

213 2216 360 2285 3’7):
382 2216 778 2276 damnabilem
806 2225 866 2278 te
895 2222 1026 2295 ipsa
1056 2224 1263 2296 probat
1282 2226 1574 2283 confessio
1593 2230 1696 2284 tua
1711 2228 1881 2300 (915).

213 2304 436 2377 Neque
463 2308 764 2377 conﬁteor,
796 2326 987 2384 neque
1012 2312 1288 2382 dimteor,
1318 2315 1435 2371 aio.
1470 2315 1885 2373 Damnatorem

211 2410 370 2454 vero
386 2396 587 2469 procul
604 2398 933 2467 abesse,ille
962 2418 1078 2458 non
1106 2402 1322 2460 desinit
1347 2403 1491 2460 mihi
1523 2405 1886 2478 promittere,

210 2484 337 2557 qui
384 2485 570 2559 digito
626 2488 891 2547 scribens
918 2489 979 2546 in
1008 2495 1183 2558 terra,
1212 2493 1570 2565 quibusdam
1596 2498 1888 2562 narratur,

211 2574 344 2643 Qui
369 2576 492 2630 sine
511 2584 729 2648 peccato
751 2586 830 2635 est
858 2583 1120 2647 vestrum,
1135 2584 1351 2653 primus
1380 2584 1441 2637 in
1470 2584 1629 2638 illam
1653 2583 1892 2655 lapidem

205 2664 620 2738 miliatann.
650 2683 775 2734 vm,
805 2670 886 2737 7),
918 2668 1236 2725 clementer
1280 2669 1519 2727 dixisse.
1572 2672 1760 2744 Hujus
1809 2676 1889 2742 at,

211 2753 381 2828 pcoh
414 2754 613 2811 nefas!
648 2757 928 2829 anapaesti
961 2763 1253 2831 suspecto,
1289 2758 1475 2815 multa
1520 2760 1892 2819 inemendato

168 2894 173 2899 .
210 2842 590 2915 linquuntur
611 2843 669 2900 in
702 2844 934 2914 saeculo,
968 2845 1088 2919 igni
1122 2853 1413 2904 reservata
1440 2850 1888 2920 perpetuo;dum

214 2932 460 2989 scilicet
483 2932 732 3005 quilibet
759 2934 1035 2991 conscius
1064 2934 1197 3005 sibi,
1229 2937 1417 3009 parcit
1440 2938 1790 3004 alteri.Quid
1818 2938 1890 2995 de

218 3021 569 3078 substantia
585 3021 925 3095 hujusmodi
945 3024 1215 3082 sacriﬁcii
1242 3025 1428 3098 possit
1444 3026 1888 3095 censeri,adhuc

1421 316 1887 387 QUALITATIS
1929 318 2463 387 GONJECTURA.

218 433 611 537 felicissimos
624 437 874 537 dixerim
882 442 1179 537 pulsosab
1200 449 1631 522 episcopatibus
1648 456 1887 523 prepter
1912 456 1968 520 Α
1998 471 2133 509 sum
2165 454 2371 512 saltem
2402 457 2692 515 aestimare
2720 458 3303 531 valeremus,utinam
3332 463 3641 537 imperato-

3522 337 3638 398 516

1996 558 2119 599 rem
2140 542 2404 601 hodierni
2427 547 2709 620 temporis
2728 547 3352 624 gloriosissimum,qui
3370 569 3505 610 cum
3529 571 3647 627 prae

1997 632 2294 701 omnibus,
2328 635 2430 707 qui
2462 653 2566 709 per
2590 636 2700 694 hoc
2731 642 3119 697 trecentorum
3150 659 3440 700 annorum
3471 644 3650 701 curri-

1993 720 2195 777 culum
2238 722 2569 781 Romanum
2627 727 3116 800 gubernaverunt,
3174 731 3460 790 divisione
3514 732 3650 790 licet

1993 826 2335 884 regnorum,
2396 814 2732 888 imperium,
2792 816 3115 888 nobilitate,
3174 822 3457 893 potentia,
3499 826 3649 879 stre-

1994 898 2241 968 nuitate,
2301 902 2612 970 industria,
2661 903 2895 973 virtute,
2948 909 3280 979 prudentia,
3335 911 3646 984 sapientia,

1992 987 2375 1060 benignitate,
2445 993 2797 1062 constantia,
2866 995 3228 1066 fortitudine,
3312 998 3645 1070 clementia,

1992 1078 2285 1149 aequitate,
2317 1080 2634 1152 opulentia.
2679 1083 2966 1155 largitate,
3017 1091 3341 1159 caeteratu
3388 1105 3647 1145 commo-

1993 1167 2201 1223 dorum
2235 1169 2306 1223 ad
2340 1168 2447 1223 hoc
2476 1171 2745 1226 omnium
2792 1171 3173 1244 singulariter
3228 1176 3434 1237 affluat
3482 1177 3649 1250 copia

1996 1255 2140 1310 897
2183 1259 2616 1330 peragendum;
2648 1259 2761 1317 hoc
2788 1261 2839 1316 ei
2878 1262 3051 1318 unice
3094 1263 3291 1320 divina
3335 1266 3648 1322 concedere

1997 1340 2341 1413 dignaretur
2364 1347 2737 1419 omnipotens
2764 1366 2798 1405 ο
2828 1350 3057 1407 utinam
3099 1353 3306 1425 gratia,
3340 1358 3407 1410 nt
3433 1370 3499 1411 se
3526 1355 3646 1428 pri-

1999 1445 2186 1497 mum,
2214 1430 2351 1487 inde
2382 1435 2492 1491 sub
2523 1452 2586 1492 se
2616 1436 2729 1493 sibi
2759 1440 3143 1498 commissum
3174 1446 3397 1500 vertere
3420 1446 3647 1517 satage-

2001 1520 2092 1573 ret
2118 1517 2433 1590 imperium
2464 1523 2536 1577 ad
2568 1524 2790 1581 bonum
2814 1528 3172 1586 omnimodis
3199 1530 3646 1588 omissum.Cor-

1999 1606 2194 1678 ruptis
2214 1608 2373 1664 enim
2392 1612 2449 1665 et
2467 1611 2962 1671 abcminabilibus
2976 1616 3647 1692 factisChri-stiani,proh

1997 1693 2200 1750 dolor!
2265 1698 2521 1754 nominis
2579 1701 2898 1772 unevcrsis,
2949 1705 3237 1777 praecipue
3303 1707 3647 1776 restoribus,

1997 1781 2081 1838 ita
2109 1783 2343 1840 divinus
2358 1785 2513 1857 (917)
2538 1789 2898 1846 omnimodis
2927 1791 3100 1864 periit
3128 1792 3290 1863 olim,
3323 1795 3652 1867 fateor,cul-

1995 1874 2186 1936 tus,ut
2210 1871 2364 1929 nihil
2393 1874 2584 1946 magis
2604 1876 2909 1934 videamus
2930 1880 3471 1956 discordare,qnam
3493 1886 3649 1957 quod

1993 1957 2281 2015 Dominus
2312 1962 2596 2035 praecipit,
2618 1968 2676 2020 et
2704 1965 3075 2035 universitas,
3099 1970 3244 2041 proh
3276 1973 3445 2030 nefas
3467 1973 3480 2029 Ι
3504 1973 3646 2047 agit.

1992 2047 2074 2102 Ex
2102 2062 2221 2119 quo
2249 2064 2409 2118 cum,
2446 2051 2560 2108 Deo
2591 2060 2906 2124 annuente,
2938 2074 3124 2113 unum
3157 2059 3349 2130 illum,
3373 2061 3486 2118 hoc
3531 2067 3643 2130 est,

1991 2135 2406 2208 imperatorem
2428 2141 2692 2213 excipere
2712 2144 3035 2215 gestiamus
3057 2147 3417 2220 piissimum;
3441 2166 3648 2225 sugge-

1992 2241 2119 2282 rere
2147 2225 2233 2282 illi
2261 2227 2314 2283 si
2343 2229 2471 2284 ausi
2495 2229 2847 2301 fuissemus;
2870 2235 3227 2292 omnimodis
3247 2239 3643 2297 studeremus.

1994 2317 2062 2369 ut
2081 2314 2155 2370 ad
2177 2319 2385 2372 caetera
2400 2317 2617 2389 quibus
2638 2319 3223 2395 pollet,singulariter
3240 2325 3391 2382 illud
3410 2328 3649 2385 adderet

1995 2403 2241 2470 bonum,
2266 2405 2423 2476 quod
2454 2405 2601 2461 illud
2632 2406 2744 2463 sibi
2776 2412 3002 2479 aptaret
3028 2411 3138 2466 Job
3161 2412 3517 2471 sanctissimi
3540 2414 3652 2470 uti-

1996 2506 2112 2562 que
2140 2489 2362 2548 dictum
2393 2510 2408 2548 z
2433 2493 2582 2565 (918)
2605 2494 2838 2551 Causam
2870 2512 3035 2566 quam
3060 2500 3390 2566 nesciebam,
3420 2501 3651 2572 diligen-

1996 2580 2208 2636 tissime
2262 2582 2660 2653 inuestigabam
2690 2582 2831 2645 (Job.
2861 2601 3015 2653 xxix,
3050 2587 3139 2656 16)
3199 2586 3438 2645 Dicente
3492 2590 3650 2646 enim

1998 2667 2277 2739 Gregorio
2311 2687 2324 2724 :
2358 2670 2500 2738 Quid
2530 2673 2679 2726 enim
2706 2674 2932 2741 mirum,
2965 2675 3014 2728 si
3045 2674 3346 2747 aliquando
3369 2677 3648 2749 fallimur,

1998 2758 2096 2826 qui
2115 2754 2365 2814 homines
2387 2757 2701 2814 sumus?nil
2729 2760 2919 2833 magis
2942 2761 3127 2818 officit
3149 2763 3263 2824 illis
3285 2763 3648 2835 hominibus,

1998 2845 2098 2916 qui
2129 2858 2306 2917 super
2325 2846 2468 2902 alios
2489 2847 2793 2904 constituti
2818 2854 2957 2905 sunt
2978 2850 3267 2921 homines,
3285 2869 3465 2925 quam
3491 2855 3650 2912 fraus

1994 2938 2054 2989 et
2082 2935 2324 3006 perﬁdia
2353 2935 2860 3005 consiliariorum;
2894 2940 2942 2994 si
2994 2939 3136 2996 illud
3188 2942 3273 2998 eis
3320 2942 3652 3015 applicatur

1996 3024 2292 3094 postremo
2326 3023 2728 3097 propheticum
2764 3042 2780 3081 :
2813 3027 2903 3083 νινε
2929 3030 3026 3100 qui
3065 3029 3251 3085 dicitis
3297 3031 3509 3088 malum
3559 3032 3649 3089 bo-

218 3113 446 3178 exstat,
472 3110 675 3180 fateor,
709 3112 1175 3186 perincognitum
1209 3112 1373 3170 mihi.
1416 3115 1557 3171 Inde
1606 3133 1640 3171 a
1688 3116 1887 3187 planta
1926 3184 1957 3189 _
1998 3124 2151 3178 nam,
2182 3116 2233 3168 εἰ
2264 3112 2461 3168 bonum
2492 3115 2704 3170 malum
2728 3116 2851 3187 (Ιεαι
2899 3133 2953 3184 ν,
3004 3119 3117 3189 20)-
3170 3117 3467 3175 Delatores
3514 3137 3649 3177 vero

220 3198 403 3273 padis
433 3215 623 3272 usque
651 3184 727 3256 ad
767 3184 1038 3257 verticem
1095 3202 1405 3259 sanitatem
1462 3204 1632 3260 nobis
1682 3184 1886 3263 ἆθθοθθ
1915 3184 1959 3251 C
2001 3201 2241 3272 quidam
2274 3203 2511 3274 sapiens
2541 3202 2682 3259 dicit
2712 3184 3016 3276 nunquam
3049 3184 3265 3275 defore,
3290 3206 3340 3264 si
3372 3208 3507 3279 quis
3532 3207 3650 3265 illis

220 3303 557 3363 possumus
587 3290 713 3361 (Isa.
747 3305 784 3358 ι,
813 3290 892 3361 6),
937 3289 1139 3359 fateor,
1189 3288 1529 3362 deplorare;
1560 3293 1663 3364 qui
1713 3293 1889 3350 faciat

219 3377 459 3434 bonum
489 3374 663 3434 hodie
692 3394 925 3451 quoque
956 3395 1142 3451 usque
1168 3374 1239 3435 ad
1272 3396 1458 3435 unum
1490 3380 1691 3436 deesse
1713 3380 1882 3453 (Psal.

221 3482 355 3534 xm,
382 3464 460 3538 3).

296 3554 398 3609 16.
431 3554 615 3620 Quem
644 3554 792 3626 (916)
820 3572 993 3612 unum
1023 3573 1157 3612 cum
1183 3556 1378 3629 ipsum
1400 3560 1578 3628 caput
1596 3555 1885 3613 bonorum

221 3659 371 3700 eum
388 3642 672 3699 membris
687 3643 983 3717 aliquibus
1007 3646 1132 3701 suis
1148 3645 1332 3701 Deum
1354 3643 1677 3717 intelligere
1696 3660 1888 3718 prom-

222 3737 406 3806 ptum
423 3730 502 3788 sit
516 3744 774 3805 esse,prc
791 3733 1029 3789 raritate
1044 3738 1241 3789 tamen
1260 3733 1609 3789 nostratium
1628 3733 1700 3789 ad
1718 3732 1885 3789 illum

221 3820 656 3897 pertinentium
686 3839 895 3891 unum,
928 3822 1263 3896 specialiter
1290 3837 1475 3878 unum
1515 3822 1612 3898 hic
1654 3840 1886 3897 expres-

292 3990 779 4065 (913)Construe:
805 3991 945 4061 Quid
962 4007 1088 4048 vero
1121 3992 1384 4047 Dominus
1411 3991 1490 4048 dit

224 4061 583 4137 prophetam
640 4062 705 4118 de
738 4064 1192 4137 ﬂagellatur-ibus
1247 4065 1490 4134 illorum,

221 4135 700 4208 pacatumque»:
723 4135 905 4208 intueo
933 4153 952 4189 :
978 4137 1156 4208 Iratus
1183 4151 1327 4208 sum,
1358 4139 1467 4208 etc.

299 4205 460 4277 (914)
484 4204 820 4277 vulgasibi
866 4206 994 4262 libet
1034 4206 1139 4262 tibi
1183 4206 1354 4263 male.
1402 4207 1686 4264 Construe
1718 4225 1732 4263 :
1767 4208 1886 4265 Non

223 4276 496 4351 prohibeo
520 4276 649 4351 ergo
677 4276 875 4351 dicere,
906 4279 957 4332 si
985 4278 1134 4346 libet,
1168 4279 1291 4343 tibi,
1321 4295 1408 4334 me
1434 4294 1548 4351 esse
1591 4280 1780 4345 talem,
1822 4282 1887 4334 ut

224 4348 467 4422 protuli,
499 4348 639 4419 fare,
663 4350 716 4422 si
737 4349 937 4420 placet,
967 4365 1054 4404 me
1081 4365 1194 4405 esse
1221 4352 1390 4405 etiam
1417 4350 1681 4421 quidlibet
1706 4351 1882 4421 pejus,

227 4420 278 4477 si
312 4423 564 4475 attamen
592 4420 759 4475 vales.

303 4491 460 4563 (915)
487 4490 773 4563 construe
807 4508 821 4547 :
855 4490 1129 4563 Confessio
1158 4493 1277 4563 ipsa
1308 4494 1406 4563 tua
1432 4491 1626 4563 probat
1654 4498 1706 4546 te
1731 4489 1887 4563 dam-

1621 4008 1684 4048 er
1707 3993 1885 4048 alimn

1614 4080 1880 4137 Ῥνονηωηι

546 3994 747 4047 nstrue
766 4008 779 4047 :
805 3991 945 4061 Quid
962 4007 1088 4048 vero
1121 3992 1384 4047 Dominus
1411 3991 1562 4048 dicat

1995 3290 2277 3345 credulus
2301 3290 2549 3345 voluerit
2577 3306 2706 3347 esse
2739 3308 2753 3346 ε
2787 3294 3242 3363 Percontatorem,
3284 3294 3386 3363 ait,
3434 3298 3649 3367 fugito;

2000 3376 2166 3446 alter,
2197 3395 2332 3432 nam
2358 3379 2616 3448 garrulus
2644 3380 2790 3436 idem
2844 3389 2942 3436 est.
3004 3381 3229 3446 Quibus
3285 3394 3420 3438 cum
3474 3400 3653 3456 super

2001 3464 2200 3520 omnia
2229 3480 2409 3537 regna
2430 3465 2645 3521 misera
2665 3466 2743 3521 sit
2764 3468 2977 3523 referta
2997 3468 3248 3536 ltalia,et
3263 3469 3648 3543 interpretum

1992 3553 2068 3606 ad
2087 3552 2209 3608 haec
2224 3553 2558 3625 peragenda
2574 3553 2653 3608 sit
2674 3554 2923 3613 nimium
2946 3561 3217 3627 prompta
3234 3556 3481 3629 perfidia
3501 3574 3517 3614 :
3539 3560 3647 3615 ad-

1996 3639 2251 3697 hibenda
2281 3640 2401 3696 illis
2431 3645 2595 3697 tanto
2624 3640 2929 3698 sollicitior
2955 3642 3203 3712 cautela,
3233 3649 3456 3717 quanto
3483 3645 3648 3719 inge-

1995 3726 2195 3783 niosor
2223 3727 2341 3784 illis
2369 3728 2525 3784 inest
2552 3729 2626 3786 ad
2661 3729 2717 3784 id
2750 3730 3157 3799 factitandum,
3208 3731 3647 3807 promptiorque

1996 3815 2239 3873 malitia.
2273 3817 2345 3873 Ut
2369 3816 2527 3873 enim
2558 3834 2744 3876 unum
2776 3835 2844 3876 ex
2873 3819 3408 3903 innumerabilibus
3449 3823 3645 3897 profe-

1990 3989 2251 4073 manbris
2273 3991 2424 4073 suis;
2443 4004 2542 4062 pro
2562 3990 2793 4073 raritate
2821 3993 3012 4073 tamen.
3022 3998 3352 4073 nostratium
3365 4004 3645 4073 pertinen-

1992 4062 2132 4117 tium
2159 4062 2233 4119 ad
2262 4064 2425 4120 illum
2454 4078 2647 4130 unum,
2677 4064 2894 4120 utinam
2922 4066 3224 4125 ualeremus
3252 4062 3449 4129 saltem
3485 4077 3641 4133 aesti-

1992 4145 2159 4219 mare.
2174 4150 2359 4219 unum
2500 4136 3321 4219 cmpressum(esse)_specialitcr
3346 4144 3641 4217 imperato-

1992 4221 2109 4260 rem
2419 4208 2675 4288 temporis
2700 4206 3173 4288 gloriosissimum,
3219 4214 3318 4288 qui
3361 4206 3486 4271 cum
3527 4233 3643 4287 prie

1991 4276 2263 4352 erunibus,
2295 4280 2391 4352 qui
2417 4275 2681 4352 divisione
2704 4275 2836 4352 licet
2865 4275 3169 4347 regnorum
3202 4275 3644 4352 jubernaverunt

1994 4347 2623 4416 Romanumimperium
2646 4364 2746 4418 per
2772 4348 2871 4404 hoc
2885 4347 3226 4407 curriculum
3240 4368 3512 4409 annorum
3534 4359 3641 4410 tre-

1993 4418 2657 4492 centorum,singulariter
2683 4420 2881 4492 afﬂuat
2907 4422 3213 4492 nobilitate,
3592 4429 3646 4480 et

1998 4489 2152 4562 copi“
2180 4492 2427 4562 θνηῐιίαπι
2454 4488 2857 4562 commodon
2893 4489 2963 4543 ad
3012 4491 3110 4562 hoc
3161 4488 3570 4562 peragendum;
3612 4511 3645 4551 ο

224 4548 498 4630 nubilem,
530 4562 745 4635 dicente
770 4548 1055 4635 Scriptura
1078 4579 1097 4616 :
1129 4548 1220 4635 Efc
1237 4548 1447 4635 uerbis.
1484 4562 1617 4635 tuis,
1666 4563 1775 4635 etc.
1825 4560 1895 4614 Et
1922 4548 1968 4613 Ι)
1998 4548 2216 4635 utirmm
2244 4559 2441 4635 divina,
2462 4559 2800 4635 omnipotens
2818 4562 3000 4628 gratia
3018 4548 3341 4635 dignaretur
3358 4548 3644 4622 concedere

228 4637 372 4707 post
401 4648 590 4707 pauca
618 4633 705 4689 sic
738 4650 752 4689 :
776 4632 1044 4707 Ille'vero,
1062 4632 1358 4707 quidigito
1384 4634 1625 4707 scribens
1645 4633 1712 4707 in
1741 4638 1892 4687 terra

225 4703 504 4786 narratur
530 4705 821 4786 ειεηιεηιεν
847 4705 1054 4786 diem
1074 4703 1411 4786 quaedam
1428 4721 1446 4757 -'
1469 4703 1575 4786 9!“
1608 4704 1739 4784 Sine-
1752 4717 1889 4786 Ρθίῗ

229 4781 383 4849 cato
415 4779 506 4831 cst
523 4780 807 4841 vestrum,
830 4776 1059 4849 primus
1090 4774 1149 4831 in
1178 4774 1342 4849 illam
1375 4774 1630 4849 lapidem
1662 4774 1890 4842 mittat;

231 4850 355 4914 ille,
370 4847 759 4919 inquam,non
780 4846 977 4903 desinit
999 4848 1320 4919 promittere
1347 4846 1488 4901 mihi
1516 4846 1891 4919 damnatorem

231 4919 352 4974 mei
391 4916 587 4991 procul
615 4920 799 4974 abesse
827 4936 845 4973 :
881 4916 1021 4990 quia
1076 4918 1299 4973 scilicet
1334 4934 1526 4991 nemo
1584 4916 1888 4972 hominum

272 4989 498 5071 raasens
544 4989 690 5071 sine.
719 4989 954 5071 peccato
993 4991 1197 5071 est-At
1221 4989 1360 5061 proh
1404 4992 1605 5071 nefas!
1651 4996 1892 5071 suspecto

272 5007 498 5047 raascns
544 5007 671 5046 sine
719 5007 954 5062 peccato
993 5007 1101 5045 est.
1134 5007 1197 5045 Αι
1221 5007 1360 5061 pron
1404 5007 1604 5061 ηεμιδι
1651 5007 1889 5061 suspecto

233 5007 402 5134 liujus
425 5064 710 5134 anapaesti,
744 5062 799 5117 id
834 5065 925 5117 est
952 5060 1307 5133 suspicione,
1354 5078 1455 5117 seu
1487 5060 1560 5115 ob
1605 5060 1889 5133 suspicio-

236 5149 395 5214 nem,
441 5133 669 5189 nc’boc
715 5136 1131 5217 argumentum
1180 5136 1604 5217 retorquentur,
1648 5135 1892 5217 suspecto

234 5204 396 5285 enim
450 5221 553 5285 prp
590 5204 918 5285 suspicione,
943 5208 1002 5285 et
1029 5207 1442 5285 anapaestopro
1480 5207 1801 5285 argumento
1832 5204 1891 5284 in

237 5272 638 5354 aduersarium
662 5272 861 5331 retorto
886 5272 1364 5354 accipiunturmti
1391 5289 1459 5330 ex
1480 5272 1612 5354 aliis
1633 5272 1890 5354 auctoris

236 5344 382 5402 locis
446 5346 822 5403 manifestum
879 5344 1096 5413 estfob
1147 5345 1297 5399 hanc
1336 5344 1754 5416 suspicionem,
1786 5344 1888 5416 ait,

237 5419 391 5472 mula
412 5420 811 5501 relinquuntur
841 5417 1187 5501 inemendata
1233 5418 1292 5471 in
1329 5414 1459 5501 'hoc'
1483 5416 1705 5501 swculo,
1755 5414 1895 5486 quia

238 5505 377 5544 cum
408 5489 471 5555 ii,
495 5488 597 5561 qui
628 5490 908 5561 deberent
936 5488 1269 5561 emendare,
1293 5488 1414 5542 sint
1444 5490 1893 5561 peccatores,ve-

241 5564 456 5640 rentur
475 5557 549 5640 ne
577 5559 732 5640 inse
760 5559 918 5617 idem
946 5558 1163 5615 Christi
1199 5557 1422 5613 dictum
1445 5557 1891 5640 retorquentur.

309 5632 462 5713 (916)
488 5631 808 5713 construe:
836 5645 997 5707 quem
1020 5645 1206 5713 unum
1237 5645 1359 5686 cum
1382 5636 1697 5713 promyitum
1710 5631 1898 5713 situin-

241 5697 496 5778 telligsre
524 5704 705 5780 ipsum
732 5697 904 5763 Deum
928 5704 1093 5781 caput
1132 5697 1398 5765 bonorum
1442 5697 1567 5760 cum
1617 5697 1895 5778 aliquibus

1996 4630 2157 4703 unice
2184 4629 2370 4703 hocei,
2382 4633 2444 4684 ut
2460 4630 2967 4703 satageretvertere
2990 4647 3046 4686 se
3073 4629 3319 4703 primum
3346 4635 3416 4690 ad
3446 4635 3644 4692 bonum

1998 4700 2325 4755 omnimodis
2354 4698 2634 4766 emissum,
2660 4698 2786 4754 inde
2811 4700 2908 4755 sub
2937 4717 2993 4757 se
3020 4698 3227 4758 vortere
3254 4705 3325 4761 ad
3357 4706 3511 4763 idem
3544 4708 3645 4764 bo-

1998 4786 2140 4827 num
2170 4773 2463 4829 imperium
2489 4770 2598 4826 sibi
2623 4773 2990 4829 commissum.

2089 4843 2218 4918 917)
2246 4843 2442 4918 Yulg.,
2474 4857 2777 4918 perperam
2807 4843 3029 4918 diuinis.

2090 4912 2222 4994 9t8)_
2248 4912 2797 4994 Hoc'tes‘tiuionium
2818 4913 2922 4994 _hic
2951 4920 3007 4971 et
3034 4915 3171 4994 alibi
3203 4919 3643 4994 inculcat,_quia

1998 4987 2305 5042 verebatur
2331 5004 2403 5042 no
2436 4987 2750 5057 imperator
2778 4985 2993 5041 absens
3025 4990 3375 5048 adversariis
3417 4985 3643 5049 calum-

1999 5056 2129 5111 nias
2185 5058 2596 5133 spargentihus
2654 5058 3170 5133 aureshfaciliores
3226 5065 3527 5133 praeberet,
3584 5069 3644 5121 et

1999 5144 2177 5203 causa
2208 5127 2496 5203 non—satis
2527 5128 2762 5203 cognita
2785 5127 3011 5203 aliquid
3035 5127 3317 5203 contra—so
3338 5127 3638 5203 statueret,

2001 5200 2169 5280 Quod
2194 5205 2395 5280 autem
2420 5199 2665 5280 timebat
2694 5215 2753 5253 re
2783 5198 2911 5280 ipsa
2939 5202 3179 5280 accidit;
3205 5206 3357 5280 unde
3380 5208 3437 5261 in
3465 5198 3638 5280 epist;

2002 5273 2070 5325 13
2094 5273 2174 5350 ad
2203 5271 2534 5350 Adelaidem
2569 5270 2995 5350 imperatricem
3044 5274 3126 5329 ait
3202 5276 3244 5331 0
3299 5294 3423 5334 vero
3480 5270 3643 5350 q'vuam

2000 5343 2270 5410 omnibus,
2322 5345 2417 5414 qui
2460 5345 2519 5396 in
2558 5345 2820 5412 potestate
2849 5350 2973 5397 sunt
2999 5349 3295 5403 constituti.
3330 5353 3389 5404 ut
3417 5343 3529 5405 non
3556 5366 3638 5405 se-

1998 5414 2107 5467 mel
2135 5413 2496 5468 dominationi
2524 5415 2718 5467 vestrae
2738 5417 3001 5486 suggessi,
3029 5417 3374 5486 prodesset,si
3397 5425 3641 5475 nontam

1997 5486 2309 5555 prxcipites
2337 5488 2547 5555 [errent
2574 5485 2870 5538 sententin
2890 5502 2911 5546 ;
2940 5485 3041 5542 sed
3065 5489 3208 5544 illud
3236 5491 3378 5547 beati
3404 5492 3499 5547 Job
3555 5494 3641 5545 at-

2002 5554 2295 5639 tendissent
2323 5554 2375 5611 ἐκ
2409 5554 2663 5621 Causam,
2695 5570 2861 5628 quam
2887 5561 3210 5635 nesciebam,
3226 5560 3645 5639 diligentissimo

2001 5627 2413 5705 inuestigabam.
2448 5648 2478 5679 »
