4030 6186
140 342 149 343 ί
263 312 378 378 549

1440 312 1906 392 QUALITATIS
1953 313 2488 383 CONJECTURA.

3549 322 3670 385 550

261 450 373 507 sim
404 448 489 508 ita
516 449 877 525 incredulus,
900 455 967 509 ut
991 452 1132 526 quid
1166 470 1283 526 qua
1306 452 1625 510 intentione
1657 452 1912 521 actitcm,
1944 456 1998 521 Α
2028 452 2310 519 carnales,
2346 453 2575 523 fratres,
2607 457 2782 526 atque
2839 458 3077 527 nepotes
3133 450 3529 528 permitterem
3575 472 3673 511 cx-

262 539 370 596 sim
405 540 729 614 saepissime
783 541 1033 612 dubius;
1064 543 1206 599 dum
1266 541 1488 599 scilicet
1541 542 1688 599 falsa
1717 558 1915 598 vereve

260 628 500 685 illorum
531 631 603 687 de
648 648 741 687 me
769 632 1108 688 testimonia
1137 649 1272 688 eum
1316 632 1429 699 his,
1457 650 1584 704 quae
1618 630 1761 686 mihi
1794 631 1915 687 sint

257 718 394 791 plus
424 734 604 791 quam
645 730 883 777 necesse
926 721 1020 791 sit,
1056 722 1308 795 cognita,
1342 722 1604 790 confero;
1650 721 1791 793 quid
1843 721 1914 776 de

262 807 578 877 abba-‘iola,
631 826 758 882 qum
808 810 1227 883 Magonzianus
1272 812 1529 878 vocatur,
1580 809 1916 882 nuperrime

257 897 875 965 statuerim,deeretali
900 899 1009 956 hoc
1039 900 1256 973 scripto
1286 899 1610 969 enucleare,
1633 902 1691 954 et
1716 901 1917 955 ventu-

259 985 340 1040 ris
368 986 895 1059 przesentibusque,
919 993 985 1043 ut
1009 988 1242 1061 utrique
1262 987 1604 1061 dijudicent,
1624 987 1917 1044 destinare

259 1074 568 1131 contendo.
602 1075 739 1149 Ipsa
774 1074 960 1150 igitur
1000 1077 1225 1147 eadem,
1259 1075 1773 1151 quantulacunque
1817 1076 1913 1144 sit,

259 1179 395 1219 eum
424 1179 497 1219 ex
523 1162 800 1236 praediolo
832 1166 1224 1238 quorumdam
1255 1165 1625 1238 dispositioni
1654 1165 1797 1239 (923)
1821 1166 1915 1222 Ec-

258 1251 451 1309 clesiae
507 1256 718 1309 nostra
764 1254 846 1310 ita
892 1255 1213 1324 obvenerit,
1244 1260 1311 1311 ut
1357 1259 1460 1311 aut
1512 1255 1782 1326 obeunte,
1815 1258 1919 1311 aut

257 1356 569 1415 perperam
617 1342 1129 1399 inemendabiliter
1180 1344 1321 1417 quid
1389 1347 1758 1418 perpetrante
1815 1344 1918 1398 ab-

255 1431 413 1501 bate,
446 1429 598 1487 alter
646 1430 718 1487 ab
777 1430 1049 1505 episcopo
1107 1431 1228 1488 illic
1282 1432 1651 1488 sufﬁceretur
1706 1435 1917 1488 nostra:

253 1518 548 1589 dimcesis,
582 1519 683 1593 qui
745 1518 1066 1577 militantes
1119 1521 1179 1576 in
1224 1538 1293 1578 ea
1335 1520 1677 1577 monachica
1728 1520 1918 1577 vivere

254 1608 474 1665 faceret
522 1607 679 1681 lege;
709 1609 862 1682 (924)
914 1626 1070 1679 eum,
1124 1609 1209 1665 uti
1256 1626 1350 1665 res
1399 1613 1488 1665 est
1533 1609 1916 1683 perdifﬁcilis,

255 1697 368 1753 hoc
432 1712 575 1767 non,
626 1703 693 1752 ut
744 1701 1110 1757 constructor
1164 1697 1444 1767 voluerat,
1502 1698 1919 1770 processisset;

254 1785 504 1842 incenso
536 1784 682 1859 (925)
714 1786 787 1842 ab
833 1785 1127 1860 Hungaris
1173 1786 1508 1855 caznobiolo,
1540 1787 1612 1843 ad
1658 1787 1768 1843 hoc
1816 1787 1935 1843 mi-‘

254 1873 594 1932 serabiliter
651 1879 741 1931 est
799 1880 1169 1949 perventum,
1216 1881 1279 1932 ut
1337 1877 1483 1950 ipse,
1535 1877 1635 1950 qui
1689 1877 1945 1933 abbatis-

254 1963 407 2021 falso
466 1962 750 2022 vocabulo
808 1965 965 2037 (926)
1034 1964 1197 2022 solus
1267 1966 1536 2038 gestabat
1604 1964 1916 2033 cucullum,

251 2069 437 2110 uxore
467 2051 678 2109 saltem
719 2054 992 2126 nequiret
1021 2053 1314 2111 ullatenus
1355 2055 1668 2127 abstinere,
1699 2054 1919 2111 nedum

251 2140 349 2198 alii
390 2141 649 2214 propriis
701 2158 934 2214 quoque
981 2145 1221 2215 possent
1266 2143 1689 2213 voluntatibus,
1722 2146 1788 2198 ut
1829 2159 1917 2198 re-

247 2230 395 2304 gula
457 2230 881 2289 monachorum
953 2233 1240 2309 prmcipit,
1294 2233 1650 2290 renuntiare.
1707 2234 1917 2298 Quem-

255 2321 398 2377 dam
432 2319 617 2392 igitur
644 2316 714 2377 ex
743 2321 961 2379 talibus
988 2338 1122 2378 eum
1154 2322 1467 2397 omnigeno
1490 2326 1702 2378 conatu
1732 2322 1806 2377 ad
1837 2320 1919 2388 id,

257 2409 423 2482 quod
468 2410 801 2467 secundum
850 2409 1060 2467 saltem
1092 2412 1248 2467 400
1277 2409 1720 2484 congruentiam
1773 2414 1920 2466 tem-

257 2497 429 2571 poris
456 2500 613 2554 esset
640 2499 955 2571 agendum,
981 2517 1097 2555 non
1120 2498 1437 2557 voluissem
1468 2499 1784 2568 adducere;
1819 2499 1923 2555 sed

257 2587 408 2660 fuga
438 2590 532 2643 ter
577 2585 780 2660 lapsus
836 2586 982 2660 ipse,
1019 2588 1260 2645 Geziaca
1315 2605 1409 2645 me
1468 2589 1708 2661 insuper
1763 2587 1926 2661 lepra

257 2693 371 2749 per
400 2675 801 2733 internuntios
834 2680 1141 2733 conaretur
1172 2677 1423 2745 inﬁcere,
1457 2677 1568 2733 hoc
1599 2682 1705 2746 cst,
1741 2682 1805 2733 ut
1834 2694 1921 2735 ac.

257 2768 439 2839 cepta
469 2765 543 2821 ab
575 2781 642 2822 eo
679 2766 928 2838 pecunia
970 2766 1224 2823 sinerem
1269 2783 1426 2836 eum,
1458 2767 1613 2838 quod
1662 2766 1924 2823 oblatum

260 2854 522 2911 Domino
553 2854 762 2921 fuerat,
787 2853 933 2927 (927)
967 2853 1219 2923 diabolo,
1252 2859 1317 2911 ut
1365 2858 1497 2913 ante
1542 2856 1775 2925 fecerat,
1807 2861 1923 2912 tra-

260 2945 437 3011 dere;
473 2960 567 2999 me
597 2944 750 3016 quod
792 2942 888 2999 ille
931 2943 1158 2999 volebat
1186 2943 1436 3015 nolente,
1471 2944 1568 3001 illo
1617 2946 1772 3018 quod
1819 2963 1925 3020 ego

260 3032 372 3090 Dei
406 3040 674 3105 respectu
705 3033 960 3089 vitabam
982 3037 1244 3106 rogante,
1270 3033 1542 3106 utrinque
1563 3052 1699 3090 cum
1723 3035 1930 3092 fuisset

259 3122 627 3192 discessum,
670 3121 843 3178 haesit
890 3123 1125 3178 animus
1174 3122 1312 3195 quid
1363 3139 1534 3196 agere
1582 3141 1838 3196 possem.
1866 3124 1926 3180 Si

2025 542 2294 612 pendere,
2354 542 2746 616 imprudentis
2802 544 3224 616 dispensatoris
3288 562 3402 600 non
3472 545 3672 600 minus

2024 648 2255 703 pmnam
2312 648 2491 704 quam
2556 630 2811 689 inﬁdelis
2868 636 3107 689 verebar
3159 635 3473 690 incurrere.
3526 636 3670 690 Cum

2023 720 2179 775 enim
2230 721 2585 792 perarduum
2628 721 2705 777 sit
2750 723 3168 779 monachorum
3201 722 3586 796 propositum,
3619 728 3677 779 ct

2024 808 2240 883 talibus
2299 810 3018 880 inconvenientissimum;
3067 812 3223 867 sicut
3270 812 3425 869 enim
3474 830 3676 869 mona-

2025 897 2133 953 cho
2161 897 2239 952 nil
2272 900 2552 966 sanctius,
2580 900 2660 956 ita
2690 900 2833 956 nihil
2866 905 2954 956 cst
2975 902 3274 974 hypocrita
3296 901 3671 958 sceleratius:

2026 985 2224 1042 relicto
2269 987 2643 1060 impossibili,
2677 990 2748 1045 ad
2783 989 3061 1062 possibile
3111 1008 3203 1046 me
3246 991 3509 1047 conferre
3538 1008 3674 1063 ope-

2025 1091 2149 1130 ram
2182 1076 2337 1131 dedi.
2386 1152 2393 1155 ἤ

2094 1166 2148 1218 2.
2175 1160 2449 1219 Ordinavi
2475 1163 2836 1237 igitur,ut,si
2861 1165 3056 1238 plures
3087 1167 3377 1224 inhiberet
3407 1167 3676 1235 facultas,

2025 1250 2145 1307 illic
2174 1254 2293 1308 tres
2322 1252 2582 1309 ofﬁcium
2626 1270 2801 1311 suum
2834 1272 2944 1309 non
2989 1255 3315 1312 nescientes
3344 1257 3504 1312 omni
3534 1262 3679 1313 tem-

2027 1356 2166 1411 pore
2186 1340 2392 1396 saltem
2422 1342 2743 1414 presbyteri
2777 1343 3117 1411 militarent,
3136 1347 3200 1399 ut
3229 1343 3373 1400 inibi
3405 1344 3566 1401 nullo
3586 1346 3680 1401 die

2032 1428 2216 1483 missa
2245 1430 2490 1499 deesset,
2526 1441 2679 1485 unus
2724 1430 3026 1499 diaconus,
3060 1450 3214 1487 unus
3261 1433 3679 1502 subdiaconus,

2031 1515 2287 1573 clericuli
2333 1516 2535 1591 aliqui.
2568 1518 2825 1591 Quisque
2871 1522 3343 1593 presbyterorum
3378 1524 3526 1580 40]
3578 1541 3681 1579 an-

1998 1682 2003 1683 ,
2033 1605 2257 1662 nuatim
2285 1606 2569 1679 acciperet
2589 1606 2741 1664 inter
2766 1609 3123 1664 frumentum
3147 1614 3203 1665 et
3223 1610 3509 1683 segallum
3531 1612 3681 1684 (928)

2031 1695 2228 1750 modia
2256 1695 2479 1764 decem,
2502 1695 2656 1751 inter
2682 1695 2984 1769 legumina
3015 1702 3072 1754 et
3099 1697 3331 1755 milium
3364 1700 3561 1755 modia
3591 1701 3684 1756 de-

2031 1801 2179 1852 cem,
2213 1784 2285 1840 de
2317 1784 2464 1857 (929)
2496 1785 2690 1841 surico
2730 1787 2925 1842 modia
2968 1789 3192 1857 decem,
3224 1789 3295 1844 de
3322 1789 3456 1846 vino
3488 1788 3683 1847 modia

2027 1873 2173 1945 (930)
2204 1873 2536 1930 duodecim.
2567 1873 2858 1931 Diaconus
2906 1875 2976 1931 de
3026 1877 3117 1934 his
3163 1878 3441 1934 omnibus
3486 1878 3683 1934 modia

2028 1962 2309 2035 quinque,
2324 1962 2526 2019 vinum
2544 1964 2743 2019 modia
2757 1981 2878 2021 sex.
2898 1965 3304 2023 Subdiaconus
3324 1966 3523 2023 modia
3544 1967 3681 2037 tria,

2028 2051 2232 2127 vinum
2252 2051 2451 2108 modia
2474 2056 2748 2124 quatuor.
2771 2053 2856 2109 Ad
2879 2055 3227 2111 vestimenta
3244 2056 3565 2130 presbyteri
3596 2072 3684 2112 so-

2027 2138 2178 2196 lidos
2209 2140 2498 2212 quinque;
2532 2141 2816 2198 diaconus
2848 2143 3067 2201 solidos
3085 2144 3263 2213 duos;
3286 2145 3683 2201 subdiaconus

2030 2227 2283 2284 solidum
2344 2246 2549 2285 unum.
2591 2229 2898 2286 Cucullum
2955 2248 3126 2288 nemo
3185 2232 3420 2290 illorum
3470 2238 3681 2306 portet.

2030 2317 2287 2389 Hymnos
2305 2322 2501 2375 tamen
2524 2318 2583 2373 in
2606 2320 2950 2375 memoriam
2971 2321 3224 2393 antiquas
3243 2323 3684 2379 consuetudinis

2032 2406 2090 2461 in
2123 2406 2421 2476 laudibus,
2456 2407 2786 2475 matutinis,
2822 2407 3034 2480 prima,
3067 2410 3258 2481 tertia,
3292 2414 3474 2478 sexta,
3506 2428 3680 2480 nona,

2030 2511 2272 2569 vespera
2296 2499 2355 2550 et
2376 2494 2776 2567 eompletorio,
2803 2513 2929 2567 qua:
2958 2497 3159 2553 omnia
3189 2498 3260 2553 ad
3290 2498 3496 2555 horam
3530 2500 3686 2554 debi-

2031 2588 2152 2639 tam
2179 2583 2437 2639 exhiberi
2459 2582 2703 2655 decrevi,
2727 2588 3048 2640 cantarent.
3068 2587 3137 2641 Et
3165 2586 3301 2657 quia
3333 2587 3460 2643 sine
3488 2587 3685 2660 aliquo

2034 2673 2091 2728 id
2115 2672 2239 2729 ﬁeri
2262 2673 2599 2747 magisterio
2622 2690 2793 2745 posse
2809 2675 3333 2747 desperavi,unum
3361 2678 3516 2734 402
3538 2677 3686 2732 inibi

2035 2762 2263 2836 praefeci
2310 2763 2718 2836 presbyterum
2751 2763 3178 2834 honorabilem,
3222 2782 3329 2822 nec
3376 2765 3688 2823 ministerii

2035 2851 2129 2907 sui
2162 2855 2476 2924 expertem,
2506 2856 2715 2924 praeter
2754 2851 2887 2908 illos
2930 2856 3069 2921 tres,
3094 2853 3174 2909 ita
3216 2854 3461 2923 decrevi,
3484 2859 3550 2910 ut
3588 2860 3690 2911 aut

2035 2942 2283 2998 obeunte
2316 2940 2434 3009 illo,
2468 2946 2570 2997 aut
2599 2942 2827 2998 decreta
2866 2940 3051 2999 tacere
3082 2948 3508 3013 contemnente,
3543 2943 3691 3000 alter

2035 3031 2107 3089 ab
2125 3031 2396 3104 episc0po
2409 3031 2728 3088 Vcronensi
2747 3031 2870 3087 loco
2888 3033 3497 3105 subrogaretur,illius
3518 3034 3689 3107 :(931)

2036 3120 2255 3192 quique
2283 3120 2377 3176 his
2424 3120 2721 3189 omnibus,
2755 3125 2820 3176 ut
2863 3121 3193 3178 continetur
3243 3122 3540 3194 superius,
3570 3139 3687 3178 non

260 3212 431 3267 enim
475 3225 581 3284 ego
629 3208 1168 3282 possessiunculam
1198 3210 1297 3266 Dei
1330 3211 1604 3268 Genitrici
1654 3212 1925 3269 collatam
1955 3197 1998 3265 C
2036 3226 2139 3282 per
2166 3210 2365 3265 vineas
2396 3214 2453 3265 et
2490 3226 2750 3282 campos,
2774 3210 2873 3266 sed
2907 3227 3010 3282 per
3051 3225 3362 3268 mensuras
3392 3211 3692 3284 dispensa-

261 3297 489 3356 melius
536 3299 707 3371 quasi
751 3299 1199 3373 dispensaturus
1246 3300 1391 3355 mihi
1442 3302 1774 3370 retinerem,
1825 3307 1928 3358 aut

259 3405 541 3446 meorum
592 3387 768 3445 alicui
830 3389 1060 3457 darem;
1116 3406 1189 3444 ne
1246 3405 1650 3447 successorum
1710 3391 1929 3463 aliquis

231 3492 541 3535 -meorum
573 3492 703 3534 meo
735 3476 1007 3533 similiter
1050 3477 1268 3534 faciens
1314 3479 1577 3552 exemplo
1605 3479 1928 3553 eleemosy-

258 3582 409 3623 nam
460 3564 698 3622 illorum
754 3565 1042 3622 bonorum
1095 3567 1438 3637 destrueret,
1472 3568 1736 3624 nonnihil
1768 3580 1928 3625 vere-

260 3657 392 3714 bar.
420 3656 482 3711 Si
515 3671 648 3711 vero
677 3658 912 3728 preptcr
943 3672 1123 3710 unum
1156 3654 1377 3715 falsum
1405 3656 1723 3726 cucullum,
1758 3657 1931 3715 abba-

264 3750 399 3803 tem'
418 3743 805 3817 appellatum,
830 3743 890 3799 id
918 3748 1007 3801 est
1034 3747 1257 3817 patrem
1291 3743 1700 3815 falsissimum,
1734 3764 1795 3802 re
1825 3763 1928 3803 au-

262 3839 387 3892 tem
420 3833 698 3891 vitricum
728 3832 1123 3904 verissimum,
1156 3834 1266 3891 hoc
1314 3835 1373 3889 in
1426 3851 1663 3892 uxorem
1694 3840 1751 3893 et
1777 3834 1933 3895 ﬁlios

341 3976 504 4049 (923)
527 3975 659 4049 Haec
688 3974 1001 4049 peculiaris
1031 3976 1338 4049 dispositio
1368 3981 1492 4034 erat
1510 3978 1570 4033 in
1594 3978 1937 4036 fundatione

341 3991 504 4049 (923)
528 3991 659 4031 haec
688 3991 1001 4101 peculiaris
1031 3991 1338 4049 dispositio
1368 3991 1492 4034 erat
1510 3995 1570 4033 in
1594 3991 1934 4036 runcatione

269 4050 401 4121 ejus
435 4047 703 4103 emnobio
723 4047 746 4121 Ai
774 4063 811 4103 a
836 4052 1249 4121 constructore
1267 4051 1613 4121 praestituta,
1633 4055 1698 4105 ut
1724 4051 1934 4107 abbate

270 4118 536 4192 mortuo,
569 4123 672 4192 aut
718 4118 1158 4192 inemendabili,
1203 4118 1349 4176 alter
1390 4137 1505 4176 non
1543 4137 1578 4177 a
1605 4122 1932 4192 monachis,

269 4193 375 4249 sed
410 4190 792 4264 abAepiscopo
812 4189 1142 4264 eligeretur,
1166 4196 1342 4264 atque
1372 4192 1762 4264 praeﬁceretur
1781 4208 1814 4248 e
1831 4189 1936 4249 Ve-

272 4260 518 4337 remensi
548 4260 802 4332 dioecesi,
835 4260 936 4333 qui
966 4260 1288 4337 monachos
1326 4260 1398 4319 ad
1443 4263 1729 4337 regularis
1758 4264 1935 4320 disci-

271 4334 467 4416 plinas.
482 4348 754 4416 normam
783 4332 908 4416 com
914 4332 1176 4416 pelleret.

341 4406 498 4476 (924)
532 4403 775 4488 Acberii_
789 4403 967 4488 editio
1010 4406 1268 4488 εμωῄΜί
1326 4413 1556 4488 (caueat,
1582 4406 1933 4488 perdifﬁcilis

272 4478 390 4544 hoc,
421 4491 603 4531 nonae
629 4480 982 4542 constructor,
1004 4480 1113 4532 etc.
1143 4476 1621 4533 Emendationem
1651 4476 1781 4533 novi
1815 4477 1934 4534 edi-

269 4549 419 4605 toris
450 4546 804 4619 recepimus.

341 4619 505 4691 (925)
521 4617 791 4691 AHungari
822 4617 1065 4691 italiam
1113 4618 1430 4674 identidem
1476 4619 1832 4687 invaserunt,
1867 4636 1936 4676 ae

274 4688 567 4762 incendiis
605 4688 1278 4762 depraedationibusque,
1302 4695 1610 4762 vastarunt
1658 4692 1758 4762 ab,
1780 4706 1935 4747 anno

271 4762 382 4844 900
412 4761 483 4818 ad
517 4760 741 4844 annum
786 4777 973 4844 usque
1018 4760 1320 4844 94?.Yide
1366 4761 1710 4844 Liutprandi
1741 4761 1933 4818 Histo-

274 4834 552 4914 riamALet.
570 4831 716 4914 alios
747 4831 1060 4914 scriptores
1089 4831 1300 4914 decimi
1332 4831 1548 4914 saeculi.

367 4904 500 4975 926)
528 4903 596 4977 _ln
625 4902 990 4977 Magonziani
1012 4902 1332 4977 emnobiolo
1357 4903 1473 4977 hoc
1486 4908 1747 4975 tempore
1777 4921 1933 4959 unus

277 4973 463 5033 abbas
481 4973 621 5030 'sine
648 4973 953 5031 monachis
975 4973 1396 5040 inveniebatur,
1422 4973 1694 5045 idemque
1714 4979 1769 5030 et
1800 4992 1935 5030 uxo-

275 5063 401 5104 rem
434 5045 710 5118 habebat,
730 5050 807 5116 et,
824 5045 911 5101 uti
937 5050 1141 5118 postea
1169 5045 1442 5118 traditur,
1465 5045 1725 5101 carnales
1758 5046 1929 5101 ﬁlios.

278 5117 633 5200 Hinﬁqpaplo
662 5121 795 5200 post
824 5134 996 5200 unum
1023 5118 1231 5200 falsam
1261 5117 1543 5200 cucullum
1572 5122 1811 5200 vocat.“

373 5187 502 5273 927:)
535 5188 600 5245 Id
646 5187 737 5245 est
765 5187 1064 5272 .sinerem,
1095 5191 1179 5255 ut,
1213 5188 1366 5259 quod
1417 5192 1616 5272 postea
1662 5187 1929 5260 explicat,

280 5192 589 5319 ab(batIola3
620 5232 882 5316 redditus
909 5277 972 5315 ιη
999 5272 1229 5333 mrem
1257 5268 1308 5314 et
1343 5260 1487 5330 ﬁlios
1515 5261 1784 5327 carnales,
1812 5263 1931 5333 fra-

280 5341 411 5401 tres,
436 5340 600 5404 atque
626 5335 842 5404 nepotes
873 5330 1215 5404 expenderet.
1254 5399 1268 5404 _
1366 5400 1376 5404 _
1509 5362 1537 5404 _'

350 5399 1011 5475 (928)-Forteisiliginém
1037 5400 1133 5475 ait
1173 5399 1476 5475 Acherius.
1509 5399 1664 5475 Nihil
1697 5405 1930 5475 mutan-

281 5471 421 5531 dum
442 5471 629 5554 novus
857 5471 1374 5554 credidit,et‘,jure;
1399 5472 1533 5554 hinc
1554 5472 1709 5554 enim
1731 5472 1932 5554 Italica

280 5561 394 5600 vox
421 5545 638 5619 μορμὼ.
671 5545 920 5619 Stygium
960 5545 1115 5619 apud
1161 5541 1317 5619 alios
1352 5543 1663 5619 scriptores
1693 5542 1927 5619 legitur,

282 5616 442 5694 apud
470 5613 616 5678 alios
643 5613 862 5694 regalia,
885 5621 954 5675 at
975 5613 1170 5677 videre
1190 5618 1280 5674 est
1302 5614 1362 5673 in
1385 5613 1677 5674 Glossario
1704 5613 1926 5696 (ἱεῖηεὶἱὲ

2036 3303 2132 3368 tis,
2161 3299 2315 3371 quod
2347 3303 2694 3365 remaneret,
2728 3298 2994 3365 haberet;
3029 3299 3089 3354 in
3120 3299 3416 3372 praeclaris
3443 3317 3575 3356 vero
3608 3299 3689 3356 fe-

2037 3387 2395 3446 stivitatibus
2436 3386 2569 3443 illos
2599 3387 2861 3459 quinque
2892 3405 3091 3445 secum
3122 3390 3333 3445 faceret
3364 3390 3685 3459 comedere,

2037 3476 2260 3532 eisdem
2303 3476 2450 3531 cibis
2508 3480 2565 3531 et
2621 3475 2855 3547 potibus
2887 3493 3002 3548 quo
3033 3478 3094 3548 [Ι.
3126 3476 3367 3550 quibus]
3426 3477 3687 3549 seipsum

2038 3564 2406 3620 abundanter
2434 3569 2491 3620 et
2528 3581 2631 3637 pro
2675 3570 2848 3636 pesse
2876 3566 3112 3621 eosdem
3145 3566 3432 3622 reﬁciens.
3465 3564 3689 3631 Quibus

2037 3658 2233 3710 tamen
2269 3654 2476 3710 diebus
2522 3653 2830 3710 lectionem
2878 3654 3250 3710 decernimus
3299 3656 3370 3710 ad
3421 3670 3689 3711 mensam

2037 3742 2312 3815 habeant,
2329 3747 2384 3799 et
2405 3747 2538 3815 post
2563 3742 2759 3799 cibum
2777 3742 2926 3816 (952)
2949 3743 3102 3816 quod
3126 3743 3398 3801 monachi
3430 3747 3687 3800 cantent.

2038 3833 2423 3904 Summopere
2450 3848 2606 3889 vero.
2643 3873 2655 3886 .
2694 3873 2707 3886 .
2745 3874 2759 3887 .
2796 3873 2808 3886 .
2846 3873 2859 3887 .
2897 3873 2910 3887 .
2946 3875 2959 3889 .

2041 3979 2215 4034 Panis
2243 3976 2548 4046 segalaciu:
2578 3975 2729 4048 apud
2759 3975 3139 4032 Fortunatum
3172 3975 3231 4030 in
3263 3975 3392 4032 Vita
3425 3976 3484 4031 S.
3514 3976 3693 4032 Rade-

2036 4049 2259 4123 gundis
2289 4065 2338 4123 (ξ.
2373 4048 2443 4123 45
2471 4052 2527 4102 et
2551 4049 2643 4102 21.

2113 4118 2267 4193 (929)
2290 4121 2546 4193 sericam
2572 4135 2686 4193 non
2720 4123 2810 4176 est
2840 4118 3099 4193 indicum
3129 4119 3514 4193 frumentum,
3534 4119 3690 4193 quod

2042 4189 2311 4272 serius’in
2338 4190 2565 4246 Italiam
2588 4190 2893 4246 inductum
2916 4191 3457 4272 fuit,‘sed‘quaeda.m
3479 4189 3692 4272 segetis

2041 4262 2285 4335 species,
2304 4277 2374 4317 ex
2400 4278 2517 4335 qua
2545 4278 2702 4335 nunc
2741 4278 2974 4335 quoque
3016 4260 3227 4316 alicubi
3261 4261 3431 4332 panis
3459 4260 3693 4316 conﬁci-

2042 4331 2159 4398 tur,
2181 4331 2655 4405 quaequeltalice
2679 4331 2918 4405 vocatur
2944 4348 3117 4405 surgo.

2114 4352 2159 4398 r,
2181 4350 2310 4405 quae
2359 4349 2428 4388 ue
2459 4349 2655 4387 nance
2679 4349 2918 4388 vocatur
2944 4349 3117 4403 δον-90.

2114 4405 2262 4477 (390)
2295 4349 2554 4459 taedium
2582 4419 2696 4458 non
2728 4402 2921 4459 solum
2952 4402 3272 4477 aridorum,
3301 4401 3403 4455 sed
3435 4404 3496 4477 et
3522 4398 3692 4470 liqui-

2041 4470 2253 4556 dorum
2276 4473 3133 4556 eratmenIsuraprovarietate.
3150 4470 3689 4556 locorum‘diversa,

1960 4535 2010 4601 D
2039 4550 2106 4602 ut
2124 4547 2181 4601 in
2200 4545 2413 4602 navissi
2426 4562 2519 4601 ma
2533 4535 2734 4616 Cangii
2749 4544 3003 4616 editione
3021 4542 3212 4598 fusius
3228 4541 3558 4616 ostenditur
3571 4535 3693 4597 ver;

2040 4618 2119 4673 be
2135 4618 2392 4684 Modiam,
2414 4621 2472 4671 et
2490 4613 2713 4670 Media}.
2734 4615 2894 4679 Quod
2918 4614 2967 4669 si
2997 4618 3201 4669 auctor
3218 4616 3371 4685 part.
3395 4629 3435 4680 ι,
3459 4613 3536 4685 De
3555 4628 3690 4685 con-

2042 4694 2248 4762 temptu
2287 4682 2561 4765 canonum
2600 4703 2764 4765 num.
2795 4687 2829 4741 3
2863 4686 3051 4765 :_Quot
3084 4682 3274 4757 congi'a
3307 4682 3690 4765 vini,_inquit,

2041 4756 2163 4817 non
2188 4776 2324 4818 vero
2345 4763 2471 4831 quot
2497 4756 3015 4831 movtz'a,{_congium
3032 4756 3475 4831 (menSuraerat
3502 4756 3694 4811 minor

2042 4833 2263 4899 modio,
2293 4827 2448 4902 quod
2480 4847 2548 4886 ex
2575 4827 3100 4902 pluribusicongiis
3131 4827 3454 4902 constabat.

2112 4897 2263 4975 (931)
2296 4897 2357 4957 ld
2389 4906 2497 4966 est,
2531 4897 2706 4973 αι’ᾳαί
2731 4897 3017 4972 presbyter
3041 4900 3367 4975 dispensatis
3396 4897 3481 4954 hzs
3508 4898 3692 4952 omni-

2044 4971 2140 5029 bus
2167 4971 2279 5029 non
2302 4990 2404 5045 per
2432 4971 2703 5045 vz'neas‘eti
2739 4971 2978 5045 cumpca,
3009 4971 3102 5045 sed
3144 4987 3243 5042 per
3293 4984 3599 5045 mensuras,
3632 4976 3696 5023 ut

2040 5039 2652 5116 superius-continetur,
2685 5039 2904 5116 haberet
2939 5042 3080 5116 quod
3116 5039 3379 5116 remanet,
3413 5039 3694 5094 Similiter

2041 5112 2118 5171 ini
2141 5117 2395 5173 Judicato
2424 5132 2589 5170 num.
2619 5118 2673 5181 2,
2709 5112 3182 5169 distributionem
3213 5112 3548 5168 reddituum
3592 5126 3694 5182 per

2039 5188 2245 5243 modios
2267 5195 2320 5243 et
2346 5186 2611 5252 sextario,
2644 5201 2746 5241 seu
2801 5201 2904 5257 per
2943 5201 3263 5257 mensuras
3300 5183 3423 5257 ﬁeri
3479 5181 3685 5257 consti-

2042 5258 2175 5324 tuit,
2192 5273 2314 5330 non
2338 5274 2440 5330 per
2466 5273 2683 5328 campos
2710 5264 2768 5330 et
2786 5254 3000 5330 cineas.
3015 5255 3306 5330 Notabilis
3330 5255 3452 5309 haec
3481 5254 3691 5330 distin-

2041 5330 2156 5385 ctio
2187 5324 2604 5401 inter'campos
2635 5333 2694 5384 et
2719 5328 2940 5397 vineas,
2971 5328 3041 5383 de
3071 5344 3189 5399 qua
3216 5327 3347 5383 vide
3376 5331 3498 5381 not.
3533 5326 3593 5379 11
3631 5324 3691 5379 in

2038 5402 2365 5458 Judicatum.

2111 5473 2269 5548 (932)-
2288 5472 2350 5548 Id
2390 5475 2499 5537 est,
2531 5474 2770 5527 cantent
2812 5472 3014 5548 eadem
3046 5487 3195 5548 quae,
3220 5467 3500 5548 _monacbi
3534 5482 3690 5548 .can-

2037 5542 2186 5601 tant.
2216 5542 2494 5613 Multane,
2522 5560 2597 5600 an
2626 5560 2813 5619 pauca
2839 5543 2900 5601 in
2930 5544 3047 5601 ﬁne
3066 5542 3498 5613 desiderentur,
3531 5542 3691 5613 igno-
