4094 6180
482 264 601 326 555

1406 253 1785 320 RATHERII
1828 251 2073 317 EPISC.
2120 248 2413 315 VERON.
2462 251 2636 316 OPP.
2685 248 2887 317 PARS
2929 249 2981 316 Ι.

3717 254 3816 321 556

482 403 595 453 tom
631 395 748 458 Dei,
780 391 1003 448 trifarie
1035 408 1242 465 parare
1282 390 1619 447 memoriter
1649 387 1958 451 festinetis,
1985 385 2132 453 [sub-
2162 385 2218 450 Α
2248 386 2317 440 de
2346 386 2610 459 Egypto,
2637 387 2692 441 id
2728 391 2836 453 est,
2862 386 3089 442 inferno
3119 401 3469 457 erueremur;
3498 391 3551 443 et
3575 404 3667 461 per
3690 407 3826 448 mare

476 484 611 539 audi
644 482 825 548 illam]
857 481 968 537 hoc
1009 486 1118 551 est,
1151 481 1474 538 secundum
1512 476 1868 552 symbolum,
1897 477 2051 531 410
2076 474 2133 529 id

475 576 564 627 est
619 570 988 626 collationem
1049 569 1469 643 apostolorum,
1512 567 1667 624 sicut
1723 566 1783 621 in
1839 562 2138 620 Psalteriis

455 660 753 716 correctis
796 659 1093 714 invenitur
1122 658 1302 731 (935);
1337 661 1395 712 et
1437 655 1598 711 illam
1632 672 1759 727 quis
1791 654 1863 710 ad
1893 652 2139 708 missam

476 749 740 815 canitur;
773 752 831 804 et
861 748 1022 803 illam
1057 746 1245 802 sancti
1268 743 1594 813 Athanasii,
1621 760 1748 815 quae
1782 742 1863 797 ita
1892 740 2135 812 incipit:

479 839 796 909 Quicunque
824 837 942 891 vult
970 836 1158 891 salvus
1186 850 1319 890 esse.
1349 833 1696 904 Quicunque
1724 830 1850 885 vult
1877 845 2014 902 ergo
2046 844 2141 883 sa-

477 927 682 982 cerdos
720 925 782 980 in
812 928 1013 979 nostra
1043 922 1322 995 parochia
1366 936 1517 989 esse,
1551 925 1654 976 aut
1701 919 1845 986 fieri,
1879 923 1982 974 aut
2010 933 2139 989 per-

478 1029 736 1081 manere,
762 1014 909 1084 (936)
954 1012 1087 1068 illas
1132 1016 1253 1067 tres
1285 1010 1541 1082 [subaudi
1588 1007 1757 1080 ﬁdes]
1806 1004 2144 1062 memoriter

479 1103 652 1159 nobis
700 1102 922 1167 recitet,
958 1116 1094 1157 cum
1144 1099 1409 1172 proxime
1442 1115 1477 1153 a
1514 1097 1684 1152 nobis
1733 1095 1848 1151 huc
1902 1098 2141 1150 vocatus

482 1191 679 1247 fuerit.

553 1282 609 1333 2.
633 1279 839 1333 Moneo
862 1277 1036 1332 etiam
1068 1293 1170 1331 vos
1194 1276 1265 1330 de
1289 1274 1382 1330 die
1412 1273 1738 1339 Dominico,
1758 1275 1825 1327 ut
1852 1268 2140 1342 cogitetis,

484 1370 586 1421 aut
616 1365 665 1420 si
697 1365 952 1437 cogitare
1003 1363 1263 1426 nescitis,
1297 1360 1690 1433 interrogetis,
1712 1376 1892 1432 quare
1922 1359 2004 1414 ita
2044 1375 2142 1413 vo-

483 1459 648 1511 cetur
670 1471 683 1509 :
709 1470 821 1507 usu
854 1453 1009 1508 enim
1041 1451 1381 1524 quotidiano
1416 1449 1549 1505 illas
1579 1465 1671 1504 res
1700 1448 2033 1504 Dominicas
2062 1446 2144 1502 di-

483 1543 693 1610 cimus,
720 1559 847 1613 quaa
892 1541 1124 1613 proprie
1156 1539 1227 1595 ad
1262 1538 1532 1593 dominos
1564 1537 1856 1609 pertinent
1885 1536 2140 1592 illarum.

481 1635 560 1689 Eo
584 1634 779 1705 itaque
801 1648 977 1687 sensu
1004 1628 1307 1685 Dominica
1328 1627 1543 1683 dicitur
1564 1626 1709 1689 dies,
1727 1626 1883 1697 quod
1914 1624 2146 1696 proprie

483 1723 553 1776 ad
580 1720 916 1783 Dominum,
936 1718 993 1773 id
1022 1721 1110 1772 est
1133 1717 1339 1772 Jesum
1363 1714 1664 1769 Christum
1692 1713 2143 1785 pertineat.Cum

482 1826 618 1865 vero
643 1825 848 1864 omnes
869 1807 994 1861 dies
1014 1805 1204 1877 ipsius
1227 1804 1364 1872 sint,
1388 1804 1542 1858 sicut
1562 1807 1618 1858 et
1638 1801 1835 1857 omnia
1856 1818 1982 1873 qua:
2007 1805 2146 1856 sunt

486 1899 545 1953 in
578 1897 740 1963 coelo,
756 1901 813 1950 et
832 1896 893 1949 in
914 1899 1089 1959 terra,
1108 1897 1166 1948 et
1187 1892 1248 1947 in
1272 1893 1440 1959 mari,
1458 1896 1514 1946 et
1534 1892 1601 1964 in)
1621 1890 1896 1946 omnibus
1918 1889 2145 1963 abyssis

491 1987 662 2058 (Psal.
687 2001 912 2052 cxxxrv,
935 1982 1012 2053 6);
1043 1980 1456 2052 inquirendum
1482 1996 1662 2052 quare
1691 1978 1806 2035 ista
1833 1979 2025 2036 solum
2057 1979 2143 2035 di-

492 2080 658 2131 catur
698 2073 857 2127 illius
890 2087 1037 2127 esse.
1063 2069 1353 2125 Nimirum
1387 2069 1525 2141 quia
1554 2069 1680 2140 ipse
1706 2069 1765 2123 in
1796 2085 1864 2124 ea
1893 2069 2038 2139 (937)
2063 2086 2146 2125 re-

491 2162 760 2219 surrexit.
787 2161 898 2216 Sed
918 2159 979 2214 in
1010 2158 1227 2231 quibus
1250 2157 1525 2213 Kalendis
1550 2156 1803 2224 [subaudi
1823 2174 2146 2214 resurrexe-

490 2251 585 2323 rit]
620 2268 733 2306 non
767 2265 964 2315 cures;
1016 2248 1086 2302 de
1130 2247 1224 2302 die
1270 2245 1639 2302 solummodo
1686 2246 1896 2318 cogita.
1930 2247 2146 2311 Quinta

489 2341 632 2395 feria
664 2344 793 2411 post
822 2353 1127 2408 vesperum
1177 2340 1267 2391 est
1315 2335 1588 2402 traditus,
1619 2340 1781 2390 sexta
1810 2336 2142 2405 crucitixus,

490 2429 739 2501 septima
792 2426 1012 2497 quievit
1068 2424 1128 2479 in
1186 2422 1477 2495 sepulcro,
1502 2428 1707 2478 octava
1763 2424 2146 2480 resurrexita

490 2517 758 2584 mortuis,
783 2523 839 2569 et
862 2514 1015 2568 inter
1043 2513 1294 2568 duorum
1329 2512 1557 2567 dierum
1591 2516 1840 2583 partem,
1866 2512 1984 2567 sive
2006 2513 2146 2568 inte-

489 2607 760 2677 gritatem
795 2602 1075 2667 noctium,
1103 2601 1298 2656 triduo
1328 2601 1474 2671 (933)
1503 2604 1569 2655 ut
1599 2600 1963 2672 promiserat,
1989 2603 2137 2657 411

491 2694 663 2755 facto,
714 2710 748 2746 a
800 2690 977 2753 corde,
1023 2689 1082 2743 id
1138 2692 1228 2744 est
1283 2688 1661 2743 interioribus
1714 2692 1881 2745 terra,o
1919 2690 2140 2761 (Matth.

488 2798 592 2848 κη,
626 2779 714 2851 40)
746 2780 817 2834 ad
866 2775 1172 2848 Apostolos
1203 2776 1394 2849 rediit.
1422 2776 1567 2830 Hinc
1616 2776 1746 2847 ipsa
1774 2780 1991 2843 octava,
2025 2777 2144 2834 sive

492 2869 682 2941 prima
712 2867 854 2921 feria
884 2866 1009 2921 dies
1037 2868 1276 2919 vocatur
1323 2864 1655 2929 Dominica;
1689 2870 1747 2919 et
1791 2864 1848 2919 in
1882 2882 2143 2936 quocun-

493 2973 607 3029 que
629 2955 1020 3011 Kalendarum
1053 2952 1148 3008 die
1176 2952 1420 3019 eveniat,
1445 2968 1676 3024 semper
1695 2958 1785 3008 est
1810 2952 2048 3021 Pascha,
2084 2955 2142 3010 id

493 3050 602 3111 est,
635 3046 902 3101 transitus
933 3041 1242 3098 Dominide
1272 3045 1456 3096 morte
1482 3041 1552 3096 ad
1583 3040 1784 3104 vitam,
1806 3045 1864 3097 et
1889 3059 2005 3098 uno
2027 3060 2147 3100 mo-

2248 474 2533 537 Rubrum,
2557 474 2666 529 hoc
2697 479 2806 540 est,
2836 473 3200 547 baptismum
3225 474 3498 548 sanguine
3521 475 3724 533 Domini
3749 495 3827 535 ru-

2244 563 2442 629 beum,
2468 579 2571 634 per
2597 563 2894 618 desertum
2941 563 3243 635 praesentis
3273 564 3401 619 vitm
3427 564 3622 631 educti,
3650 565 3713 621 ad
3736 570 3832 622 ter-

2248 666 2372 705 ram
2396 650 2888 722 repromissionis,
2903 652 2963 707 id
2989 650 3281 718 est,vitam
3300 657 3560 709 aeternam
3578 654 3833 728 pervenire

2247 756 2579 810 possemus.
2607 739 2797 795 Habes
2827 739 3070 809 Pascha,
3095 740 3149 795 id
3185 744 3273 796 est
3300 740 3596 797 transitum
3617 742 3835 811 bonum;

2249 827 2431 884 habes
2462 833 2693 901 Agnum
2720 845 2824 901 pro
2872 832 2930 884 te
2971 829 3261 897 occisum;
3293 828 3546 886 transisti
3572 845 3715 886 mare
3740 831 3838 886 Ru-

2247 916 2444 982 brum,
2476 916 2740 989 graderis
2769 932 2873 988 per
2916 916 3232 973 desertum.
3255 916 3397 973 Vide
3435 934 3544 990 quo
3579 917 3843 990 graderis‘l

2248 1005 2429 1061 Stude
2458 1008 2524 1059 ut
2551 1005 2700 1077 (940)
2743 1006 3064 1077 pervenias,
3089 1022 3206 1078 quo
3252 1005 3445 1062 venire
3488 1004 3588 1069 tibi
3628 1006 3842 1078 expedit.

2251 1093 2476 1149 Labora
2506 1109 2641 1149 cum
2669 1093 2769 1150 Dei
2810 1094 3126 1165 adjutorio,
3151 1109 3225 1150 ne
3254 1099 3356 1150 aut
3381 1094 3439 1150 in
3469 1095 3747 1167 Egyptum
3772 1111 3847 1150 re-

2250 1182 2410 1249 deas,
2424 1180 2604 1237 autin
2626 1182 2854 1238 deserto
2876 1198 3099 1254 pereas,
3113 1183 3217 1238 sed
3243 1182 3314 1238 ad
3337 1181 3577 1255 patriam
3595 1181 3848 1239 scelestam

2251 1269 2573 1342 pervenias.
2609 1270 2672 1325 In
2701 1269 3017 1342 Egyptum
3043 1287 3178 1326 vero
3210 1274 3268 1326 te
3297 1270 3480 1327 redire
3506 1285 3783 1343 cognosce,
3809 1269 3851 1325 si

2251 1364 2579 1431 peccatum,
2607 1359 2763 1429 quod
2791 1358 3125 1428 deseruisti,
3156 1359 3462 1432 praesumis
3488 1364 3742 1431 repetere.
3772 1358 3854 1413 Pe-

2252 1446 2333 1502 ris
2363 1464 2496 1503 vero
2541 1447 2601 1502 in
2632 1447 2882 1517 deserto,
2917 1447 2967 1503 si
3010 1463 3127 1503 non
3169 1463 3499 1520 perseveras
3528 1447 3584 1502 in
3610 1446 3786 1503 labore
3809 1449 3856 1502 et

2252 1552 2424 1608 opere
2456 1537 2629 1591 bono.

2323 1626 2377 1679 3.
2405 1624 2515 1680 Sed
2549 1625 2860 1681 redeamus
2898 1625 2970 1680 ad
3010 1624 3355 1697 Apostolum
3382 1642 3396 1680 :
3425 1624 3646 1690 Pascha,
3674 1621 3856 1696 inquit,

2253 1712 2465 1769 Pascha
2492 1716 2740 1768 nostrum
2772 1714 3087 1769 immolatus
3129 1717 3206 1769 est
3236 1714 3496 1770 Christus.
3518 1713 3743 1769 Postea:
3769 1713 3861 1767 Ita-

2253 1819 2355 1875 que
2384 1802 2686 1874 epulemur.
2713 1801 2891 1858 Putas
2918 1802 3072 1874 quod
3103 1800 3295 1858 dicat:
3324 1800 3580 1874 Crapulze
3615 1806 3670 1857 et
3703 1799 3858 1856 ebrie-

2252 1891 2357 1945 tati
2387 1890 2700 1946 vacemus?
2725 1891 3103 1963 Nequaquam
3128 1908 3142 1959 ;
3176 1892 3445 1963 sequitur
3476 1890 3663 1947 enim:
3688 1890 3790 1946 Non
3814 1890 3862 1943 in

2250 1981 2516 2051 fermento
2545 1980 2732 2045 veteri,
2765 1977 2824 2033 id
2855 1984 2947 2034 est
2972 1978 3273 2036 inﬂatione
3294 1980 3536 2045 ventris,
3556 1977 3643 2034 vel
3668 1983 3863 2033 tumore

2253 2067 2561 2123 anterioris
2590 2066 2830 2139 peccati,
2862 2072 2965 2122 aut
2997 2067 3229 2123 alﬂectu
3263 2069 3337 2123 ad
3368 2071 3656 2123 transacta
3680 2064 3866 2122 scelera

2253 2156 2558 2224 redeundi,
2581 2154 2670 2210 vel
2717 2155 2834 2211 alia
2863 2157 3237 2228 perpetrandi
3275 2174 3288 2213 :
3320 2158 3502 2229 Neque
3541 2158 3599 2212 in
3638 2159 3865 2227 femento

2250 2247 2480 2301 nmlitiw
2510 2248 2562 2300 et
2582 2246 2878 2315 nequitiae;
2907 2245 3001 2301 sed
3020 2247 3080 2301 in
3101 2247 3315 2318 azymis
3334 2247 3664 2303 sinceritatis
3688 2252 3735 2302 et
3755 2243 3867 2299 veri-

2253 2336 2381 2390 tatis
2411 2333 2592 2403 (Ibid.,
2615 2335 2693 2401 8),
2717 2332 2774 2388 id
2806 2338 2915 2402 est,
2945 2338 3008 2389 ut
3054 2333 3114 2389 in
3160 2351 3339 2407 opere
3378 2333 3549 2407 justi,
3578 2333 3635 2389 in
3678 2332 3869 2405 cogita-

2251 2425 2409 2479 tione
2451 2422 2771 2493 simplices,
2800 2423 2858 2478 in
2911 2440 3180 2479 sermone
3218 2423 3414 2480 simus
3443 2439 3687 2480 veraces.
3707 2424 3867 2488 Quan-

2260 2512 2376 2567 do?
2405 2511 2576 2567 Omni
2607 2516 2866 2582 tempore
2897 2528 2910 2566 :
2940 2511 3228 2584 praecipue
3265 2529 3405 2569 vero
3435 2512 3495 2568 in
3525 2509 3770 2585 paschali
3795 2524 3869 2563 so-

2252 2599 2573 2664 lemnitate,
2598 2598 2707 2654 hoc
2739 2605 2826 2655 est
2857 2600 3019 2655 omni
3049 2600 3359 2656 Dominica
3390 2601 3528 2657 anni
3559 2598 3753 2672 integri
3775 2597 3870 2652 die.

2252 2689 2312 2744 Si
2343 2688 2501 2744 enim
2542 2688 2845 2744 Dominica
2873 2693 2964 2744 est
3001 2688 3255 2755 Domini,
3289 2690 3504 2762 utique
3550 2705 3660 2745 non
3706 2691 3878 2742 nostra

2252 2777 2377 2832 dies
2408 2780 2532 2831 est:
2558 2776 2619 2831 Si
2650 2775 2875 2831 Domini
2908 2778 3017 2845 est,
3058 2776 3389 2832 reverentia
3428 2775 3656 2833 Domini
3686 2780 3766 2831 est
3790 2773 3874 2828 ho-

2252 2864 2532 2921 noranda.
2564 2864 2674 2920 Sed
2720 2865 2892 2934 cuius
2922 2864 3188 2920 domini?
3219 2865 3466 2933 Revera,
3491 2866 3591 2938 qui
3639 2882 3739 2921 nos
3764 2877 3877 2919 cum

2252 2970 2369 3008 non
2400 2968 2666 3007 essemus
2696 2952 2860 3019 fecit;
2894 2953 2995 3024 qui
3035 2970 3143 3009 nos
3171 2970 3309 3009 cum
3355 2954 3566 3026 perditi
3597 2954 3878 3009 fuissemus

2252 3041 2478 3109 refecit;
2513 3041 2613 3113 qui
2643 3058 2750 3096 nos
2781 3041 3092 3113 gubernat,
3113 3042 3236 3109 alit,
3263 3043 3479 3110 nutrit,
3506 3042 3775 3107 defendit;
3797 3036 3881 3110 qui

492 3135 586 3200 do,
613 3133 898 3205 quidquid
930 3131 1269 3195 manduces,
1290 3128 1378 3184 vel
1412 3129 1601 3199 bibas,
1630 3133 1721 3185 est
1762 3130 2142 3188 observanda.
2176 3116 2219 3182 C
2258 3128 2434 3184 vitam
2467 3134 2743 3197 nostram,
2778 3145 3086 3201 quousque
3133 3128 3217 3184 illi
3268 3130 3582 3202 placuerit,
3610 3130 3699 3186 hic
3725 3125 3881 3184 conti-

493 3222 657 3277 Unde
679 3226 873 3277 autem
895 3218 1300 3275 observanda?
1319 3218 1403 3273 Ab
1426 3234 1597 3290 opere
1620 3219 1834 3273 servili.
1855 3221 2018 3285 Quod
2042 3238 2143 3277 au-

490 3314 608 3365 tem
629 3313 715 3365 est
731 3325 878 3380 opus
896 3305 1140 3362 servile?
1156 3306 1461 3362 Peccatum
1481 3324 1493 3361 :
1509 3306 1607 3378 qui
1624 3306 1781 3362 enim
1801 3309 2147 3379 peccat,dia-

489 3397 622 3454 bolo
654 3398 849 3454 servit.
874 3396 935 3451 Si
966 3412 1102 3468 ergo
1134 3395 1291 3449 omni
1326 3395 1419 3450 die
1449 3395 1751 3451 Dominico
1780 3399 1867 3452 est
1898 3396 2143 3466 Pascha,

491 3487 868 3560 quaerendum
893 3485 1031 3556 quid
1066 3484 1234 3539 nobis
1266 3483 1598 3538 faciendum
1629 3483 1689 3539 in
1721 3500 1806 3539 ea.
1829 3485 2144 3557 Apostolus

490 3576 679 3631 dicat:
710 3575 940 3641 Pascha,
974 3571 1188 3644 inquit,
1211 3571 1422 3627 Pascha
1450 3580 1697 3628 nostrum
1726 3574 2038 3630 immolatus
2067 3584 2145 3632 est

492 3665 735 3719 Christus
757 3664 804 3732 (I
819 3662 937 3717 Cor.
953 3679 1006 3726 v,
1023 3664 1101 3729 7).
1123 3662 1309 3724 Quare
1331 3660 1555 3717 Pascha
1575 3666 1664 3717 est
1683 3662 1987 3719 Christus?
2005 3664 2147 3735 quia

490 3751 830 3805 immolatus
848 3749 1144 3820 (939).Cur
1164 3748 1541 3803 immolatus?
1564 3753 1625 3804 ut
1647 3766 1751 3821 pro
1773 3751 1942 3806 nobis
1964 3768 2145 3808 more-

490 3843 670 3892 retur.
706 3836 867 3891 Sicut
898 3835 1099 3906 utique
1130 3839 1299 3891 antea
1336 3835 1433 3891 ille
1478 3836 1915 3903 immolabatur,
1949 3840 2141 3910 cujus,

487 3926 774 3997 sanguine
789 3923 1127 3979 liberandus
1141 3924 1212 3978 ab
1225 3923 1468 3996 [Egypto
1490 3925 1741 3996 populus
1761 3927 2141 3998 purgabatur,

484 4014 566 4069 ita
595 4030 731 4086 ergo
765 4018 820 4065 et
846 4012 955 4067 iste
986 4018 1289 4082 propterea
1309 4016 1397 4066 est
1419 4011 1862 4079 immolatus,ut
1891 4032 2141 4072 morere-

482 4106 601 4168 tur,
623 4105 929 4174 propterea
958 4100 1287 4169 accisus,ut
1307 4116 1415 4155 nos
1437 4116 1540 4172 per
1571 4102 1921 4174 sanguinem
1955 4104 2143 4175 ipsius

482 4208 517 4247 a
545 4194 833 4245 vastatore
865 4188 1069 4243 mundi
1119 4186 1348 4261 angelo,
1375 4187 1431 4243 id
1480 4192 1569 4244 est
1600 4189 1854 4257 diabolo,
1887 4190 2141 4261 liberati,

548 4333 693 4405 (935)
726 4331 869 4386 Hinc
912 4330 1198 4405 suspicari
1232 4328 1385 4405 licet,
1413 4330 1471 4385 in
1512 4329 1831 4405 Veronensi
1882 4334 2141 4392 Ecclesia

479 4401 884 4483 apostolorum.
909 4401 1247 4483 Symbolum
1269 4401 1537 4483 aliquam
1586 4403 1946 4483 additionem
1979 4424 2134 4463 rece-

476 4473 652 4547 pisse,
682 4476 763 4528 uti
812 4473 1133 4547 alicu_bi,et
1160 4474 1216 4527 in
1252 4473 1610 4547 Aquileiensi
1645 4476 1967 4547 praesertim
2014 4495 2134 4533 me-

472 4544 826 4617 tropolitani:
856 4545 1111 4617 ecclesia,
1147 4544 1375 4617 accidit.
1405 4545 1708 4614 Ejusmodi
1739 4552 1935 4602 autem
1970 4549 2132 4604 addi-

476 4615 734 4691 tamenta
766 4633 899 4670 cum
933 4634 966 4671 a
990 4615 1260 4691 Ratherio
1293 4633 1405 4671 non
1426 4617 1845 4691 probarentur,
1876 4620 1948 4673 ad
1982 4620 2134 4691 psal-

473 4688 619 4760 teria
650 4692 908 4760 correcta
955 4686 1200 4752 remisit,
1234 4687 1291 4741 in
1339 4687 1555 4759 quibus
1605 4688 1756 4743 idem
1785 4686 2130 4760 Symbolum

474 4758 835 4827 descriptum
868 4763 1011 4811 erat.

542 4829 687 4893 (936)
724 4827 887 4898 Vulg.
917 4829 1017 4881 illa
1040 4830 1255 4898 fratres.
1288 4827 1655 4883 Correximus
1681 4847 1795 4885 non
1828 4829 2022 4887 solum
2055 4850 2124 4887 ex

470 4917 580 4971 ms.
608 4898 984 4971 Frisingcnsi,
1009 4916 1211 4953 verum
1243 4899 1417 4971 etiam
1449 4916 1517 4954 ex
1544 4901 1839 4956 Itin-erario
1872 4920 2034 4958 num.
2061 4906 2119 4969 6,

465 4970 526 5024 in
552 4987 673 5043 quo
705 4970 811 5023 hoc
845 4970 1098 5043 primum
1132 4970 1428 5043 Synolicae
1460 4970 1782 5041 capitulum
1814 4974 2116 5030 recitatur.

466 5040 607 5096 Dein
630 5042 878 5112 proxime
903 5057 971 5095 ex
995 5040 1196 5096 eodem
1217 5042 1508 5096 Itinerario
1529 5040 1971 5101 emendavimus
1998 5062 2011 5100 :
2039 5045 2121 5101 le-

473 5114 728 5184 gclmtur
748 5115 1021 5183 promimo,

538 5184 693 5258 (93?)
711 5180 1001 5258 Itacodes
1033 5182 1441 5258 Frisingensis.
1472 5180 1669 5255 Vulg.,
1704 5186 1876 5258 ineo,
1913 5203 2088 5258 perpe
2108 5221 2120 5229 -

469 5254 770 5328 ramppMox
798 5256 855 5328 in
881 5255 1074 5328 quibus
1094 5253 1349 5328 Kalendis
1378 5253 1530 5308 idem
1552 5253 1642 5328 est
1664 5272 1730 5311 ac
1761 5257 1822 5310 in
1842 5253 1947 5328 quo
1967 5253 2120 5313 men-

464 5327 541 5380 sis
570 5325 677 5378 die.
715 5324 982 5379 Kalendae
1014 5324 1316 5396 enimnon
1358 5341 1461 5396 pro
1512 5326 1699 5396 primo
1732 5324 1981 5394 tantum,
2015 5330 2117 5385 sed

466 5412 569 5468 pro
614 5396 820 5468 quovis
868 5396 961 5468 dic
1011 5394 1241 5468 mensis
1270 5394 1527 5468 acceptis
1572 5396 1834 5466 fuerunt;
1872 5401 2027 5455 unde
2060 5401 2117 5456 in

464 5467 597 5521 Vita
617 5466 670 5520 S.
700 5467 854 5541 Land
866 5466 1246 5541 riciepiscopi
1269 5466 1547 5541 Metensis
1569 5485 1731 5523 num.
1752 5469 1840 5534 11,
1858 5486 1960 5541 per
1976 5472 2120 5527 mul-

465 5542 545 5594 tos
584 5554 757 5595 annos
785 5538 1050 5601 Kalenda,
1082 5538 1136 5592 id
1188 5542 1276 5595 est
1322 5538 1467 5604 dies,
1515 5540 1830 5604 festivitatis
1858 5538 1936 5598 'S.
1971 5543 2112 5598 Lun-

460 5610 602 5675 ἀνίοι
632 5610 922 5672 oblivionis
948 5610 1207 5682 rubigine
1237 5613 1375 5671 tecta
1402 5610 1672 5670 traditur.
1706 5611 1771 5671 In
1801 5628 1976 5688 quem
2007 5613 2111 5690 igi-

2254 3221 2379 3285 net;
2413 3233 2547 3271 cum
2567 3215 2840 3285 voluerit,
2865 3234 2993 3273 eam
3026 3217 3164 3273 hinc
3197 3220 3481 3289 mutabit,
3507 3223 3565 3276 et
3587 3223 3685 3275 aut
3712 3214 3883 3273 melio-

2253 3322 2377 3361 rem
2401 3322 2502 3377 pro
2526 3305 2774 3372 meritis,
2800 3311 2903 3361 aut
2930 3306 3137 3362 reddet
3168 3308 3436 3379 pejorem
3464 3326 3478 3365 :
3504 3314 3782 3381 postremo
3803 3302 3887 3375 qui

2253 3412 2361 3451 nos
2382 3394 2694 3465 judicahit,
2718 3399 2775 3450 et
2802 3397 2905 3449 aut
2936 3394 2994 3450 in
3027 3395 3254 3453 inferno
3279 3397 3416 3453 sine
3450 3398 3566 3454 ﬁne
3595 3392 3887 3460 damnabit,

2252 3488 2356 3539 aut
2384 3483 2443 3537 in
2475 3482 2618 3538 coelo
2641 3482 2989 3538 mternaliter
3008 3485 3341 3541 coronabit.
3366 3485 3530 3541 Talis
3560 3486 3709 3541 412
3738 3482 3890 3555 igitur

2253 3588 2320 3627 ac
2351 3577 2523 3628 tantae
2576 3571 2880 3644 potestatis
2911 3572 3141 3628 Domini
3172 3590 3312 3630 cum
3372 3574 3499 3631 hazc
3561 3574 3637 3630 sit
3690 3567 3892 3646 preprie

2252 3661 2399 3726 dies,
2422 3660 2760 3726 honoratur,
2784 3664 2851 3714 ut
2881 3677 3011 3717 eam
3046 3678 3148 3733 pro
3175 3662 3454 3719 decentia
3494 3663 3644 3719 tanti
3692 3656 3890 3715 Domini

2252 3751 2432 3806 decet.
2459 3749 2739 3805 Honorari
2768 3766 2903 3805 vero
2949 3749 3113 3805 nullo
3153 3751 3334 3807 modo
3369 3751 3486 3807 nisi
3520 3747 3892 3808 ordinabiliter

2250 3838 2422 3894 valet.
2456 3836 2579 3894 Nisi
2624 3838 2782 3893 enim
2832 3853 3143 3909 parasceve
3194 3839 3535 3896 Sabbatum
3597 3836 3891 3898 antecedat,

2252 3927 2575 3982 Sabbatum
2596 3926 2751 3981 diem
2774 3925 3171 3996 Dominicam;
3202 3926 3335 3984 dies
3359 3946 3477 3985 non
3513 3932 3604 3984 est
3632 3925 3897 3982 ullatenus

2252 4015 2574 4071 Dominica.

2242 4136 2259 4145 κ
2323 4105 2375 4159 4.
2405 4104 2551 4169 Quid
2583 4106 2779 4159 autem
2823 4108 2913 4159 est
2960 4106 3317 4174 parasceve?
3365 4104 3690 4179 Apostolus
3715 4102 3895 4159 dicat:

2251 4195 2447 4248 Probet
2474 4196 2677 4260 autem,
2711 4191 2812 4260 ait,
2843 4193 3084 4264 seipsum
3132 4192 3318 4263 homo,
3354 4198 3411 4250 et
3447 4197 3533 4252 sie
3570 4194 3637 4252 de
3658 4208 3796 4266 pane
3821 4189 3901 4245 illo

2251 4340 2351 4390 tur
2382 4318 2602 4420 mensis
2633 4332 2788 4415 diem
2834 4333 3480 4420 inciderit‘Domi‘nic‘a,
3512 4353 3633 4420 qua
3660 4333 3902 4392 Christus

2250 4406 2585 4479 resurrexit,
2617 4404 2859 4460 minime
2902 4406 3231 4461 curandum
3285 4404 3619 4464 Ratherius
3666 4420 3902 4479 pronun-

2167 4453 2214 4517 D
2250 4453 2375 4532 ἰὶἶιῖ

3585 4552 3776 4615 artem,
3805 4545 3907 4602 sits

3594 4639 3629 4676 x
3660 4637 3767 4675 ms.
3794 4617 3902 4673 Fri-

2241 4688 2501 4761 singensi
2533 4687 2865 4761 desevimus
2895 4690 3085 4761 trium,
3111 4701 3168 4743 et
3198 4692 3280 4745 vel
3305 4697 3450 4747 ante
3481 4708 3685 4747 vocem
3717 4688 3900 4753 tridui),

2240 4759 2567 4815 ubi—tamen
2602 4759 2682 4814 vel
2715 4760 3088 4829 praemittitur
3128 4761 3253 4816 voci
3294 4765 3576 4819 noctium.
3612 4763 3673 4819 Si
3724 4766 3903 4817 autem

2239 4849 2344 4886 vox
2374 4832 2545 4886 trium
2575 4836 2729 4903 esset
2770 4830 3090 4898 retinenda,
3112 4830 3458 4903 legeremus
3510 4832 3788 4890 libentius
3817 4847 3829 4883 :
3859 4835 3904 4883 et

2238 4905 2380 4957 inter
2412 4900 2825 4974 triumdierum
2851 4912 3083 4974 partem.
3114 4900 3227 4957 sive
3255 4904 3515 4960 duarum
3545 4905 3905 4974 integritatem

2234 4976 2495 5037 nimium,
2528 4972 2730 5039 triduo,
2754 4978 2861 5026 etc.
2908 4973 3038 5028 Mox
3067 4974 3250 5041 rediit,
3284 4982 3348 5030 et
3399 4980 3628 5033 eveniat
3668 4972 3904 5044 scripsi-

2236 5062 2369 5119 mus
2428 5060 2495 5097 ex
2544 5044 2746 5119 eodem
2798 5060 2908 5098 ms.
2944 5044 3214 5118 l~‘rising.,
3248 5061 3396 5101 cum
3451 5047 3516 5102 in
3571 5046 3729 5119 vulg.
3763 5044 3904 5099 esset

2232 5114 2393 5177 redit,
2420 5118 2477 5169 et
2505 5115 2768 5168 evenerit.

2302 5185 2460 5310 (939)
2473 5185 2751 5240 Acherius
2769 5200 2868 5255 pro
2888 5186 3047 5241 nobis
3068 5187 3414 5243 immolatus.
3447 5191 3574 5244 Hoc
3596 5188 3724 5244 loco
3745 5197 3901 5239 voces

2302 5274 2326 5310 ο
2356 5272 2425 5310 no
2468 5258 2513 5310 is
2542 5256 2756 5310 desunt
2786 5256 2841 5309 in
2876 5256 3112 5310 laudato
3143 5257 3345 5310 codice
3393 5259 3657 5310 Frisina.
3682 5264 3739 5310 et
3774 5266 3901 5310 sane

2229 5274 2330 5332 pro
2356 5256 2513 5332 nobis
2542 5256 2756 5332 desunt
2786 5256 2841 5309 in
2876 5256 3112 5332 laudato
3143 5257 3657 5332 codiceLFrising.
3682 5264 3739 5313 et
3774 5266 3901 5310 sane

2228 5327 2576 5402 rejiciendze;
2595 5328 2811 5402 frustra
2830 5327 2986 5382 enim
3012 5328 3497 5402 insequentibus
3529 5327 3898 5402 quaereretur.

2227 5398 2340 5457 Cur
2369 5399 2724 5470 immolatus?
2752 5403 2809 5452 et
2840 5398 3312 5470 responderetur,
3345 5416 3459 5470 pro
3492 5398 3676 5465 nobis,
3711 5399 3759 5455 si
3780 5398 3898 5468 jam

2225 5470 2597 5544 praemissum
2619 5469 2839 5544 luisset
2861 5469 2962 5542 pro
2998 5472 3158 5544 nobis
3188 5469 3544 5527 immolatus.

2262 5542 2445 5623 ,(940)
2477 5538 2827 5598 Particulam
2860 5534 2921 5598 ut
2964 5540 3306 5617 addidimus
3357 5559 3476 5620 cpe
3528 5540 3755 5602 codicis
3782 5534 3898 5596 Fri-

2226 5628 2382 5696 ειηε.

2314 4548 2462 4617 (938)
2485 4544 2681 4617 Vulg.,
2714 4549 2766 4599 et
2810 4546 2957 4601 inter
2997 4546 3231 4602 duorum
3260 4548 3502 4605 dierum

2241 4622 2414 4674 trium
2443 4618 2817 4685 integritatem
2867 4619 3124 4684 noctium,
3158 4618 3240 4674 vel
3290 4621 3509 4677 triduo.
