  <div class='ocr_page' id='page_1' title='image "/cluster/home/n/w/nwhite01/storage/ocr_20150623/136/hvd.32044054759964/286.png"; bbox 0 0 4060 6176; ppageno 0'>
   <div class='ocr_carea' id='block_1_1' title="bbox 271 292 452 368">
    <p class='ocr_par' dir='ltr' id='par_1_1' title="bbox 271 292 452 368">
     <span class='ocr_line' id='line_1_1' title="bbox 271 292 452 368; baseline 0.011 -2"><span class='ocrx_word' id='word_1_1' title='bbox 271 292 278 297; x_wconf 79' lang='grc'><em>’</em></span> <span class='ocrx_word' id='word_1_2' title='bbox 335 302 452 368; x_wconf 78' lang='lat'>557</span> 
     </span>
    </p>
   </div>
   <div class='ocr_carea' id='block_1_2' title="bbox 1344 313 2798 396">
    <p class='ocr_par' dir='ltr' id='par_1_2' title="bbox 1344 313 2798 396">
     <span class='ocr_line' id='line_1_2' title="bbox 1344 313 2798 396; baseline 0.004 -18"><span class='ocrx_word' id='word_1_3' title='bbox 1344 313 1731 379; x_wconf 83' lang='lat' dir='ltr'>SYNODICA</span> <span class='ocrx_word' id='word_1_4' title='bbox 1776 317 1879 378; x_wconf 78' lang='lat' dir='ltr'>AD</span> <span class='ocrx_word' id='word_1_5' title='bbox 1926 316 2507 396; x_wconf 78' lang='lat' dir='ltr'>PRESBYTEROS,</span> <span class='ocrx_word' id='word_1_6' title='bbox 2554 325 2726 386; x_wconf 82' lang='lat' dir='ltr'>ETC.</span> <span class='ocrx_word' id='word_1_7' title='bbox 2787 375 2798 384; x_wconf 90' lang='lat'>.</span> 
     </span>
    </p>
   </div>
   <div class='ocr_carea' id='block_1_3' title="bbox 3617 327 3736 389">
    <p class='ocr_par' dir='ltr' id='par_1_3' title="bbox 3617 327 3736 389">
     <span class='ocr_line' id='line_1_3' title="bbox 3617 327 3736 389; baseline -0.008 0"><span class='ocrx_word' id='word_1_8' title='bbox 3617 327 3736 389; x_wconf 82' lang='grc'>558</span> 
     </span>
    </p>
   </div>
   <div class='ocr_carea' id='block_1_4' title="bbox 331 441 3737 532">
    <p class='ocr_par' dir='ltr' id='par_1_4' title="bbox 331 441 3737 532">
     <span class='ocr_line' id='line_1_4' title="bbox 331 441 3737 532; baseline 0.006 -37"><span class='ocrx_word' id='word_1_9' title='bbox 331 441 470 532; x_wconf 67' lang='lat' dir='ltr'>edat</span> <span class='ocrx_word' id='word_1_10' title='bbox 498 448 556 532; x_wconf 82' lang='lat' dir='ltr'>et</span> <span class='ocrx_word' id='word_1_11' title='bbox 583 441 659 532; x_wconf 66' lang='lat' dir='ltr'>de</span> <span class='ocrx_word' id='word_1_12' title='bbox 681 443 859 500; x_wconf 78' lang='lat' dir='ltr'>calice</span> <span class='ocrx_word' id='word_1_13' title='bbox 887 445 1045 503; x_wconf 82' lang='lat' dir='ltr'>bibat</span> <span class='ocrx_word' id='word_1_14' title='bbox 1071 450 1121 518; x_wconf 90' lang='grc' dir='ltr'>(Ι</span> <span class='ocrx_word' id='word_1_15' title='bbox 1147 447 1274 506; x_wconf 85' lang='lat' dir='ltr'>Cor.</span> <span class='ocrx_word' id='word_1_16' title='bbox 1327 466 1407 516; x_wconf 82' lang='lat' dir='ltr'>x1,</span> <span class='ocrx_word' id='word_1_17' title='bbox 1454 451 1566 520; x_wconf 85' lang='lat'>28).</span> <span class='ocrx_word' id='word_1_18' title='bbox 1617 450 1738 514; x_wconf 89' lang='lat' dir='ltr'>Quo</span> <span class='ocrx_word' id='word_1_19' title='bbox 1790 467 1939 522; x_wconf 89' lang='lat' dir='ltr'>pane</span> <span class='ocrx_word' id='word_1_20' title='bbox 1959 449 1986 504; x_wconf 75' lang='lat' dir='ltr'>‘P</span> <span class='ocrx_word' id='word_1_21' title='bbox 2013 451 2070 518; x_wconf 79' lang='grc' dir='ltr'><strong>Α</strong></span> <span class='ocrx_word' id='word_1_22' title='bbox 2099 469 2267 524; x_wconf 87' lang='lat' dir='ltr'>psam</span> <span class='ocrx_word' id='word_1_23' title='bbox 2299 456 2630 512; x_wconf 90' lang='lat' dir='ltr'>carnemvel</span> <span class='ocrx_word' id='word_1_24' title='bbox 2644 457 2988 531; x_wconf 88' lang='lat' dir='ltr'>sanguinem</span> <span class='ocrx_word' id='word_1_25' title='bbox 3003 457 3737 532; x_wconf 64' lang='lat' dir='ltr'>ructantagniiouilitibus</span> 
     </span>
    </p>
   </div>
   <div class='ocr_carea' id='block_1_5' title="bbox 335 526 3736 620">
    <p class='ocr_par' dir='ltr' id='par_1_5' title="bbox 335 526 3736 620">
     <span class='ocr_line' id='line_1_5' title="bbox 335 526 3736 620; baseline 0.006 -38"><span class='ocrx_word' id='word_1_26' title='bbox 335 526 441 620; x_wconf 75' lang='lat' dir='ltr'>Qui</span> <span class='ocrx_word' id='word_1_27' title='bbox 475 528 584 585; x_wconf 89' lang='lat' dir='ltr'>ait:</span> <span class='ocrx_word' id='word_1_28' title='bbox 622 530 734 601; x_wconf 86' lang='lat' dir='ltr'>Ego</span> <span class='ocrx_word' id='word_1_29' title='bbox 758 548 887 588; x_wconf 88' lang='lat' dir='ltr'>sum</span> <span class='ocrx_word' id='word_1_30' title='bbox 916 535 1084 605; x_wconf 77' lang='lat' dir='ltr'>panis</span> <span class='ocrx_word' id='word_1_31' title='bbox 1113 537 1290 602; x_wconf 86' lang='lat' dir='ltr'>vivus,</span> <span class='ocrx_word' id='word_1_32' title='bbox 1321 538 1422 609; x_wconf 85' lang='lat' dir='ltr'>qui</span> <span class='ocrx_word' id='word_1_33' title='bbox 1443 539 1512 594; x_wconf 90' lang='lat' dir='ltr'>de</span> <span class='ocrx_word' id='word_1_34' title='bbox 1538 539 1674 594; x_wconf 69' lang='lat' dir='ltr'>ccelo</span> <span class='ocrx_word' id='word_1_35' title='bbox 1714 539 1981 594; x_wconf 67' lang='lat' dir='ltr'>descendi</span> <span class='ocrx_word' id='word_1_36' title='bbox 2091 544 2244 598; x_wconf 74' lang='grc'>413</span> <span class='ocrx_word' id='word_1_37' title='bbox 2277 544 2568 600; x_wconf 90' lang='lat' dir='ltr'>continuis</span> <span class='ocrx_word' id='word_1_38' title='bbox 2599 526 2976 618; x_wconf 75' lang='lat' dir='ltr'>occupantur,</span> <span class='ocrx_word' id='word_1_39' title='bbox 3010 547 3109 620; x_wconf 87' lang='lat' dir='ltr'>qui</span> <span class='ocrx_word' id='word_1_40' title='bbox 3140 526 3426 620; x_wconf 81' lang='lat' dir='ltr'>cupiditia</span> <span class='ocrx_word' id='word_1_41' title='bbox 3464 549 3736 614; x_wconf 62' lang='lat' dir='ltr'>astuant,</span> 
     </span>
    </p>
   </div>
   <div class='ocr_carea' id='block_1_6' title="bbox 331 614 3736 709">
    <p class='ocr_par' dir='ltr' id='par_1_6' title="bbox 331 614 3736 709">
     <span class='ocr_line' id='line_1_6' title="bbox 331 614 3736 709; baseline 0.006 -38"><span class='ocrx_word' id='word_1_42' title='bbox 331 614 514 688; x_wconf 84' lang='lat' dir='ltr'>(Joan.</span> <span class='ocrx_word' id='word_1_43' title='bbox 548 635 626 686; x_wconf 80' lang='lat' dir='ltr'>v1,</span> <span class='ocrx_word' id='word_1_44' title='bbox 659 621 769 709; x_wconf 49' lang='grc' dir='ltr'>ξιξ).</span> <span class='ocrx_word' id='word_1_45' title='bbox 804 621 885 679; x_wconf 93' lang='lat' dir='ltr'>De</span> <span class='ocrx_word' id='word_1_46' title='bbox 910 639 1025 695; x_wconf 91' lang='lat' dir='ltr'>quo</span> <span class='ocrx_word' id='word_1_47' title='bbox 1057 625 1275 682; x_wconf 80' lang='lat' dir='ltr'>calice?</span> <span class='ocrx_word' id='word_1_48' title='bbox 1307 626 1481 682; x_wconf 73' lang='lat' dir='ltr'>Catia:</span> <span class='ocrx_word' id='word_1_49' title='bbox 1510 637 1642 683; x_wconf 82' lang='lat' dir='ltr'>tuus</span> <span class='ocrx_word' id='word_1_50' title='bbox 1686 627 1981 684; x_wconf 79' lang='lat' dir='ltr'>inebrians</span> <span class='ocrx_word' id='word_1_51' title='bbox 2089 630 2187 702; x_wconf 89' lang='lat' dir='ltr'>qui</span> <span class='ocrx_word' id='word_1_52' title='bbox 2219 630 2435 686; x_wconf 83' lang='lat' dir='ltr'>invidia</span> <span class='ocrx_word' id='word_1_53' title='bbox 2457 632 2545 688; x_wconf 85' lang='lat' dir='ltr'>vel</span> <span class='ocrx_word' id='word_1_54' title='bbox 2578 634 2709 689; x_wconf 90' lang='lat' dir='ltr'>odio</span> <span class='ocrx_word' id='word_1_55' title='bbox 2739 614 3070 704; x_wconf 78' lang='lat' dir='ltr'>tabescunt,</span> <span class='ocrx_word' id='word_1_56' title='bbox 3101 614 3345 709; x_wconf 43' lang='lat' dir='ltr'>qui-his,</span> <span class='ocrx_word' id='word_1_57' title='bbox 3389 651 3538 708; x_wconf 89' lang='lat' dir='ltr'>quos</span> <span class='ocrx_word' id='word_1_58' title='bbox 3586 639 3651 690; x_wconf 89' lang='lat' dir='ltr'>ut</span> <span class='ocrx_word' id='word_1_59' title='bbox 3675 650 3736 690; x_wconf 92' lang='lat' dir='ltr'>se</span> 
     </span>
    </p>
   </div>
   <div class='ocr_carea' id='block_1_7' title="bbox 327 707 1978 782">
    <p class='ocr_par' dir='ltr' id='par_1_7' title="bbox 327 707 1978 782">
     <span class='ocr_line' id='line_1_7' title="bbox 327 707 1978 782; baseline 0.006 -20"><span class='ocrx_word' id='word_1_60' title='bbox 327 722 501 779; x_wconf 81' lang='lat' dir='ltr'>quam</span> <span class='ocrx_word' id='word_1_61' title='bbox 530 707 852 776; x_wconf 75' lang='lat' dir='ltr'>praeclarus</span> <span class='ocrx_word' id='word_1_62' title='bbox 879 712 995 768; x_wconf 88' lang='lat' dir='ltr'>est!</span> <span class='ocrx_word' id='word_1_63' title='bbox 1029 713 1204 775; x_wconf 88' lang='lat' dir='ltr'>(Psal.</span> <span class='ocrx_word' id='word_1_64' title='bbox 1223 732 1362 780; x_wconf 84' lang='lat' dir='ltr'>xxn,</span> <span class='ocrx_word' id='word_1_65' title='bbox 1396 716 1474 782; x_wconf 88' lang='grc'>5.)</span> <span class='ocrx_word' id='word_1_66' title='bbox 1496 715 1550 770; x_wconf 90' lang='lat' dir='ltr'>id</span> <span class='ocrx_word' id='word_1_67' title='bbox 1567 719 1678 782; x_wconf 87' lang='lat' dir='ltr'>est,</span> <span class='ocrx_word' id='word_1_68' title='bbox 1709 715 1978 773; x_wconf 83' lang='lat' dir='ltr'>Christus</span> 
     </span>
    </p>
   </div>
   <div class='ocr_carea' id='block_1_8' title="bbox 325 798 1973 876">
    <p class='ocr_par' dir='ltr' id='par_1_8' title="bbox 325 798 1973 876">
     <span class='ocr_line' id='line_1_8' title="bbox 325 798 1973 876; baseline 0.007 -26"><span class='ocrx_word' id='word_1_69' title='bbox 325 812 433 850; x_wconf 89' lang='lat' dir='ltr'>suo</span> <span class='ocrx_word' id='word_1_70' title='bbox 465 812 572 851; x_wconf 88' lang='lat' dir='ltr'>nos</span> <span class='ocrx_word' id='word_1_71' title='bbox 603 798 887 869; x_wconf 82' lang='lat' dir='ltr'>sanguine</span> <span class='ocrx_word' id='word_1_72' title='bbox 926 801 1174 869; x_wconf 88' lang='lat' dir='ltr'>satians;</span> <span class='ocrx_word' id='word_1_73' title='bbox 1230 819 1407 875; x_wconf 88' lang='lat' dir='ltr'>quam</span> <span class='ocrx_word' id='word_1_74' title='bbox 1458 803 1720 876; x_wconf 84' lang='lat' dir='ltr'>pulcher,</span> <span class='ocrx_word' id='word_1_75' title='bbox 1772 805 1832 859; x_wconf 92' lang='lat' dir='ltr'>id</span> <span class='ocrx_word' id='word_1_76' title='bbox 1864 809 1973 872; x_wconf 86' lang='lat' dir='ltr'>est,</span> 
     </span>
    </p>
   </div>
   <div class='ocr_carea' id='block_1_9' title="bbox 319 885 1972 965">
    <p class='ocr_par' dir='ltr' id='par_1_9' title="bbox 319 885 1972 965">
     <span class='ocr_line' id='line_1_9' title="bbox 319 885 1972 965; baseline 0.007 -26"><span class='ocrx_word' id='word_1_77' title='bbox 319 885 612 953; x_wconf 70' lang='lat' dir='ltr'>speciosus</span> <span class='ocrx_word' id='word_1_78' title='bbox 638 887 833 956; x_wconf 82' lang='lat' dir='ltr'>forma</span> <span class='ocrx_word' id='word_1_79' title='bbox 855 904 980 957; x_wconf 76' lang='lat' dir='ltr'>prae</span> <span class='ocrx_word' id='word_1_80' title='bbox 1004 888 1148 961; x_wconf 82' lang='lat' dir='ltr'>ﬁliis</span> <span class='ocrx_word' id='word_1_81' title='bbox 1161 893 1487 948; x_wconf 80' lang='lat' dir='ltr'>homiuum!</span> <span class='ocrx_word' id='word_1_82' title='bbox 1517 895 1696 958; x_wconf 87' lang='lat' dir='ltr'>(Psal.</span> <span class='ocrx_word' id='word_1_83' title='bbox 1728 895 1972 965; x_wconf 82' lang='lat' dir='ltr'>xLiv,3.)</span> 
     </span>
    </p>
   </div>
   <div class='ocr_carea' id='block_1_10' title="bbox 323 972 1971 1054">
    <p class='ocr_par' dir='ltr' id='par_1_10' title="bbox 323 972 1971 1054">
     <span class='ocr_line' id='line_1_10' title="bbox 323 972 1971 1054; baseline 0.007 -28"><span class='ocrx_word' id='word_1_84' title='bbox 323 972 430 1036; x_wconf 87' lang='lat' dir='ltr'>Qui</span> <span class='ocrx_word' id='word_1_85' title='bbox 464 989 602 1045; x_wconf 91' lang='lat' dir='ltr'>ergo</span> <span class='ocrx_word' id='word_1_86' title='bbox 632 975 820 1046; x_wconf 89' lang='lat' dir='ltr'>panis,</span> <span class='ocrx_word' id='word_1_87' title='bbox 880 976 1004 1049; x_wconf 89' lang='lat' dir='ltr'>ipse</span> <span class='ocrx_word' id='word_1_88' title='bbox 1033 983 1122 1034; x_wconf 86' lang='lat' dir='ltr'>est</span> <span class='ocrx_word' id='word_1_89' title='bbox 1179 997 1400 1053; x_wconf 89' lang='lat' dir='ltr'>agnus;</span> <span class='ocrx_word' id='word_1_90' title='bbox 1433 982 1533 1054; x_wconf 92' lang='lat' dir='ltr'>qui</span> <span class='ocrx_word' id='word_1_91' title='bbox 1579 998 1787 1054; x_wconf 88' lang='lat' dir='ltr'>agnus,</span> <span class='ocrx_word' id='word_1_92' title='bbox 1845 983 1971 1054; x_wconf 89' lang='lat' dir='ltr'>ipse</span> 
     </span>
    </p>
   </div>
   <div class='ocr_carea' id='block_1_11' title="bbox 320 1060 1964 1142">
    <p class='ocr_par' dir='ltr' id='par_1_11' title="bbox 320 1060 1964 1142">
     <span class='ocr_line' id='line_1_11' title="bbox 320 1060 1964 1142; baseline 0.006 -26"><span class='ocrx_word' id='word_1_93' title='bbox 320 1060 610 1129; x_wconf 81' lang='lat' dir='ltr'>Christus,</span> <span class='ocrx_word' id='word_1_94' title='bbox 643 1063 744 1134; x_wconf 87' lang='lat' dir='ltr'>qui</span> <span class='ocrx_word' id='word_1_95' title='bbox 775 1063 1059 1130; x_wconf 79' lang='lat' dir='ltr'>Christus,</span> <span class='ocrx_word' id='word_1_96' title='bbox 1090 1066 1215 1139; x_wconf 91' lang='lat' dir='ltr'>ipse</span> <span class='ocrx_word' id='word_1_97' title='bbox 1233 1073 1321 1124; x_wconf 88' lang='lat' dir='ltr'>est</span> <span class='ocrx_word' id='word_1_98' title='bbox 1342 1070 1582 1137; x_wconf 79' lang='lat' dir='ltr'>Pascha;</span> <span class='ocrx_word' id='word_1_99' title='bbox 1608 1070 1964 1142; x_wconf 90' lang='lat' dir='ltr'>quiPascha,</span> 
     </span>
    </p>
   </div>
   <div class='ocr_carea' id='block_1_12' title="bbox 320 1147 1966 1230">
    <p class='ocr_par' dir='ltr' id='par_1_12' title="bbox 320 1147 1966 1230">
     <span class='ocr_line' id='line_1_12' title="bbox 320 1147 1966 1230; baseline 0.007 -28"><span class='ocrx_word' id='word_1_100' title='bbox 320 1147 446 1220; x_wconf 89' lang='lat' dir='ltr'>ipse</span> <span class='ocrx_word' id='word_1_101' title='bbox 472 1166 576 1221; x_wconf 91' lang='lat' dir='ltr'>pro</span> <span class='ocrx_word' id='word_1_102' title='bbox 608 1151 777 1207; x_wconf 89' lang='lat' dir='ltr'>nobis</span> <span class='ocrx_word' id='word_1_103' title='bbox 805 1152 1164 1212; x_wconf 83' lang='lat' dir='ltr'>immolatus.</span> <span class='ocrx_word' id='word_1_104' title='bbox 1199 1157 1328 1228; x_wconf 87' lang='lat' dir='ltr'>Ipse</span> <span class='ocrx_word' id='word_1_105' title='bbox 1350 1162 1438 1214; x_wconf 89' lang='lat' dir='ltr'>est</span> <span class='ocrx_word' id='word_1_106' title='bbox 1466 1157 1612 1226; x_wconf 89' lang='lat' dir='ltr'>dies,</span> <span class='ocrx_word' id='word_1_107' title='bbox 1645 1175 1821 1230; x_wconf 87' lang='lat' dir='ltr'>quam</span> <span class='ocrx_word' id='word_1_108' title='bbox 1849 1177 1966 1214; x_wconf 88' lang='lat' dir='ltr'>non</span> 
     </span>
    </p>
   </div>
   <div class='ocr_carea' id='block_1_13' title="bbox 319 1237 1967 1314">
    <p class='ocr_par' dir='ltr' id='par_1_13' title="bbox 319 1237 1967 1314">
     <span class='ocr_line' id='line_1_13' title="bbox 319 1237 1967 1314; baseline 0.007 -23"><span class='ocrx_word' id='word_1_109' title='bbox 319 1237 634 1309; x_wconf 86' lang='lat' dir='ltr'>operando,</span> <span class='ocrx_word' id='word_1_110' title='bbox 668 1240 768 1294; x_wconf 91' lang='lat' dir='ltr'>sed</span> <span class='ocrx_word' id='word_1_111' title='bbox 792 1240 1081 1314; x_wconf 88' lang='lat' dir='ltr'>gignendo</span> <span class='ocrx_word' id='word_1_112' title='bbox 1095 1244 1513 1300; x_wconf 76' lang='lat' dir='ltr'>cozeternaliter</span> <span class='ocrx_word' id='word_1_113' title='bbox 1529 1246 1662 1301; x_wconf 82' lang='lat' dir='ltr'>fecit</span> <span class='ocrx_word' id='word_1_114' title='bbox 1683 1247 1967 1304; x_wconf 88' lang='lat' dir='ltr'>Dominus</span> 
     </span>
    </p>
   </div>
   <div class='ocr_carea' id='block_1_14' title="bbox 319 1326 1968 1408">
    <p class='ocr_par' dir='ltr' id='par_1_14' title="bbox 319 1326 1968 1408">
     <span class='ocr_line' id='line_1_14' title="bbox 319 1326 1968 1408; baseline 0.007 -27"><span class='ocrx_word' id='word_1_115' title='bbox 319 1326 683 1383; x_wconf 85' lang='lat' dir='ltr'>exsultemus</span> <span class='ocrx_word' id='word_1_116' title='bbox 708 1332 767 1384; x_wconf 90' lang='lat' dir='ltr'>et</span> <span class='ocrx_word' id='word_1_117' title='bbox 794 1328 1061 1387; x_wconf 79' lang='lat' dir='ltr'>laetemur</span> <span class='ocrx_word' id='word_1_118' title='bbox 1089 1332 1146 1388; x_wconf 94' lang='lat' dir='ltr'>in</span> <span class='ocrx_word' id='word_1_119' title='bbox 1180 1350 1246 1389; x_wconf 89' lang='lat' dir='ltr'>ea</span> <span class='ocrx_word' id='word_1_120' title='bbox 1273 1335 1453 1400; x_wconf 90' lang='lat' dir='ltr'>(Psal.</span> <span class='ocrx_word' id='word_1_121' title='bbox 1486 1351 1656 1399; x_wconf 82' lang='lat' dir='ltr'>cxvu,</span> <span class='ocrx_word' id='word_1_122' title='bbox 1687 1336 1798 1406; x_wconf 81' lang='grc'>24).</span> <span class='ocrx_word' id='word_1_123' title='bbox 1837 1335 1968 1408; x_wconf 88' lang='lat' dir='ltr'>Ipse</span> 
     </span>
    </p>
   </div>
   <div class='ocr_carea' id='block_1_15' title="bbox 320 1415 1964 1492">
    <p class='ocr_par' dir='ltr' id='par_1_15' title="bbox 320 1415 1964 1492">
     <span class='ocr_line' id='line_1_15' title="bbox 320 1415 1964 1492; baseline 0.007 -23"><span class='ocrx_word' id='word_1_124' title='bbox 320 1420 430 1482; x_wconf 88' lang='lat' dir='ltr'>est,</span> <span class='ocrx_word' id='word_1_125' title='bbox 465 1415 732 1488; x_wconf 89' lang='lat' dir='ltr'>inquam,</span> <span class='ocrx_word' id='word_1_126' title='bbox 765 1418 911 1486; x_wconf 90' lang='lat' dir='ltr'>dies,</span> <span class='ocrx_word' id='word_1_127' title='bbox 941 1419 1387 1492; x_wconf 88' lang='lat' dir='ltr'>ipseDominus,</span> <span class='ocrx_word' id='word_1_128' title='bbox 1407 1423 1802 1492; x_wconf 84' lang='lat' dir='ltr'>cujusistaest</span> <span class='ocrx_word' id='word_1_129' title='bbox 1819 1425 1964 1480; x_wconf 91' lang='lat' dir='ltr'>dies.</span> 
     </span>
    </p>
   </div>
   <div class='ocr_carea' id='block_1_16' title="bbox 319 1503 1970 1584">
    <p class='ocr_par' dir='ltr' id='par_1_16' title="bbox 319 1503 1970 1584">
     <span class='ocr_line' id='line_1_16' title="bbox 319 1503 1970 1584; baseline 0.008 -28"><span class='ocrx_word' id='word_1_130' title='bbox 319 1503 398 1557; x_wconf 93' lang='lat' dir='ltr'>De</span> <span class='ocrx_word' id='word_1_131' title='bbox 431 1504 683 1560; x_wconf 85' lang='lat' dir='ltr'>Sabbato</span> <span class='ocrx_word' id='word_1_132' title='bbox 713 1505 874 1563; x_wconf 91' lang='lat' dir='ltr'>illius</span> <span class='ocrx_word' id='word_1_133' title='bbox 922 1508 1062 1580; x_wconf 88' lang='lat' dir='ltr'>quid</span> <span class='ocrx_word' id='word_1_134' title='bbox 1121 1511 1416 1566; x_wconf 81' lang='lat' dir='ltr'>facimus?</span> <span class='ocrx_word' id='word_1_135' title='bbox 1476 1517 1705 1578; x_wconf 83' lang='lat' dir='ltr'>Vacate,</span> <span class='ocrx_word' id='word_1_136' title='bbox 1757 1513 1837 1568; x_wconf 92' lang='lat' dir='ltr'>ait</span> <span class='ocrx_word' id='word_1_137' title='bbox 1865 1531 1970 1584; x_wconf 91' lang='lat' dir='ltr'>per</span> 
     </span>
    </p>
   </div>
   <div class='ocr_carea' id='block_1_17' title="bbox 315 1591 1966 1670">
    <p class='ocr_par' dir='ltr' id='par_1_17' title="bbox 315 1591 1966 1670">
     <span class='ocr_line' id='line_1_17' title="bbox 315 1591 1966 1670; baseline 0.008 -26"><span class='ocrx_word' id='word_1_138' title='bbox 315 1591 686 1648; x_wconf 85' lang='lat' dir='ltr'>Psalmistam</span> <span class='ocrx_word' id='word_1_139' title='bbox 721 1594 1028 1666; x_wconf 89' lang='lat' dir='ltr'>Dominus,</span> <span class='ocrx_word' id='word_1_140' title='bbox 1059 1604 1114 1652; x_wconf 87' lang='lat' dir='ltr'>et</span> <span class='ocrx_word' id='word_1_141' title='bbox 1142 1600 1348 1669; x_wconf 84' lang='lat' dir='ltr'>videte,</span> <span class='ocrx_word' id='word_1_142' title='bbox 1379 1601 1515 1670; x_wconf 77' lang='lat' dir='ltr'>quia</span> <span class='ocrx_word' id='word_1_143' title='bbox 1545 1618 1650 1670; x_wconf 87' lang='lat' dir='ltr'>ego</span> <span class='ocrx_word' id='word_1_144' title='bbox 1678 1618 1802 1656; x_wconf 84' lang='lat' dir='ltr'>sum</span> <span class='ocrx_word' id='word_1_145' title='bbox 1820 1603 1966 1657; x_wconf 61' lang='lat' dir='ltr'>Deus</span> 
     </span>
    </p>
   </div>
   <div class='ocr_carea' id='block_1_18' title="bbox 312 1678 1960 1755">
    <p class='ocr_par' dir='ltr' id='par_1_18' title="bbox 312 1678 1960 1755">
     <span class='ocr_line' id='line_1_18' title="bbox 312 1678 1960 1755; baseline 0.007 -23"><span class='ocrx_word' id='word_1_146' title='bbox 312 1678 493 1750; x_wconf 85' lang='lat' dir='ltr'>(Psal.</span> <span class='ocrx_word' id='word_1_147' title='bbox 523 1697 652 1750; x_wconf 85' lang='lat' dir='ltr'>XLV,</span> <span class='ocrx_word' id='word_1_148' title='bbox 687 1682 797 1748; x_wconf 87' lang='grc'>11).</span> <span class='ocrx_word' id='word_1_149' title='bbox 827 1685 1146 1740; x_wconf 88' lang='lat' dir='ltr'>Sabbatum</span> <span class='ocrx_word' id='word_1_150' title='bbox 1180 1703 1312 1742; x_wconf 86' lang='lat' dir='ltr'>vero</span> <span class='ocrx_word' id='word_1_151' title='bbox 1343 1689 1567 1744; x_wconf 85' lang='lat' dir='ltr'>vacatio</span> <span class='ocrx_word' id='word_1_152' title='bbox 1590 1689 1826 1755; x_wconf 90' lang='lat' dir='ltr'>dicitur,</span> <span class='ocrx_word' id='word_1_153' title='bbox 1873 1689 1960 1746; x_wconf 88' lang='lat' dir='ltr'>vel</span> 
     </span>
    </p>
   </div>
   <div class='ocr_carea' id='block_1_19' title="bbox 2087 718 3738 797">
    <p class='ocr_par' dir='ltr' id='par_1_19' title="bbox 2087 718 3738 797">
     <span class='ocr_line' id='line_1_19' title="bbox 2087 718 3738 797; baseline 0.002 -23"><span class='ocrx_word' id='word_1_154' title='bbox 2087 718 2329 792; x_wconf 85' lang='lat' dir='ltr'>diligere</span> <span class='ocrx_word' id='word_1_155' title='bbox 2359 721 2698 789; x_wconf 87' lang='lat' dir='ltr'>debuerant,</span> <span class='ocrx_word' id='word_1_156' title='bbox 2750 724 3161 796; x_wconf 89' lang='lat' dir='ltr'>deceptionum</span> <span class='ocrx_word' id='word_1_157' title='bbox 3209 723 3454 797; x_wconf 86' lang='lat' dir='ltr'>laqueos</span> <span class='ocrx_word' id='word_1_158' title='bbox 3501 723 3738 779; x_wconf 86' lang='lat' dir='ltr'>tendere</span> 
     </span>
    </p>
   </div>
   <div class='ocr_carea' id='block_1_20' title="bbox 2085 807 3737 886">
    <p class='ocr_par' dir='ltr' id='par_1_20' title="bbox 2085 807 3737 886">
     <span class='ocr_line' id='line_1_20' title="bbox 2085 807 3737 886; baseline 0.004 -25"><span class='ocrx_word' id='word_1_159' title='bbox 2085 807 2421 865; x_wconf 87' lang='lat' dir='ltr'>nullatenus</span> <span class='ocrx_word' id='word_1_160' title='bbox 2453 816 2716 877; x_wconf 85' lang='lat' dir='ltr'>cessant;</span> <span class='ocrx_word' id='word_1_161' title='bbox 2741 814 2982 878; x_wconf 89' lang='lat' dir='ltr'>Quando</span> <span class='ocrx_word' id='word_1_162' title='bbox 3011 813 3218 868; x_wconf 88' lang='lat' dir='ltr'>talium</span> <span class='ocrx_word' id='word_1_163' title='bbox 3251 813 3384 886; x_wconf 89' lang='lat' dir='ltr'>quis</span> <span class='ocrx_word' id='word_1_164' title='bbox 3429 828 3737 885; x_wconf 89' lang='lat' dir='ltr'>parasceve</span> 
     </span>
    </p>
   </div>
   <div class='ocr_carea' id='block_1_21' title="bbox 2073 895 3726 967">
    <p class='ocr_par' dir='ltr' id='par_1_21' title="bbox 2073 895 3726 967">
     <span class='ocr_line' id='line_1_21' title="bbox 2073 895 3726 967; baseline 0.002 -17"><span class='ocrx_word' id='word_1_165' title='bbox 2073 895 2201 964; x_wconf 89' lang='lat' dir='ltr'>jam</span> <span class='ocrx_word' id='word_1_166' title='bbox 2233 897 2476 965; x_wconf 88' lang='lat' dir='ltr'>dictum,</span> <span class='ocrx_word' id='word_1_167' title='bbox 2509 898 2595 954; x_wconf 88' lang='lat' dir='ltr'>vel</span> <span class='ocrx_word' id='word_1_168' title='bbox 2626 900 2946 956; x_wconf 85' lang='lat' dir='ltr'>Sabbatum</span> <span class='ocrx_word' id='word_1_169' title='bbox 2971 901 3365 957; x_wconf 85' lang='lat' dir='ltr'>fecit?Timeo</span> <span class='ocrx_word' id='word_1_170' title='bbox 3383 901 3454 956; x_wconf 91' lang='lat' dir='ltr'>de</span> <span class='ocrx_word' id='word_1_171' title='bbox 3483 899 3726 967; x_wconf 87' lang='lat' dir='ltr'>talibus,</span> 
     </span>
    </p>
   </div>
   <div class='ocr_carea' id='block_1_22' title="bbox 2080 984 3734 1061">
    <p class='ocr_par' dir='ltr' id='par_1_22' title="bbox 2080 984 3734 1061">
     <span class='ocr_line' id='line_1_22' title="bbox 2080 984 3734 1061; baseline 0.003 -23"><span class='ocrx_word' id='word_1_172' title='bbox 2080 989 2137 1039; x_wconf 91' lang='lat' dir='ltr'>et</span> <span class='ocrx_word' id='word_1_173' title='bbox 2168 984 2393 1040; x_wconf 85' lang='lat' dir='ltr'>utinam</span> <span class='ocrx_word' id='word_1_174' title='bbox 2427 1002 2540 1042; x_wconf 92' lang='lat' dir='ltr'>non</span> <span class='ocrx_word' id='word_1_175' title='bbox 2573 988 2684 1043; x_wconf 92' lang='lat' dir='ltr'>mei</span> <span class='ocrx_word' id='word_1_176' title='bbox 2718 987 3034 1057; x_wconf 88' lang='lat' dir='ltr'>similibus,</span> <span class='ocrx_word' id='word_1_177' title='bbox 3070 1007 3142 1045; x_wconf 91' lang='lat' dir='ltr'>ne</span> <span class='ocrx_word' id='word_1_178' title='bbox 3164 990 3302 1044; x_wconf 91' lang='lat' dir='ltr'>dum</span> <span class='ocrx_word' id='word_1_179' title='bbox 3325 992 3536 1061; x_wconf 90' lang='lat' dir='ltr'>putant</span> <span class='ocrx_word' id='word_1_180' title='bbox 3553 1004 3615 1044; x_wconf 92' lang='lat' dir='ltr'>se</span> <span class='ocrx_word' id='word_1_181' title='bbox 3637 1005 3734 1043; x_wconf 88' lang='lat' dir='ltr'>co-</span> 
     </span>
    </p>
   </div>
   <div class='ocr_carea' id='block_1_23' title="bbox 2077 1075 3728 1150">
    <p class='ocr_par' dir='ltr' id='par_1_23' title="bbox 2077 1075 3728 1150">
     <span class='ocr_line' id='line_1_23' title="bbox 2077 1075 3728 1150; baseline 0.002 -22"><span class='ocrx_word' id='word_1_182' title='bbox 2077 1075 2308 1130; x_wconf 88' lang='lat' dir='ltr'>medere</span> <span class='ocrx_word' id='word_1_183' title='bbox 2339 1092 2576 1147; x_wconf 87' lang='lat' dir='ltr'>agnum,</span> <span class='ocrx_word' id='word_1_184' title='bbox 2610 1077 2921 1132; x_wconf 82' lang='lat' dir='ltr'>comedent</span> <span class='ocrx_word' id='word_1_185' title='bbox 2939 1079 3133 1150; x_wconf 87' lang='lat' dir='ltr'>potius</span> <span class='ocrx_word' id='word_1_186' title='bbox 3149 1077 3399 1133; x_wconf 85' lang='lat' dir='ltr'>hircum.</span> <span class='ocrx_word' id='word_1_187' title='bbox 3432 1076 3728 1133; x_wconf 87' lang='lat' dir='ltr'>etutiuam</span> 
     </span>
    </p>
   </div>
   <div class='ocr_carea' id='block_1_24' title="bbox 2076 1162 3730 1238">
    <p class='ocr_par' dir='ltr' id='par_1_24' title="bbox 2076 1162 3730 1238">
     <span class='ocr_line' id='line_1_24' title="bbox 2076 1162 3730 1238; baseline 0.004 -22"><span class='ocrx_word' id='word_1_188' title='bbox 2076 1179 2192 1218; x_wconf 88' lang='lat' dir='ltr'>non</span> <span class='ocrx_word' id='word_1_189' title='bbox 2220 1162 2388 1219; x_wconf 90' lang='lat' dir='ltr'>illum</span> <span class='ocrx_word' id='word_1_190' title='bbox 2423 1165 2520 1236; x_wconf 92' lang='lat' dir='ltr'>qui</span> <span class='ocrx_word' id='word_1_191' title='bbox 2554 1166 2844 1221; x_wconf 89' lang='lat' dir='ltr'>abductus</span> <span class='ocrx_word' id='word_1_192' title='bbox 2865 1171 2956 1222; x_wconf 88' lang='lat' dir='ltr'>est</span> <span class='ocrx_word' id='word_1_193' title='bbox 2984 1165 3043 1221; x_wconf 91' lang='lat' dir='ltr'>in</span> <span class='ocrx_word' id='word_1_194' title='bbox 3065 1166 3504 1238; x_wconf 88' lang='lat' dir='ltr'>desertum(qui</span> <span class='ocrx_word' id='word_1_195' title='bbox 3527 1167 3730 1222; x_wconf 86' lang='lat' dir='ltr'>Latine</span> 
     </span>
    </p>
   </div>
   <div class='ocr_carea' id='block_1_25' title="bbox 2075 1252 3730 1324">
    <p class='ocr_par' dir='ltr' id='par_1_25' title="bbox 2075 1252 3730 1324">
     <span class='ocr_line' id='line_1_25' title="bbox 2075 1252 3730 1324; baseline 0.003 -18"><span class='ocrx_word' id='word_1_196' title='bbox 2075 1252 2222 1322; x_wconf 77' lang='grc'>(945)</span> <span class='ocrx_word' id='word_1_197' title='bbox 2253 1252 2618 1320; x_wconf 88' lang='lat' dir='ltr'>emissarius,</span> <span class='ocrx_word' id='word_1_198' title='bbox 2651 1255 2930 1311; x_wconf 89' lang='lat' dir='ltr'>Hebraice</span> <span class='ocrx_word' id='word_1_199' title='bbox 2956 1254 3204 1324; x_wconf 89' lang='lat' dir='ltr'>hazezel,</span> <span class='ocrx_word' id='word_1_200' title='bbox 3237 1255 3294 1310; x_wconf 88' lang='lat' dir='ltr'>id</span> <span class='ocrx_word' id='word_1_201' title='bbox 3328 1260 3436 1322; x_wconf 88' lang='lat' dir='ltr'>est,</span> <span class='ocrx_word' id='word_1_202' title='bbox 3465 1253 3730 1311; x_wconf 86' lang='lat' dir='ltr'>crudelis</span> 
     </span>
    </p>
   </div>
   <div class='ocr_carea' id='block_1_26' title="bbox 2077 1339 3727 1416">
    <p class='ocr_par' dir='ltr' id='par_1_26' title="bbox 2077 1339 3727 1416">
     <span class='ocr_line' id='line_1_26' title="bbox 2077 1339 3727 1416; baseline 0.003 -23"><span class='ocrx_word' id='word_1_203' title='bbox 2077 1340 2181 1394; x_wconf 91' lang='lat' dir='ltr'>Dei</span> <span class='ocrx_word' id='word_1_204' title='bbox 2207 1339 2658 1412; x_wconf 88' lang='lat' dir='ltr'>interpretatur;</span> <span class='ocrx_word' id='word_1_205' title='bbox 2711 1359 2883 1414; x_wconf 87' lang='lat' dir='ltr'>quem</span> <span class='ocrx_word' id='word_1_206' title='bbox 2936 1345 3034 1416; x_wconf 93' lang='lat' dir='ltr'>qui</span> <span class='ocrx_word' id='word_1_207' title='bbox 3067 1343 3126 1398; x_wconf 91' lang='lat' dir='ltr'>in</span> <span class='ocrx_word' id='word_1_208' title='bbox 3175 1343 3474 1398; x_wconf 88' lang='lat' dir='ltr'>desertum</span> <span class='ocrx_word' id='word_1_209' title='bbox 3526 1341 3727 1398; x_wconf 88' lang='lat' dir='ltr'>emisit</span> 
     </span>
    </p>
   </div>
   <div class='ocr_carea' id='block_1_27' title="bbox 2075 1427 3726 1501">
    <p class='ocr_par' dir='ltr' id='par_1_27' title="bbox 2075 1427 3726 1501">
     <span class='ocr_line' id='line_1_27' title="bbox 2075 1427 3726 1501; baseline 0.002 -20"><span class='ocrx_word' id='word_1_210' title='bbox 2075 1427 2272 1492; x_wconf 80' lang='lat' dir='ltr'>(Leuit.</span> <span class='ocrx_word' id='word_1_211' title='bbox 2304 1445 2418 1493; x_wconf 77' lang='lat' dir='ltr'>xvx,</span> <span class='ocrx_word' id='word_1_212' title='bbox 2433 1430 2544 1499; x_wconf 82' lang='lat'>22),</span> <span class='ocrx_word' id='word_1_213' title='bbox 2559 1435 2750 1485; x_wconf 87' lang='lat' dir='ltr'>castra</span> <span class='ocrx_word' id='word_1_214' title='bbox 2771 1431 3138 1487; x_wconf 88' lang='lat' dir='ltr'>solummodo</span> <span class='ocrx_word' id='word_1_215' title='bbox 3151 1431 3249 1487; x_wconf 90' lang='lat' dir='ltr'>Dei</span> <span class='ocrx_word' id='word_1_216' title='bbox 3265 1447 3381 1486; x_wconf 92' lang='lat' dir='ltr'>non</span> <span class='ocrx_word' id='word_1_217' title='bbox 3397 1429 3726 1501; x_wconf 89' lang='lat' dir='ltr'>estingredi</span> 
     </span>
    </p>
   </div>
   <div class='ocr_carea' id='block_1_28' title="bbox 2076 1515 3724 1588">
    <p class='ocr_par' dir='ltr' id='par_1_28' title="bbox 2076 1515 3724 1588">
     <span class='ocr_line' id='line_1_28' title="bbox 2076 1515 3724 1588; baseline 0.002 -20"><span class='ocrx_word' id='word_1_218' title='bbox 2076 1515 2310 1585; x_wconf 85' lang='lat' dir='ltr'>dignus,</span> <span class='ocrx_word' id='word_1_219' title='bbox 2346 1515 2457 1569; x_wconf 86' lang='lat' dir='ltr'>nisi</span> <span class='ocrx_word' id='word_1_220' title='bbox 2488 1515 2603 1570; x_wconf 89' lang='lat' dir='ltr'>loto</span> <span class='ocrx_word' id='word_1_221' title='bbox 2635 1517 2798 1586; x_wconf 89' lang='lat' dir='ltr'>prius</span> <span class='ocrx_word' id='word_1_222' title='bbox 2828 1533 3062 1588; x_wconf 87' lang='lat' dir='ltr'>corpore</span> <span class='ocrx_word' id='word_1_223' title='bbox 3093 1520 3278 1586; x_wconf 87' lang='lat' dir='ltr'>(Ibid.,</span> <span class='ocrx_word' id='word_1_224' title='bbox 3313 1519 3426 1588; x_wconf 76' lang='lat'>26),</span> <span class='ocrx_word' id='word_1_225' title='bbox 3459 1522 3516 1574; x_wconf 91' lang='lat' dir='ltr'>et</span> <span class='ocrx_word' id='word_1_226' title='bbox 3543 1517 3724 1572; x_wconf 86' lang='lat' dir='ltr'>vesti-</span> 
     </span>
    </p>
   </div>
   <div class='ocr_carea' id='block_1_29' title="bbox 2075 1601 3721 1676">
    <p class='ocr_par' dir='ltr' id='par_1_29' title="bbox 2075 1601 3721 1676">
     <span class='ocr_line' id='line_1_29' title="bbox 2075 1601 3721 1676; baseline 0.002 -20"><span class='ocrx_word' id='word_1_227' title='bbox 2075 1601 2187 1657; x_wconf 85' lang='lat' dir='ltr'>bus</span> <span class='ocrx_word' id='word_1_228' title='bbox 2211 1603 2634 1671; x_wconf 84' lang='lat' dir='ltr'>omnibus),sed</span> <span class='ocrx_word' id='word_1_229' title='bbox 2655 1604 2884 1659; x_wconf 59' lang='lat' dir='ltr'>haedum</span> <span class='ocrx_word' id='word_1_230' title='bbox 2903 1605 3343 1676; x_wconf 88' lang='lat' dir='ltr'>potius,quarta</span> <span class='ocrx_word' id='word_1_231' title='bbox 3362 1605 3591 1659; x_wconf 89' lang='lat' dir='ltr'>decima</span> <span class='ocrx_word' id='word_1_232' title='bbox 3621 1604 3721 1675; x_wconf 89' lang='lat' dir='ltr'>qui</span> 
     </span>
    </p>
   </div>
   <div class='ocr_carea' id='block_1_30' title="bbox 2073 1690 3723 1764">
    <p class='ocr_par' dir='ltr' id='par_1_30' title="bbox 2073 1690 3723 1764">
     <span class='ocr_line' id='line_1_30' title="bbox 2073 1690 3723 1764; baseline 0.001 -20"><span class='ocrx_word' id='word_1_233' title='bbox 2073 1690 2166 1746; x_wconf 90' lang='lat' dir='ltr'>die</span> <span class='ocrx_word' id='word_1_234' title='bbox 2198 1691 2269 1745; x_wconf 89' lang='lat' dir='ltr'>ad</span> <span class='ocrx_word' id='word_1_235' title='bbox 2301 1707 2602 1761; x_wconf 88' lang='lat' dir='ltr'>vesperam</span> <span class='ocrx_word' id='word_1_236' title='bbox 2636 1692 2707 1746; x_wconf 88' lang='lat' dir='ltr'>ab</span> <span class='ocrx_word' id='word_1_237' title='bbox 2726 1693 2990 1748; x_wconf 87' lang='lat' dir='ltr'>omniest</span> <span class='ocrx_word' id='word_1_238' title='bbox 3006 1692 3217 1764; x_wconf 90' lang='lat' dir='ltr'>populo</span> <span class='ocrx_word' id='word_1_239' title='bbox 3240 1691 3600 1748; x_wconf 87' lang='lat' dir='ltr'>immolatus.</span> <span class='ocrx_word' id='word_1_240' title='bbox 3624 1695 3723 1746; x_wconf 66' lang='lat' dir='ltr'>Vae</span> 
     </span>
    </p>
   </div>
   <div class='ocr_carea' id='block_1_31' title="bbox 308 1768 3722 1871">
    <p class='ocr_par' dir='ltr' id='par_1_31' title="bbox 308 1768 3722 1871">
     <span class='ocr_line' id='line_1_31' title="bbox 308 1768 3722 1871; baseline 0.003 -49"><span class='ocrx_word' id='word_1_241' title='bbox 308 1768 565 1839; x_wconf 88' lang='lat' dir='ltr'>requies,</span> <span class='ocrx_word' id='word_1_242' title='bbox 596 1770 653 1824; x_wconf 91' lang='lat' dir='ltr'>id</span> <span class='ocrx_word' id='word_1_243' title='bbox 687 1776 798 1837; x_wconf 87' lang='lat' dir='ltr'>est,</span> <span class='ocrx_word' id='word_1_244' title='bbox 828 1776 893 1825; x_wconf 93' lang='lat' dir='ltr'>ut</span> <span class='ocrx_word' id='word_1_245' title='bbox 923 1772 1296 1844; x_wconf 87' lang='lat' dir='ltr'>quiescamus</span> <span class='ocrx_word' id='word_1_246' title='bbox 1320 1776 1392 1830; x_wconf 89' lang='lat' dir='ltr'>ab</span> <span class='ocrx_word' id='word_1_247' title='bbox 1407 1776 1682 1847; x_wconf 88' lang='lat' dir='ltr'>operibus</span> <span class='ocrx_word' id='word_1_248' title='bbox 1700 1777 1891 1843; x_wconf 89' lang='lat' dir='ltr'>malis,</span> <span class='ocrx_word' id='word_1_249' title='bbox 1907 1782 1963 1833; x_wconf 92' lang='lat' dir='ltr'>et</span> <span class='ocrx_word' id='word_1_250' title='bbox 1990 1807 2037 1871; x_wconf 83' lang='lat' dir='ltr'><strong>B</strong></span> <span class='ocrx_word' id='word_1_251' title='bbox 2071 1779 2227 1832; x_wconf 91' lang='lat' dir='ltr'>enim</span> <span class='ocrx_word' id='word_1_252' title='bbox 2261 1778 2377 1832; x_wconf 91' lang='lat' dir='ltr'>illis</span> <span class='ocrx_word' id='word_1_253' title='bbox 2407 1777 2622 1848; x_wconf 90' lang='lat' dir='ltr'>quibus</span> <span class='ocrx_word' id='word_1_254' title='bbox 2655 1783 2884 1834; x_wconf 87' lang='lat' dir='ltr'>tantum</span> <span class='ocrx_word' id='word_1_255' title='bbox 2927 1781 3144 1835; x_wconf 89' lang='lat' dir='ltr'>bonum</span> <span class='ocrx_word' id='word_1_256' title='bbox 3175 1780 3235 1835; x_wconf 90' lang='lat' dir='ltr'>in</span> <span class='ocrx_word' id='word_1_257' title='bbox 3265 1784 3386 1835; x_wconf 89' lang='lat' dir='ltr'>tam</span> <span class='ocrx_word' id='word_1_258' title='bbox 3440 1794 3722 1851; x_wconf 86' lang='lat' dir='ltr'>magnum</span> 
     </span>
    </p>
   </div>
   <div class='ocr_carea' id='block_1_32' title="bbox 305 1857 1961 1936">
    <p class='ocr_par' dir='ltr' id='par_1_32' title="bbox 305 1857 1961 1936">
     <span class='ocr_line' id='line_1_32' title="bbox 305 1857 1961 1936; baseline 0.006 -27"><span class='ocrx_word' id='word_1_259' title='bbox 305 1872 582 1912; x_wconf 89' lang='lat' dir='ltr'>vacemus</span> <span class='ocrx_word' id='word_1_260' title='bbox 612 1857 826 1915; x_wconf 87' lang='lat' dir='ltr'>divinis</span> <span class='ocrx_word' id='word_1_261' title='bbox 856 1860 1175 1932; x_wconf 89' lang='lat' dir='ltr'>obsequiis.</span> <span class='ocrx_word' id='word_1_262' title='bbox 1195 1862 1506 1919; x_wconf 86' lang='lat' dir='ltr'>Parasceve</span> <span class='ocrx_word' id='word_1_263' title='bbox 1527 1870 1722 1919; x_wconf 91' lang='lat' dir='ltr'>autem</span> <span class='ocrx_word' id='word_1_264' title='bbox 1745 1882 1961 1936; x_wconf 62' lang='lat' dir='ltr'>praepa-</span> 
     </span>
    </p>
   </div>
   <div class='ocr_carea' id='block_1_33' title="bbox 305 1944 1955 2021">
    <p class='ocr_par' dir='ltr' id='par_1_33' title="bbox 305 1944 1955 2021">
     <span class='ocr_line' id='line_1_33' title="bbox 305 1944 1955 2021; baseline 0.005 -22"><span class='ocrx_word' id='word_1_265' title='bbox 305 1944 452 2000; x_wconf 86' lang='lat' dir='ltr'>ratio</span> <span class='ocrx_word' id='word_1_266' title='bbox 471 1945 702 2012; x_wconf 90' lang='lat' dir='ltr'>dicitur,</span> <span class='ocrx_word' id='word_1_267' title='bbox 717 1946 828 2002; x_wconf 89' lang='lat' dir='ltr'>hoc</span> <span class='ocrx_word' id='word_1_268' title='bbox 839 1952 948 2013; x_wconf 89' lang='lat' dir='ltr'>est,</span> <span class='ocrx_word' id='word_1_269' title='bbox 962 1953 1027 2003; x_wconf 92' lang='lat' dir='ltr'>ut</span> <span class='ocrx_word' id='word_1_270' title='bbox 1041 1965 1438 2021; x_wconf 79' lang='lat' dir='ltr'>praeparemus</span> <span class='ocrx_word' id='word_1_271' title='bbox 1451 1952 1713 2007; x_wconf 89' lang='lat' dir='ltr'>cordium</span> <span class='ocrx_word' id='word_1_272' title='bbox 1731 1958 1955 2008; x_wconf 86' lang='lat' dir='ltr'>nostro-</span> 
     </span>
    </p>
   </div>
   <div class='ocr_carea' id='block_1_34' title="bbox 305 2034 1953 2112">
    <p class='ocr_par' dir='ltr' id='par_1_34' title="bbox 305 2034 1953 2112">
     <span class='ocr_line' id='line_1_34' title="bbox 305 2034 1953 2112; baseline 0.005 -24"><span class='ocrx_word' id='word_1_273' title='bbox 305 2051 437 2110; x_wconf 65' lang='lat' dir='ltr'>rum</span> <span class='ocrx_word' id='word_1_274' title='bbox 465 2034 800 2090; x_wconf 87' lang='lat' dir='ltr'>habitacula</span> <span class='ocrx_word' id='word_1_275' title='bbox 828 2041 1070 2092; x_wconf 81' lang='lat' dir='ltr'>venturo</span> <span class='ocrx_word' id='word_1_276' title='bbox 1101 2039 1170 2093; x_wconf 90' lang='lat' dir='ltr'>ad</span> <span class='ocrx_word' id='word_1_277' title='bbox 1208 2055 1312 2094; x_wconf 89' lang='lat' dir='ltr'>nos</span> <span class='ocrx_word' id='word_1_278' title='bbox 1345 2056 1446 2110; x_wconf 90' lang='lat' dir='ltr'>per</span> <span class='ocrx_word' id='word_1_279' title='bbox 1465 2041 1724 2112; x_wconf 89' lang='lat' dir='ltr'>corporis</span> <span class='ocrx_word' id='word_1_280' title='bbox 1744 2045 1799 2098; x_wconf 88' lang='lat' dir='ltr'>et</span> <span class='ocrx_word' id='word_1_281' title='bbox 1819 2058 1953 2096; x_wconf 82' lang='lat' dir='ltr'>san-</span> 
     </span>
    </p>
   </div>
   <div class='ocr_carea' id='block_1_35' title="bbox 304 2121 1956 2200">
    <p class='ocr_par' dir='ltr' id='par_1_35' title="bbox 304 2121 1956 2200">
     <span class='ocr_line' id='line_1_35' title="bbox 304 2121 1956 2200; baseline 0.005 -24"><span class='ocrx_word' id='word_1_282' title='bbox 304 2121 502 2195; x_wconf 82' lang='lat' dir='ltr'>guinis</span> <span class='ocrx_word' id='word_1_283' title='bbox 533 2122 624 2178; x_wconf 91' lang='lat' dir='ltr'>sui</span> <span class='ocrx_word' id='word_1_284' title='bbox 655 2123 1043 2180; x_wconf 86' lang='lat' dir='ltr'>substantiam</span> <span class='ocrx_word' id='word_1_285' title='bbox 1059 2126 1306 2182; x_wconf 85' lang='lat' dir='ltr'>Christo.</span> <span class='ocrx_word' id='word_1_286' title='bbox 1326 2127 1384 2183; x_wconf 91' lang='lat' dir='ltr'>Si</span> <span class='ocrx_word' id='word_1_287' title='bbox 1397 2145 1533 2200; x_wconf 89' lang='lat' dir='ltr'>ergo</span> <span class='ocrx_word' id='word_1_288' title='bbox 1547 2129 1738 2184; x_wconf 89' lang='lat' dir='ltr'>omnis</span> <span class='ocrx_word' id='word_1_289' title='bbox 1755 2135 1956 2185; x_wconf 84' lang='lat' dir='ltr'>octava</span> 
     </span>
    </p>
   </div>
   <div class='ocr_carea' id='block_1_36' title="bbox 299 2211 1953 2288">
    <p class='ocr_par' dir='ltr' id='par_1_36' title="bbox 299 2211 1953 2288">
     <span class='ocr_line' id='line_1_36' title="bbox 299 2211 1953 2288; baseline 0.006 -23"><span class='ocrx_word' id='word_1_290' title='bbox 299 2211 433 2266; x_wconf 85' lang='lat' dir='ltr'>dies</span> <span class='ocrx_word' id='word_1_291' title='bbox 463 2217 553 2266; x_wconf 85' lang='lat' dir='ltr'>est</span> <span class='ocrx_word' id='word_1_292' title='bbox 571 2211 896 2281; x_wconf 89' lang='lat' dir='ltr'>Dominica,</span> <span class='ocrx_word' id='word_1_293' title='bbox 924 2213 1226 2270; x_wconf 88' lang='lat' dir='ltr'>Dominica</span> <span class='ocrx_word' id='word_1_294' title='bbox 1242 2233 1373 2270; x_wconf 90' lang='lat' dir='ltr'>vero</span> <span class='ocrx_word' id='word_1_295' title='bbox 1393 2234 1493 2288; x_wconf 90' lang='lat' dir='ltr'>pro</span> <span class='ocrx_word' id='word_1_296' title='bbox 1526 2218 1953 2275; x_wconf 86' lang='lat' dir='ltr'>resurrectione</span> 
     </span>
    </p>
   </div>
   <div class='ocr_carea' id='block_1_37' title="bbox 305 2299 1956 2375">
    <p class='ocr_par' dir='ltr' id='par_1_37' title="bbox 305 2299 1956 2375">
     <span class='ocr_line' id='line_1_37' title="bbox 305 2299 1956 2375; baseline 0.005 -21"><span class='ocrx_word' id='word_1_297' title='bbox 305 2299 537 2355; x_wconf 90' lang='lat' dir='ltr'>Domini</span> <span class='ocrx_word' id='word_1_298' title='bbox 570 2300 746 2368; x_wconf 87' lang='lat' dir='ltr'>dicta;</span> <span class='ocrx_word' id='word_1_299' title='bbox 778 2300 887 2368; x_wconf 88' lang='lat' dir='ltr'>vel,</span> <span class='ocrx_word' id='word_1_300' title='bbox 909 2301 1062 2356; x_wconf 88' lang='lat' dir='ltr'>sicut</span> <span class='ocrx_word' id='word_1_301' title='bbox 1081 2303 1374 2374; x_wconf 89' lang='lat' dir='ltr'>perlepide</span> <span class='ocrx_word' id='word_1_302' title='bbox 1397 2305 1636 2375; x_wconf 90' lang='lat' dir='ltr'>quidam</span> <span class='ocrx_word' id='word_1_303' title='bbox 1659 2306 1956 2362; x_wconf 88' lang='lat' dir='ltr'>invenitur</span> 
     </span>
    </p>
   </div>
   <div class='ocr_carea' id='block_1_38' title="bbox 301 2389 1953 2466">
    <p class='ocr_par' dir='ltr' id='par_1_38' title="bbox 301 2389 1953 2466">
     <span class='ocr_line' id='line_1_38' title="bbox 301 2389 1953 2466; baseline 0.004 -23"><span class='ocrx_word' id='word_1_304' title='bbox 301 2389 541 2455; x_wconf 81' lang='lat' dir='ltr'>dixisse,</span> <span class='ocrx_word' id='word_1_305' title='bbox 573 2406 776 2445; x_wconf 89' lang='lat' dir='ltr'>omnes</span> <span class='ocrx_word' id='word_1_306' title='bbox 811 2391 949 2462; x_wconf 90' lang='lat' dir='ltr'>quia</span> <span class='ocrx_word' id='word_1_307' title='bbox 970 2391 1094 2447; x_wconf 90' lang='lat' dir='ltr'>dies</span> <span class='ocrx_word' id='word_1_308' title='bbox 1115 2392 1400 2447; x_wconf 88' lang='lat' dir='ltr'>Dominus</span> <span class='ocrx_word' id='word_1_309' title='bbox 1418 2393 1808 2466; x_wconf 89' lang='lat' dir='ltr'>fecitimperio</span> <span class='ocrx_word' id='word_1_310' title='bbox 1823 2412 1953 2451; x_wconf 85' lang='lat' dir='ltr'>suo.</span> 
     </span>
    </p>
   </div>
   <div class='ocr_carea' id='block_1_39' title="bbox 300 2478 1956 2555">
    <p class='ocr_par' dir='ltr' id='par_1_39' title="bbox 300 2478 1956 2555">
     <span class='ocr_line' id='line_1_39' title="bbox 300 2478 1956 2555; baseline 0.004 -23"><span class='ocrx_word' id='word_1_311' title='bbox 300 2478 670 2534; x_wconf 90' lang='lat' dir='ltr'>Dominicum</span> <span class='ocrx_word' id='word_1_312' title='bbox 703 2478 838 2535; x_wconf 85' lang='lat' dir='ltr'>fecit</span> <span class='ocrx_word' id='word_1_313' title='bbox 869 2480 1328 2552; x_wconf 90' lang='lat' dir='ltr'>sanginesuo,et</span> <span class='ocrx_word' id='word_1_314' title='bbox 1353 2481 1806 2552; x_wconf 66' lang='lat' dir='ltr'>dedicavit(941)</span> <span class='ocrx_word' id='word_1_315' title='bbox 1831 2501 1956 2555; x_wconf 88' lang='lat' dir='ltr'>pre-</span> 
     </span>
    </p>
   </div>
   <div class='ocr_carea' id='block_1_40' title="bbox 297 2566 1954 2640">
    <p class='ocr_par' dir='ltr' id='par_1_40' title="bbox 297 2566 1954 2640">
     <span class='ocr_line' id='line_1_40' title="bbox 297 2566 1954 2640; baseline 0.004 -20"><span class='ocrx_word' id='word_1_316' title='bbox 297 2566 375 2621; x_wconf 85' lang='lat' dir='ltr'>tio</span> <span class='ocrx_word' id='word_1_317' title='bbox 407 2583 515 2622; x_wconf 89' lang='lat' dir='ltr'>suo</span> <span class='ocrx_word' id='word_1_318' title='bbox 540 2585 553 2634; x_wconf 92' lang='lat'><strong>;</strong></span> <span class='ocrx_word' id='word_1_319' title='bbox 587 2583 790 2622; x_wconf 88' lang='lat' dir='ltr'>omnes</span> <span class='ocrx_word' id='word_1_320' title='bbox 820 2567 944 2622; x_wconf 89' lang='lat' dir='ltr'>dies</span> <span class='ocrx_word' id='word_1_321' title='bbox 968 2567 1244 2623; x_wconf 86' lang='lat' dir='ltr'>Dominici</span> <span class='ocrx_word' id='word_1_322' title='bbox 1272 2585 1577 2640; x_wconf 88' lang='lat' dir='ltr'>parasceve</span> <span class='ocrx_word' id='word_1_323' title='bbox 1597 2570 1684 2625; x_wconf 91' lang='lat' dir='ltr'>vel</span> <span class='ocrx_word' id='word_1_324' title='bbox 1703 2571 1954 2627; x_wconf 71' lang='lat' dir='ltr'>Salibato</span> 
     </span>
    </p>
   </div>
   <div class='ocr_carea' id='block_1_41' title="bbox 298 2655 1954 2730">
    <p class='ocr_par' dir='ltr' id='par_1_41' title="bbox 298 2655 1954 2730">
     <span class='ocr_line' id='line_1_41' title="bbox 298 2655 1954 2730; baseline 0.004 -20"><span class='ocrx_word' id='word_1_325' title='bbox 298 2655 585 2728; x_wconf 82' lang='lat' dir='ltr'>indigent,</span> <span class='ocrx_word' id='word_1_326' title='bbox 620 2655 934 2712; x_wconf 89' lang='lat' dir='ltr'>Parasceve</span> <span class='ocrx_word' id='word_1_327' title='bbox 963 2662 1182 2726; x_wconf 87' lang='lat' dir='ltr'>autem,</span> <span class='ocrx_word' id='word_1_328' title='bbox 1218 2658 1274 2712; x_wconf 89' lang='lat' dir='ltr'>id</span> <span class='ocrx_word' id='word_1_329' title='bbox 1306 2663 1394 2714; x_wconf 89' lang='lat' dir='ltr'>est</span> <span class='ocrx_word' id='word_1_330' title='bbox 1424 2659 1789 2730; x_wconf 55' lang='lat' dir='ltr'>praeparatio,</span> <span class='ocrx_word' id='word_1_331' title='bbox 1837 2677 1954 2716; x_wconf 89' lang='lat' dir='ltr'>non</span> 
     </span>
    </p>
   </div>
   <div class='ocr_carea' id='block_1_42' title="bbox 300 2744 1956 2820">
    <p class='ocr_par' dir='ltr' id='par_1_42' title="bbox 300 2744 1956 2820">
     <span class='ocr_line' id='line_1_42' title="bbox 300 2744 1956 2820; baseline 0.002 -21"><span class='ocrx_word' id='word_1_332' title='bbox 300 2748 389 2800; x_wconf 90' lang='lat' dir='ltr'>est</span> <span class='ocrx_word' id='word_1_333' title='bbox 418 2744 577 2800; x_wconf 90' lang='lat' dir='ltr'>aliud</span> <span class='ocrx_word' id='word_1_334' title='bbox 609 2745 722 2800; x_wconf 88' lang='lat' dir='ltr'>nisi</span> <span class='ocrx_word' id='word_1_335' title='bbox 755 2746 910 2817; x_wconf 92' lang='lat' dir='ltr'>quod</span> <span class='ocrx_word' id='word_1_336' title='bbox 943 2745 1320 2818; x_wconf 90' lang='lat' dir='ltr'>protulimus,</span> <span class='ocrx_word' id='word_1_337' title='bbox 1350 2746 1459 2802; x_wconf 89' lang='lat' dir='ltr'>hoc</span> <span class='ocrx_word' id='word_1_338' title='bbox 1490 2751 1598 2815; x_wconf 88' lang='lat' dir='ltr'>est,</span> <span class='ocrx_word' id='word_1_339' title='bbox 1633 2751 1698 2803; x_wconf 92' lang='lat' dir='ltr'>ut</span> <span class='ocrx_word' id='word_1_340' title='bbox 1751 2747 1956 2820; x_wconf 91' lang='lat' dir='ltr'>probet</span> 
     </span>
    </p>
   </div>
   <div class='ocr_carea' id='block_1_43' title="bbox 298 2833 1951 2908">
    <p class='ocr_par' dir='ltr' id='par_1_43' title="bbox 298 2833 1951 2908">
     <span class='ocr_line' id='line_1_43' title="bbox 298 2833 1951 2908; baseline 0.002 -20"><span class='ocrx_word' id='word_1_341' title='bbox 298 2833 558 2906; x_wconf 87' lang='lat' dir='ltr'>seipsum</span> <span class='ocrx_word' id='word_1_342' title='bbox 592 2833 787 2901; x_wconf 89' lang='lat' dir='ltr'>homo,</span> <span class='ocrx_word' id='word_1_343' title='bbox 821 2834 880 2888; x_wconf 91' lang='lat' dir='ltr'>id</span> <span class='ocrx_word' id='word_1_344' title='bbox 913 2838 1022 2902; x_wconf 89' lang='lat' dir='ltr'>est,</span> <span class='ocrx_word' id='word_1_345' title='bbox 1052 2835 1342 2906; x_wconf 88' lang='lat' dir='ltr'>disquirat</span> <span class='ocrx_word' id='word_1_346' title='bbox 1373 2837 1544 2908; x_wconf 86' lang='lat' dir='ltr'>cujus</span> <span class='ocrx_word' id='word_1_347' title='bbox 1574 2837 1814 2891; x_wconf 72' lang='lat' dir='ltr'>affectus</span> <span class='ocrx_word' id='word_1_348' title='bbox 1855 2836 1951 2904; x_wconf 90' lang='lat' dir='ltr'>sit,</span> 
     </span>
    </p>
   </div>
   <div class='ocr_carea' id='block_1_44' title="bbox 297 2921 1952 2997">
    <p class='ocr_par' dir='ltr' id='par_1_44' title="bbox 297 2921 1952 2997">
     <span class='ocr_line' id='line_1_44' title="bbox 297 2921 1952 2997; baseline 0.002 -20"><span class='ocrx_word' id='word_1_349' title='bbox 297 2922 404 2978; x_wconf 89' lang='lat' dir='ltr'>hoc</span> <span class='ocrx_word' id='word_1_350' title='bbox 427 2927 537 2987; x_wconf 88' lang='lat' dir='ltr'>est,</span> <span class='ocrx_word' id='word_1_351' title='bbox 558 2922 608 2979; x_wconf 87' lang='lat' dir='ltr'>si</span> <span class='ocrx_word' id='word_1_352' title='bbox 632 2923 692 2977; x_wconf 91' lang='lat' dir='ltr'>in</span> <span class='ocrx_word' id='word_1_353' title='bbox 715 2921 1160 2979; x_wconf 89' lang='lat' dir='ltr'>voluntatecum</span> <span class='ocrx_word' id='word_1_354' title='bbox 1181 2924 1280 2979; x_wconf 93' lang='lat' dir='ltr'>Dei</span> <span class='ocrx_word' id='word_1_355' title='bbox 1299 2925 1486 2997; x_wconf 87' lang='lat' dir='ltr'>gratia</span> <span class='ocrx_word' id='word_1_356' title='bbox 1507 2924 1952 2994; x_wconf 87' lang='lat' dir='ltr'>meliorationis,</span> 
     </span>
    </p>
   </div>
   <div class='ocr_carea' id='block_1_45' title="bbox 300 3011 1948 3086">
    <p class='ocr_par' dir='ltr' id='par_1_45' title="bbox 300 3011 1948 3086">
     <span class='ocr_line' id='line_1_45' title="bbox 300 3011 1948 3086; baseline 0.002 -20"><span class='ocrx_word' id='word_1_357' title='bbox 300 3015 398 3066; x_wconf 86' lang='lat' dir='ltr'>aut</span> <span class='ocrx_word' id='word_1_358' title='bbox 427 3011 718 3066; x_wconf 87' lang='lat' dir='ltr'>in&#39;duritia</span> <span class='ocrx_word' id='word_1_359' title='bbox 736 3012 1115 3084; x_wconf 82' lang='lat' dir='ltr'>pejoratiouis</span> <span class='ocrx_word' id='word_1_360' title='bbox 1142 3013 1427 3068; x_wconf 88' lang='lat' dir='ltr'>consistit.</span> <span class='ocrx_word' id='word_1_361' title='bbox 1448 3013 1664 3068; x_wconf 89' lang='lat' dir='ltr'>Siillud</span> <span class='ocrx_word' id='word_1_362' title='bbox 1692 3014 1948 3086; x_wconf 89' lang='lat' dir='ltr'>primum</span> 
     </span>
    </p>
   </div>
   <div class='ocr_carea' id='block_1_46' title="bbox 299 3100 1951 3173">
    <p class='ocr_par' dir='ltr' id='par_1_46' title="bbox 299 3100 1951 3173">
     <span class='ocr_line' id='line_1_46' title="bbox 299 3100 1951 3173; baseline 0.001 -19"><span class='ocrx_word' id='word_1_363' title='bbox 299 3100 444 3173; x_wconf 76' lang='grc'>(942)</span> <span class='ocrx_word' id='word_1_364' title='bbox 479 3100 537 3156; x_wconf 90' lang='lat' dir='ltr'>in</span> <span class='ocrx_word' id='word_1_365' title='bbox 569 3100 926 3156; x_wconf 87' lang='lat' dir='ltr'>conscientia</span> <span class='ocrx_word' id='word_1_366' title='bbox 955 3117 1066 3156; x_wconf 89' lang='lat' dir='ltr'>sua</span> <span class='ocrx_word' id='word_1_367' title='bbox 1095 3101 1334 3168; x_wconf 88' lang='lat' dir='ltr'>invenit,</span> <span class='ocrx_word' id='word_1_368' title='bbox 1369 3118 1729 3172; x_wconf 64' lang='lat' dir='ltr'>pressumens</span> <span class='ocrx_word' id='word_1_369' title='bbox 1751 3103 1821 3157; x_wconf 91' lang='lat' dir='ltr'>de</span> <span class='ocrx_word' id='word_1_370' title='bbox 1845 3103 1951 3157; x_wconf 92' lang='lat' dir='ltr'>mi-</span> 
     </span>
    </p>
   </div>
   <div class='ocr_carea' id='block_1_47' title="bbox 2065 1865 3722 1939">
    <p class='ocr_par' dir='ltr' id='par_1_47' title="bbox 2065 1865 3722 1939">
     <span class='ocr_line' id='line_1_47' title="bbox 2065 1865 3722 1939; baseline 0.002 -20"><span class='ocrx_word' id='word_1_371' title='bbox 2065 1865 2311 1920; x_wconf 87' lang='lat' dir='ltr'>vertitur</span> <span class='ocrx_word' id='word_1_372' title='bbox 2340 1865 2584 1929; x_wconf 88' lang='lat' dir='ltr'>malum,</span> <span class='ocrx_word' id='word_1_373' title='bbox 2618 1867 2760 1921; x_wconf 89' lang='lat' dir='ltr'>dum</span> <span class='ocrx_word' id='word_1_374' title='bbox 2814 1869 3181 1924; x_wconf 88' lang='lat' dir='ltr'>comedentes</span> <span class='ocrx_word' id='word_1_375' title='bbox 3236 1867 3438 1939; x_wconf 90' lang='lat' dir='ltr'>utique</span> <span class='ocrx_word' id='word_1_376' title='bbox 3485 1883 3722 1922; x_wconf 88' lang='lat' dir='ltr'>carnem</span> 
     </span>
    </p>
   </div>
   <div class='ocr_carea' id='block_1_48' title="bbox 2069 1953 3721 2027">
    <p class='ocr_par' dir='ltr' id='par_1_48' title="bbox 2069 1953 3721 2027">
     <span class='ocr_line' id='line_1_48' title="bbox 2069 1953 3721 2027; baseline 0.002 -20"><span class='ocrx_word' id='word_1_377' title='bbox 2069 1953 2296 2008; x_wconf 89' lang='lat' dir='ltr'>Domini</span> <span class='ocrx_word' id='word_1_378' title='bbox 2328 1955 2473 2020; x_wconf 82' lang='grc'>(946,</span> <span class='ocrx_word' id='word_1_379' title='bbox 2508 1958 2564 2008; x_wconf 89' lang='lat' dir='ltr'>et</span> <span class='ocrx_word' id='word_1_380' title='bbox 2595 1955 2944 2024; x_wconf 90' lang='lat' dir='ltr'>sanguinem</span> <span class='ocrx_word' id='word_1_381' title='bbox 2976 1957 3106 2025; x_wconf 88' lang='lat' dir='ltr'>ejus</span> <span class='ocrx_word' id='word_1_382' title='bbox 3145 1955 3410 2011; x_wconf 88' lang='lat' dir='ltr'>bibentes</span> <span class='ocrx_word' id='word_1_383' title='bbox 3458 1956 3721 2027; x_wconf 92' lang='lat' dir='ltr'>indigne,</span> 
     </span>
    </p>
   </div>
   <div class='ocr_carea' id='block_1_49' title="bbox 2055 2041 3720 2115">
    <p class='ocr_par' dir='ltr' id='par_1_49' title="bbox 2055 2041 3720 2115">
     <span class='ocr_line' id='line_1_49' title="bbox 2055 2041 3720 2115; baseline 0.002 -20"><span class='ocrx_word' id='word_1_384' title='bbox 2055 2041 2346 2112; x_wconf 91' lang='lat' dir='ltr'>judicium</span> <span class='ocrx_word' id='word_1_385' title='bbox 2381 2041 2494 2096; x_wconf 91' lang='lat' dir='ltr'>sibi</span> <span class='ocrx_word' id='word_1_386' title='bbox 2528 2043 2886 2098; x_wconf 80' lang='lat' dir='ltr'>manducent</span> <span class='ocrx_word' id='word_1_387' title='bbox 2916 2048 2974 2098; x_wconf 91' lang='lat' dir='ltr'>et</span> <span class='ocrx_word' id='word_1_388' title='bbox 3005 2044 3236 2099; x_wconf 90' lang='lat' dir='ltr'>bibunt.</span> <span class='ocrx_word' id='word_1_389' title='bbox 3287 2043 3406 2109; x_wconf 71' lang='lat' dir='ltr'>Vaa,</span> <span class='ocrx_word' id='word_1_390' title='bbox 3450 2043 3720 2115; x_wconf 88' lang='lat' dir='ltr'>inquam,</span> 
     </span>
    </p>
   </div>
   <div class='ocr_carea' id='block_1_50' title="bbox 2064 2129 3718 2196">
    <p class='ocr_par' dir='ltr' id='par_1_50' title="bbox 2064 2129 3718 2196">
     <span class='ocr_line' id='line_1_50' title="bbox 2064 2129 3718 2196; baseline 0.002 -12"><span class='ocrx_word' id='word_1_391' title='bbox 2064 2129 2231 2186; x_wconf 88' lang='lat' dir='ltr'>nobis</span> <span class='ocrx_word' id='word_1_392' title='bbox 2263 2130 2518 2196; x_wconf 88' lang='lat' dir='ltr'>miseris,</span> <span class='ocrx_word' id='word_1_393' title='bbox 2549 2135 2604 2185; x_wconf 92' lang='lat' dir='ltr'>et</span> <span class='ocrx_word' id='word_1_394' title='bbox 2634 2130 2846 2187; x_wconf 88' lang='lat' dir='ltr'>millies</span> <span class='ocrx_word' id='word_1_395' title='bbox 2873 2148 2976 2187; x_wconf 66' lang='lat' dir='ltr'>vae.</span> <span class='ocrx_word' id='word_1_396' title='bbox 3005 2131 3151 2187; x_wconf 91' lang='lat' dir='ltr'>Cum</span> <span class='ocrx_word' id='word_1_397' title='bbox 3183 2131 3341 2187; x_wconf 90' lang='lat' dir='ltr'>enim</span> <span class='ocrx_word' id='word_1_398' title='bbox 3387 2131 3718 2188; x_wconf 89' lang='lat' dir='ltr'>sacerdotes</span> 
     </span>
    </p>
   </div>
   <div class='ocr_carea' id='block_1_51' title="bbox 2063 2218 3714 2291">
    <p class='ocr_par' dir='ltr' id='par_1_51' title="bbox 2063 2218 3714 2291">
     <span class='ocr_line' id='line_1_51' title="bbox 2063 2218 3714 2291; baseline 0.001 -17"><span class='ocrx_word' id='word_1_399' title='bbox 2063 2235 2178 2274; x_wconf 90' lang='lat' dir='ltr'>non</span> <span class='ocrx_word' id='word_1_400' title='bbox 2210 2219 2282 2274; x_wconf 91' lang='lat' dir='ltr'>ob</span> <span class='ocrx_word' id='word_1_401' title='bbox 2315 2218 2472 2273; x_wconf 89' lang='lat' dir='ltr'>aliud</span> <span class='ocrx_word' id='word_1_402' title='bbox 2504 2235 2797 2289; x_wconf 87' lang='lat' dir='ltr'>vocemur,</span> <span class='ocrx_word' id='word_1_403' title='bbox 2830 2220 2942 2275; x_wconf 90' lang='lat' dir='ltr'>nisi</span> <span class='ocrx_word' id='word_1_404' title='bbox 2977 2219 3114 2291; x_wconf 91' lang='lat' dir='ltr'>quia</span> <span class='ocrx_word' id='word_1_405' title='bbox 3144 2236 3381 2275; x_wconf 89' lang='lat' dir='ltr'>sacrum</span> <span class='ocrx_word' id='word_1_406' title='bbox 3429 2221 3714 2276; x_wconf 80' lang='lat' dir='ltr'>conficere</span> 
     </span>
    </p>
   </div>
   <div class='ocr_carea' id='block_1_52' title="bbox 2062 2306 3716 2379">
    <p class='ocr_par' dir='ltr' id='par_1_52' title="bbox 2062 2306 3716 2379">
     <span class='ocr_line' id='line_1_52' title="bbox 2062 2306 3716 2379; baseline -0.001 -17"><span class='ocrx_word' id='word_1_407' title='bbox 2062 2312 2118 2362; x_wconf 85' lang='lat' dir='ltr'>et</span> <span class='ocrx_word' id='word_1_408' title='bbox 2148 2308 2285 2362; x_wconf 90' lang='lat' dir='ltr'>dare</span> <span class='ocrx_word' id='word_1_409' title='bbox 2316 2306 2532 2379; x_wconf 90' lang='lat' dir='ltr'>populo</span> <span class='ocrx_word' id='word_1_410' title='bbox 2554 2308 3180 2378; x_wconf 87' lang='lat' dir='ltr'>debemus;Scriptura</span> <span class='ocrx_word' id='word_1_411' title='bbox 3191 2324 3326 2363; x_wconf 89' lang='lat' dir='ltr'>vero</span> <span class='ocrx_word' id='word_1_412' title='bbox 3344 2313 3546 2362; x_wconf 88' lang='lat' dir='ltr'>sancta</span> <span class='ocrx_word' id='word_1_413' title='bbox 3564 2309 3716 2362; x_wconf 87' lang='lat' dir='ltr'>dicat</span> 
     </span>
    </p>
   </div>
   <div class='ocr_carea' id='block_1_53' title="bbox 2063 2395 3716 2466">
    <p class='ocr_par' dir='ltr' id='par_1_53' title="bbox 2063 2395 3716 2466">
     <span class='ocr_line' id='line_1_53' title="bbox 2063 2395 3716 2466; baseline -0.001 -16"><span class='ocrx_word' id='word_1_414' title='bbox 2063 2400 2318 2450; x_wconf 83' lang='lat' dir='ltr'>econtra.</span> <span class='ocrx_word' id='word_1_415' title='bbox 2351 2395 2638 2466; x_wconf 84' lang='lat' dir='ltr'>Quidquid</span> <span class='ocrx_word' id='word_1_416' title='bbox 2669 2395 2928 2465; x_wconf 80' lang='lat' dir='ltr'>tetigerit</span> <span class='ocrx_word' id='word_1_417' title='bbox 2959 2395 3350 2462; x_wconf 88' lang='lat' dir='ltr'>immundum,</span> <span class='ocrx_word' id='word_1_418' title='bbox 3383 2395 3716 2449; x_wconf 73' lang='lat' dir='ltr'>immundus</span> 
     </span>
    </p>
   </div>
   <div class='ocr_carea' id='block_1_54' title="bbox 2062 2480 3715 2554">
    <p class='ocr_par' dir='ltr' id='par_1_54' title="bbox 2062 2480 3715 2554">
     <span class='ocr_line' id='line_1_54' title="bbox 2062 2480 3715 2554; baseline -0.002 -16"><span class='ocrx_word' id='word_1_419' title='bbox 2062 2486 2182 2538; x_wconf 84' lang='lat' dir='ltr'>erit</span> <span class='ocrx_word' id='word_1_420' title='bbox 2211 2484 2404 2545; x_wconf 84' lang='lat' dir='ltr'>(Num.</span> <span class='ocrx_word' id='word_1_421' title='bbox 2423 2500 2536 2542; x_wconf 74' lang='lat' dir='ltr'>xux.</span> <span class='ocrx_word' id='word_1_422' title='bbox 2550 2483 2670 2551; x_wconf 84' lang='lat'>22):</span> <span class='ocrx_word' id='word_1_423' title='bbox 2688 2483 2979 2554; x_wconf 87' lang='lat' dir='ltr'>quomodo</span> <span class='ocrx_word' id='word_1_424' title='bbox 3002 2485 3193 2553; x_wconf 89' lang='lat' dir='ltr'>potest</span> <span class='ocrx_word' id='word_1_425' title='bbox 3213 2481 3419 2536; x_wconf 87' lang='lat' dir='ltr'>saltem</span> <span class='ocrx_word' id='word_1_426' title='bbox 3433 2480 3546 2535; x_wconf 90' lang='lat' dir='ltr'>dici</span> <span class='ocrx_word' id='word_1_427' title='bbox 3567 2482 3715 2553; x_wconf 67' lang='lat'>(9117)</span> 
     </span>
    </p>
   </div>
   <div class='ocr_carea' id='block_1_55' title="bbox 2065 2568 3716 2644">
    <p class='ocr_par' dir='ltr' id='par_1_55' title="bbox 2065 2568 3716 2644">
     <span class='ocr_line' id='line_1_55' title="bbox 2065 2568 3716 2644; baseline -0.002 -18"><span class='ocrx_word' id='word_1_428' title='bbox 2065 2571 2286 2644; x_wconf 90' lang='lat' dir='ltr'>aliquid</span> <span class='ocrx_word' id='word_1_429' title='bbox 2319 2588 2550 2626; x_wconf 89' lang='lat' dir='ltr'>sacrum</span> <span class='ocrx_word' id='word_1_430' title='bbox 2569 2570 3067 2626; x_wconf 89' lang='lat' dir='ltr'>immundissimis</span> <span class='ocrx_word' id='word_1_431' title='bbox 3082 2569 3354 2624; x_wconf 83' lang='lat' dir='ltr'>manibus</span> <span class='ocrx_word' id='word_1_432' title='bbox 3377 2568 3716 2624; x_wconf 86' lang='lat' dir='ltr'>nostristra-</span> 
     </span>
    </p>
   </div>
   <div class='ocr_carea' id='block_1_56' title="bbox 2063 2658 3714 2730">
    <p class='ocr_par' dir='ltr' id='par_1_56' title="bbox 2063 2658 3714 2730">
     <span class='ocr_line' id='line_1_56' title="bbox 2063 2658 3714 2730; baseline -0.002 -16"><span class='ocrx_word' id='word_1_433' title='bbox 2063 2659 2318 2714; x_wconf 82' lang='lat' dir='ltr'>clatum?</span> <span class='ocrx_word' id='word_1_434' title='bbox 2349 2661 2418 2714; x_wconf 90' lang='lat' dir='ltr'>Et</span> <span class='ocrx_word' id='word_1_435' title='bbox 2448 2675 2582 2714; x_wconf 92' lang='lat' dir='ltr'>cum</span> <span class='ocrx_word' id='word_1_436' title='bbox 2617 2658 2886 2730; x_wconf 85' lang='lat' dir='ltr'>specialis</span> <span class='ocrx_word' id='word_1_437' title='bbox 2916 2662 3115 2713; x_wconf 90' lang='lat' dir='ltr'>noster</span> <span class='ocrx_word' id='word_1_438' title='bbox 3143 2658 3345 2712; x_wconf 92' lang='lat' dir='ltr'>doctor</span> <span class='ocrx_word' id='word_1_439' title='bbox 3373 2659 3551 2728; x_wconf 88' lang='lat' dir='ltr'>atque</span> <span class='ocrx_word' id='word_1_440' title='bbox 3579 2672 3714 2728; x_wconf 90' lang='lat' dir='ltr'>pro-</span> 
     </span>
    </p>
   </div>
   <div class='ocr_carea' id='block_1_57' title="bbox 2059 2742 3715 2818">
    <p class='ocr_par' dir='ltr' id='par_1_57' title="bbox 2059 2742 3715 2818">
     <span class='ocr_line' id='line_1_57' title="bbox 2059 2742 3715 2818; baseline -0.001 -16"><span class='ocrx_word' id='word_1_441' title='bbox 2059 2749 2217 2804; x_wconf 90' lang='lat' dir='ltr'>visor</span> <span class='ocrx_word' id='word_1_442' title='bbox 2243 2747 2452 2803; x_wconf 88' lang='lat' dir='ltr'>beatus</span> <span class='ocrx_word' id='word_1_443' title='bbox 2483 2745 2684 2818; x_wconf 89' lang='lat' dir='ltr'>utique</span> <span class='ocrx_word' id='word_1_444' title='bbox 2713 2746 2862 2800; x_wconf 91' lang='lat' dir='ltr'>Zeno</span> <span class='ocrx_word' id='word_1_445' title='bbox 2893 2743 3068 2809; x_wconf 88' lang='lat' dir='ltr'>dicat,</span> <span class='ocrx_word' id='word_1_446' title='bbox 3098 2742 3155 2798; x_wconf 91' lang='lat' dir='ltr'>in</span> <span class='ocrx_word' id='word_1_447' title='bbox 3192 2758 3460 2798; x_wconf 87' lang='lat' dir='ltr'>sermone</span> <span class='ocrx_word' id='word_1_448' title='bbox 3487 2743 3715 2815; x_wconf 89' lang='lat' dir='ltr'>utique,</span> 
     </span>
    </p>
   </div>
   <div class='ocr_carea' id='block_1_58' title="bbox 2061 2831 3716 2908">
    <p class='ocr_par' dir='ltr' id='par_1_58' title="bbox 2061 2831 3716 2908">
     <span class='ocr_line' id='line_1_58' title="bbox 2061 2831 3716 2908; baseline -0.002 -16"><span class='ocrx_word' id='word_1_449' title='bbox 2061 2853 2236 2908; x_wconf 88' lang='lat' dir='ltr'>quem</span> <span class='ocrx_word' id='word_1_450' title='bbox 2269 2837 2339 2891; x_wconf 92' lang='lat' dir='ltr'>de</span> <span class='ocrx_word' id='word_1_451' title='bbox 2362 2835 2537 2903; x_wconf 89' lang='lat' dir='ltr'>Juda,</span> <span class='ocrx_word' id='word_1_452' title='bbox 2571 2835 2690 2890; x_wconf 84' lang='lat' dir='ltr'>lilio</span> <span class='ocrx_word' id='word_1_453' title='bbox 2719 2834 2922 2899; x_wconf 88' lang='lat' dir='ltr'>Jacob,</span> <span class='ocrx_word' id='word_1_454' title='bbox 2957 2837 3014 2889; x_wconf 88' lang='lat' dir='ltr'>et</span> <span class='ocrx_word' id='word_1_455' title='bbox 3042 2833 3299 2888; x_wconf 86' lang='lat' dir='ltr'>Thamar</span> <span class='ocrx_word' id='word_1_456' title='bbox 3339 2849 3490 2888; x_wconf 90' lang='lat' dir='ltr'>nuru</span> <span class='ocrx_word' id='word_1_457' title='bbox 3525 2831 3716 2903; x_wconf 87' lang='lat' dir='ltr'>ipsius</span> 
     </span>
    </p>
   </div>
   <div class='ocr_carea' id='block_1_59' title="bbox 2061 2923 3710 2997">
    <p class='ocr_par' dir='ltr' id='par_1_59' title="bbox 2061 2923 3710 2997">
     <span class='ocr_line' id='line_1_59' title="bbox 2061 2923 3710 2997; baseline -0.003 -17"><span class='ocrx_word' id='word_1_458' title='bbox 2061 2925 2494 2997; x_wconf 88' lang='lat' dir='ltr'>elegantissime</span> <span class='ocrx_word' id='word_1_459' title='bbox 2525 2923 2854 2996; x_wconf 89' lang='lat' dir='ltr'>composuit</span> <span class='ocrx_word' id='word_1_460' title='bbox 2875 2924 2994 2994; x_wconf 84' lang='lat' dir='ltr'>(lib.</span> <span class='ocrx_word' id='word_1_461' title='bbox 3028 2938 3069 2978; x_wconf 80' lang='grc' dir='ltr'><strong>ιι</strong></span> <span class='ocrx_word' id='word_1_462' title='bbox 3101 2931 3274 2978; x_wconf 84' lang='lat' dir='ltr'>tract.</span> <span class='ocrx_word' id='word_1_463' title='bbox 3298 2923 3385 2991; x_wconf 82' lang='grc' dir='ltr'>1ίι,</span> <span class='ocrx_word' id='word_1_464' title='bbox 3416 2937 3474 2977; x_wconf 85' lang='lat' dir='ltr'>n.</span> <span class='ocrx_word' id='word_1_465' title='bbox 3507 2925 3710 2992; x_wconf 51' lang='lat' dir='ltr'>(apag.</span> 
     </span>
    </p>
   </div>
   <div class='ocr_carea' id='block_1_60' title="bbox 2057 3010 3708 3084">
    <p class='ocr_par' dir='ltr' id='par_1_60' title="bbox 2057 3010 3708 3084">
     <span class='ocr_line' id='line_1_60' title="bbox 2057 3010 3708 3084; baseline -0.003 -14"><span class='ocrx_word' id='word_1_466' title='bbox 2057 3015 2181 3082; x_wconf 66' lang='lat'>180,</span> <span class='ocrx_word' id='word_1_467' title='bbox 2214 3015 2304 3068; x_wconf 85' lang='lat' dir='ltr'>ed.</span> <span class='ocrx_word' id='word_1_468' title='bbox 2345 3013 2524 3084; x_wconf 82' lang='lat' dir='ltr'>Ver,),</span> <span class='ocrx_word' id='word_1_469' title='bbox 2559 3013 2713 3084; x_wconf 88' lang='lat' dir='ltr'>quod</span> <span class='ocrx_word' id='word_1_470' title='bbox 2755 3012 3020 3067; x_wconf 88' lang='lat' dir='ltr'>omnium</span> <span class='ocrx_word' id='word_1_471' title='bbox 3071 3015 3342 3083; x_wconf 89' lang='lat' dir='ltr'>corrupte</span> <span class='ocrx_word' id='word_1_472' title='bbox 3389 3010 3708 3065; x_wconf 89' lang='lat' dir='ltr'>viventium</span> 
     </span>
    </p>
   </div>
   <div class='ocr_carea' id='block_1_61' title="bbox 2062 3099 3706 3173">
    <p class='ocr_par' dir='ltr' id='par_1_61' title="bbox 2062 3099 3706 3173">
     <span class='ocr_line' id='line_1_61' title="bbox 2062 3099 3706 3173; baseline -0.002 -17"><span class='ocrx_word' id='word_1_473' title='bbox 2062 3101 2332 3158; x_wconf 90' lang='lat' dir='ltr'>diabolus</span> <span class='ocrx_word' id='word_1_474' title='bbox 2360 3107 2523 3173; x_wconf 88' lang='lat' dir='ltr'>pater</span> <span class='ocrx_word' id='word_1_475' title='bbox 2553 3103 2658 3168; x_wconf 90' lang='lat' dir='ltr'>sit;</span> <span class='ocrx_word' id='word_1_476' title='bbox 2693 3101 2832 3172; x_wconf 90' lang='lat' dir='ltr'>quid</span> <span class='ocrx_word' id='word_1_477' title='bbox 2882 3100 3038 3155; x_wconf 89' lang='lat' dir='ltr'>valet</span> <span class='ocrx_word' id='word_1_478' title='bbox 3095 3100 3249 3172; x_wconf 89' lang='lat' dir='ltr'>quod</span> <span class='ocrx_word' id='word_1_479' title='bbox 3281 3099 3341 3153; x_wconf 89' lang='lat' dir='ltr'>in</span> <span class='ocrx_word' id='word_1_480' title='bbox 3390 3102 3706 3170; x_wconf 85' lang='lat' dir='ltr'>conspectu</span> 
     </span>
    </p>
   </div>
   <div class='ocr_carea' id='block_1_62' title="bbox 300 3167 3713 3264">
    <p class='ocr_par' dir='ltr' id='par_1_62' title="bbox 300 3167 3713 3264">
     <span class='ocr_line' id='line_1_62' title="bbox 300 3167 3713 3264; baseline -0.001 -19"><span class='ocrx_word' id='word_1_481' title='bbox 300 3189 618 3245; x_wconf 87' lang='lat' dir='ltr'>sericordia</span> <span class='ocrx_word' id='word_1_482' title='bbox 646 3189 918 3255; x_wconf 90' lang='lat' dir='ltr'>Dei,cum</span> <span class='ocrx_word' id='word_1_483' title='bbox 942 3188 1185 3244; x_wconf 89' lang='lat' dir='ltr'>lactucis</span> <span class='ocrx_word' id='word_1_484' title='bbox 1198 3189 1742 3262; x_wconf 77' lang='lat' dir='ltr'>agrestibus(E.1:od.</span> <span class='ocrx_word' id='word_1_485' title='bbox 1760 3191 1945 3264; x_wconf 84' lang='lat' dir='ltr'>xn,8),</span> <span class='ocrx_word' id='word_1_486' title='bbox 1980 3167 2022 3234; x_wconf 66' lang='grc' dir='ltr'><strong>θ</strong></span> <span class='ocrx_word' id='word_1_487' title='bbox 2061 3191 2323 3247; x_wconf 92' lang='lat' dir='ltr'>omnium</span> <span class='ocrx_word' id='word_1_488' title='bbox 2358 3191 2458 3263; x_wconf 91' lang='lat' dir='ltr'>qui</span> <span class='ocrx_word' id='word_1_489' title='bbox 2477 3208 2582 3246; x_wconf 92' lang='lat' dir='ltr'>nos</span> <span class='ocrx_word' id='word_1_490' title='bbox 2604 3190 2797 3245; x_wconf 86' lang='lat' dir='ltr'>sciunt</span> <span class='ocrx_word' id='word_1_491' title='bbox 2814 3192 3082 3260; x_wconf 90' lang='lat' dir='ltr'>corrupte</span> <span class='ocrx_word' id='word_1_492' title='bbox 3103 3188 3310 3256; x_wconf 86' lang='lat' dir='ltr'>vivere,</span> <span class='ocrx_word' id='word_1_493' title='bbox 3337 3187 3395 3241; x_wconf 91' lang='lat' dir='ltr'>id</span> <span class='ocrx_word' id='word_1_494' title='bbox 3420 3190 3527 3256; x_wconf 89' lang='lat' dir='ltr'>est,</span> <span class='ocrx_word' id='word_1_495' title='bbox 3545 3185 3713 3240; x_wconf 89' lang='lat' dir='ltr'>luxu-</span> 
     </span>
    </p>
   </div>
   <div class='ocr_carea' id='block_1_63' title="bbox 297 3276 1950 3351">
    <p class='ocr_par' dir='ltr' id='par_1_63' title="bbox 297 3276 1950 3351">
     <span class='ocr_line' id='line_1_63' title="bbox 297 3276 1950 3351; baseline 0.001 -19"><span class='ocrx_word' id='word_1_496' title='bbox 297 3277 355 3332; x_wconf 91' lang='lat' dir='ltr'>id</span> <span class='ocrx_word' id='word_1_497' title='bbox 387 3283 477 3334; x_wconf 90' lang='lat' dir='ltr'>est</span> <span class='ocrx_word' id='word_1_498' title='bbox 505 3276 854 3332; x_wconf 84' lang='lat' dir='ltr'>contritione</span> <span class='ocrx_word' id='word_1_499' title='bbox 904 3277 1118 3349; x_wconf 91' lang='lat' dir='ltr'>cordis,</span> <span class='ocrx_word' id='word_1_500' title='bbox 1150 3281 1207 3332; x_wconf 89' lang='lat' dir='ltr'>et</span> <span class='ocrx_word' id='word_1_501' title='bbox 1253 3277 1666 3333; x_wconf 87' lang='lat' dir='ltr'>amaritudinis</span> <span class='ocrx_word' id='word_1_502' title='bbox 1715 3279 1950 3351; x_wconf 86' lang='lat' dir='ltr'>gemiti-</span> 
     </span>
    </p>
   </div>
   <div class='ocr_carea' id='block_1_64' title="bbox 300 3365 1949 3439">
    <p class='ocr_par' dir='ltr' id='par_1_64' title="bbox 300 3365 1949 3439">
     <span class='ocr_line' id='line_1_64' title="bbox 300 3365 1949 3439; baseline 0.001 -18"><span class='ocrx_word' id='word_1_503' title='bbox 300 3366 410 3421; x_wconf 89' lang='lat' dir='ltr'>bus</span> <span class='ocrx_word' id='word_1_504' title='bbox 445 3365 612 3438; x_wconf 73' lang='grc'>(943),</span> <span class='ocrx_word' id='word_1_505' title='bbox 633 3366 927 3422; x_wconf 88' lang='lat' dir='ltr'>accinctus</span> <span class='ocrx_word' id='word_1_506' title='bbox 940 3366 1180 3422; x_wconf 89' lang='lat' dir='ltr'>renibus</span> <span class='ocrx_word' id='word_1_507' title='bbox 1195 3366 1461 3421; x_wconf 90' lang='lat' dir='ltr'>comedat</span> <span class='ocrx_word' id='word_1_508' title='bbox 1473 3383 1712 3439; x_wconf 88' lang='lat' dir='ltr'>agnum.</span> <span class='ocrx_word' id='word_1_509' title='bbox 1734 3367 1792 3422; x_wconf 91' lang='lat' dir='ltr'>Si</span> <span class='ocrx_word' id='word_1_510' title='bbox 1812 3384 1949 3422; x_wconf 92' lang='lat' dir='ltr'>non:</span> 
     </span>
    </p>
   </div>
   <div class='ocr_carea' id='block_1_65' title="bbox 302 3454 1952 3527">
    <p class='ocr_par' dir='ltr' id='par_1_65' title="bbox 302 3454 1952 3527">
     <span class='ocr_line' id='line_1_65' title="bbox 302 3454 1952 3527; baseline 0 -17"><span class='ocrx_word' id='word_1_511' title='bbox 302 3455 548 3510; x_wconf 90' lang='lat' dir='ltr'>suadere</span> <span class='ocrx_word' id='word_1_512' title='bbox 581 3471 695 3509; x_wconf 92' lang='lat' dir='ltr'>non</span> <span class='ocrx_word' id='word_1_513' title='bbox 728 3455 913 3510; x_wconf 88' lang='lat' dir='ltr'>audeo</span> <span class='ocrx_word' id='word_1_514' title='bbox 945 3459 1009 3509; x_wconf 91' lang='lat' dir='ltr'>ut</span> <span class='ocrx_word' id='word_1_515' title='bbox 1034 3455 1209 3510; x_wconf 79' lang='lat' dir='ltr'>faciat</span> <span class='ocrx_word' id='word_1_516' title='bbox 1236 3472 1250 3522; x_wconf 90' lang='lat'><strong>;</strong></span> <span class='ocrx_word' id='word_1_517' title='bbox 1285 3454 1494 3509; x_wconf 90' lang='lat' dir='ltr'>viderit</span> <span class='ocrx_word' id='word_1_518' title='bbox 1524 3455 1776 3526; x_wconf 89' lang='lat' dir='ltr'>quisque</span> <span class='ocrx_word' id='word_1_519' title='bbox 1808 3456 1952 3527; x_wconf 91' lang='lat' dir='ltr'>quid</span> 
     </span>
    </p>
   </div>
   <div class='ocr_carea' id='block_1_66' title="bbox 303 3542 1951 3616">
    <p class='ocr_par' dir='ltr' id='par_1_66' title="bbox 303 3542 1951 3616">
     <span class='ocr_line' id='line_1_66' title="bbox 303 3542 1951 3616; baseline 0 -18"><span class='ocrx_word' id='word_1_520' title='bbox 303 3547 456 3616; x_wconf 85' lang='lat' dir='ltr'>agat.</span> <span class='ocrx_word' id='word_1_521' title='bbox 490 3543 695 3599; x_wconf 89' lang='lat' dir='ltr'>Omnis</span> <span class='ocrx_word' id='word_1_522' title='bbox 725 3559 860 3616; x_wconf 88' lang='lat' dir='ltr'>ergo</span> <span class='ocrx_word' id='word_1_523' title='bbox 876 3542 1502 3598; x_wconf 88' lang='lat' dir='ltr'>diesDominieusideo</span> <span class='ocrx_word' id='word_1_524' title='bbox 1535 3547 1622 3598; x_wconf 89' lang='lat' dir='ltr'>est</span> <span class='ocrx_word' id='word_1_525' title='bbox 1638 3543 1951 3614; x_wconf 90' lang='lat' dir='ltr'>paschalis,</span> 
     </span>
    </p>
   </div>
   <div class='ocr_carea' id='block_1_67' title="bbox 304 3631 1956 3705">
    <p class='ocr_par' dir='ltr' id='par_1_67' title="bbox 304 3631 1956 3705">
     <span class='ocr_line' id='line_1_67' title="bbox 304 3631 1956 3705; baseline -0.001 -18"><span class='ocrx_word' id='word_1_526' title='bbox 304 3631 442 3705; x_wconf 89' lang='lat' dir='ltr'>quia</span> <span class='ocrx_word' id='word_1_527' title='bbox 470 3632 894 3688; x_wconf 89' lang='lat' dir='ltr'>resurrectione</span> <span class='ocrx_word' id='word_1_528' title='bbox 920 3631 1150 3687; x_wconf 91' lang='lat' dir='ltr'>Domini</span> <span class='ocrx_word' id='word_1_529' title='bbox 1183 3632 1520 3686; x_wconf 89' lang='lat' dir='ltr'>decoratus:</span> <span class='ocrx_word' id='word_1_530' title='bbox 1558 3631 1780 3686; x_wconf 88' lang='lat' dir='ltr'>Pascha</span> <span class='ocrx_word' id='word_1_531' title='bbox 1822 3647 1956 3686; x_wconf 88' lang='lat' dir='ltr'>vero</span> 
     </span>
    </p>
   </div>
   <div class='ocr_carea' id='block_1_68' title="bbox 305 3719 1959 3792">
    <p class='ocr_par' dir='ltr' id='par_1_68' title="bbox 305 3719 1959 3792">
     <span class='ocr_line' id='line_1_68' title="bbox 305 3719 1959 3792; baseline -0.001 -15"><span class='ocrx_word' id='word_1_532' title='bbox 305 3725 571 3778; x_wconf 87' lang='lat' dir='ltr'>nostrum</span> <span class='ocrx_word' id='word_1_533' title='bbox 602 3720 731 3776; x_wconf 89' lang='lat' dir='ltr'>ideo</span> <span class='ocrx_word' id='word_1_534' title='bbox 762 3725 851 3778; x_wconf 88' lang='lat' dir='ltr'>est</span> <span class='ocrx_word' id='word_1_535' title='bbox 879 3720 1168 3786; x_wconf 86' lang='lat' dir='ltr'>Christus,</span> <span class='ocrx_word' id='word_1_536' title='bbox 1201 3719 1340 3791; x_wconf 89' lang='lat' dir='ltr'>quia</span> <span class='ocrx_word' id='word_1_537' title='bbox 1369 3736 1472 3792; x_wconf 90' lang='lat' dir='ltr'>pro</span> <span class='ocrx_word' id='word_1_538' title='bbox 1494 3719 1663 3775; x_wconf 89' lang='lat' dir='ltr'>nobis</span> <span class='ocrx_word' id='word_1_539' title='bbox 1697 3719 1959 3776; x_wconf 91' lang='lat' dir='ltr'>immola-</span> 
     </span>
    </p>
   </div>
   <div class='ocr_carea' id='block_1_69' title="bbox 302 3815 418 3866">
    <p class='ocr_par' dir='ltr' id='par_1_69' title="bbox 302 3815 418 3866">
     <span class='ocr_line' id='line_1_69' title="bbox 302 3815 418 3866; baseline -0.009 0"><span class='ocrx_word' id='word_1_540' title='bbox 302 3815 418 3866; x_wconf 88' lang='lat' dir='ltr'>tus.</span> 
     </span>
    </p>
   </div>
   <div class='ocr_carea' id='block_1_70' title="bbox 369 3896 1954 3972">
    <p class='ocr_par' dir='ltr' id='par_1_70' title="bbox 369 3896 1954 3972">
     <span class='ocr_line' id='line_1_70' title="bbox 369 3896 1954 3972; baseline 0 -17"><span class='ocrx_word' id='word_1_541' title='bbox 369 3902 421 3955; x_wconf 85' lang='lat'>5.</span> <span class='ocrx_word' id='word_1_542' title='bbox 457 3899 631 3954; x_wconf 91' lang='lat' dir='ltr'>Omni</span> <span class='ocrx_word' id='word_1_543' title='bbox 664 3915 803 3972; x_wconf 89' lang='lat' dir='ltr'>ergo</span> <span class='ocrx_word' id='word_1_544' title='bbox 835 3899 1141 3956; x_wconf 89' lang='lat' dir='ltr'>Dominica</span> <span class='ocrx_word' id='word_1_545' title='bbox 1171 3898 1339 3953; x_wconf 90' lang='lat' dir='ltr'>nobis</span> <span class='ocrx_word' id='word_1_546' title='bbox 1371 3896 1586 3953; x_wconf 89' lang='lat' dir='ltr'>clamat</span> <span class='ocrx_word' id='word_1_547' title='bbox 1613 3897 1954 3968; x_wconf 86' lang='lat' dir='ltr'>Apostolus:</span> 
     </span>
    </p>
   </div>
   <div class='ocr_carea' id='block_1_71' title="bbox 303 3986 1986 4061">
    <p class='ocr_par' dir='ltr' id='par_1_71' title="bbox 303 3986 1986 4061">
     <span class='ocr_line' id='line_1_71' title="bbox 303 3986 1986 4061; baseline -0.002 -16"><span class='ocrx_word' id='word_1_548' title='bbox 303 3990 497 4061; x_wconf 87' lang='lat' dir='ltr'>Itaque</span> <span class='ocrx_word' id='word_1_549' title='bbox 508 3988 897 4057; x_wconf 77' lang='lat' dir='ltr'>epulemur,id</span> <span class='ocrx_word' id='word_1_550' title='bbox 915 3986 1495 4056; x_wconf 88' lang='lat' dir='ltr'>est;carnemDomini</span> <span class='ocrx_word' id='word_1_551' title='bbox 1515 3987 1958 4054; x_wconf 89' lang='lat' dir='ltr'>manducemus,</span> <span class='ocrx_word' id='word_1_552' title='bbox 1972 4019 1986 4026; x_wconf 89' lang='lat'><em>-</em></span> 
     </span>
    </p>
   </div>
   <div class='ocr_carea' id='block_1_72' title="bbox 302 4075 1962 4150">
    <p class='ocr_par' dir='ltr' id='par_1_72' title="bbox 302 4075 1962 4150">
     <span class='ocr_line' id='line_1_72' title="bbox 302 4075 1962 4150; baseline -0.001 -16"><span class='ocrx_word' id='word_1_553' title='bbox 302 4083 357 4134; x_wconf 89' lang='lat' dir='ltr'>et</span> <span class='ocrx_word' id='word_1_554' title='bbox 385 4077 731 4150; x_wconf 89' lang='lat' dir='ltr'>sanguinem</span> <span class='ocrx_word' id='word_1_555' title='bbox 766 4077 966 4149; x_wconf 88' lang='lat' dir='ltr'>ipsius</span> <span class='ocrx_word' id='word_1_556' title='bbox 1000 4077 1291 4131; x_wconf 88' lang='lat' dir='ltr'>bibamus.</span> <span class='ocrx_word' id='word_1_557' title='bbox 1322 4075 1425 4130; x_wconf 89' lang='lat' dir='ltr'>Ubi</span> <span class='ocrx_word' id='word_1_558' title='bbox 1461 4079 1600 4130; x_wconf 89' lang='lat' dir='ltr'>sunt</span> <span class='ocrx_word' id='word_1_559' title='bbox 1634 4081 1829 4131; x_wconf 89' lang='lat' dir='ltr'>autem</span> <span class='ocrx_word' id='word_1_560' title='bbox 1861 4076 1962 4149; x_wconf 91' lang='lat' dir='ltr'>qui</span> 
     </span>
    </p>
   </div>
   <div class='ocr_carea' id='block_1_73' title="bbox 306 4163 1962 4239">
    <p class='ocr_par' dir='ltr' id='par_1_73' title="bbox 306 4163 1962 4239">
     <span class='ocr_line' id='line_1_73' title="bbox 306 4163 1962 4239; baseline 0 -19"><span class='ocrx_word' id='word_1_561' title='bbox 306 4165 565 4239; x_wconf 88' lang='lat' dir='ltr'>quotidie</span> <span class='ocrx_word' id='word_1_562' title='bbox 586 4165 829 4220; x_wconf 90' lang='lat' dir='ltr'>missam</span> <span class='ocrx_word' id='word_1_563' title='bbox 851 4164 1368 4236; x_wconf 88' lang='lat' dir='ltr'>celebrant,quotid</span> <span class='ocrx_word' id='word_1_564' title='bbox 1382 4163 1656 4219; x_wconf 88' lang='lat' dir='ltr'>iePascha</span> <span class='ocrx_word' id='word_1_565' title='bbox 1672 4164 1962 4221; x_wconf 81' lang='lat' dir='ltr'>faciuntid</span> 
     </span>
    </p>
   </div>
   <div class='ocr_carea' id='block_1_74' title="bbox 306 4253 1963 4326">
    <p class='ocr_par' dir='ltr' id='par_1_74' title="bbox 306 4253 1963 4326">
     <span class='ocr_line' id='line_1_74' title="bbox 306 4253 1963 4326; baseline -0.001 -16"><span class='ocrx_word' id='word_1_566' title='bbox 306 4261 657 4323; x_wconf 88' lang='lat' dir='ltr'>est,carnem</span> <span class='ocrx_word' id='word_1_567' title='bbox 675 4253 809 4326; x_wconf 88' lang='lat' dir='ltr'>agni</span> <span class='ocrx_word' id='word_1_568' title='bbox 823 4253 1220 4308; x_wconf 87' lang='lat' dir='ltr'>comedunt.et</span> <span class='ocrx_word' id='word_1_569' title='bbox 1232 4253 1578 4324; x_wconf 88' lang='lat' dir='ltr'>sanguinem</span> <span class='ocrx_word' id='word_1_570' title='bbox 1591 4253 1718 4323; x_wconf 87' lang='lat' dir='ltr'>ejus</span> <span class='ocrx_word' id='word_1_571' title='bbox 1732 4253 1963 4321; x_wconf 90' lang='lat' dir='ltr'>bibunt,</span> 
     </span>
    </p>
   </div>
   <div class='ocr_carea' id='block_1_75' title="bbox 309 4339 1968 4411">
    <p class='ocr_par' dir='ltr' id='par_1_75' title="bbox 309 4339 1968 4411">
     <span class='ocr_line' id='line_1_75' title="bbox 309 4339 1968 4411; baseline -0.002 -12"><span class='ocrx_word' id='word_1_572' title='bbox 309 4348 384 4410; x_wconf 89' lang='lat' dir='ltr'>et,</span> <span class='ocrx_word' id='word_1_573' title='bbox 416 4347 484 4398; x_wconf 90' lang='lat' dir='ltr'>ut</span> <span class='ocrx_word' id='word_1_574' title='bbox 513 4345 719 4398; x_wconf 63' lang='lat' dir='ltr'>cetera</span> <span class='ocrx_word' id='word_1_575' title='bbox 747 4341 974 4411; x_wconf 88' lang='lat' dir='ltr'>sileam,</span> <span class='ocrx_word' id='word_1_576' title='bbox 1009 4342 1078 4397; x_wconf 88' lang='lat' dir='ltr'>de</span> <span class='ocrx_word' id='word_1_577' title='bbox 1109 4341 1264 4396; x_wconf 89' lang='lat' dir='ltr'>coitu</span> <span class='ocrx_word' id='word_1_578' title='bbox 1296 4339 1624 4396; x_wconf 91' lang='lat' dir='ltr'>adulterino</span> <span class='ocrx_word' id='word_1_579' title='bbox 1646 4340 1796 4396; x_wconf 81' lang='lat' dir='ltr'>ﬁlios</span> <span class='ocrx_word' id='word_1_580' title='bbox 1827 4345 1884 4396; x_wconf 89' lang='lat' dir='ltr'>et</span> <span class='ocrx_word' id='word_1_581' title='bbox 1903 4341 1968 4395; x_wconf 84' lang='lat' dir='ltr'><strong>ﬁ-</strong></span> 
     </span>
    </p>
   </div>
   <div class='ocr_carea' id='block_1_76' title="bbox 310 4427 1968 4503">
    <p class='ocr_par' dir='ltr' id='par_1_76' title="bbox 310 4427 1968 4503">
     <span class='ocr_line' id='line_1_76' title="bbox 310 4427 1968 4503; baseline -0.001 -17"><span class='ocrx_word' id='word_1_582' title='bbox 310 4431 419 4487; x_wconf 87' lang='lat' dir='ltr'>lias</span> <span class='ocrx_word' id='word_1_583' title='bbox 451 4430 775 4503; x_wconf 66' lang='lat' dir='ltr'>saepissime</span> <span class='ocrx_word' id='word_1_584' title='bbox 809 4429 956 4502; x_wconf 83' lang='grc'>(944)</span> <span class='ocrx_word' id='word_1_585' title='bbox 987 4428 1298 4501; x_wconf 80' lang='lat' dir='ltr'>generant?</span> <span class='ocrx_word' id='word_1_586' title='bbox 1329 4428 1436 4484; x_wconf 91' lang='lat' dir='ltr'>Ubi</span> <span class='ocrx_word' id='word_1_587' title='bbox 1480 4427 1580 4500; x_wconf 92' lang='lat' dir='ltr'>qui</span> <span class='ocrx_word' id='word_1_588' title='bbox 1629 4428 1968 4484; x_wconf 88' lang='lat' dir='ltr'>hesternam</span> 
     </span>
    </p>
   </div>
   <div class='ocr_carea' id='block_1_77' title="bbox 2061 3276 3711 3347">
    <p class='ocr_par' dir='ltr' id='par_1_77' title="bbox 2061 3276 3711 3347">
     <span class='ocr_line' id='line_1_77' title="bbox 2061 3276 3711 3347; baseline -0.003 -12"><span class='ocrx_word' id='word_1_589' title='bbox 2061 3279 2160 3335; x_wconf 56' lang='lat' dir='ltr'>riae.</span> <span class='ocrx_word' id='word_1_590' title='bbox 2192 3278 2504 3343; x_wconf 88' lang='lat' dir='ltr'>deservire,</span> <span class='ocrx_word' id='word_1_591' title='bbox 2536 3277 2864 3333; x_wconf 90' lang='lat' dir='ltr'>clamamus</span> <span class='ocrx_word' id='word_1_592' title='bbox 2896 3281 3040 3333; x_wconf 89' lang='lat' dir='ltr'>Deo:</span> <span class='ocrx_word' id='word_1_593' title='bbox 3072 3277 3248 3331; x_wconf 89' lang='lat' dir='ltr'>Pater</span> <span class='ocrx_word' id='word_1_594' title='bbox 3277 3284 3496 3340; x_wconf 87' lang='lat' dir='ltr'>noster,</span> <span class='ocrx_word' id='word_1_595' title='bbox 3523 3276 3623 3347; x_wconf 86' lang='lat' dir='ltr'>qui</span> <span class='ocrx_word' id='word_1_596' title='bbox 3651 3291 3711 3330; x_wconf 83' lang='lat' dir='ltr'>cs</span> 
     </span>
    </p>
   </div>
   <div class='ocr_carea' id='block_1_78' title="bbox 2061 3362 3710 3436">
    <p class='ocr_par' dir='ltr' id='par_1_78' title="bbox 2061 3362 3710 3436">
     <span class='ocr_line' id='line_1_78' title="bbox 2061 3362 3710 3436; baseline -0.004 -14"><span class='ocrx_word' id='word_1_597' title='bbox 2061 3369 2120 3423; x_wconf 86' lang='lat' dir='ltr'>in</span> <span class='ocrx_word' id='word_1_598' title='bbox 2149 3369 2310 3423; x_wconf 66' lang='lat' dir='ltr'>oculis</span> <span class='ocrx_word' id='word_1_599' title='bbox 2339 3367 2564 3432; x_wconf 84' lang='lat' dir='ltr'>(Matth.</span> <span class='ocrx_word' id='word_1_600' title='bbox 2596 3382 2675 3429; x_wconf 82' lang='lat' dir='ltr'>v1,</span> <span class='ocrx_word' id='word_1_601' title='bbox 2703 3365 2758 3433; x_wconf 90' lang='lat'>9)</span> <span class='ocrx_word' id='word_1_602' title='bbox 2784 3381 2797 3419; x_wconf 89' lang='lat'>:</span> <span class='ocrx_word' id='word_1_603' title='bbox 2831 3381 2967 3420; x_wconf 89' lang='lat' dir='ltr'>cum</span> <span class='ocrx_word' id='word_1_604' title='bbox 2997 3363 3094 3418; x_wconf 90' lang='lat' dir='ltr'>ille</span> <span class='ocrx_word' id='word_1_605' title='bbox 3119 3363 3289 3418; x_wconf 88' lang='lat' dir='ltr'>nobis</span> <span class='ocrx_word' id='word_1_606' title='bbox 3323 3379 3424 3434; x_wconf 90' lang='lat' dir='ltr'>per</span> <span class='ocrx_word' id='word_1_607' title='bbox 3452 3362 3710 3436; x_wconf 90' lang='lat' dir='ltr'>prophe-</span> 
     </span>
    </p>
   </div>
   <div class='ocr_carea' id='block_1_79' title="bbox 2061 3451 3712 3522">
    <p class='ocr_par' dir='ltr' id='par_1_79' title="bbox 2061 3451 3712 3522">
     <span class='ocr_line' id='line_1_79' title="bbox 2061 3451 3712 3522; baseline -0.006 -9"><span class='ocrx_word' id='word_1_608' title='bbox 2061 3463 2182 3513; x_wconf 86' lang='lat' dir='ltr'>tam</span> <span class='ocrx_word' id='word_1_609' title='bbox 2215 3459 2370 3511; x_wconf 74' lang='grc'>414</span> <span class='ocrx_word' id='word_1_610' title='bbox 2401 3453 2600 3508; x_wconf 81' lang='lat' dir='ltr'>statim</span> <span class='ocrx_word' id='word_1_611' title='bbox 2634 3453 3015 3522; x_wconf 89' lang='lat' dir='ltr'>respondeat:</span> <span class='ocrx_word' id='word_1_612' title='bbox 3047 3452 3112 3505; x_wconf 85' lang='lat' dir='ltr'>Si</span> <span class='ocrx_word' id='word_1_613' title='bbox 3141 3459 3310 3518; x_wconf 82' lang='lat' dir='ltr'>pater</span> <span class='ocrx_word' id='word_1_614' title='bbox 3339 3465 3460 3519; x_wconf 87' lang='lat' dir='ltr'>ego,</span> <span class='ocrx_word' id='word_1_615' title='bbox 3500 3451 3596 3504; x_wconf 89' lang='lat' dir='ltr'>ubi</span> <span class='ocrx_word' id='word_1_616' title='bbox 3624 3459 3712 3505; x_wconf 90' lang='lat' dir='ltr'>est</span> 
     </span>
    </p>
   </div>
   <div class='ocr_carea' id='block_1_80' title="bbox 2063 3537 3716 3612">
    <p class='ocr_par' dir='ltr' id='par_1_80' title="bbox 2063 3537 3716 3612">
     <span class='ocr_line' id='line_1_80' title="bbox 2063 3537 3716 3612; baseline -0.005 -12"><span class='ocrx_word' id='word_1_617' title='bbox 2063 3560 2235 3600; x_wconf 86' lang='lat' dir='ltr'>amor</span> <span class='ocrx_word' id='word_1_618' title='bbox 2263 3541 2456 3597; x_wconf 83' lang='lat' dir='ltr'>meus?</span> <span class='ocrx_word' id='word_1_619' title='bbox 2478 3542 2706 3612; x_wconf 78' lang='lat' dir='ltr'>(Malae.</span> <span class='ocrx_word' id='word_1_620' title='bbox 2723 3557 2762 3608; x_wconf 87' lang='grc' dir='ltr'>ῐ,</span> <span class='ocrx_word' id='word_1_621' title='bbox 2780 3540 2858 3606; x_wconf 85' lang='grc'>6,)</span> <span class='ocrx_word' id='word_1_622' title='bbox 2883 3538 3031 3602; x_wconf 89' lang='lat' dir='ltr'>Quid</span> <span class='ocrx_word' id='word_1_623' title='bbox 3064 3538 3220 3592; x_wconf 91' lang='lat' dir='ltr'>enim</span> <span class='ocrx_word' id='word_1_624' title='bbox 3245 3537 3388 3592; x_wconf 83' lang='lat' dir='ltr'>facis</span> <span class='ocrx_word' id='word_1_625' title='bbox 3400 3553 3502 3606; x_wconf 91' lang='lat' dir='ltr'>pro</span> <span class='ocrx_word' id='word_1_626' title='bbox 3517 3553 3716 3592; x_wconf 88' lang='lat' dir='ltr'>amore</span> 
     </span>
    </p>
   </div>
   <div class='ocr_carea' id='block_1_81' title="bbox 2065 3623 3718 3697">
    <p class='ocr_par' dir='ltr' id='par_1_81' title="bbox 2065 3623 3718 3697">
     <span class='ocr_line' id='line_1_81' title="bbox 2065 3623 3718 3697; baseline -0.006 -7"><span class='ocrx_word' id='word_1_627' title='bbox 2065 3633 2233 3690; x_wconf 86' lang='lat' dir='ltr'>meo?</span> <span class='ocrx_word' id='word_1_628' title='bbox 2264 3633 2381 3686; x_wconf 87' lang='lat' dir='ltr'>Ista</span> <span class='ocrx_word' id='word_1_629' title='bbox 2409 3634 2466 3684; x_wconf 87' lang='lat' dir='ltr'>et</span> <span class='ocrx_word' id='word_1_630' title='bbox 2496 3628 2612 3683; x_wconf 89' lang='lat' dir='ltr'>illis</span> <span class='ocrx_word' id='word_1_631' title='bbox 2643 3626 2863 3683; x_wconf 90' lang='lat' dir='ltr'>similia</span> <span class='ocrx_word' id='word_1_632' title='bbox 2902 3625 3042 3697; x_wconf 87' lang='lat' dir='ltr'>quia</span> <span class='ocrx_word' id='word_1_633' title='bbox 3069 3642 3171 3680; x_wconf 91' lang='lat' dir='ltr'>vos</span> <span class='ocrx_word' id='word_1_634' title='bbox 3203 3623 3437 3696; x_wconf 90' lang='lat' dir='ltr'>penitus</span> <span class='ocrx_word' id='word_1_635' title='bbox 3490 3623 3718 3680; x_wconf 88' lang='lat' dir='ltr'>nescire</span> 
     </span>
    </p>
   </div>
   <div class='ocr_carea' id='block_1_82' title="bbox 2066 3711 3720 3788">
    <p class='ocr_par' dir='ltr' id='par_1_82' title="bbox 2066 3711 3720 3788">
     <span class='ocr_line' id='line_1_82' title="bbox 2066 3711 3720 3788; baseline -0.006 -10"><span class='ocrx_word' id='word_1_636' title='bbox 2066 3721 2254 3788; x_wconf 91' lang='lat' dir='ltr'>doleo,</span> <span class='ocrx_word' id='word_1_637' title='bbox 2288 3720 2406 3773; x_wconf 89' lang='lat' dir='ltr'>imo</span> <span class='ocrx_word' id='word_1_638' title='bbox 2437 3718 2506 3773; x_wconf 93' lang='lat' dir='ltr'>de</span> <span class='ocrx_word' id='word_1_639' title='bbox 2536 3715 2754 3771; x_wconf 88' lang='lat' dir='ltr'>talibus</span> <span class='ocrx_word' id='word_1_640' title='bbox 2788 3714 2866 3770; x_wconf 87' lang='lat' dir='ltr'>nil</span> <span class='ocrx_word' id='word_1_641' title='bbox 2901 3731 3104 3770; x_wconf 89' lang='lat' dir='ltr'>curare</span> <span class='ocrx_word' id='word_1_642' title='bbox 3135 3711 3411 3786; x_wconf 85' lang='lat' dir='ltr'>gemisco,</span> <span class='ocrx_word' id='word_1_643' title='bbox 3446 3717 3720 3785; x_wconf 85' lang='lat' dir='ltr'>pastora-</span> 
     </span>
    </p>
   </div>
   <div class='ocr_carea' id='block_1_83' title="bbox 2069 3801 3720 3876">
    <p class='ocr_par' dir='ltr' id='par_1_83' title="bbox 2069 3801 3720 3876">
     <span class='ocr_line' id='line_1_83' title="bbox 2069 3801 3720 3876; baseline -0.006 -9"><span class='ocrx_word' id='word_1_644' title='bbox 2069 3813 2201 3867; x_wconf 87' lang='lat' dir='ltr'>liter</span> <span class='ocrx_word' id='word_1_645' title='bbox 2234 3814 2296 3864; x_wconf 90' lang='lat' dir='ltr'>ut</span> <span class='ocrx_word' id='word_1_646' title='bbox 2322 3807 2621 3863; x_wconf 89' lang='lat' dir='ltr'>addiscere</span> <span class='ocrx_word' id='word_1_647' title='bbox 2652 3803 2935 3861; x_wconf 85' lang='lat' dir='ltr'>festinetis</span> <span class='ocrx_word' id='word_1_648' title='bbox 2981 3803 3290 3876; x_wconf 68' lang='lat' dir='ltr'>praecipio;</span> <span class='ocrx_word' id='word_1_649' title='bbox 3323 3805 3379 3858; x_wconf 91' lang='lat' dir='ltr'>et</span> <span class='ocrx_word' id='word_1_650' title='bbox 3425 3801 3566 3874; x_wconf 91' lang='lat' dir='ltr'>quia</span> <span class='ocrx_word' id='word_1_651' title='bbox 3595 3818 3720 3858; x_wconf 88' lang='lat' dir='ltr'>ser-</span> 
     </span>
    </p>
   </div>
   <div class='ocr_carea' id='block_1_84' title="bbox 2067 3890 3720 3969">
    <p class='ocr_par' dir='ltr' id='par_1_84' title="bbox 2067 3890 3720 3969">
     <span class='ocr_line' id='line_1_84' title="bbox 2067 3890 3720 3969; baseline -0.005 -13"><span class='ocrx_word' id='word_1_652' title='bbox 2067 3916 2240 3957; x_wconf 92' lang='lat' dir='ltr'>mone</span> <span class='ocrx_word' id='word_1_653' title='bbox 2289 3896 2555 3969; x_wconf 81' lang='lat' dir='ltr'>[subaudi</span> <span class='ocrx_word' id='word_1_654' title='bbox 2600 3893 2850 3964; x_wconf 88' lang='lat' dir='ltr'>erudire]</span> <span class='ocrx_word' id='word_1_655' title='bbox 2905 3893 3208 3965; x_wconf 85' lang='lat' dir='ltr'>ignoratis,</span> <span class='ocrx_word' id='word_1_656' title='bbox 3253 3892 3406 3947; x_wconf 90' lang='lat' dir='ltr'>bono</span> <span class='ocrx_word' id='word_1_657' title='bbox 3455 3890 3720 3964; x_wconf 86' lang='lat' dir='ltr'>exemplo</span> 
     </span>
    </p>
   </div>
   <div class='ocr_carea' id='block_1_85' title="bbox 2069 3982 3306 4062">
    <p class='ocr_par' dir='ltr' id='par_1_85' title="bbox 2069 3982 3306 4062">
     <span class='ocr_line' id='line_1_85' title="bbox 2069 3982 3306 4062; baseline -0.009 -15"><span class='ocrx_word' id='word_1_658' title='bbox 2069 3991 2168 4048; x_wconf 90' lang='lat' dir='ltr'>Dei</span> <span class='ocrx_word' id='word_1_659' title='bbox 2199 3987 2481 4062; x_wconf 89' lang='lat' dir='ltr'>populum</span> <span class='ocrx_word' id='word_1_660' title='bbox 2513 3985 2744 4041; x_wconf 89' lang='lat' dir='ltr'>erudire</span> <span class='ocrx_word' id='word_1_661' title='bbox 2775 4000 2971 4055; x_wconf 80' lang='lat' dir='ltr'>quaeso</span> <span class='ocrx_word' id='word_1_662' title='bbox 2999 3982 3306 4038; x_wconf 88' lang='lat' dir='ltr'>studeatis.</span> 
     </span>
    </p>
   </div>
   <div class='ocr_carea' id='block_1_86' title="bbox 2137 4068 3722 4140">
    <p class='ocr_par' dir='ltr' id='par_1_86' title="bbox 2137 4068 3722 4140">
     <span class='ocr_line' id='line_1_86' title="bbox 2137 4068 3722 4140; baseline -0.007 -5"><span class='ocrx_word' id='word_1_663' title='bbox 2137 4081 2191 4135; x_wconf 88' lang='lat'>6.</span> <span class='ocrx_word' id='word_1_664' title='bbox 2224 4078 2624 4134; x_wconf 89' lang='lat' dir='ltr'>Admonemus</span> <span class='ocrx_word' id='word_1_665' title='bbox 2649 4074 2825 4130; x_wconf 88' lang='lat' dir='ltr'>etiam</span> <span class='ocrx_word' id='word_1_666' title='bbox 2858 4077 2914 4128; x_wconf 92' lang='lat' dir='ltr'>et</span> <span class='ocrx_word' id='word_1_667' title='bbox 2944 4073 3340 4140; x_wconf 88' lang='lat' dir='ltr'>obsecramus,</span> <span class='ocrx_word' id='word_1_668' title='bbox 3395 4071 3556 4126; x_wconf 88' lang='lat' dir='ltr'>sicut</span> <span class='ocrx_word' id='word_1_669' title='bbox 3581 4068 3722 4126; x_wconf 88' lang='lat' dir='ltr'>alibi</span> 
     </span>
    </p>
   </div>
   <div class='ocr_carea' id='block_1_87' title="bbox 2071 4161 3720 4243">
    <p class='ocr_par' dir='ltr' id='par_1_87' title="bbox 2071 4161 3720 4243">
     <span class='ocr_line' id='line_1_87' title="bbox 2071 4161 3720 4243; baseline -0.008 -17"><span class='ocrx_word' id='word_1_670' title='bbox 2071 4171 2220 4243; x_wconf 65' lang='lat'>(9&amp;8)</span> <span class='ocrx_word' id='word_1_671' title='bbox 2252 4166 2536 4239; x_wconf 86' lang='lat' dir='ltr'>scriptum</span> <span class='ocrx_word' id='word_1_672' title='bbox 2570 4163 2922 4229; x_wconf 89' lang='lat' dir='ltr'>invenimus,</span> <span class='ocrx_word' id='word_1_673' title='bbox 2969 4161 3396 4217; x_wconf 83' lang='lat' dir='ltr'>fraternitatem</span> <span class='ocrx_word' id='word_1_674' title='bbox 3441 4164 3720 4226; x_wconf 90' lang='lat' dir='ltr'>vestram,</span> 
     </span>
    </p>
   </div>
   <div class='ocr_carea' id='block_1_88' title="bbox 2074 4245 3721 4321">
    <p class='ocr_par' dir='ltr' id='par_1_88' title="bbox 2074 4245 3721 4321">
     <span class='ocr_line' id='line_1_88' title="bbox 2074 4245 3721 4321; baseline -0.009 -7"><span class='ocrx_word' id='word_1_675' title='bbox 2074 4263 2138 4315; x_wconf 87' lang='lat' dir='ltr'>ut</span> <span class='ocrx_word' id='word_1_676' title='bbox 2166 4259 2237 4312; x_wconf 90' lang='lat' dir='ltr'>de</span> <span class='ocrx_word' id='word_1_677' title='bbox 2267 4253 2563 4311; x_wconf 90' lang='lat' dir='ltr'>communi</span> <span class='ocrx_word' id='word_1_678' title='bbox 2597 4252 2786 4308; x_wconf 89' lang='lat' dir='ltr'>salute</span> <span class='ocrx_word' id='word_1_679' title='bbox 2813 4255 3006 4307; x_wconf 89' lang='lat' dir='ltr'>vestra</span> <span class='ocrx_word' id='word_1_680' title='bbox 3037 4251 3382 4321; x_wconf 87' lang='lat' dir='ltr'>cogitantes,</span> <span class='ocrx_word' id='word_1_681' title='bbox 3440 4245 3721 4300; x_wconf 85' lang='lat' dir='ltr'>attentius</span> 
     </span>
    </p>
   </div>
   <div class='ocr_carea' id='block_1_89' title="bbox 2074 4332 3726 4406">
    <p class='ocr_par' dir='ltr' id='par_1_89' title="bbox 2074 4332 3726 4406">
     <span class='ocr_line' id='line_1_89' title="bbox 2074 4332 3726 4406; baseline -0.012 -3"><span class='ocrx_word' id='word_1_682' title='bbox 2074 4344 2325 4404; x_wconf 83' lang='lat' dir='ltr'>audiatis</span> <span class='ocrx_word' id='word_1_683' title='bbox 2343 4342 2804 4398; x_wconf 86' lang='lat' dir='ltr'>admonitionem</span> <span class='ocrx_word' id='word_1_684' title='bbox 2822 4343 3105 4404; x_wconf 88' lang='lat' dir='ltr'>nostram,</span> <span class='ocrx_word' id='word_1_685' title='bbox 3124 4341 3181 4391; x_wconf 91' lang='lat' dir='ltr'>et</span> <span class='ocrx_word' id='word_1_686' title='bbox 3193 4351 3320 4406; x_wconf 68' lang='lat' dir='ltr'>quae</span> <span class='ocrx_word' id='word_1_687' title='bbox 3337 4332 3502 4386; x_wconf 88' lang='lat' dir='ltr'>vobis</span> <span class='ocrx_word' id='word_1_688' title='bbox 3518 4346 3726 4402; x_wconf 86' lang='lat' dir='ltr'>sugge-</span> 
     </span>
    </p>
   </div>
   <div class='ocr_carea' id='block_1_90' title="bbox 2075 4421 3726 4493">
    <p class='ocr_par' dir='ltr' id='par_1_90' title="bbox 2075 4421 3726 4493">
     <span class='ocr_line' id='line_1_90' title="bbox 2075 4421 3726 4493; baseline -0.012 -5"><span class='ocrx_word' id='word_1_689' title='bbox 2075 4435 2262 4488; x_wconf 89' lang='lat' dir='ltr'>rimus</span> <span class='ocrx_word' id='word_1_690' title='bbox 2293 4429 2587 4486; x_wconf 69' lang='lat' dir='ltr'>memoriae</span> <span class='ocrx_word' id='word_1_691' title='bbox 2601 4424 3044 4492; x_wconf 77' lang='lat' dir='ltr'>commendatis,</span> <span class='ocrx_word' id='word_1_692' title='bbox 3059 4429 3116 4478; x_wconf 89' lang='lat' dir='ltr'>et</span> <span class='ocrx_word' id='word_1_693' title='bbox 3134 4437 3305 4493; x_wconf 90' lang='lat' dir='ltr'>opere</span> <span class='ocrx_word' id='word_1_694' title='bbox 3322 4433 3584 4474; x_wconf 83' lang='lat' dir='ltr'>exercere</span> <span class='ocrx_word' id='word_1_695' title='bbox 3601 4421 3726 4470; x_wconf 88' lang='lat' dir='ltr'>stu-</span> 
     </span>
    </p>
   </div>
   <div class='ocr_carea' id='block_1_91' title="bbox 315 4503 3727 4596">
    <p class='ocr_par' dir='ltr' id='par_1_91' title="bbox 315 4503 3727 4596">
     <span class='ocr_line' id='line_1_91' title="bbox 315 4503 3727 4596; baseline -0.009 -7"><span class='ocrx_word' id='word_1_696' title='bbox 315 4520 673 4587; x_wconf 70' lang='lat' dir='ltr'>ebrictatem,</span> <span class='ocrx_word' id='word_1_697' title='bbox 705 4519 794 4575; x_wconf 82' lang='lat' dir='ltr'>vel</span> <span class='ocrx_word' id='word_1_698' title='bbox 826 4518 1124 4591; x_wconf 80' lang='lat' dir='ltr'>crapulam</span> <span class='ocrx_word' id='word_1_699' title='bbox 1143 4521 1278 4574; x_wconf 81' lang='lat' dir='ltr'>ante</span> <span class='ocrx_word' id='word_1_700' title='bbox 1309 4517 1487 4572; x_wconf 75' lang='lat' dir='ltr'>altare</span> <span class='ocrx_word' id='word_1_701' title='bbox 1519 4516 1749 4572; x_wconf 86' lang='lat' dir='ltr'>Domini</span> <span class='ocrx_word' id='word_1_702' title='bbox 1786 4534 1964 4588; x_wconf 85' lang='lat' dir='ltr'>super</span> <span class='ocrx_word' id='word_1_703' title='bbox 1991 4532 2037 4596; x_wconf 74' lang='grc' dir='ltr'>ι)</span> <span class='ocrx_word' id='word_1_704' title='bbox 2073 4521 2279 4580; x_wconf 88' lang='lat' dir='ltr'>deatis.</span> <span class='ocrx_word' id='word_1_705' title='bbox 2312 4523 2376 4572; x_wconf 89' lang='lat' dir='ltr'>In</span> <span class='ocrx_word' id='word_1_706' title='bbox 2409 4516 2615 4588; x_wconf 77' lang='lat' dir='ltr'>primis</span> <span class='ocrx_word' id='word_1_707' title='bbox 2635 4514 3041 4576; x_wconf 77' lang='lat' dir='ltr'>admonemus,</span> <span class='ocrx_word' id='word_1_708' title='bbox 3061 4513 3127 4564; x_wconf 90' lang='lat' dir='ltr'>ut</span> <span class='ocrx_word' id='word_1_709' title='bbox 3153 4508 3338 4562; x_wconf 88' lang='lat' dir='ltr'>vitaet</span> <span class='ocrx_word' id='word_1_710' title='bbox 3367 4503 3727 4560; x_wconf 78' lang='lat' dir='ltr'>conversatio</span> 
     </span>
    </p>
   </div>
   <div class='ocr_carea' id='block_1_92' title="bbox 385 4657 1968 4735">
    <p class='ocr_par' dir='ltr' id='par_1_92' title="bbox 385 4657 1968 4735">
     <span class='ocr_line' id='line_1_92' title="bbox 385 4657 1968 4735; baseline -0.001 -18"><span class='ocrx_word' id='word_1_711' title='bbox 385 4661 1080 4735; x_wconf 67' lang='lat' dir='ltr'>(942)Vulg.,a9di/icavit.</span> <span class='ocrx_word' id='word_1_712' title='bbox 1096 4659 1307 4716; x_wconf 90' lang='lat' dir='ltr'>Melius</span> <span class='ocrx_word' id='word_1_713' title='bbox 1329 4659 1507 4715; x_wconf 87' lang='lat' dir='ltr'>codex</span> <span class='ocrx_word' id='word_1_714' title='bbox 1521 4657 1770 4731; x_wconf 86' lang='lat' dir='ltr'>Frising.</span> <span class='ocrx_word' id='word_1_715' title='bbox 1796 4661 1968 4731; x_wconf 61' lang='lat' dir='ltr'>cujus</span> 
     </span>
    </p>
   </div>
   <div class='ocr_carea' id='block_1_93' title="bbox 319 4732 1046 4789">
    <p class='ocr_par' dir='ltr' id='par_1_93' title="bbox 319 4732 1046 4789">
     <span class='ocr_line' id='line_1_93' title="bbox 319 4732 1046 4789; baseline -0.001 -1"><span class='ocrx_word' id='word_1_716' title='bbox 319 4732 624 4789; x_wconf 85' lang='lat' dir='ltr'>lectionem</span> <span class='ocrx_word' id='word_1_717' title='bbox 660 4732 1046 4789; x_wconf 68' lang='lat' dir='ltr'>praetulimus.</span> 
     </span>
    </p>
   </div>
   <div class='ocr_carea' id='block_1_94' title="bbox 387 4799 1969 4878">
    <p class='ocr_par' dir='ltr' id='par_1_94' title="bbox 387 4799 1969 4878">
     <span class='ocr_line' id='line_1_94' title="bbox 387 4799 1969 4878; baseline 0 -19"><span class='ocrx_word' id='word_1_718' title='bbox 387 4806 539 4878; x_wconf 78' lang='grc'>(942)</span> <span class='ocrx_word' id='word_1_719' title='bbox 569 4799 764 4878; x_wconf 87' lang='lat' dir='ltr'>Vulg.,</span> <span class='ocrx_word' id='word_1_720' title='bbox 799 4799 1518 4878; x_wconf 61' lang='lat' dir='ltr'>adduntjus,male.lllud</span> <span class='ocrx_word' id='word_1_721' title='bbox 1546 4800 1969 4878; x_wconf 81' lang='lat' dir='ltr'>enimprimum</span> 
     </span>
    </p>
   </div>
   <div class='ocr_carea' id='block_1_95' title="bbox 321 4873 1974 4943">
    <p class='ocr_par' dir='ltr' id='par_1_95' title="bbox 321 4873 1974 4943">
     <span class='ocr_line' id='line_1_95' title="bbox 321 4873 1974 4943; baseline -0.001 -11"><span class='ocrx_word' id='word_1_722' title='bbox 321 4881 407 4932; x_wconf 91' lang='lat' dir='ltr'>est</span> <span class='ocrx_word' id='word_1_723' title='bbox 435 4877 490 4931; x_wconf 83' lang='lat' dir='ltr'>si</span> <span class='ocrx_word' id='word_1_724' title='bbox 521 4877 580 4930; x_wconf 86' lang='lat' dir='ltr'>in</span> <span class='ocrx_word' id='word_1_725' title='bbox 610 4873 899 4932; x_wconf 75' lang='lat' dir='ltr'>voluntate</span> <span class='ocrx_word' id='word_1_726' title='bbox 916 4874 1336 4931; x_wconf 83' lang='lat' dir='ltr'>meliorationis</span> <span class='ocrx_word' id='word_1_727' title='bbox 1355 4891 1481 4929; x_wconf 83' lang='lat' dir='ltr'>cum</span> <span class='ocrx_word' id='word_1_728' title='bbox 1500 4873 1602 4929; x_wconf 87' lang='lat' dir='ltr'>Dei</span> <span class='ocrx_word' id='word_1_729' title='bbox 1627 4875 1829 4943; x_wconf 82' lang='lat' dir='ltr'>gratia</span> <span class='ocrx_word' id='word_1_730' title='bbox 1846 4891 1974 4931; x_wconf 86' lang='lat' dir='ltr'>con-</span> 
     </span>
    </p>
   </div>
   <div class='ocr_carea' id='block_1_96' title="bbox 321 4949 500 5004">
    <p class='ocr_par' dir='ltr' id='par_1_96' title="bbox 321 4949 500 5004">
     <span class='ocr_line' id='line_1_96' title="bbox 321 4949 500 5004; baseline -0.017 0"><span class='ocrx_word' id='word_1_731' title='bbox 321 4949 500 5004; x_wconf 77' lang='lat' dir='ltr'>sistit.</span> 
     </span>
    </p>
   </div>
   <div class='ocr_carea' id='block_1_97' title="bbox 392 5014 2065 5090">
    <p class='ocr_par' dir='ltr' id='par_1_97' title="bbox 392 5014 2065 5090">
     <span class='ocr_line' id='line_1_97' title="bbox 392 5014 2065 5090; baseline -0.001 -17"><span class='ocrx_word' id='word_1_732' title='bbox 392 5023 447 5090; x_wconf 85' lang='lat'>(9</span> <span class='ocrx_word' id='word_1_733' title='bbox 461 5018 542 5089; x_wconf 65' lang='grc'>43)</span> <span class='ocrx_word' id='word_1_734' title='bbox 573 5018 659 5073; x_wconf 89' lang='lat' dir='ltr'>Ita</span> <span class='ocrx_word' id='word_1_735' title='bbox 689 5018 865 5073; x_wconf 83' lang='lat' dir='ltr'>codex</span> <span class='ocrx_word' id='word_1_736' title='bbox 896 5015 1239 5090; x_wconf 22' lang='lat' dir='ltr'>Frisiugtln</span> <span class='ocrx_word' id='word_1_737' title='bbox 1271 5014 1450 5087; x_wconf 90' lang='lat' dir='ltr'>vulg.,</span> <span class='ocrx_word' id='word_1_738' title='bbox 1484 5024 1538 5071; x_wconf 87' lang='lat' dir='ltr'>et</span> <span class='ocrx_word' id='word_1_739' title='bbox 1577 5016 1975 5073; x_wconf 82' lang='lat' dir='ltr'>amaritudine</span> <span class='ocrx_word' id='word_1_740' title='bbox 2060 5037 2065 5042; x_wconf 50' lang='grc' dir='ltr'>ν</span> 
     </span>
    </p>
   </div>
   <div class='ocr_carea' id='block_1_98' title="bbox 325 5087 1277 5162">
    <p class='ocr_par' dir='ltr' id='par_1_98' title="bbox 325 5087 1277 5162">
     <span class='ocr_line' id='line_1_98' title="bbox 325 5087 1277 5162; baseline -0.006 -16"><span class='ocrx_word' id='word_1_741' title='bbox 325 5087 570 5162; x_wconf 74' lang='lat' dir='ltr'>geinitzts</span> <span class='ocrx_word' id='word_1_742' title='bbox 587 5109 606 5153; x_wconf 85' lang='lat'>,-</span> <span class='ocrx_word' id='word_1_743' title='bbox 635 5099 689 5144; x_wconf 86' lang='lat' dir='ltr'>et</span> <span class='ocrx_word' id='word_1_744' title='bbox 719 5090 991 5162; x_wconf 81' lang='lat' dir='ltr'>accinctis</span> <span class='ocrx_word' id='word_1_745' title='bbox 1021 5087 1277 5162; x_wconf 59' lang='lat' dir='ltr'>renibus.</span> 
     </span>
    </p>
   </div>
   <div class='ocr_carea' id='block_1_99' title="bbox 392 5157 1970 5232">
    <p class='ocr_par' dir='ltr' id='par_1_99' title="bbox 392 5157 1970 5232">
     <span class='ocr_line' id='line_1_99' title="bbox 392 5157 1970 5232; baseline 0 -16"><span class='ocrx_word' id='word_1_746' title='bbox 392 5163 546 5230; x_wconf 76' lang='grc'>(944)</span> <span class='ocrx_word' id='word_1_747' title='bbox 579 5161 1013 5232; x_wconf 87' lang='lat' dir='ltr'>Supplevimus,</span> <span class='ocrx_word' id='word_1_748' title='bbox 1045 5160 1359 5230; x_wconf 64' lang='grc' dir='ltr'>,ςίινμίςείηῑρ</span> <span class='ocrx_word' id='word_1_749' title='bbox 1389 5174 1456 5212; x_wconf 81' lang='lat' dir='ltr'>ex</span> <span class='ocrx_word' id='word_1_750' title='bbox 1486 5157 1722 5213; x_wconf 86' lang='lat' dir='ltr'>laudato</span> <span class='ocrx_word' id='word_1_751' title='bbox 1751 5160 1970 5232; x_wconf 80' lang='lat' dir='ltr'>codice.</span> 
     </span>
    </p>
   </div>
   <div class='ocr_carea' id='block_1_100' title="bbox 333 5231 1974 5302">
    <p class='ocr_par' dir='ltr' id='par_1_100' title="bbox 333 5231 1974 5302">
     <span class='ocr_line' id='line_1_100' title="bbox 333 5231 1974 5302; baseline -0.002 -13"><span class='ocrx_word' id='word_1_752' title='bbox 333 5231 740 5289; x_wconf 70' lang='lat' dir='ltr'>Adultcrinum</span> <span class='ocrx_word' id='word_1_753' title='bbox 766 5236 963 5287; x_wconf 89' lang='lat' dir='ltr'>autem</span> <span class='ocrx_word' id='word_1_754' title='bbox 992 5232 1201 5302; x_wconf 85' lang='lat' dir='ltr'>coitum</span> <span class='ocrx_word' id='word_1_755' title='bbox 1217 5234 1379 5302; x_wconf 80' lang='lat' dir='ltr'>vocat</span> <span class='ocrx_word' id='word_1_756' title='bbox 1396 5245 1594 5284; x_wconf 89' lang='lat' dir='ltr'>eorum</span> <span class='ocrx_word' id='word_1_757' title='bbox 1612 5231 1974 5302; x_wconf 84' lang='lat' dir='ltr'>presbytero-</span> 
     </span>
    </p>
   </div>
   <div class='ocr_carea' id='block_1_101' title="bbox 331 5300 1973 5375">
    <p class='ocr_par' dir='ltr' id='par_1_101' title="bbox 331 5300 1973 5375">
     <span class='ocr_line' id='line_1_101' title="bbox 331 5300 1973 5375; baseline -0.001 -15"><span class='ocrx_word' id='word_1_758' title='bbox 331 5322 459 5360; x_wconf 88' lang='lat' dir='ltr'>rum</span> <span class='ocrx_word' id='word_1_759' title='bbox 491 5303 737 5367; x_wconf 82' lang='lat' dir='ltr'>coitum,</span> <span class='ocrx_word' id='word_1_760' title='bbox 769 5303 868 5375; x_wconf 89' lang='lat' dir='ltr'>qui</span> <span class='ocrx_word' id='word_1_761' title='bbox 896 5301 1122 5375; x_wconf 82' lang='lat' dir='ltr'>illegale</span> <span class='ocrx_word' id='word_1_762' title='bbox 1152 5300 1490 5375; x_wconf 83' lang='lat' dir='ltr'>conjugium</span> <span class='ocrx_word' id='word_1_763' title='bbox 1530 5300 1973 5358; x_wconf 80' lang='lat' dir='ltr'>contraxerant:</span> 
     </span>
    </p>
   </div>
   <div class='ocr_carea' id='block_1_102' title="bbox 333 5371 1981 5444">
    <p class='ocr_par' dir='ltr' id='par_1_102' title="bbox 333 5371 1981 5444">
     <span class='ocr_line' id='line_1_102' title="bbox 333 5371 1981 5444; baseline -0.001 -14"><span class='ocrx_word' id='word_1_764' title='bbox 333 5393 488 5440; x_wconf 86' lang='lat' dir='ltr'>nam,</span> <span class='ocrx_word' id='word_1_765' title='bbox 523 5375 608 5430; x_wconf 90' lang='lat' dir='ltr'>uti</span> <span class='ocrx_word' id='word_1_766' title='bbox 641 5371 889 5430; x_wconf 69' lang='lat' dir='ltr'>habetur</span> <span class='ocrx_word' id='word_1_767' title='bbox 920 5374 976 5428; x_wconf 92' lang='lat' dir='ltr'>in</span> <span class='ocrx_word' id='word_1_768' title='bbox 993 5371 1306 5444; x_wconf 83' lang='lat' dir='ltr'>Qualitatis</span> <span class='ocrx_word' id='word_1_769' title='bbox 1324 5371 1656 5444; x_wconf 80' lang='lat' dir='ltr'>Conjcctura</span> <span class='ocrx_word' id='word_1_770' title='bbox 1672 5390 1812 5428; x_wconf 90' lang='lat' dir='ltr'>num</span> <span class='ocrx_word' id='word_1_771' title='bbox 1835 5377 1888 5428; x_wconf 89' lang='lat'>2:</span> <span class='ocrx_word' id='word_1_772' title='bbox 1917 5375 1981 5428; x_wconf 89' lang='lat' dir='ltr'>ll-</span> 
     </span>
    </p>
   </div>
   <div class='ocr_carea' id='block_1_103' title="bbox 332 5443 1564 5522">
    <p class='ocr_par' dir='ltr' id='par_1_103' title="bbox 332 5443 1564 5522">
     <span class='ocr_line' id='line_1_103' title="bbox 332 5443 1564 5522; baseline -0.005 -20"><span class='ocrx_word' id='word_1_773' title='bbox 332 5446 529 5522; x_wconf 77' lang='lat' dir='ltr'>legale</span> <span class='ocrx_word' id='word_1_774' title='bbox 552 5446 894 5522; x_wconf 57' lang='lat' dir='ltr'>conjugiurn</span> <span class='ocrx_word' id='word_1_775' title='bbox 911 5443 1168 5522; x_wconf 77' lang='lat' dir='ltr'>nominat</span> <span class='ocrx_word' id='word_1_776' title='bbox 1189 5443 1564 5522; x_wconf 75' lang='lat' dir='ltr'>adulterium.</span> 
     </span>
    </p>
   </div>
   <div class='ocr_carea' id='block_1_104' title="bbox 402 5514 1980 5590">
    <p class='ocr_par' dir='ltr' id='par_1_104' title="bbox 402 5514 1980 5590">
     <span class='ocr_line' id='line_1_104' title="bbox 402 5514 1980 5590; baseline -0.002 -16"><span class='ocrx_word' id='word_1_777' title='bbox 402 5519 552 5588; x_wconf 75' lang='grc'>(945)</span> <span class='ocrx_word' id='word_1_778' title='bbox 581 5514 770 5590; x_wconf 73' lang='lat' dir='ltr'>Verba</span> <span class='ocrx_word' id='word_1_779' title='bbox 797 5518 895 5590; x_wconf 86' lang='lat' dir='ltr'>qui</span> <span class='ocrx_word' id='word_1_780' title='bbox 922 5518 1140 5590; x_wconf 67' lang='lat' dir='ltr'>uitiae,</span> <span class='ocrx_word' id='word_1_781' title='bbox 1173 5521 1230 5570; x_wconf 92' lang='lat' dir='ltr'>et</span> <span class='ocrx_word' id='word_1_782' title='bbox 1262 5519 1466 5590; x_wconf 49' lang='lat' dir='ltr'>caltcra</span> <span class='ocrx_word' id='word_1_783' title='bbox 1500 5514 1786 5590; x_wconf 71' lang='lat' dir='ltr'>usquead</span> <span class='ocrx_word' id='word_1_784' title='bbox 1809 5525 1866 5570; x_wconf 87' lang='lat' dir='ltr'>ct</span> <span class='ocrx_word' id='word_1_785' title='bbox 1887 5533 1980 5590; x_wconf 44' lang='lat' dir='ltr'>ve:</span> 
     </span>
    </p>
   </div>
   <div class='ocr_carea' id='block_1_105' title="bbox 335 5584 1984 5662">
    <p class='ocr_par' dir='ltr' id='par_1_105' title="bbox 335 5584 1984 5662">
     <span class='ocr_line' id='line_1_105' title="bbox 335 5584 1984 5662; baseline -0.002 -16"><span class='ocrx_word' id='word_1_786' title='bbox 335 5584 1052 5662; x_wconf 32' lang='lat' dir='ltr'>stibusomnibusidesunt</span> <span class='ocrx_word' id='word_1_787' title='bbox 1081 5584 1141 5644; x_wconf 87' lang='lat' dir='ltr'>in</span> <span class='ocrx_word' id='word_1_788' title='bbox 1169 5603 1281 5662; x_wconf 79' lang='lat' dir='ltr'>ms.</span> <span class='ocrx_word' id='word_1_789' title='bbox 1314 5584 1589 5662; x_wconf 28' lang='lat' dir='ltr'>Frieings</span> <span class='ocrx_word' id='word_1_790' title='bbox 1614 5585 1857 5662; x_wconf 79' lang='lat' dir='ltr'>codice,_</span> <span class='ocrx_word' id='word_1_791' title='bbox 1882 5586 1984 5662; x_wconf 85' lang='lat' dir='ltr'>qui</span> 
     </span>
    </p>
   </div>
   <div class='ocr_carea' id='block_1_106' title="bbox 338 5656 1987 5738">
    <p class='ocr_par' dir='ltr' id='par_1_106' title="bbox 338 5656 1987 5738">
     <span class='ocr_line' id='line_1_106' title="bbox 338 5656 1987 5738; baseline -0.001 -11"><span class='ocrx_word' id='word_1_792' title='bbox 338 5678 470 5727; x_wconf 78' lang='lat' dir='ltr'>mox</span> <span class='ocrx_word' id='word_1_793' title='bbox 497 5659 700 5737; x_wconf 77' lang='lat' dir='ltr'>habet,</span> <span class='ocrx_word' id='word_1_794' title='bbox 725 5660 832 5723; x_wconf 80' lang='lat' dir='ltr'>sed</span> <span class='ocrx_word' id='word_1_795' title='bbox 860 5661 1087 5725; x_wconf 61' lang='lat' dir='ltr'>haedum</span> <span class='ocrx_word' id='word_1_796' title='bbox 1113 5658 1304 5735; x_wconf 75' lang='lat' dir='ltr'>potius</span> <span class='ocrx_word' id='word_1_797' title='bbox 1318 5656 1535 5738; x_wconf 78' lang='lat' dir='ltr'>quartd</span> <span class='ocrx_word' id='word_1_798' title='bbox 1551 5656 1772 5720; x_wconf 77' lang='lat' dir='ltr'>decima</span> <span class='ocrx_word' id='word_1_799' title='bbox 1792 5656 1987 5726; x_wconf 60' lang='lat' dir='ltr'>die&#39;ad</span> 
     </span>
    </p>
   </div>
   <div class='ocr_carea' id='block_1_107' title="bbox 2075 4648 3732 4732">
    <p class='ocr_par' dir='ltr' id='par_1_107' title="bbox 2075 4648 3732 4732">
     <span class='ocr_line' id='line_1_107' title="bbox 2075 4648 3732 4732; baseline -0.011 -10"><span class='ocrx_word' id='word_1_800' title='bbox 2075 4677 2370 4732; x_wconf 83' lang='lat' dir='ltr'>vesperam</span> <span class='ocrx_word' id='word_1_801' title='bbox 2422 4659 2496 4714; x_wconf 89' lang='lat' dir='ltr'>ab</span> <span class='ocrx_word' id='word_1_802' title='bbox 2553 4656 2969 4732; x_wconf 16' lang='lat' dir='ltr'>omni‘populo</span> <span class='ocrx_word' id='word_1_803' title='bbox 3024 4653 3405 4732; x_wconf 61' lang='lat' dir='ltr'>immolatum.</span> <span class='ocrx_word' id='word_1_804' title='bbox 3466 4648 3567 4732; x_wconf 80' lang='lat' dir='ltr'>Dei</span> <span class='ocrx_word' id='word_1_805' title='bbox 3599 4652 3732 4721; x_wconf 89' lang='lat' dir='ltr'>post</span> 
     </span>
    </p>
   </div>
   <div class='ocr_carea' id='block_1_108' title="bbox 2075 4723 3734 4799">
    <p class='ocr_par' dir='ltr' id='par_1_108' title="bbox 2075 4723 3734 4799">
     <span class='ocr_line' id='line_1_108' title="bbox 2075 4723 3734 4799; baseline -0.011 -4"><span class='ocrx_word' id='word_1_806' title='bbox 2075 4723 2252 4795; x_wconf 76' lang='lat' dir='ltr'>verba</span> <span class='ocrx_word' id='word_1_807' title='bbox 2280 4733 2531 4789; x_wconf 79' lang='lat' dir='ltr'>vertitur</span> <span class='ocrx_word' id='word_1_808' title='bbox 2543 4723 2838 4786; x_wconf 82' lang='lat' dir='ltr'>inmalum</span> <span class='ocrx_word' id='word_1_809' title='bbox 2860 4725 3076 4799; x_wconf 86' lang='lat' dir='ltr'>vulgati</span> <span class='ocrx_word' id='word_1_810' title='bbox 3094 4726 3333 4799; x_wconf 80' lang='lat' dir='ltr'>addunt.</span> <span class='ocrx_word' id='word_1_811' title='bbox 3365 4723 3563 4799; x_wconf 53' lang='lat' dir='ltr'>hocce!</span> <span class='ocrx_word' id='word_1_812' title='bbox 3578 4738 3734 4799; x_wconf 78' lang='lat' dir='ltr'>man-</span> 
     </span>
    </p>
   </div>
   <div class='ocr_carea' id='block_1_109' title="bbox 2075 4793 3728 4869">
    <p class='ocr_par' dir='ltr' id='par_1_109' title="bbox 2075 4793 3728 4869">
     <span class='ocr_line' id='line_1_109' title="bbox 2075 4793 3728 4869; baseline -0.013 -1"><span class='ocrx_word' id='word_1_813' title='bbox 2075 4793 2314 4868; x_wconf 82' lang='lat' dir='ltr'>suetudo</span> <span class='ocrx_word' id='word_1_814' title='bbox 2337 4805 2436 4860; x_wconf 85' lang='lat' dir='ltr'>Dei</span> <span class='ocrx_word' id='word_1_815' title='bbox 2461 4804 2523 4858; x_wconf 81' lang='lat' dir='ltr'>in</span> <span class='ocrx_word' id='word_1_816' title='bbox 2545 4793 3113 4869; x_wconf 47' lang='lat' dir='ltr'>crudelitatequum</span> <span class='ocrx_word' id='word_1_817' title='bbox 3132 4793 3728 4869; x_wconf 85' lang='lat' dir='ltr'>glossemavidentur,</span> 
     </span>
    </p>
   </div>
   <div class='ocr_carea' id='block_1_110' title="bbox 2078 4868 3421 4947">
    <p class='ocr_par' dir='ltr' id='par_1_110' title="bbox 2078 4868 3421 4947">
     <span class='ocr_line' id='line_1_110' title="bbox 2078 4868 3421 4947; baseline -0.013 -10"><span class='ocrx_word' id='word_1_818' title='bbox 2078 4889 2136 4939; x_wconf 87' lang='lat' dir='ltr'>et</span> <span class='ocrx_word' id='word_1_819' title='bbox 2164 4877 2508 4947; x_wconf 82' lang='lat' dir='ltr'>auctoritate</span> <span class='ocrx_word' id='word_1_820' title='bbox 2536 4871 2806 4947; x_wconf 81' lang='lat' dir='ltr'>ejusdem</span> <span class='ocrx_word' id='word_1_821' title='bbox 2830 4868 3046 4947; x_wconf 78' lang='lat' dir='ltr'>codicis</span> <span class='ocrx_word' id='word_1_822' title='bbox 3077 4868 3421 4947; x_wconf 69' lang='lat' dir='ltr'>delevimus.</span> 
     </span>
    </p>
   </div>
   <div class='ocr_carea' id='block_1_111' title="bbox 2153 4938 3514 5024">
    <p class='ocr_par' dir='ltr' id='par_1_111' title="bbox 2153 4938 3514 5024">
     <span class='ocr_line' id='line_1_111' title="bbox 2153 4938 3514 5024; baseline -0.01 -19"><span class='ocrx_word' id='word_1_823' title='bbox 2153 4949 2300 5024; x_wconf 67' lang='lat'>(9&amp;6)</span> <span class='ocrx_word' id='word_1_824' title='bbox 2331 4938 2938 5024; x_wconf 58' lang='lat' dir='ltr'>Yox_l)oinini_addita</span> <span class='ocrx_word' id='word_1_825' title='bbox 2959 4957 3034 5024; x_wconf 64' lang='lat' dir='ltr'>ex</span> <span class='ocrx_word' id='word_1_826' title='bbox 3055 4939 3265 5024; x_wconf 74' lang='lat' dir='ltr'>eodem</span> <span class='ocrx_word' id='word_1_827' title='bbox 3298 4938 3514 5024; x_wconf 73' lang='lat' dir='ltr'>codice,</span> 
     </span>
    </p>
   </div>
   <div class='ocr_carea' id='block_1_112' title="bbox 2154 5007 3734 5094">
    <p class='ocr_par' dir='ltr' id='par_1_112' title="bbox 2154 5007 3734 5094">
     <span class='ocr_line' id='line_1_112' title="bbox 2154 5007 3734 5094; baseline -0.01 -18"><span class='ocrx_word' id='word_1_828' title='bbox 2154 5007 2417 5094; x_wconf 59' lang='lat' dir='ltr'>(957)1ta</span> <span class='ocrx_word' id='word_1_829' title='bbox 2450 5017 2604 5072; x_wconf 88' lang='lat' dir='ltr'>idem</span> <span class='ocrx_word' id='word_1_830' title='bbox 2635 5014 2829 5070; x_wconf 90' lang='lat' dir='ltr'>codex.</span> <span class='ocrx_word' id='word_1_831' title='bbox 2869 5013 2928 5068; x_wconf 92' lang='lat' dir='ltr'>In</span> <span class='ocrx_word' id='word_1_832' title='bbox 2959 5011 3156 5083; x_wconf 88' lang='lat' dir='ltr'>Vulg.,</span> <span class='ocrx_word' id='word_1_833' title='bbox 3202 5008 3481 5084; x_wconf 88' lang='lat' dir='ltr'>quomodo</span> <span class='ocrx_word' id='word_1_834' title='bbox 3529 5007 3734 5062; x_wconf 87' lang='lat' dir='ltr'>saltem</span> 
     </span>
    </p>
   </div>
   <div class='ocr_carea' id='block_1_113' title="bbox 2083 5093 2395 5150">
    <p class='ocr_par' dir='ltr' id='par_1_113' title="bbox 2083 5093 2395 5150">
     <span class='ocr_line' id='line_1_113' title="bbox 2083 5093 2395 5150; baseline -0.026 0"><span class='ocrx_word' id='word_1_835' title='bbox 2083 5095 2200 5150; x_wconf 84' lang='lat' dir='ltr'>dici</span> <span class='ocrx_word' id='word_1_836' title='bbox 2227 5093 2395 5148; x_wconf 85' lang='lat' dir='ltr'>valet.</span> 
     </span>
    </p>
   </div>
   <div class='ocr_carea' id='block_1_114' title="bbox 2156 5151 3733 5232">
    <p class='ocr_par' dir='ltr' id='par_1_114' title="bbox 2156 5151 3733 5232">
     <span class='ocr_line' id='line_1_114' title="bbox 2156 5151 3733 5232; baseline -0.011 -14"><span class='ocrx_word' id='word_1_837' title='bbox 2156 5165 2305 5232; x_wconf 68' lang='lat'>(9118)</span> <span class='ocrx_word' id='word_1_838' title='bbox 2338 5160 2487 5215; x_wconf 76' lang='lat' dir='ltr'>Alibi</span> <span class='ocrx_word' id='word_1_839' title='bbox 2515 5155 2726 5232; x_wconf 84' lang='lat' dir='ltr'>inquit,</span> <span class='ocrx_word' id='word_1_840' title='bbox 2762 5155 2903 5232; x_wconf 78' lang='lat' dir='ltr'>quia</span> <span class='ocrx_word' id='word_1_841' title='bbox 2932 5155 3055 5209; x_wconf 73' lang='lat' dir='ltr'>haec</span> <span class='ocrx_word' id='word_1_842' title='bbox 3085 5169 3272 5232; x_wconf 74' lang='lat' dir='ltr'>usque</span> <span class='ocrx_word' id='word_1_843' title='bbox 3299 5151 3370 5206; x_wconf 90' lang='lat' dir='ltr'>ad</span> <span class='ocrx_word' id='word_1_844' title='bbox 3399 5154 3590 5232; x_wconf 79' lang='lat' dir='ltr'>totum</span> <span class='ocrx_word' id='word_1_845' title='bbox 3623 5163 3733 5232; x_wconf 69' lang='lat' dir='ltr'>nu-</span> 
     </span>
    </p>
   </div>
   <div class='ocr_carea' id='block_1_115' title="bbox 2085 5219 3737 5293">
    <p class='ocr_par' dir='ltr' id='par_1_115' title="bbox 2085 5219 3737 5293">
     <span class='ocr_line' id='line_1_115' title="bbox 2085 5219 3737 5293; baseline -0.013 -1"><span class='ocrx_word' id='word_1_846' title='bbox 2085 5219 2312 5293; x_wconf 78' lang='lat' dir='ltr'>merum</span> <span class='ocrx_word' id='word_1_847' title='bbox 2347 5232 2414 5286; x_wconf 85' lang='lat' dir='ltr'>l2</span> <span class='ocrx_word' id='word_1_848' title='bbox 2442 5246 2510 5284; x_wconf 79' lang='lat' dir='ltr'>ex</span> <span class='ocrx_word' id='word_1_849' title='bbox 2537 5219 2932 5283; x_wconf 71' lang='lat' dir='ltr'>Admonitione</span> <span class='ocrx_word' id='word_1_850' title='bbox 2959 5243 3059 5281; x_wconf 89' lang='lat' dir='ltr'>seu</span> <span class='ocrx_word' id='word_1_851' title='bbox 3108 5219 3382 5280; x_wconf 71' lang='lat' dir='ltr'>Sermone</span> <span class='ocrx_word' id='word_1_852' title='bbox 3403 5219 3674 5293; x_wconf 83' lang='lat' dir='ltr'>synodali</span> <span class='ocrx_word' id='word_1_853' title='bbox 3702 5234 3737 5272; x_wconf 88' lang='lat' dir='ltr'>a</span> 
     </span>
    </p>
   </div>
   <div class='ocr_carea' id='block_1_116' title="bbox 2090 5291 3739 5372">
    <p class='ocr_par' dir='ltr' id='par_1_116' title="bbox 2090 5291 3739 5372">
     <span class='ocr_line' id='line_1_116' title="bbox 2090 5291 3739 5372; baseline -0.012 -9"><span class='ocrx_word' id='word_1_854' title='bbox 2090 5291 2361 5364; x_wconf 57' lang='lat' dir='ltr'>ltatherio</span> <span class='ocrx_word' id='word_1_855' title='bbox 2393 5299 2744 5372; x_wconf 83' lang='lat' dir='ltr'>transcripta</span> <span class='ocrx_word' id='word_1_856' title='bbox 2765 5299 3021 5372; x_wconf 74' lang='lat' dir='ltr'>fuerunt,</span> <span class='ocrx_word' id='word_1_857' title='bbox 3057 5296 3195 5350; x_wconf 91' lang='lat' dir='ltr'>utin</span> <span class='ocrx_word' id='word_1_858' title='bbox 3217 5291 3739 5372; x_wconf 57' lang='lat' dir='ltr'>praemissaadmo:</span> 
     </span>
    </p>
   </div>
   <div class='ocr_carea' id='block_1_117' title="bbox 2089 5362 3742 5442">
    <p class='ocr_par' dir='ltr' id='par_1_117' title="bbox 2089 5362 3742 5442">
     <span class='ocr_line' id='line_1_117' title="bbox 2089 5362 3742 5442; baseline -0.014 -7"><span class='ocrx_word' id='word_1_859' title='bbox 2089 5362 2309 5435; x_wconf 77' lang='lat' dir='ltr'>nitione</span> <span class='ocrx_word' id='word_1_860' title='bbox 2339 5362 3019 5442; x_wconf 24' lang='lat' dir='ltr'>observavimussV&#39;erba</span> <span class='ocrx_word' id='word_1_861' title='bbox 3049 5362 3239 5422; x_wconf 80' lang='lat' dir='ltr'>autem</span> <span class='ocrx_word' id='word_1_862' title='bbox 3271 5362 3742 5442; x_wconf 66' lang='lat' dir='ltr'>sicutaliliiscri-</span> 
     </span>
    </p>
   </div>
   <div class='ocr_carea' id='block_1_118' title="bbox 2087 5429 3741 5522">
    <p class='ocr_par' dir='ltr' id='par_1_118' title="bbox 2087 5429 3741 5522">
     <span class='ocr_line' id='line_1_118' title="bbox 2087 5429 3741 5522; baseline -0.01 -17"><span class='ocrx_word' id='word_1_863' title='bbox 2087 5429 2615 5522; x_wconf 43' lang='lat' dir='ltr'>plain—invenimus,</span> <span class='ocrx_word' id='word_1_864' title='bbox 2647 5439 2861 5522; x_wconf 39' lang='grc' dir='ltr'>(ηιξ-ἰῇ</span> <span class='ocrx_word' id='word_1_865' title='bbox 2880 5436 3437 5522; x_wconf 53' lang='grc' dir='ltr'>,ςρννηρηςδῃηθςιαιί</span> <span class='ocrx_word' id='word_1_866' title='bbox 3451 5438 3510 5522; x_wconf 65' lang='lat' dir='ltr'>et</span> <span class='ocrx_word' id='word_1_867' title='bbox 3539 5432 3595 5522; x_wconf 64' lang='lat' dir='ltr'>in</span> <span class='ocrx_word' id='word_1_868' title='bbox 3611 5429 3741 5522; x_wconf 52' lang='lat' dir='ltr'>aliis</span> 
     </span>
    </p>
   </div>
   <div class='ocr_carea' id='block_1_119' title="bbox 2092 5501 3744 5583">
    <p class='ocr_par' dir='ltr' id='par_1_119' title="bbox 2092 5501 3744 5583">
     <span class='ocr_line' id='line_1_119' title="bbox 2092 5501 3744 5583; baseline -0.015 -5"><span class='ocrx_word' id='word_1_869' title='bbox 2092 5501 2506 5578; x_wconf 45' lang='lat' dir='ltr'>admonitionis</span> <span class='ocrx_word' id='word_1_870' title='bbox 2522 5501 2818 5583; x_wconf 76' lang='lat' dir='ltr'>synodalis</span> <span class='ocrx_word' id='word_1_871' title='bbox 2837 5501 3266 5583; x_wconf 75' lang='lat' dir='ltr'>exemplaribus</span> <span class='ocrx_word' id='word_1_872' title='bbox 3283 5507 3518 5583; x_wconf 84' lang='lat' dir='ltr'>desunt,</span> <span class='ocrx_word' id='word_1_873' title='bbox 3539 5501 3744 5575; x_wconf 85' lang='lat' dir='ltr'>legun-</span> 
     </span>
    </p>
   </div>
   <div class='ocr_carea' id='block_1_120' title="bbox 2092 5579 3422 5663">
    <p class='ocr_par' dir='ltr' id='par_1_120' title="bbox 2092 5579 3422 5663">
     <span class='ocr_line' id='line_1_120' title="bbox 2092 5579 3422 5663; baseline -0.011 -8"><span class='ocrx_word' id='word_1_874' title='bbox 2092 5599 2191 5655; x_wconf 85' lang='lat' dir='ltr'>tur</span> <span class='ocrx_word' id='word_1_875' title='bbox 2218 5591 2279 5650; x_wconf 86' lang='lat' dir='ltr'>in</span> <span class='ocrx_word' id='word_1_876' title='bbox 2310 5579 2817 5663; x_wconf 58' lang='lat' dir='ltr'>vulgata&#39;homilia</span> <span class='ocrx_word' id='word_1_877' title='bbox 2832 5579 3022 5642; x_wconf 74' lang='lat' dir='ltr'>Leoni</span> <span class='ocrx_word' id='word_1_878' title='bbox 3043 5580 3113 5643; x_wconf 88' lang='lat' dir='ltr'>IV</span> <span class='ocrx_word' id='word_1_879' title='bbox 3145 5579 3422 5659; x_wconf 77' lang='lat' dir='ltr'>ascripta.</span> 
     </span>
    </p>
   </div>
  </div>
