4030 6186
537 325 654 393 575

1455 324 1830 391 RATHERII
1878 326 2122 394 EPISC.
2168 327 2458 395 VERON.
2505 332 2678 396 OPP.
2725 332 2924 397 PARS
2968 332 3018 396 Ι.

3780 334 3888 399 ΒἿὸ

534 484 649 524 non
681 479 865 523 cesso.
897 463 1105 523 Utrum
1135 478 1269 520 vero
1299 461 1372 521 ab
1401 460 1475 519 iis
1504 479 1731 537 cessare
1779 462 2014 536 penitus
2044 465 2178 519 ante
2205 465 2261 534 Α
2291 470 2356 521 ut
2386 466 2641 539 reliquos
2668 470 2913 541 taceam,
2946 468 3017 525 de
3068 482 3184 541 quo
3231 464 3539 541 Apostolus
3575 466 3723 538 dicit,
3753 468 3882 528 vide-

531 555 851 615 terminum
901 555 1105 611 datum
1154 551 1233 610 sit
1273 551 1424 618 vitae,
1458 551 1642 609 fateor
1671 569 1765 609 me
1814 550 1976 609 nullo
2006 553 2179 609 modo

531 648 700 705 scire.
731 647 919 703 Conor
947 644 1101 701 enim
1135 642 1451 712 meliorari,
1496 646 1554 699 et
1602 642 1832 711 vincor;
1869 641 2090 711 laboro,
2124 646 2181 699 et

530 735 770 805 deﬁcio;
794 751 992 808 surgo,
1015 737 1071 790 et
1088 732 1342 801 relabor;
1365 748 1669 804 nunquam
1694 731 1752 787 in
1770 732 1906 788 boni
1929 730 2178 802 alicujus

529 829 687 884 statu
719 841 1049 898 permaneo.
1077 823 1256 895 (1010)
1282 822 1465 878 Usum
1481 822 1636 878 enim
1663 839 1730 877 ex
1750 820 1970 877 vomitu
1993 821 2175 893 canis,

531 916 773 988 suisque
797 932 864 971 ex
896 911 1246 969 volutatione
1269 912 1437 984 (Petr.
1462 910 1623 983 11,22)
1652 909 1851 966 infelix
1882 911 2176 983 miserque

527 1007 927 1078 frequentans,
947 1007 1004 1058 ct
1034 1002 1143 1057 hac
1171 1018 1265 1057 me
1297 1000 1835 1069 solummodo,dum
1870 1017 1983 1055 non
2016 999 2172 1055 aliud

525 1094 782 1151 invenire
802 1093 984 1159 valeo,
1007 1090 1292 1148 sententia
1323 1105 1611 1155 recreans,
1635 1091 1875 1161 despero
1906 1106 2173 1161 sperans,

524 1202 695 1257 spero
737 1184 1076 1255 desperans,
1130 1181 1246 1234 ﬁdo
1278 1179 1574 1246 difﬁdens,
1605 1178 1806 1233 difﬁde
1850 1178 2168 1233 conﬁdens.

525 1273 801 1330 Universa
834 1270 1069 1343 quippe,
1106 1287 1231 1341 quae
1273 1267 1557 1324 Dominus
1606 1267 1893 1339 promisit,
1945 1267 2171 1323 conﬁdo

523 1379 658 1419 eum
689 1362 963 1416 daturum
990 1376 1004 1427 ;
1034 1358 1133 1414 sed
1167 1357 1371 1412 difﬁde
1402 1372 1494 1412 me
1523 1355 1766 1411 inveniri
1802 1372 1991 1429 posse,
2043 1372 2171 1427 pro-

522 1451 707 1507 missa
727 1448 819 1505 cui
841 1446 1116 1516 conferat,
1142 1445 1408 1518 dignum.
1432 1444 1674 1501 Veniam
1708 1461 1837 1500 vero
1869 1460 2001 1499 cum
2025 1443 2170 1500 nulli

520 1540 824 1614 promittat
846 1536 958 1593 nisi
981 1551 1284 1602 converso;
1317 1533 1817 1590 inconvertibilem
1858 1534 1998 1589 dum
2052 1549 2169 1589 me-

519 1633 640 1686 met
670 1626 908 1701 aspicio,
942 1642 1057 1681 non
1088 1624 1160 1680 de
1188 1624 1316 1694 ejus
1349 1622 1722 1679 miseratione
1765 1623 2027 1695 despero,
2064 1623 2165 1678 sed

517 1719 590 1775 de
612 1716 996 1774 obduratione
1018 1730 1146 1770 mea
1168 1729 1430 1787 pavesco.
1452 1713 1519 1767 Et
1543 1711 1681 1784 quid
1704 1711 1957 1784 amplius
1974 1711 2001 1767 '7
2022 1711 2164 1768 Odio

516 1824 611 1864 me
642 1805 831 1879 magis
862 1804 1106 1877 dignum
1129 1819 1307 1875 quam
1330 1818 1526 1857 amore
1549 1805 1603 1857 et
1634 1801 1754 1857 scio
1776 1805 1835 1857 et
1854 1801 2161 1869 conﬁteor;

516 1896 568 1953 si
596 1894 751 1962 talis,
785 1891 975 1966 qualis
1005 1908 1137 1947 sum
1186 1889 1380 1957 modo,
1414 1889 1718 1963 defungor.
1756 1889 2002 1962 Dcfungi
2031 1905 2164 1946 vero

516 1985 692 2055 talem
725 1984 774 2041 si
807 1982 1164 2039 destinatum
1194 1979 1271 2035 sit
1301 1978 1468 2048 mihi,
1502 1977 1662 2034 nullo
1684 1979 1856 2035 modo
1888 1979 2027 2036 scio.
2063 1983 2162 2043 De-

517 2075 753 2131 functus
785 2087 917 2128 vero
940 2069 1073 2126 talis
1102 2069 1152 2125 si
1181 2069 1364 2135 fuero,
1398 2068 1471 2124 de
1501 2066 1822 2140 perditione
1848 2084 1980 2124 mea
2000 2068 2165 2125 certi-

516 2162 677 2218 ﬁcari
707 2163 953 2218 cunctos
984 2173 1154 2231 posse
1185 2173 1300 2213 non
1333 2173 1499 2230 nego.
1670 2171 1681 2182 ι
2074 2178 2079 2183 -

584 2255 638 2307 2.
685 2250 920 2308 Soleant
977 2264 1111 2304 vero
1161 2247 1303 2302 dum
1357 2246 1555 2319 plures
1608 2246 2040 2304 conversionem
2102 2247 2161 2302 in

514 2341 690 2397 ﬁnem
722 2339 850 2395 vitae
877 2336 1135 2405 differre;
1169 2352 1305 2392 cum
1328 2334 1629 2408 repentina
1648 2334 1909 2391 inﬁnitos
1929 2334 2161 2408 rapiens

513 2446 694 2497 mors,
725 2428 938 2484 nedum
963 2425 1200 2494 multos,
1216 2423 1450 2498 penitus
1467 2423 2029 2481 faciatinsensibiles
2040 2442 2159 2494 eos;

516 2520 587 2576 de
616 2517 734 2574 illis
757 2516 898 2590 quid
922 2515 1171 2572 sentiam
1202 2513 1499 2583 hazsitans,
1524 2514 1595 2571 de
1618 2530 1729 2581 me,
1756 2514 1806 2569 si
1837 2512 1981 2570 illud
2013 2514 2160 2570 mihi

511 2607 895 2681 contingeret,
929 2622 1063 2661 sum
1094 2618 1241 2677 pene
1267 2603 1604 2675 desperans.
1639 2602 1887 2670 Quidam
1917 2602 2073 2660 enim
2098 2604 2159 2659 in

511 2695 811 2771 grabbatis
844 2698 957 2750 Deo
989 2693 1246 2767 plurima
1277 2692 1694 2764 promiserunt,
1727 2710 1854 2764 quae
1894 2692 2157 2750 convale-

510 2789 737 2843 scentes
754 2782 996 2839 minime
1018 2780 1410 2838 attenderunt.
1429 2780 1578 2845 Quid
1596 2780 1775 2853 igitur
1794 2798 1928 2837 cum
1952 2798 2157 2838 rursus

510 2872 892 2930 ceciderunt?
921 2870 981 2927 Si
1014 2887 1129 2927 non
1169 2869 1581 2942 promiserant,
1634 2869 1846 2925 iterum
1880 2870 2156 2943 despera-

507 2963 665 3018 tione
688 2960 931 3034 periisse
948 2958 1308 3032 putabantur
1326 2957 1485 3013 haud
1504 2973 1840 3031 perperam;
1874 2959 1923 3016 si
1947 2960 2158 3032 promi-

508 3050 712 3118 serint,
744 3052 803 3106 et
829 3047 1043 3105 iterum
1065 3044 1535 3103 convalescentes
1563 3046 1800 3102 fuerunt
1822 3047 2153 3118 mendaces,

510 3140 650 3212 quid
669 3137 876 3195 facturi
908 3140 1111 3211 postea
1132 3135 1278 3192 tales
1299 3134 1327 3191 ‘I
1349 3135 1538 3200 Quid?
1566 3134 1667 3195 Dei
1686 3135 1771 3192 eis
1801 3135 1986 3208 pietas
2017 3136 2157 3195 insi-

509 3206 665 3286 nuet.
686 3227 849 3295 Quod
871 3206 1016 3282 mihi
1039 3230 1235 3281 tamen
1251 3224 1499 3292 videtur,
1529 3223 1667 3297 quia
1686 3206 1915 3280 etiamsi
1940 3225 2154 3283 millies
2184 3206 2227 3274 (ἶ

507 3319 618 3375 hoc
643 3317 728 3374 eis
746 3315 1047 3389 contingat
1062 3313 1346 3370 instinctu
1369 3312 1656 3370 diabolico
1672 3330 1872 3387 agere;
1890 3317 1979 3370 est
1998 3316 2156 3388 quod

507 3423 625 3463 non
678 3406 809 3461 ideo
866 3405 938 3460 de
966 3403 1179 3477 pietate
1240 3402 1467 3458 Domini
1529 3403 1778 3459 debeant
1824 3403 2156 3475 desperare,

505 3494 775 3568 quamvis
804 3494 862 3549 in
884 3496 1006 3549 tam
1031 3491 1405 3549 instabilibus
1426 3491 1735 3564 promissis
1756 3493 1909 3548 438
1935 3491 2155 3548 nullam

503 3584 734 3658 possint
761 3581 1038 3639 ﬁduciam
1071 3580 1303 3637 habere.
1337 3581 1532 3637 Nescit
1561 3580 1718 3638 enim
1750 3580 1926 3657 homo
1957 3584 2154 3636 utrum

505 3671 659 3739 odio,
693 3689 767 3728 an
820 3687 1017 3727 amore
1074 3668 1150 3726 sit
1179 3668 1396 3742 dignus
1454 3669 1690 3725 futurus
1743 3669 1935 3742 (Eecle.
1988 3686 2065 3736 1x,
2100 3669 2154 3741 l)

504 3760 774 3836 quamvis
825 3760 1069 3827 noverit,
1103 3759 1256 3830 quod
1311 3757 1754 3831 praesentialiter
1800 3758 1876 3814 sit
1904 3757 2036 3814 odio
2067 3758 2156 3814 di-

505 3866 681 3924 gnus,
706 3849 934 3904 dicente
964 3846 1283 3919 Scriptura,
1317 3847 1597 3919 quoniam
1628 3847 1998 3919 omnipotens
2023 3846 2155 3903 odio

504 3937 684 3994 habet
713 3939 1067 4009 peccatores,
1100 3940 1157 3991 et
1184 3934 1463 3991 misertus
1492 3938 1582 3991 est
1620 3934 1801 4007 justis
1832 3935 2021 4007 (Eccli.
2054 3953 2154 4006 xu,

505 4026 583 4099 3).
614 4026 741 4082 Non
789 4026 947 4080 enim
992 4023 1162 4079 aliter
1181 4024 1331 4095 justi
1360 4040 1429 4079 ex
1457 4023 1861 4094 peccatoribus
1891 4027 2158 4095 poterant

506 4114 655 4181 ﬁeri,
680 4113 791 4168 nisi
815 4112 1213 4169 misericordia
1230 4112 1330 4167 Dei
1349 4110 1644 4184 praeventi,
1669 4110 1917 4166 fuissent
1936 4128 1970 4167 a
2001 4112 2154 4168 male

506 4205 578 4261 ad
599 4204 821 4259 bonum
843 4201 1127 4275 conversi,
1155 4217 1342 4273 neque
1380 4198 1464 4255 illi
1489 4198 1659 4256 aliter
1689 4199 1747 4254 in
1769 4200 2022 4272 peccatis
2051 4201 2156 4255 du-

503 4292 814 4360 ravissent,
828 4290 941 4348 nisi
949 4290 974 4362 j
986 4287 1186 4346 ustttia
1206 4288 1306 4345 Dei
1322 4287 1596 4344 obdurari
1609 4287 1870 4359 potuisse
1883 4288 2153 4360 permissi

504 4381 789 4448 fuissent;
820 4380 976 4435 unde
1006 4382 1064 4434 et
1093 4378 1164 4435 de
1191 4377 1408 4433 talibus
1440 4375 1818 4433 formidolosa
1836 4375 1938 4433 illa
1968 4382 2057 4434 est
2076 4378 2156 4434 di-

504 4469 689 4528 centis
736 4468 1062 4526 sententia:
1110 4466 1172 4522 Si
1197 4466 1525 4523 concluserit
1562 4466 1823 4521 Dominus
1853 4468 2152 4538 hominem,

2289 558 2413 612 tur:
2441 559 2548 613 Hoc
2574 561 2760 613 autem
2785 560 2974 616 scitote
3002 557 3365 628 iutelligentes
3408 556 3547 630 quod
3594 559 3757 615 omnis
3795 560 3887 632 for-

2286 647 2518 716 nicator,
2550 652 2646 704 aut
2684 648 3021 715 immundus,
3041 651 3137 704 aut
3155 663 3372 713 avarus,
3398 647 3537 720 quod
3555 654 3630 703 est
3653 647 3887 705 idolorum

2284 737 2541 804 servitus,
2571 753 2681 793 non
2730 737 2889 793 habet
2935 736 3310 794 haereditatem
3346 738 3407 792 in
3438 751 3596 809 regno
3627 735 3812 794 Christi
3847 743 3888 794 et

2284 825 2423 879 Dei?
2453 826 2664 897 (Ephes.
2689 843 2742 894 v,
2766 826 2846 897 5.)
2867 826 3014 882 Cum
3035 842 3169 881 vero
3186 824 3639 882 innumerabiles
3657 844 3688 882 a
3706 825 3889 884 talibus

2285 913 2546 970 conversi
2578 918 2811 971 cessent
2839 931 2968 971 esse
2991 915 3390 983 fornicatores,
3415 913 3716 984 immundi,
3736 915 3886 983 avari,

2282 1001 2561 1058 nimirum
2590 1003 2661 1059 de
2701 1004 3181 1076 permanentibus
3211 1003 3271 1059 in
3313 1003 3648 1076 hujusmodi
3693 1004 3791 1060 hoc
3816 1004 3887 1060 di-

2282 1094 2444 1147 ctum
2475 1091 2649 1148 claret
2682 1091 3019 1149 sceleribus.
3076 1094 3380 1149 Permanet
3421 1110 3554 1149 vero
3584 1091 3641 1148 in
3684 1091 3884 1161 scelere,

2281 1179 2381 1252 qui
2414 1198 2723 1253 quousque
2753 1185 2854 1237 aut
2890 1184 3049 1248 aetas,
3083 1186 3184 1236 aut
3214 1181 3436 1238 sanitas
3467 1182 3518 1236 ei
3549 1181 3883 1253 suil‘ragatur,

2280 1272 2345 1323 ut
2374 1269 2561 1341 possit
2589 1269 2729 1326 illud
2765 1275 3015 1343 patrare,
3041 1287 3155 1326 non
3200 1269 3448 1326 dimittit
3484 1268 3627 1326 illud
3656 1270 3885 1326 commit»

2279 1361 2400 1414 tere
2424 1376 2437 1414 :
2472 1362 2574 1416 aut
2605 1359 2655 1416 si
2676 1359 2943 1429 dimittit,
2972 1377 3085 1416 non
3109 1360 3308 1416 studet
3328 1358 3473 1414 illud
3496 1359 3806 1432 paenitendo
3823 1359 3888 1414 di-

2277 1446 2456 1504 luere.
2483 1447 2666 1520 Cujus
2686 1452 2884 1505 autem
2907 1448 3158 1516 senium,
3174 1452 3279 1506 aut
3296 1447 3612 1504 inﬁrmitas
3634 1447 3887 1505 interdicit

2277 1536 2423 1593 illud
2453 1537 2703 1604 efﬁcere,
2728 1554 2846 1594 non
2869 1537 3061 1593 scelus
3087 1536 3226 1606 illle,
3251 1537 3352 1594 sed
3386 1536 3558 1593 illum
3587 1535 3764 1595 scelus
3781 1553 3887 1593 con-

2274 1625 2527 1682 vincitur
2561 1625 2871 1699 reliquisse
2896 1644 2909 1696 ;
2934 1644 2999 1682 ac
3030 1643 3132 1699 per
3150 1625 3261 1682 hoc
3282 1642 3471 1698 neque
3493 1641 3721 1681 cessans
3744 1642 3775 1681 a
3794 1624 3886 1681 for-

2276 1715 2564 1771 nicatione
2595 1714 2813 1771 desinit
2850 1713 2983 1788 quis
3013 1714 3330 1771 fornicator
3357 1730 3511 1782 esse,
3543 1712 3595 1771 si
3620 1730 3885 1786 quousque

2274 1808 2463 1877 potest
2501 1823 2616 1862 non
2657 1804 2874 1861 desinit
2899 1803 3195 1872 fornicari,
3230 1806 3288 1860 et
3319 1802 3750 1859 fornicationem
3776 1801 3879 1858 reli-

2272 1897 2425 1950 ctam
2434 1894 2702 1967 jejuniis,
2729 1892 3133 1967 eleemosynis,
3161 1895 3217 1948 et
3239 1890 3587 1967 lacrymosis
3606 1890 3879 1966 gemitibus

2272 2000 2388 2039 non
2420 1984 2617 2041 studet
2648 1984 2950 2039 mundare.
2982 1983 3124 2038 Cum
3162 1980 3341 2054 igitur
3368 1980 3624 2054 legimus
3642 1978 3723 2037 vel
3751 1980 3879 2036 audi-

2273 2089 2406 2129 mus
2430 2089 2444 2128 :
2478 2074 2656 2129 Nescit
2684 2073 2842 2130 homo
2872 2081 3055 2128 utrum
3082 2070 3226 2139 odio,
3257 2087 3332 2125 an
3368 2086 3559 2127 amore
3599 2069 3782 2140 dignus
3802 2070 3874 2136 sit,

2271 2161 2387 2218 nisi
2418 2164 2640 2234 futurus
2670 2159 3206 2234 subintelligamus,
3240 2162 3306 2214 ut
3327 2158 3412 2214 sit
3442 2158 3643 2231 utique
3685 2173 3873 2225 sensus,

2271 2252 2428 2324 quod
2462 2249 2684 2307 nesciat
2704 2248 2918 2321 aliquis
2940 2249 3010 2305 de
3043 2246 3260 2320 aliquo,
3284 2249 3490 2303 utrum
3512 2246 3589 2302 sit
3607 2247 3655 2303 ei
3684 2261 3874 2303 conces-

2271 2358 2405 2397 sum
2437 2343 2571 2396 ante
2602 2343 2850 2397 mortem
2874 2337 3149 2405 converti,
3183 2354 3257 2393 an
3281 2336 3340 2393 in
3369 2336 3628 2409 peccatis
3648 2351 3811 2407 usque
3829 2333 3873 2388 in

2269 2431 2448 2486 ﬁnem
2480 2447 2598 2485 suae
2628 2427 2898 2485 sanitatis
2944 2427 3194 2495 durare;
3227 2425 3418 2482 fateor
3465 2441 3561 2482 me
3605 2424 3744 2498 quod
3770 2421 3875 2480 velit

2269 2523 2550 2587 astruere,
2585 2516 2818 2590 penitus
2850 2516 3136 2589 ignorare.

2340 2609 2393 2664 4.
2426 2606 2700 2673 Quamvis
2733 2621 2849 2661 non
2886 2604 3340 2678 desperandum,
3375 2605 3537 2677 quod
3567 2603 3728 2661 etiam
3775 2602 3873 2674 ipsa

2266 2696 2579 2753 inﬁrmitas
2597 2696 2668 2751 ab
2690 2693 2972 2751 anteactis
2994 2691 3314 2765 quemlibet
3335 2692 3594 2766 peccatis
3614 2690 3870 2754 emaculet,

2267 2787 2316 2844 si
2348 2789 2543 2842 tamen
2574 2787 2874 2857 gratanter
2922 2783 3097 2838 fuerit
3126 2785 3381 2855 recepta,
3417 2782 3573 2855 quod
3618 2785 3789 2837 tamen
3816 2780 3869 2835 de

2264 2874 2491 2949 prolixa
2518 2873 2641 2929 ﬁeri
2673 2872 2924 2929 arbitror
2952 2869 3296 2944 aegritudine
3342 2875 3603 2938 tantum,
3632 2869 3870 2943 patienter

2262 2968 2480 3033 tamen,
2500 2965 2584 3031 ut,
2617 2961 2756 3032 dixi,
2787 2960 3037 3034 perlata:
3072 2958 3258 3017 levius
3281 2957 3424 3017 licet
3452 2960 3747 3017 concinens
3771 2955 3868 3015 tali-

2266 3061 2349 3111 ter
2377 3052 2647 3110 senserit.

2388 3160 2452 3210 Et
2478 3158 2714 3209 vindicta
2739 3156 2920 3208 brevis
2946 3156 3034 3206 hic
3060 3157 3219 3205 noxia
3247 3156 3478 3207 crimina
3511 3157 3640 3217 ﬁnit,

2450 3224 2524 3272 Ne
2554 3222 2670 3271 sine
2700 3219 2805 3269 ﬁne
2835 3219 3031 3269 habeat
3059 3219 3239 3269 debita
3266 3233 3440 3282 pcena
3466 3234 3584 3270 reos

2264 3321 2432 3380 Solos
2461 3336 2613 3387 vero,
2656 3317 2737 3374 ait
2784 3317 3118 3391 Gregorius,
3172 3316 3524 3390 temporalia
3569 3314 3773 3390 ﬂagella
3813 3311 3867 3366 ab

2264 3409 2495 3467 aeternis
2547 3407 2820 3474 liberant,
2870 3422 3021 3478 quos
3050 3405 3391 3461 immutant.
3429 3405 3611 3487 (1011)
3640 3405 3754 3460 Haec
3779 3401 3869 3456 duo

2265 3500 2485 3571 itaque,
2512 3497 2567 3552 id
2586 3499 2697 3563 est,
2722 3498 2827 3550 aut
2856 3493 3294 3550 conversionem
3325 3493 3647 3558 salubrem,
3676 3495 3763 3547 aut
3788 3490 3869 3543 ila-

2263 3587 2548 3662 gellorum
2565 3584 2666 3642 Dei
2684 3582 3052 3656 suffragium,
3067 3583 3209 3638 dum
3227 3583 3534 3639 sententia:
3558 3581 3637 3638 illi
3656 3579 3867 3641 innixus,

2264 3692 2383 3747 qua
2412 3671 2662 3729 dicitur:
2692 3672 2871 3727 Nescit
2897 3671 3076 3738 homo,
3106 3678 3295 3725 utrum
3331 3670 3480 3738 odio,
3511 3687 3586 3726 an
3611 3683 3774 3725 amore
3795 3665 3864 3729 sit,

2263 3764 2481 3834 dignus,
2527 3762 2804 3833 expecto;
2857 3759 2909 3816 si
2964 3758 3036 3814 de
3082 3758 3273 3827 tertio,
3330 3759 3658 3830 perditione
3705 3754 3867 3825 utique

2264 3851 2610 3918 certissima,
2636 3851 2947 3921 suspectus
2976 3851 3035 3904 et
3058 3864 3275 3920 pavens
3296 3864 3418 3904 non
3451 3850 3603 3905 484
3623 3849 3784 3911 exsto;
3804 3842 3867 3896 in-

2264 3941 2460 3999 sanire
2489 3955 2583 3994 me
2612 3937 2897 3993 veraciter
2923 3937 3114 4003 credo,
3147 3941 3207 3992 et
3233 3953 3349 4009 quo
3395 3936 3737 3994 desiderium
3768 3947 3866 3988 ver-

2262 4034 2405 4096 tam,
2437 4028 2580 4101 quid
2611 4029 2827 4100 optem,
2849 4025 3062 4098 quidve
3081 4025 3425 4098 amplectar,
3450 4026 3667 4100 ignoro.
3689 4024 3867 4094 Repen-

2263 4118 2456 4174 tinum
2477 4132 2613 4171 nam
2644 4114 2953 4171 imminere
2975 4130 3109 4170 eum
3132 4113 3278 4170 mihi
3301 4120 3565 4171 metuam
3591 4112 3866 4172 interitum,

2263 4206 2552 4281 prolixum
2585 4205 2772 4276 (1012)
2802 4203 2852 4259 si
2896 4219 3141 4271 mereor,
3176 4207 3242 4258 ut
3289 4203 3624 4260 desiderare
3651 4216 3736 4257 me
3777 4210 3865 4252 non

2263 4296 2535 4361 difﬁteor,
2570 4296 2836 4350 actutum
2878 4291 3258 4348 damnantem
3290 4291 3451 4352 mihi.
3472 4292 3664 4360 audio,
3693 4283 3868 4345 surdus

2262 4385 2418 4451 licet,
2476 4379 2818 4455 Apostolum
2868 4380 3105 4453 (dicere)
3139 4398 3153 4436 :
3186 4383 3415 4451 Ignoras
3461 4383 3596 4455 quia
3640 4372 3869 4452 patientia

2261 4475 2360 4531 Dei
2386 4473 2457 4529 ad
2483 4472 2870 4544 paenitentiam
2903 4474 2955 4526 te
2981 4474 3304 4542 exspectat?
3353 4472 3429 4527 Tu
3475 4478 3654 4526 autem
3691 4467 3865 4522 thesal-
3970 4506 3971 4509 η

504 4560 614 4617 hoc
643 4563 732 4616 est
756 4556 1023 4615 concludi
1055 4554 1405 4630 permiserit,
1429 4556 1552 4627 quis
1566 4563 1737 4628 potest
1756 4556 1809 4611 ei
1836 4555 2033 4623 dicere,
2055 4573 2156 4612 cur
2183 4580 2231 4644 Β
2262 4563 2409 4618 rims
2441 4560 2545 4617 tibi
2572 4561 2716 4614 iram
2749 4559 2810 4613 in
2837 4558 2925 4614 die
2956 4560 3081 4624 irae,
3126 4566 3179 4613 et
3224 4560 3605 4616 retributionis
3637 4555 3765 4629 justi
3792 4551 3866 4622 ju-

504 4652 587 4706 ita
611 4649 787 4720 facis?
812 4647 930 4718 (Job
947 4665 1023 4703 1x.
1058 4644 1172 4717 i2.)

419 4796 432 4809 ,
574 4738 630 4793 3.
662 4736 707 4792 Ο
731 4735 931 4808 igitur,
963 4752 996 4791 o
1026 4732 1434 4790 incrustabilia
1463 4732 1565 4789 Dei
1595 4731 1822 4803 judicia
1848 4733 1859 4786 l
1912 4750 1944 4789 0
1998 4733 2156 4791 inve-

506 4822 806 4898 stigabiles
833 4824 937 4878 vite
967 4822 1125 4893 ejus!
1158 4822 1299 4889 Quis
1330 4821 1487 4877 enim
1514 4822 1628 4877 mei
1647 4820 1934 4877 similium
1955 4839 2072 4878 non
2095 4839 2157 4880 se

507 4913 822 4971 formidare
850 4910 1004 4967 valet
1051 4909 1479 4967 inevadibiliter
1508 4910 1628 4966 fore
1668 4909 2034 4982 conclusum,
2069 4911 2156 4967 in-

506 5004 694 5075 deque
716 5000 847 5058 odio
866 5001 1135 5073 dignum.
1153 5002 1320 5056 Nunc
1340 5000 1498 5055 enim
1519 4999 1652 5055 odio
1669 5015 1782 5054 non
1804 4998 2155 5073 tibidignus,

577 5108 763 5181 (1010)
785 5108 1067 5164 Coustrue
1093 5125 1105 5164 :
1142 5109 1358 5164 Etenim
1388 5107 1591 5178 infelix
1617 5113 1668 5161 et
1693 5107 1862 5181 miser
1885 5109 2155 5181 frequen

507 5188 631 5237 lens
676 5179 835 5235 usum
866 5196 935 5234 ex
974 5181 1180 5234 vomitu
1236 5181 1410 5243 canis,
1456 5182 1506 5233 et
1553 5194 1623 5232 ea:
1662 5179 2157 5246 volutatione’suis,

506 5252 629 5323 (ubi
661 5250 898 5324 reSpicit
928 5250 1027 5305 illa
1057 5252 1112 5305 Il
1136 5252 1291 5324 Petri
1320 5266 1381 5316 Il,
1565 5250 1729 5324 Canis
1784 5266 2032 5324 reversus
2088 5251 2159 5306 ad

504 5320 669 5380 suum
718 5320 999 5390 vomitum,
1049 5329 1099 5378 et
1137 5338 1230 5394 sus
1262 5322 1372 5376 tota
1400 5322 1464 5375 in
1491 5320 1771 5394 volutabra
1806 5322 1931 5394 luti)
1981 5326 2031 5378 et
2080 5339 2159 5378 re-

504 5412 694 5452 creans
715 5411 803 5450 me
830 5394 1163 5450 solummodo
1205 5392 1308 5447 hac
1333 5393 1622 5458 sententia,
1671 5391 1803 5446 dum
1848 5391 1959 5447 non
2004 5395 2157 5451 valeo

506 5468 758 5522 invenire
788 5464 962 5529 aliud,
994 5465 1215 5536 despero
1241 5478 1491 5536 sperans,
1522 5466 1633 5536 etc.

580 5537 764 5609 (1011)
808 5534 1149 5609 Construe:_
1179 5534 1365 5609 Itaque
1410 5534 1542 5589 dum
1585 5534 1844 5609 innixus,
1873 5538 2159 5609 sententiae

506 5606 614 5679 illi,
639 5606 765 5682 quae
783 5606 987 5664 dicitur
1006 5625 1026 5662 :
1048 5607 1247 5663 Nescit
1266 5606 1463 5682 homo,
1479 5609 1610 5670 etc.,
1635 5608 1879 5682 exspecto
1894 5606 2012 5682 hac
2029 5608 2154 5678 duo,

505 5683 561 5744 id
580 5678 661 5743 est
678 5688 776 5738 aut
810 5681 1212 5738 conversionem
1239 5679 1534 5745 salubrem,
1567 5683 1663 5731 aut
1689 5678 2021 5747 suffragium
2047 5682 2151 5751 [ια-
2220 5726 2223 5727 ν

2265 4652 2403 4708 dieii
2432 4650 2539 4706 Dei
2588 4648 2761 4721 (Rom.
2794 4664 2854 4712 ιι,
2902 4647 2956 4714 li,
2978 4647 3057 4719 5.)
3090 4646 3295 4704 Infelix
3324 4645 3662 4720 hujusmodi
3690 4643 3865 4714 longe-

2266 4741 2436 4808 vitas,
2469 4754 2648 4811 quam
2678 4739 2843 4794 tanta
2873 4734 3141 4809 sequitur
3177 4736 3507 4804 calamitas,
3550 4726 3867 4808 aspernabilc

2265 4827 2523 4901 spatium
2541 4824 2817 4898 congerit,
2843 4824 2997 4896 quod
3008 4823 3185 4880 talem
3205 4823 3552 4881 thesaurum
3562 4812 3868 4878 miserabilia

2266 4914 2515 4972 induciae
2549 4914 2620 4969 ad
2653 4912 3120 4984 exaggerandam
3136 4912 3424 4968 scelerum
3444 4911 3744 4969 vindictam
3763 4917 3868 4960 oon-

2268 5003 2465 5062 cessit.
2497 5000 2706 5059 Melius
2728 5000 2936 5069 fuerat,
2961 5000 3162 5071 fateor,
3196 5000 3545 5070 miserrimo,
3565 4991 3866 5068 side’primo

2266 5112 2536 5181 gellorum
2568 5109 2666 5164 Dei
2688 5127 2705 5173 ;
2724 5109 2775 5162 si
2803 5123 2915 5162 non
2941 5115 3091 5163 exsto
3118 5116 3394 5180 suspectus
3424 5116 3477 5181 et
3488 5120 3682 5181 parens
3713 5099 3866 5181 delet?

2267 5175 2366 5251 tio,
2394 5181 2701 5255 perditione
2730 5181 2921 5251 utique
2950 5175 3257 5235 certissima
3278 5201 3299 5255 ,-_
3321 5175 3604 5255 eredojme

2267 5242 2534 5318 insanire,
2565 5258 2617 5307 et
2658 5242 2867 5322 ignoro,
2898 5266 3005 5322 quo
3031 5255 3240 5307 vertam
3265 5242 3610 5316 desiderium,
3639 5242 3755 5318 quid
3785 5252 3859 5309 ορ-

2265 5331 2393 5392 tem,
2427 5323 2623 5394 quidve
2650 5322 2970 5394 amplectar.

2338 5389 2523 5469 (1012)
2554 5389 2973 5469 corrigendum
3003 5396 3062 5448 et
3089 5393 3481 5466 supplendum
3523 5389 3736 5469 videtur

2338 5410 2523 5469 (tUIZ)
2554 5410 2973 5520 UOPLIFGDOUID
3003 5410 3062 5448 et
3089 5410 3481 5466 supplendum
3523 5410 3736 5445 νιαδιυτ
3752 5410 3853 5453 νιν-

2267 5468 2445 5524 lixam
2488 5466 2653 5538 εδειήί
2733 5466 2879 5520 inem
2903 5464 2969 5538 ni
2996 5479 3208 5521 mereor
3223 5483 3245 5527 ;
3274 5483 3399 5538 quae
3428 5460 3853 5538 concinuntqth

2266 5525 2749 5611 praecedentibus,
2791 5536 2932 5608 quod
2960 5543 3144 5592 tamen
3167 5525 3234 5593 de
3256 5525 3474 5610 prolixa
3499 5533 3619 5605 fieri
3656 5525 3855 5584 arbitror

2264 5609 2616 5683 (aegritudine,
2650 5611 2758 5664 etc.
