4060 6176
172 367 295 427 577

1446 365 1547 428 DE
1591 356 1873 430 OTIOSO
1918 365 2310 430 SERMONE.

3462 372 3579 434 578

176 498 279 555 Dei
308 501 645 571 contemptu
656 497 884 568 justam
914 498 1235 572 excepisset
1250 500 1622 567 sententiam,
1641 516 1820 573 quam
1852 506 1907 571 Α
1937 502 2016 557 ita
2041 519 2053 557 :
2085 503 2149 561 Si
2178 511 2414 571 peccata
2435 512 2537 559 tua
2567 509 2723 559 recte
2748 503 3227 569 comideravcris,
3248 504 3533 576 judicasti
3562 524 3581 562 :

179 588 386 643 tandiu
409 591 809 661 exspectatum
826 592 946 643 tam
961 588 1301 645 innumeros
1323 589 1687 646 contraxisse
1708 605 1829 645 rea-

177 684 295 744 tus,
328 694 434 749 pro
473 675 723 749 singulis
754 676 1020 733 videlicet
1047 678 1394 734 aaternaliter
1438 677 1825 750 puniendum.

247 768 302 821 5.
337 766 454 821 Hoc
485 782 547 820 se
580 766 662 820 ita
691 764 941 822 habente
975 766 1192 823 felicior
1234 767 1379 823 mihi
1421 768 1650 823 videtur
1698 768 1829 822 bre-

174 857 348 922 vitas,
383 870 563 926 quam
595 852 954 910 diuturnitas
991 856 1141 911 vitae.
1173 862 1263 913 νω
1303 856 1461 912 enim
1518 857 1692 927 vobis,
1724 856 1826 923 ait,

179 943 597 1018 propheta,qui
626 943 863 999 trahitis
893 945 1254 1017 iniquitatem
1286 946 1346 1002 in
1364 946 1644 1017 funiculis
1662 946 1827 1002 rani-

177 1033 350 1090 tatis!
370 1032 530 1103 (Isai.
551 1049 606 1100 v,
633 1032 748 1101 18.)
766 1033 869 1089 Est
889 1033 1127 1104 quidem
1158 1034 1444 1091 Dominus
1469 1032 1824 1103 misericors,

179 1127 238 1179 et
267 1119 641 1178 ineffabiliter
671 1121 836 1193 pius;
868 1123 969 1178 sed
993 1123 1172 1178 etiam
1207 1140 1401 1191 verax,
1432 1127 1489 1178 et
1522 1123 1827 1178 inenarra-

181 1211 381 1267 biliter
394 1212 618 1281 justus.
650 1210 944 1266 Promittit
969 1212 1221 1279 veniam,
1253 1216 1554 1284 computat
1573 1228 1783 1267 noxam
1813 1228 1826 1280 ;

184 1300 419 1357 veniam
449 1298 695 1371 largitur
723 1301 973 1370 perfecte
1002 1301 1317 1369 conversis,
1351 1318 1561 1357 noxam
1578 1303 1832 1357 reservat

187 1388 617 1445 obdurantihus
648 1388 887 1443 aversis.
902 1389 1108 1443 Annon
1132 1389 1288 1443 enim
1310 1390 1547 1445 evidens
1574 1389 1835 1444 cernitur

191 1478 549 1549 computatio
578 1494 737 1532 noxa:
764 1476 1014 1532 dicentis
1045 1492 1059 1531 :
1092 1482 1277 1533 «lmen
1304 1479 1430 1534 dico
1457 1479 1637 1545 vobis,
1669 1493 1835 1532 omne

187 1568 417 1621 uerbum
433 1567 700 1631 altos-um,
712 1566 862 1638 quod
872 1566 1048 1622 locuti
1058 1566 1289 1639 fuerint
1307 1567 1462 1622 hami
1464 1584 1580 1635 nes,
1593 1566 1838 1621 reddent

179 1654 255 1709 de
279 1669 350 1710 eo
376 1655 663 1711 rationm
691 1656 749 1710 in
778 1655 871 1711 die
888 1656 1101 1725 jadicii
1122 1659 1145 1711 Ρ
1170 1655 1396 1716 (Matth.
1420 1672 1521 1721 xu,
1542 1656 1656 1716 36.)
1676 1653 1834 1708 Fuit-

182 1758 257 1798 ne
282 1758 545 1813 unquam
566 1742 890 1799 terribilius
918 1742 1141 1815 aliquid
1164 1743 1426 1799 dictum?
1443 1743 1642 1799 Caeteri
1674 1757 1836 1797 nam-

1935 592 1986 647 si
2003 593 2304 661 abjecew'is,
2333 593 2620 650 occidisti.
2655 594 2813 657 Quod
2864 592 3183 648 ut.melius
3232 592 3586 650 dilucidctur

1938 680 2093 751 (poni
2140 686 2380 752 possent
2428 698 2563 737 cum
2614 682 3055 753 plurimauOtS
3088 684 3216 753 ipsa
3268 701 3386 738 una
3416 684 3586 740 nobis

1938 768 2132 824 divina
2171 771 2445 837 sufficiat,
2479 771 2794 826 dicendum
2830 772 3145 842 quomodo,
3179 789 3354 843 quam
3385 778 3582 844 protu-

1938 856 2077 922 listi,
2108 860 2418 914 sententia.
2460 860 2556 915 Ait
2602 876 2772 915 vero:
2806 864 2987 917 Omne
3034 862 3265 916 verbum
3309 864 3581 931 otiosum,

1934 946 2084 1019 quod
2111 949 2291 1004 locuti
2307 948 2528 1017 fuerint
2547 950 2826 1016 homines,
2842 951 3081 1004 reddent
3115 951 3189 1005 de
3212 967 3278 1005 eo
3301 960 3585 1008 rattonem

1935 1036 1993 1091 in
2021 1037 2116 1092 die
2136 1035 2354 1111 judicii
2383 1038 2615 1099 (Matth.
2644 1055 2744 1105 xu,
2775 1038 2890 1098 36.)
2913 1037 3059 1101 Quid
3076 1043 3164 1093 est
3180 1040 3420 1095 verbum
3442 1042 3584 1097 otio-

1935 1125 2114 1181 sum?
2143 1125 2371 1181 Inutile.
2404 1125 2577 1182 Nulla
2606 1132 2798 1182 autem
2835 1132 2993 1192 sunt,
3029 1131 3093 1181 ut
3132 1127 3352 1196 dixisti,
3386 1129 3585 1186 minus

1937 1212 2104 1269 utilia
2116 1230 2290 1286 quam
2309 1215 2535 1287 turpia;
2554 1215 2771 1286 quibus
2788 1214 3039 1285 adjicere
3061 1233 3379 1287 possumus
3392 1219 3584 1287 noxia,

1939 1306 1995 1356 et
2015 1303 2455 1372 contumeliosa,
2476 1303 2759 1373 irrisoria,
2782 1304 3133 1375 deceptiosa,
3155 1306 3408 1376 perjura,
3427 1307 3583 1363 frau-

1941 1390 2202 1458 dulenta,
2234 1392 2538 1459 maledica,
2572 1394 2897 1457 mendacia,
2938 1393 3243 1465 sacrilega,
3293 1394 3583 1463 haaretica,

1941 1479 2281 1549 apostatica,
2309 1479 2670 1551 blaspheme,
2696 1482 2907 1535 lalsum
2932 1482 3225 1551 testantia,
3251 1483 3492 1548 furiosa,
3522 1484 3585 1539 li-

1945 1566 2174 1638 tigiosa.
2196 1568 2275 1622 Ex
2305 1568 2520 1638 quibus
2550 1568 2827 1624 omnibus
2862 1585 3044 1622 unum
3076 1586 3252 1625 suum
3279 1570 3339 1624 in
3370 1571 3584 1645 allega-

1942 1655 2104 1709 tione
2137 1655 2236 1709 illa
2258 1656 2559 1727 proferens
2590 1656 2908 1727 superiore;
2923 1656 3208 1728 collegisti
3227 1658 3453 1714 salvum
3472 1677 3587 1716 non

1942 1759 2115 1815 posse
2144 1744 2299 1799 credi
2331 1746 2618 1810 futurum,
2652 1744 2744 1799 cui
2778 1745 2836 1799 in
2868 1751 3124 1801 extremo
3151 1745 3243 1801 die
3256 1747 3467 1817 judicii
3490 1748 3588 1805 illo

180 1847 300 1903 que
327 1830 472 1935 quid
500 1848 681 1931 super
700 1831 810 1888 hoc
831 1832 1107 1898 sentiant,
1129 1830 1568 1935 viderint';mihi
1606 1830 1832 1935 videtur
1858 1869 1905 1935 Β
1938 1830 1996 1885 id
2030 1831 2391 1904 fuerit,quod
2426 1832 2528 1888 tali
2558 1833 2615 1887 in
2650 1833 2774 1888 loco
2806 1833 3146 1903 hujnsmodi
3173 1852 3277 1907 pro
3307 1852 3486 1893 causa
3505 1836 3589 1892 di-

178 1919 547 1977 tolerahilius
577 1919 779 1987 fuisse,
812 1920 863 1976 si
908 1920 1150 1975 dixisset
1181 1937 1195 1975 :
1228 1919 1606 1975 Merebuntur
1650 1919 1722 1973 de
1760 1933 1828 1973 eo

176 2006 437 2064 millium
468 2023 756 2064 annorum
786 2007 1164 2080 supplicium.
1196 2006 1474 2064 Miserum
1522 2005 1679 2062 enim
1710 2021 1826 2071 me,

178 2112 322 2153 cum
369 2095 535 2153 nulla
564 2098 762 2153 minus
791 2098 914 2153 sint
942 2095 1109 2153 utilia
1140 2113 1317 2169 quam
1346 2096 1563 2167 turpia.
1596 2095 1747 2161 Quid
1777 2093 1828 2150 si

175 2188 245 2242 in
275 2186 480 2243 eodem
505 2185 631 2243 loco
663 2186 939 2255 (tOi3),et
967 2185 1112 2242 forte
1138 2185 1390 2257 tali,quo
1416 2184 1831 2257 dedignaretur

176 2275 407 2348 aliquis
437 2274 612 2331 etiam
633 2276 991 2346 vesci.turpe
1009 2273 1151 2346 quid
1175 2274 1392 2330 faciens
1423 2272 1686 2345 quilibet,
1704 2276 1829 2326 tur-

177 2364 503 2438 pissimum
534 2363 757 2436 aliquid
788 2363 1033 2419 dixerit?
1054 2363 1260 2419 Postea
1278 2363 1350 2418 de
1366 2363 1515 2433 ipsa,
1532 2378 1708 2433 quam
1728 2377 1831 2432 pa-

179 2453 366 2509 travit
410 2452 793 2526 turpitudine,
845 2452 1246 2525 paenitentiam
1294 2451 1524 2524 gessit;
1560 2451 1635 2506 de
1682 2450 1830 2521 ipsa,

176 2560 370 2616 quam
401 2542 567 2611 dixit,
600 2543 761 2615 quid,
788 2558 951 2614 rogo,
981 2540 1134 2597 erit?
1160 2541 1219 2596 Si
1262 2541 1321 2595 in
1361 2540 1586 2611 judicio
1635 2540 1836 2609 itaque

174 2632 274 2689 illi
303 2632 761 2705 improperatum
793 2631 989 2697 fuerit,
1004 2631 1160 2703 quod
1194 2630 1251 2685 in
1270 2629 1370 2685 tali
1404 2628 1528 2684 loco
1547 2627 1665 2683 tale
1695 2626 1836 2698 quid

175 2721 414 2793 talique
458 2737 562 2794 pro
610 2736 790 2777 causa
835 2719 1088 2786 dixerit;
1120 2718 1447 2792 putandum
1497 2717 1653 2789 quod
1685 2716 1839 2772 inter

177 2811 360 2876 alios,
392 2810 590 2867 Venite
618 2810 904 2866 benedicti
932 2809 1135 2864 Patris
1157 2808 1274 2863 mei
1302 2807 1536 2878 (Matth.
1572 2822 1699 2873 xxv,
1723 2804 1836 2877 34),

175 2899 393 2956 audire
425 2897 546 2955 ullo
577 2898 751 2954 modo
771 2896 1001 2970 possit?
1030 2897 1169 2953 Post
1194 2900 1421 2951 tantam
1452 2894 1609 2951 enim
1641 2909 1836 2950 coram

178 2988 463 3045 universo
518 3003 728 3061 genere
784 2986 1044 3042 humano
1083 2983 1514 3051 verecundiam,
1548 2981 1837 3056 suspicari

177 3094 327 3134 eum
339 3092 656 3150 possumus
669 3075 1143 3143 habiturum,ned
1155 3092 1251 3129 um
1262 3072 1836 3144 coelestem,aliquem

179 3165 701 3241 gloriam?Nonne
731 3163 887 3220 enim
915 3167 973 3219 et
1003 3163 1157 3235 quod
1188 3163 1370 3236 gessit
1394 3160 1835 3217 manifestatum

1936 1919 2101 1986 xerit,
2136 1937 2331 1975 coram
2364 1921 2637 1976 universo
2659 1937 2869 1992 genere
2900 1922 3207 1979 hominum
3237 1923 3591 1998 impropera-

1934 2011 2082 2063 tum.
2107 2008 2219 2065 Sen
2238 2024 2372 2064 eum
2391 2008 2731 2064 firmissime
2759 2026 2862 2065 nos
2890 2014 3088 2066 tenere
3107 2012 3414 2081 concedas,
3430 2014 3587 2086 quod

1936 2095 2018 2151 nil
2042 2095 2439 2168 temporaliter
2459 2101 2661 2153 contra
2682 2098 2785 2168 jus
2817 2100 3022 2171 fasque
3051 2099 3239 2156 valeat
3265 2101 3587 2175 agi,neque

1937 2184 1995 2240 id
2025 2184 2424 2256 temporaliter
2453 2184 2695 2258 expiari,
2723 2187 3032 2258 desperare
3077 2188 3256 2243 istum
3286 2190 3587 2263 compelli-

1939 2289 2091 2339 mur,
2126 2273 2224 2344 qui
2258 2272 2401 2328 illud
2432 2277 2603 2346 turpe
2631 2274 2927 2339 dixit,nisi
2957 2275 3239 2331 auxilium
3266 2277 3321 2332 ei
3350 2279 3585 2347 demus,

1940 2362 2079 2433 quid
2109 2361 2305 2426 faciat,
2337 2366 2652 2433 antequam
2684 2364 2840 2419 436
2872 2364 2944 2418 ad
2977 2364 3121 2417 illud
3164 2364 3587 2437 improperium

1939 2450 2154 2504 veniat.
2171 2448 2447 2503 Dicamus
2475 2465 2613 2521 ergo
2636 2449 2891 2520 primum
2914 2450 3055 2520 quid
3086 2451 3198 2505 erit.
3217 2450 3354 2518 illis,
3374 2454 3473 2523 qui
3495 2471 3589 2509 ra-

1943 2537 2163 2592 tioncm
2194 2538 2266 2591 de
2296 2537 2455 2592 omni
2484 2537 2659 2591 verbo
2682 2537 3060 2607 otioso,quod
3082 2538 3259 2593 locuti
3281 2539 3589 2609 fuerimus,

1944 2624 2004 2679 in
2031 2625 2126 2680 die
2149 2624 2359 2696 judicii
2383 2624 2599 2680 fuerint
2618 2624 2929 2693 reddituri;
2954 2616 3236 2681 nimirum
3261 2627 3354 2693 iis,
3373 2629 3592 2700 quibus

1944 2714 2198 2770 dicetur:
2233 2713 2659 2783 Ite,maledicti,
2676 2714 2731 2768 in
2764 2715 2953 2785 ignem
2985 2718 3595 2789 a’teruummuiaesu-

1944 2804 2075 2871 rivi,
2103 2809 2157 2859 et
2186 2820 2301 2860 non
2340 2804 2556 2860 dedisti
2593 2804 2743 2859 mihi
2774 2803 3129 2861 menducare
3164 2806 3389 2874 (Matth,
3436 2825 3590 2879 xxvr,

1943 2894 2153 2965 [11,42),
2176 2897 2586 2961 etc.;et:Amen
2616 2893 2745 2949 dico
2775 2892 2896 2962 tibi,
2929 2910 3037 2950 non
3065 2894 3220 2951 ηερε
3246 2895 3595 2967 inde,donec

1944 2983 2156 3039 reddas
2193 2983 2564 3039 novissimum
2611 2983 3003 3055 quadrantem
3037 2988 3268 3055 (Matth.
3299 3003 3354 3054 v,
3376 2987 3491 3050 26).
3525 2988 3594 3045 Et

1945 3088 2145 3143 quare,
2177 3070 2396 3144 inquis,
2428 3071 2538 3127 hoc
2563 3071 2649 3128 eis
2678 3071 2949 3127 dicetur»
2970 3072 3112 3144 quia
3133 3091 3249 3129 non
3279 3075 3594 3133 audierunt

1945 3160 2166 3216 scilicet
2212 3160 2499 3216 dicentem
2537 3177 2551 3217 :
2579 3162 2984 3217 Paenitentiam
3016 3164 3200 3235 agite,
3228 3168 3286 3219 et
3312 3179 3449 3227 ,non
3478 3166 3594 3222 erit

182 3231 415 3328 pariter
462 3253 594 3320 erit,
622 3268 757 3308 cum
790 3253 942 3307 idem
974 3231 1167 3307 forsan
1192 3231 1420 3307 vdixerit
1474 3250 1629 3322 quod
1680 3249 1833 3318 fecit,
1866 3231 1909 3299 Ο
1944 3250 2099 3307 vobis
2141 3250 2413 3321 iniquitas
2455 3250 2516 3305 in
2564 3249 2796 3305 ruinam
2839 3231 3076 3311 (Ezecch
3118 3268 3276 3320 xvm,
3326 3254 3439 3324 30).
3473 3254 3587 3309 Et:

183 3342 395 3401 fecerit
426 3342 581 3415 quod
640 3341 830 3396 dixit?
859 3341 1157 3413 Condigna
1184 3356 1353 3411 pmna
1391 3336 1612 3404 rebelli,
1645 3342 1709 3392 ut
1738 3337 1839 3409 qui

183 3430 462 3491 videlicet
504 3430 843 3498 Dominum,
874 3434 931 3485 et
976 3429 1129 3501 quod
1178 3429 1249 3484 de
1286 3443 1351 3483 eo
1382 3424 1838 3481 Christianitatis

185 3521 372 3579 traxit
390 3518 737 3577 vocabulum
757 3537 870 3576 non
894 3520 1195 3585 reveritus,
1220 3517 1278 3571 in
1291 3518 1606 3586 conspectu
1628 3514 1837 3585 ipsius,

185 3611 291 3668 tali
346 3610 410 3666 in
455 3607 605 3678 loco,
633 3611 755 3664 tam
798 3607 1065 3680 turpiter,
1117 3608 1462 3678 praesentem
1509 3602 1676 3657 illum
1722 3619 1837 3657 non

188 3700 464 3759 nesciens
495 3715 749 3771 quoque,
776 3696 1115 3753 recordatus
1147 3694 1321 3750 etiam
1360 3690 1568 3765 ipsius,
1601 3708 1717 3746 non
1767 3689 1839 3746 ti-

187 3789 344 3845 muit
374 3785 1201 3858 dehonestare,dehonestatus
1229 3782 1291 3838 in
1321 3785 1632 3853 censpeetu
1658 3779 1841 3835 totius

187 3880 389 3951 pereat
418 3879 717 3932 creaturas.
732 3874 882 3939 Quid
895 3889 1027 3929 vero
1050 3868 1619 3942 miserideperjuriis
1640 3868 1838 3941 saepis-

187 3967 383 4035 simis,
417 3966 561 4039 quid
592 3965 663 4020 de
693 3961 1158 4019 detractionibus
1187 3958 1568 4033 perassiduis,
1603 3957 1743 4030 quid
1766 3957 1838 4013 de

188 4054 516 4113 mendaciis
574 4052 886 4121 continuis,
920 4050 1059 4124 quid
1100 4051 1171 4107 de
1212 4049 1405 4106 verbis
1465 4047 1833 4121 deceptoriis,

188 4146 331 4219 quid
362 4145 435 4201 de
469 4141 928 4214 irrisoriis,quid
955 4142 1026 4197 de
1047 4136 1606 4197 fraudulentissimis
1622 4135 1835 4193 dicturi

189 4232 520 4307 promissis,
546 4233 688 4305 quid
718 4232 791 4287 dc
819 4229 1330 4286 maledictionihus
1361 4226 1752 4297 creberrimis,
1785 4226 1835 4281 si

188 4325 259 4378 de
290 4338 435 4379 rara
456 4322 749 4394 judicium
781 4319 1055 4387 subituri,
1088 4318 1160 4373 de
1187 4320 1354 4389 fatue
1382 4315 1731 4388 gehennam,
1765 4314 1836 4369 de

188 4412 343 4469 485
382 4412 564 4469 otioso
615 4426 821 4466 sumus
866 4406 1151 4463 rationem
1199 4402 1480 4460 reddituri
1530 4406 1838 4459 sermone?

190 4501 424 4576 (Matth.
443 4519 500 4567 ν,
516 4499 631 4562 22.)
657 4496 966 4570 lntelligite
998 4510 1251 4561 mecum,
1268 4491 1367 4564 qui
1391 4507 1618 4546 mecum
1638 4489 1836 4545 oblivi-

1948 3338 2366 3395 Convertimiui
2390 3338 2471 3393 ad
2491 3354 2602 3403 me,
2617 3338 2671 3392 et
2695 3354 2797 3409 ego
2817 3349 3081 3395 revertar
3096 3339 3173 3394 ad
3190 3356 3281 3396 vos
3304 3342 3589 3413 (Zachar.

1948 3444 1988 3494 1,
2021 3425 2100 3485 3).
2135 3426 2433 3480 Postremo
2485 3424 2625 3495 quia
2663 3426 3081 3482 obturaverunt
3124 3444 3327 3502 aurem
3376 3431 3593 3499 cordis,

1949 3514 2090 3568 dum
2120 3512 2433 3585 Apostolus
2446 3512 2725 3567 clamaret
2740 3515 2836 3569 :Si
2848 3515 3221 3589 nosmetipsos
3230 3516 3292 3571 di
3286 3517 3595 3585 judicare-

1946 3618 2097 3668 mus,
2115 3618 2231 3656 non
2274 3601 2471 3671 utique
2506 3601 2914 3670 judicaremur
2942 3607 2991 3665 (Ι
3031 3606 3165 3659 Cor.
3195 3620 3273 3671 x1,
3308 3604 3402 3665 51)
3432 3622 3445 3659 :
3478 3607 3594 3659 Au-

1949 3690 2253 3763 gustinum
2284 3705 2516 3761 quoque
2543 3694 2997 3761 prosequentem
3032 3708 3044 3745 :
3078 3690 3144 3746 Si
3169 3699 3403 3761 peccata
3440 3702 3597 3749 recte

1947 3777 2720 3852 consideraverisjudicasti
2730 3798 2750 3845 ,-
2766 3774 2822 3835 3i
2841 3779 3140 3851 abjeceris,
3162 3781 3425 3841 occidisti
3443 3800 3462 3838 :
3486 3782 3597 3839 hoc

1947 3868 2101 3925 enim
2131 3884 2307 3925 sensu
2339 3873 2406 3924 ut
2432 3872 2490 3925 et
2519 3868 2589 3924 de
2619 3868 2841 3925 caeteris
2872 3869 3131 3943 ﬂagitiis,
3158 3872 3241 3928 ita
3283 3876 3339 3928 et
3382 3872 3453 3929 de
3482 3872 3595 3930 isto

1945 3957 2284 4031 turpiloquo
2313 3958 2758 4031 intelligendum
2784 3976 3053 4016 sermone
3077 3976 3090 4015 :
3119 3965 3185 4017 ut
3212 3961 3479 4019 videlicet
3507 3966 3593 4033 tu,

1947 4048 2045 4122 qui
2076 4047 2240 4104 illum
2268 4047 2585 4121 protulisti,
2607 4047 2784 4104 facias
2814 4048 2917 4104 tibi
2952 4050 3025 4108 de
3048 4067 3116 4106 eo
3146 4050 3242 4107 hic
3273 4050 3597 4124 diemjudi-

1944 4137 2039 4205 cii,
2053 4138 2297 4194 damnes
2311 4137 2367 4192 in
2384 4136 2552 4195 illum
2559 4138 2728 4209 juxta
2740 4138 2830 4194 sui
2845 4155 3051 4196 censor
3061 4140 3437 4212 aequissimus
3450 4157 3592 4213 qua-

1944 4227 2547 4297 litatem,damnatum
2574 4225 2808 4299 punias,
2831 4229 3104 4300 punitum
3126 4228 3380 4297 occidas,
3403 4229 3460 4284 id
3483 4233 3593 4297 est;

1944 4316 2272 4387 abjiciendo
2295 4314 2461 4370 illum
2494 4315 2752 4387 amplius
2774 4315 2831 4369 in
2863 4320 3142 4370 aeternum
3170 4332 3286 4370 non
3308 4314 3593 4385 proferas,

1944 4402 2181 4459 itaillud
2194 4403 2347 4475 turpi
2355 4420 2581 4475 gerum,
2599 4401 3018 4474 turpiloquium
3033 4402 3498 4473 utturpigerum,
3515 4400 3597 4456 ita

1943 4493 2307 4562 turpigerum
2331 4489 2416 4544 uti
2433 4488 2858 4561 turpiloquium
2882 4495 3108 4557 taxans,
3128 4506 3161 4544 a
3184 4487 3595 4544 consimilibus

190 4574 425 4647 scimini
456 4590 664 4654 Deum,
684 4604 756 4644 ne
786 4585 1021 4660 quando
1053 4582 1352 4654 rapiamur
1382 4580 1598 4645 subito,
1632 4582 1689 4634 et
1718 4577 1833 4633 eri-
1865 4602 1913 4667 Β
1944 4593 2187 4667 quoque
2221 4577 2449 4667 Christo
2499 4578 2813 4667 adiuvante
2862 4577 3156 4667 abstinere
3184 4574 3408 4632 viribus
3451 4574 3594 4632 totis

189 4679 425 4752 piamur
455 4695 489 4734 a
518 4676 680 4733 nullo
710 4677 885 4739 (Psal.
912 4690 1062 4741 xux,
1093 4671 1204 4743 22).

257 4771 313 4825 6.
344 4767 635 4839 Intelligo,
687 4766 794 4834 ais,
846 4763 970 4831 Dei,
1018 4778 1124 4834 pro
1166 4760 1364 4816 nefas!
1396 4756 1609 4829 saepius
1657 4772 1836 4829 quam

191 4874 431 4915 necesse
477 4857 672 4923 fuerit,
717 4853 958 4919 oblitus,
1001 4864 1325 4921 verensque
1378 4848 1599 4919 utique,
1652 4845 1837 4918 [locus

188 4947 511 5017 mendosus]
541 4943 741 5001 innuis
773 4945 1068 5007 facere,ne
1094 4938 1341 5012 rapiaris
1371 4936 1584 5002 subito,
1604 4940 1837 5009 ereptus

194 5053 227 5090 a
255 5036 435 5092 nullo.
470 5035 581 5091 Sed
610 5032 1008 5106 Apostolicum
1040 5027 1183 5083 illud
1216 5028 1288 5082 de
1318 5030 1638 5099 spontaneo
1670 5024 1838 5081 nobis

194 5124 413 5181 inflicto
444 5142 478 5180 a
506 5123 674 5178 nobis
706 5120 852 5195 ipsis
874 5117 1102 5192 judicio
1133 5117 1272 5171 dum
1304 5132 1438 5170 cum
1472 5113 1574 5168 illo
1605 5114 1837 5171 confero

194 5216 399 5285 (1014),
431 5213 586 5285 quod
619 5210 953 5284 nuperrime
985 5224 1077 5264 me
1107 5204 1340 5262 audisse
1398 5204 1686 5271 recordor,
1720 5221 1837 5259 non

194 5316 398 5373 parum
432 5319 526 5359 me
559 5300 807 5358 animari
840 5297 1133 5371 proﬁteor.
1159 5295 1395 5349 Lectum
1425 5292 1583 5348 enim
1616 5292 1839 5349 exstitit

262 5482 445 5553 (1013)
481 5481 627 5538 Vide
641 5480 955 5553 Quatitatis
983 5479 1373 5548 conjecturam
1405 5490 1568 5529 num.
1593 5476 1647 5540 7,
1669 5476 1728 5528 et
1761 5472 1838 5530 De

194 5552 433 5623 proprio
464 5555 632 5623 lapsu
652 5568 815 5608 num.
850 5552 903 5605 4.

266 5615 446 5696 (i013)
469 5615 752 5681 construe
778 5622 920 5679 :Sed
946 5621 1081 5677 dum
1111 5620 1348 5696 confero
1383 5615 1553 5696 illud
1583 5624 1840 5696 aposto-

196 5687 365 5753 ticum
378 5687 453 5754 de
462 5698 698 5770 judicio
707 5703 1024 5768 spontaneo
1038 5691 1200 5750 nobis
1212 5690 1429 5769 inﬂicto
1448 5705 1485 5746 a
1498 5688 1657 5747 nobis
1676 5687 1833 5761 ipsis,

1944 4666 2286 4721 contendas.
2322 4664 2567 4720 Videtur
2595 4664 2755 4731 enim~
2798 4662 2943 4718 mihi
2991 4664 3102 4719 hoc
3142 4664 3223 4719 ita
3264 4668 3591 4734 constante,

1946 4755 2099 4828 quod
2133 4753 2183 4811 si
2213 4754 2516 4826 turpitudo
2534 4770 2712 4826 quam
2736 4753 2943 4821 fecisti,
2959 4751 3133 4809 fuerit
3146 4753 3397 4826 perfecte
3417 4753 3597 4827 pinni-

1945 4844 2119 4900 tcndo
2136 4848 2505 4916 consumpta,
2518 4842 2668 4915 ipsa,
2685 4859 2861 4915 quam
2876 4840 3037 4898 illius
3050 4842 3352 4899 occasione
3370 4842 3592 4911 dixisti,

1946 4934 2055 4990 erit
2085 4933 2301 5006 pariter
2329 4938 2587 4999 euocata,
2623 4932 2932 5003 adjuvante
2970 4931 3128 4987 illius
3168 4931 3587 4999 misericordia,

1947 5022 2046 5095 qui
2077 5022 2137 5077 in
2169 5023 2326 5078 hunc
2358 5023 2645 5077 mundum
2678 5022 2749 5077 ad
2773 5026 2973 5077 nostra
2997 5021 3154 5077 venit
3176 5021 3488 5077 relaxanda
3509 5021 3593 5078 fa-

1946 5110 2277 5183 einora,qui
2310 5127 2444 5167 cum
2470 5111 2633 5165 Patre
2667 5115 2722 5165 et
2750 5110 2971 5183 Spiritu
3002 5110 3214 5166 Sancto
3249 5109 3386 5165 vivit
3415 5115 3472 5167 et
3505 5126 3590 5167 re-

1945 5205 2087 5274 gnat
2114 5202 2173 5256 in
2205 5199 2419 5256 saecula
2450 5198 2818 5255 saeculorum.
2852 5200 3055 5255 Amen.

1945 5472 2082 5527 dum
2110 5469 2777 5544 confero,inquam,cum
2794 5471 2896 5527 illo
2923 5469 3073 5544 quod
3099 5473 3592 5530 recordm'menu-

1944 5545 2204 5614 perrime
2232 5542 2463 5597 audisse
2480 5544 2787 5613 ;pro/iteor
2806 5559 2901 5599 me
2928 5542 3040 5600 non
3070 5560 3282 5614 parum
3313 5545 3591 5601 animari.

2018 5613 2205 5687 (1015)
2218 5614 2518 5689 _Gonstrue
2545 5630 2558 5668 :
2580 5613 3199 5689 Dicendam‘quomodo
3222 5616 3346 5689 ipsa
3371 5631 3485 5671 una
3505 5616 3592 5673 di-

1979 5683 2076 5744 ina
2105 5683 2411 5755 sententia,
2429 5700 2602 5760 quam
2618 5683 2944 5758 protulisti,
2964 5688 3126 5745 nobis
3152 5683 3421 5759 sufﬁciat.
