4030 6186
179 276 286 339 585

1603 274 2124 336 lTlNERAllIUM
2136 319 2150 334 .

179 408 642 479 ducisereptum,
675 406 1007 477 reductum,
1042 424 1075 461 a
1105 405 1268 461 vobis
1301 422 1433 462 vero
1474 410 1592 461 tam
1624 405 1891 495 inhu-‘A
1912 404 2126 461 terium
2187 407 2646 479 perpetraverit;
2711 405 2844 478 quis
2869 422 2937 463 ex
2988 405 3155 462 vobis
3198 404 3567 478 indepositus

179 514 331 555 mane
356 500 676 568 receptum,
708 498 773 551 ut
802 512 919 551 non
949 495 1184 551 difficile
1236 494 1410 550 fuerit
1437 494 1494 549 in
1543 494 1803 551 vultibus

176 585 365 643 vestris
391 584 708 655 conjectari
738 600 915 657 quam
959 601 1074 640 non
1123 583 1374 639 libenter
1411 601 1505 640 me
1541 583 1802 639 videritis

176 675 381 743 reverti,
407 689 544 730 cum
576 678 634 729 et
662 673 869 729 exinde
892 677 978 729 tot
1003 690 1096 729 me
1123 690 1235 729 non
1254 673 1537 729 desinatis
1565 670 1800 743 injuriis

173 763 457 828 lacessere,
486 766 551 816 ut
579 761 740 817 omni
770 778 864 817 me
897 760 1277 833 prmmgativa
1322 760 1547 816 ordinis
1576 760 1800 831 episco-

174 851 302 925 palis
330 851 472 907 adeo
501 850 671 906 sicuti
700 854 835 906 ante
860 850 1067 922 (1034),
1098 849 1180 905 ita
1208 854 1264 905 et
1289 852 1439 921 post,
1472 865 1587 905 non
1602 848 1798 904 dimit-

171 942 290 1003 tatis
316 940 564 1013 privare,
598 944 665 995 ut
692 939 839 994 nihil
873 956 937 995 ev
970 955 1039 994 ea
1058 938 1203 993 mihi
1234 938 1581 1010 relinquatis
1595 941 1803 1010 praeter

174 1027 491 1087 chrismatis
523 1028 968 1096 confectionem,
999 1031 1058 1083 et
1098 1026 1461 1083 cbrismandi
1514 1026 1802 1100 quidlibet

174 1135 291 1174 cum
317 1116 860 1189 subscriptionibus
893 1120 1263 1189 potestatem.
1298 1117 1453 1172 Adeo
1485 1116 1800 1188 quoqucde

173 1207 313 1263 vobis
338 1206 456 1262 sim
490 1205 841 1275 inhonorus,
872 1209 940 1261 ut
995 1221 1128 1260 cum
1162 1205 1311 1277 (135)
1360 1220 1566 1261 omnes
1609 1204 1800 1276 coepi-

173 1296 308 1368 scopi
336 1294 477 1351 illuc
505 1294 759 1363 venturi,
791 1295 864 1351 de
894 1293 1122 1350 clericis
1153 1294 1279 1350 suis
1309 1310 1512 1367 parere
1530 1293 1676 1349 inibi
1694 1294 1798 1349 ha-

173 1384 320 1440 beant
345 1383 650 1451 honorati;
687 1399 794 1456 ego
824 1383 1074 1439 devobis
1093 1400 1197 1439 nec
1212 1400 1401 1439 unum
1430 1383 1543 1439 sim
1564 1383 1797 1438 habitu-

172 1490 273 1541 rus;
302 1490 436 1529 cum
470 1473 544 1528 de
566 1489 703 1528 mea
732 1471 1143 1544 paupertatula
1168 1489 1284 1528 non
1317 1473 1431 1529 sim
1461 1472 1627 1527 vobis
1656 1472 1799 1527 adeo

178 1561 539 1629 inhumanus,
573 1565 640 1616 ut
670 1560 911 1616 militari
932 1562 1246 1621 beneficio(
1250 1561 1427 1631 1036),
1458 1561 1801 1627 habeam,ct

172 1649 260 1706 hoc
284 1648 491 1723 gratis,
524 1650 724 1706 decem
756 1666 825 1705 ex
854 1649 1018 1705 vobis
1049 1650 1286 1706 ditatos.

224 1744 267 1794 5.
296 1737 589 1843 Omittam.
612 1743 829 1843 tamep',
847 1742 931 1843 'ut
961 1737 1112 1839 dixi,
1134 1737 1293 1794 illius
1321 1738 1683 1843 omniauista
1705 1754 1796 1794 re-
1829 1778 1878 1843 B

168 1833 359 1900 specta,
395 1828 501 1899 qui
532 1826 709 1884 dixit:
760 1827 942 1883 Nolite
998 1829 1257 1883 resistere
1301 1829 1448 1884 malo
1500 1828 1713 1899 (Matth.
1740 1845 1795 1897 v,

168 1915 257 1985 39).
287 1914 365 1971 De
400 1913 626 1986 synodo
657 1930 691 1969 a
720 1913 890 1970 nobis
920 1914 1064 1985 quid
1122 1915 1415 1987 agendum
1463 1916 1798 1987 nuperrime

167 2008 272 2061 acta
294 2002 520 2073 (1037)?
549 2003 780 2071 (Nicen.
814 2002 946 2075 0.15.
965 2019 1086 2060 can.
1110 2008 1281 2075 apost.
1300 2004 1797 2071 38.)Scitisenim,

166 2092 322 2160 scitis,
350 2107 455 2148 me
487 2107 720 2164 semper
747 2090 859 2148 hoc
875 2107 1046 2164 agere
1073 2092 1200 2147 ideo
1217 2092 1540 2163 distulisse,
1559 2093 1799 2149 cumbis

167 2180 214 2235 iu
239 2197 391 2237 anno
422 2180 584 2236 idem
614 2183 970 2252 preceptum
1003 2181 1079 2235 sit
1109 2181 1317 2250 facere,
1352 2183 1506 2254 quod
1545 2184 1798 2238 dicerem

164 2286 258 2335 me,
287 2269 450 2325 unde
481 2269 767 2341 synodare
789 2269 1083 2335 deberem,
1108 2270 1348 2326 omnino
1385 2271 1800 2328 nescire.Solet

162 2358 295 2413 enim
325 2358 396 2414 iu
428 2357 692 2430 synodis,
725 2356 775 2415 si
799 2357 943 2430 quid
970 2363 1174 2415 contra
1203 2364 1662 2416 canonesactum
1686 2364 1796 2429 est,

161 2446 471 2503 emendari.
505 2446 613 2501 Sed
649 2446 697 2501 si
730 2444 840 2501 hoc
871 2461 1042 2517 agere
1094 2447 1491 2516 tentavissem,
1525 2448 1800 2503 omnibus

163 2550 270 2604 quis
295 2536 349 2591 in
394 2534 719 2593 cauonibus
751 2538 892 2593 sunt
921 2534 1142 2607 scripta
1185 2537 1491 2608 regyratis,
1537 2537 1608 2592 de
1637 2536 1799 2593 nullo

163 2632 341 2680 eorum
374 2641 490 2680 vos
518 2638 723 2679 curare
753 2623 1011 2680 viderem
1045 2624 1406 2681 omnimodo.
1438 2626 1479 2681 E
1512 2626 1729 2698 quibus
1750 2626 1799 2683 si

161 2712 234 2768 vel
254 2712 453 2786 aliqua
464 2712 777 2785 proferam,
794 2712 841 2768 si
858 2711 1147 2787 legeretur
1158 2713 1312 2787 quod
1328 2714 1598 2787 superius
1612 2715 1798 2789 tetigi,

163 2800 254 2858 hoc
281 2807 367 2859 est
408 2802 624 2874 (concit.
659 2801 779 2857 Nic.
828 2818 878 2859 c.
927 2802 1006 2869 3),
1057 2802 1535 2860 Subintroduetam
1583 2804 1799 2874 habere,

167 2907 455 2962 personam,
491 2892 609 2947 nisi
646 2906 907 2958 sororem,
960 2895 1117 2949 444
1145 2897 1204 2948 et
1234 2897 1457 2961 caetera,
1510 2910 1640 2966 qua:
1665 2899 1805 2950 sunt

170 2979 293 3034 inibi
323 2983 563 3048 notata;
598 2995 773 3051 quem
802 2985 1062 3035 vestrum
1088 2981 1159 3036 ab
1184 2981 1639 3056 hujusneglecto
1665 3000 1805 3055 prae-

171 3069 298 3141 cepti
327 3069 663 3142 potuissem
696 3069 987 3142 excipere?
1000 3069 1256 3126 Rursum
1288 3071 1335 3127 si
1369 3069 1801 3145 lectumimple-

169 3160 310 3212 retur
328 3160 488 3221 (conc
539 3157 699 3213 Neoc.
754 3175 805 3212 c.
842 3157 914 3231 1).
963 3157 1024 3213 Si
1064 3160 1187 3232 quis
1234 3161 1521 3234 presbyter
1575 3177 1803 3217 uxorem
1833 3147 1876 3214 C

168 3246 386 3317 duxerit,
420 3247 754 3318 deponatur;
780 3247 968 3320 magis
998 3251 1194 3305 autem
1223 3248 1359 3321 pelli
1391 3249 1564 3306 debet
1583 3251 1630 3306 si
1647 3249 1807 3306 adul-

167 3393 380 3460 ereptus
412 3392 479 3445 et
505 3388 782 3445 reductus
802 3388 1075 3460 traditur,
1095 3389 1463 3447 fuitJuditba
1487 3391 1718 3448 Henrici
1736 3391 1805 3460 ΙΙ,

170 3460 317 3531 ducis
346 3460 659 3531 Bajoarie,
691 3464 749 3515 et
779 3460 1131 3517 Marchionis
1162 3462 1398 3518 Verona:
1428 3468 1635 3519 mater.
1670 3463 1810 3519 Vide

174 3530 451 3605 (lectitatis
472 3532 844 3605 conjecturam
867 3537 984 3605 not.
1012 3533 1177 3605 1054ἶ
1197 3533 1328 3588 Mox
1356 3535 1652 3605 conjectari
1666 3535 1808 3590 scri-

139 3676 143 3680 .
172 3602 383 3680 psimus
414 3603 769 3680 auctoritate
800 3602 1023 3660 laudati
1055 3603 1292 3673 codicis,
1328 3605 1428 3660 ubi
1452 3602 1519 3661 in
1562 3605 1812 3679 vulgatis

171 3678 281 3748 erat
294 3675 705 3748 iconjegcturari.

229 3745 412 3818 (1034)
446 3746 603 3818 Sicut
630 3753 780 3812 ante,
812 3745 869 3818 id
904 3748 995 3802 est
1022 3749 1285 3818 tempore
1316 3746 1812 3814 Miloniscomitis,

171 3814 548 3889 de’gquo'vide
578 3822 726 3889 part.
760 3833 778 3870 ι
809 3817 882 3889 De
911 3814 1223 3889 contemptu
1253 3834 1526 3874 canonum
1562 3836 1726 3874 num.
1762 3825 1815 3886 1,

173 3886 259 3941 ubi
276 3886 405 3962 jam
441 3886 597 3943 inde'
613 3889 684 3943 ab
712 3888 979 3962 ejusdem
1012 3886 1246 3962 comitis
1276 3894 1536 3962 tempore
1569 3894 1702 3962 ante
1723 3908 1819 3946 se-

170 3959 411 4030 cundam
446 3975 624 4030 suam
656 3958 1058 4030 expulsionem
1090 3959 1237 4017 nihil
1269 3958 1448 4016 sibi‘a
1476 3961 1701 4017 clericis
1733 3978 1821 4016 re-

168 4027 409 4087 bellibus
435 4027 1154 4104 relictum—traditprxter
1180 4032 1493 4104 chrismqtis
1529 4035 1823 4104 confectio-

170 4115 285 4184 ξιαη
311 4110 365 4184 et
769 4101 1034 4183 quidlibet
1031 4106 1378 4184 potestatem.
1406 4103 1567 4184 Hanc
1586 4101 1821 4184 formu-

170 4168 295 4245 lamg
314 4172 549 4230 ibidem
580 4168 1000 4245 explicavimus
1030 4168 1088 4228 in
1136 4178 1258 4229 not.
1288 4175 1450 4240 Quod
1501 4180 1697 4232 autem
1730 4174 1828 4231 hic

172 4243 405 4318 additur
441 4260 574 4301 cum
616 4243 1128 4318 subscriptionibus,
1163 4262 1308 4318 num
1358 4245 1581 4301 indicat
1629 4246 1827 4318 aliqua

169 4312 529 4388 documenta
558 4312 840 4388 ex_gr.in'
867 4315 1428 4388 consecrationibus,
1452 4312 1830 4373 ordinationi-

170 4382 299 4451 bus,
329 4386 588 4461 aliisque
602 4382 941 4461 chrismatis
957 4387 1166 4445 usibus
1183 4388 1417 4454 tradita,
1441 4388 1656 4460 quibus
1673 4389 1826 4461 epis-

169 4469 347 4517 copus
375 4456 825 4517 subscriberet?

277 4474 347 4513 us
375 4474 824 4517 subscriberet?

232 4474 423 4612 F1035)
456 4527 818 4612 Adjecimus.
854 4544 980 4585 cum
1010 4545 1079 4611 ea
1108 4545 1263 4612 saepe
1310 4527 1549 4612 laudatp
1601 4530 1829 4612 codice;

170 4598 570 4681 ejusdemque
593 4599 858 4681 subsidio
889 4616 1025 4681 mox
1055 4598 1209 4655 inibi
1228 4601 1698 4672 cmendavimus,
1728 4602 1829 4656 ubi

173 4673 287 4723 erat
317 4671 490 4735 mihi,
522 4674 579 4726 et
606 4673 712 4742 fim
736 4671 836 4727 ubi
867 4676 992 4727 erat
1019 4688 1160 4727 sum.

233 4742 427 4810 (1036)
446 4742 799 4814 (Beneﬁcium
828 4743 1075 4798 militare
1103 4743 1406 4798 dicebatur
1436 4743 1653 4799 fundus
1687 4761 1831 4799 usu-

173 4808 498 4888 fructuario
518 4808 654 4888 jure
676 4830 1011 4881 concessus,
1034 4830 1210 4886 quem
1231 4814 1331 4885 qui
1364 4815 1702 4888 recipiebat,
1721 4816 1832 4888 mi-

173 4877 359 4966 litare,
390 4877 939 4966 augmiliteshcum
961 4877 1302 4966 opus'esse't,‘
1336 4877 1714 4966 suppeditare
1742 4887 1839 4966 de-

176 4950 367 5010 bebat.
390 4955 709 5030 Batherius
724 4950 945 5030 aliquot
961 4950 1179 5030 fundis,
1206 4950 1305 5026 qui
1325 4950 1839 5030 episcopalisjuris

176 5030 357 5088 erant,
395 5027 458 5081 in
494 5026 843 5084 militarium
876 5027 1296 5084 beneﬁciorum
1350 5026 1602 5083 formam
1635 5026 1837 5084 decem

177 5095 378 5182 cathed
390 5097 532 5182 {alis
554 5098 806 5182 ecclesias
832 5098 1101 5182 clericos,
1130 5098 1636 5182 qupsalloq‘uitur,
1659 5101 1841 5182 dona-

176 5171 353 5243 yerat.
392 5169 615 5243 Exsua
640 5175 839 5243 autem
866 5169 1488 5243 paupertatulainquit;
1513 5172 1652 5242 quia
1672 5171 1844 5243 plura

176 5233 534 5314 Veronensis
560 5233 939 5314 episcopatus
965 5233 1263 5314 bonajam
1284 5233 1569 5298 distracta
1591 5247 1648 5298 et
1675 5233 1840 5298 occu-

181 5314 313 5385 pata
342 5310 614 5385 fuerant,
636 5317 701 5369 ut
728 5310 787 5368 in
821 5314 1118 5383 Q-uatitatis
1139 5310 1844 5385 conjecturaconquestus

184 5382 268 5460 ost
298 5397 477 5460 nutri.
532 5384 617 5439 13.
667 5385 843 5440 Addit
870 5388 923 5440 et
973 5385 1071 5460 [ioc
1118 5382 1324 5452 gratis;
1379 5384 1517 5457 quia
1563 5382 1849 5440 beneficia

184 5453 480 5579 ἓιὲετέοόὲ
509 5471 934 5529 nonnunquam
956 5454 1153 5528 aliquo
1179 5453 1428 5511 munere
1458 5460 1688 5529 recepto
1710 5472 1846 5512 con-

287 5539 321 5578 e
367 5540 445 5579 an
478 5542 563 5579 ur.

287 5539 563 5580 ροτιηιυιι.

251 5595 450 5673 (1.037)
480 5596 792 5656 Gonstrue:
818 5597 971 5673 Quid
998 5596 1275 5673 agendum
1315 5599 1535 5673 apobis
1556 5598 1621 5673 de
1646 5596 1853 5673 synodo

188 5666 516 5742 nuperrime
540 5677 662 5728 acta
680 5673 705 5729 Ρ
720 5673 786 5727 In
805 5666 1271 5747 Q'uadragesima
1286 5666 1511 5730 scilicet
1520 5668 1622 5747 hui
1630 5666 1700 5730 us
1712 5667 1852 5730 anni

512 5793 777 5865 Persen.
822 5795 1130 5865 CXXXVI.

1912 493 2056 549 isset
2086 495 2208 566 [at.,
2243 495 2448 566 esset]?
2480 496 2734 551 Rursum
2751 496 2800 550 si
2816 495 3562 567 recitaretuz-Prarcipimus,

1911 588 1970 639 ut
2004 584 2210 655 bigami
2238 601 2346 640 non
2379 584 2754 641 admittuntur
2781 585 2853 640 ad
2881 586 3092 641 clerum
3119 585 3331 650 (Irmoc.
3366 584 3387 639 Ι
3416 599 3499 655 ep.
3532 583 3566 639 4

1910 688 1958 727 c.
1990 675 2044 739 2;
2079 673 2281 729 (Ξεωε.
2316 674 2337 729 Ι
2369 690 2454 746 ep.
2488 675 2543 729 9.
2576 675 2676 730 sub
2691 674 2883 746 med.);
2915 689 3090 746 quem
3108 689 3177 729 ex
3204 671 3369 729 vobis
3384 672 3561 729 conti-

1910 761 2107 817 derem
2137 761 2401 835 legaliter
2430 762 2502 818 ad
2530 762 2922 819 sacerdotium
2953 762 3135 819 fuisse
3171 764 3509 835 provectum
3536 759 3564 816 ?

1911 848 1998 918 Et,
2031 853 2095 905 ut
2122 850 2193 906 ad
2228 850 2774 924 minora,vobisque
2792 850 3329 924 pernullaveniam,
3348 849 3401 907 si
3414 848 3566 923 lege-

1910 942 2070 993 retur
2081 943 2508 1012 contemptores
2521 957 2811 997 canonum
2835 940 3026 997 acrius
3044 939 3377 1013 arguendos
3388 938 3556 1012 (conc.

1910 1028 2126 1098 Hispal.
2161 1045 2289 1095 u,c.
2322 1030 3153 1102 l1);deconjurationibus[at.,
3177 1028 3558 1101 conspiratio-

1909 1116 2109 1191 nibus]
2150 1118 2351 1181 etiam,
2383 1122 2441 1174 et
2489 1118 3016 1192 conspiratorihus,
3067 1119 3139 1174 de
3181 1117 3465 1190 perjuris,
3486 1118 3559 1174 de

1909 1204 2177 1272 ebriosis,
2211 1210 2268 1263 et
2296 1207 2397 1279 qui
2425 1206 2485 1263 in
2520 1207 2780 1264 tabernis
2801 1207 3031 1275 bibunt,
3060 1206 3229 1278 etqui
3258 1205 3561 1263 usurisin-

1910 1294 2190 1362 scrviunt,
2220 1294 2271 1350 si
2301 1294 2566 1369 legaliter
2596 1296 2965 1368 synodarem;
2999 1312 3173 1367 quem
3195 1309 3265 1351 ex
3290 1293 3558 1350 vobisin-

1909 1382 2253 1438 demnatum
2269 1383 2691 1456 relinquerem?
2713 1384 2773 1440 Si
2786 1384 3041 1457 perjuris
3052 1382 3259 1443 saltem
3272 1382 3558 1456 poeniten-

1908 1470 2051 1525 tiam
2080 1469 2307 1543 legibus
2336 1471 2618 1527 indictam
2651 1471 2776 1544 ipse
2797 1473 3075 1543 dicerem,
3104 1488 3282 1545 quem
3303 1472 3375 1528 de
3394 1471 3560 1529 vobis

1910 1558 2154 1614 missam
2185 1559 2475 1616 celebrare
2489 1559 2880 1633 permitterem
2894 1561 2921 1616 ?
2936 1560 2996 1616 Si
3015 1560 3379 1616 multinubos
3400 1577 3435 1616 a
3449 1558 3560 1616 ole-

1909 1647 2093 1703 ricatu
2124 1646 2485 1720 repellerem,
2521 1665 2693 1721 quem
2727 1648 2841 1705 nisi
2888 1646 3164 1722 puerulos
3209 1648 3269 1704 in
3300 1646 3561 1705 Ecclesia

1909 1735 2332 1808 relinquerem?
2355 1737 2409 1792 Si
2444 1754 2743 1794 manzeres
2775 1738 2959 1810 (1038)
3008 1737 3325 1809 abjicerem
3356 1753 3554 1809 quem,

1907 1842 1975 1881 ex
2006 1824 2228 1882 eisdem
2261 1824 2524 1897 puerulis
2545 1830 2700 1883 stare
2727 1826 2786 1882 in
2808 1826 2982 1883 choro
3009 1826 3439 1899 permitterem?
3451 1827 3559 1883 Ea:-

1906 1916 2166 1986 spectavi,
2195 1913 2408 1987 inquit,
2442 1920 2500 1970 ut
2523 1917 2729 1987 faceres
2750 1915 3048 1987 judicium,
3065 1923 3117 1972 et
3130 1930 3249 1975 ecce
3263 1915 3554 1987 iniquitas,

1907 2007 1960 2058 et
1978 2004 2278 2074 justitiam,
2303 2012 2353 2059 et
2383 2019 2501 2060 ecce
2527 2005 2735 2060 clamor
2764 2006 2912 2074 (Isai.
2944 2021 3000 2072 x,
3031 2006 3111 2067 7).
3133 2004 3275 2069 Quis
3294 2003 3558 2061 clamor?

1908 2092 2172 2149 Pessima
2203 2093 2379 2159 fama,
2415 2093 2637 2148 malum
2687 2093 3041 2166 exemplum.
3076 2092 3315 2163 Clamor,
3345 2092 3559 2167 inquit,

1909 2181 2261 2237 Sodomorum
2289 2184 2436 2238 venit
2463 2181 2532 2238 ad
2573 2198 2661 2238 me
2710 2182 2864 2255 (Gen.
2922 2199 3083 2251 xvni,
3140 2184 3253 2253 28).
3302 2183 3559 2253 Breviter

1909 2271 2031 2343 [ms.
2057 2271 2713 2342 Frising.,',Perbreviier]
2726 2271 2991 2327 dixerim:
3007 2288 3186 2328 causa
3210 2271 3558 2344 perditionis

1907 2358 2088 2415 totius
2119 2359 2265 2414 mihi
2295 2358 2496 2431 populi
2528 2360 2853 2431 commissi,
2903 2364 3341 2429 commaneutes
3371 2360 3556 2432 (1039)

1907 2446 1993 2502 illi
2027 2451 2166 2502 sunt
2197 2447 2408 2503 clerici.
2441 2448 2623 2511 Quem
2650 2448 2806 2503 enim
2837 2446 3121 2503 laicorum
3168 2448 3240 2503 de
3270 2446 3557 2503 adulterio

1910 2536 2218 2593 convenire
2248 2553 2429 2592 ausus
2460 2536 2706 2592 fuissem
2734 2537 2795 2592 in
2810 2536 3031 2609 synodo
3060 2534 3265 2607 (1040),
3297 2551 3471 2609 quem
3485 2536 3559 2606 de

1910 2625 2030 2699 perj
2041 2643 2071 2679 u
2081 2624 2185 2693 rio,
2201 2641 2375 2697 quem
2388 2624 2459 2680 de
2477 2624 2683 2697 quovis
2700 2624 2942 2698 ﬂagitio,
2958 2623 3304 2683 clericorum
3315 2625 3560 2682 frustra-

1907 2716 2006 2773 tus
2030 2712 2285 2785 judicio?
2315 2711 2454 2780 Quis
2483 2712 2640 2768 enim
2665 2712 2761 2769 ille
2791 2716 2963 2783 esset,
3011 2712 3103 2770 cui
3137 2730 3252 2770 non
3284 2710 3561 2791 continuo

1909 2803 2026 2872 ille,
2059 2802 2169 2859 etsi
2199 2801 2371 2858 labiis
2400 2819 2514 2858 non
2566 2803 2824 2870 auderet,
2877 2802 3050 2860 corde
3086 2802 3302 2860 diceret
3329 2805 3348 2858 ε’
3386 2804 3563 2875 Hypo-

1910 2896 2074 2959 crita,
2105 2892 2161 2948 id
2196 2896 2285 2949 est
2314 2890 2768 2963 pseudoclerice,
2800 2891 2937 2963 ejice
2964 2893 3220 2964 primum
3264 2891 3474 2949 trabem
3496 2892 3564 2948 de

1912 2982 2064 3040 oculo
2116 2986 2207 3037 tuo
2248 2988 2301 3037 et
2327 2988 2453 3037 tunc
2496 2982 2816 3053 prospicies,
2875 2988 2936 3036 ut
2963 2980 3160 3038 educas
3203 2982 3470 3053 festucam
3497 2980 3562 3038 de

1917 3072 2069 3129 oculo
2096 3086 2216 3126 meo
2247 3069 2455 3142 (Matth.
2484 3086 2582 3135 vu,
2617 3071 2692 3139 5).

1982 3162 2036 3215 6.
2070 3159 2149 3214 De
2178 3157 2397 3215 talibus
2425 3157 2606 3231 igitur
2634 3173 2770 3214 cum
2793 3155 2977 3223 (101:1)
3010 3157 3176 3215 nulla
3222 3174 3401 3231 penes
3453 3176 3559 3217 nos

1913 3248 2066 3305 445
2099 3247 2338 3304 omnino
2384 3246 2464 3303 sit
2492 3247 2765 3319 quaestio;
2788 3247 2946 3304 unde
2968 3247 3227 3320 synodus
3259 3247 3352 3323 agi
3384 3248 3557 3306 debe-

1915 3394 2022 3449 966
2050 3391 2338 3463 synodum
2368 3387 2594 3463 habuit,
2626 3406 2694 3463 ex
2726 3406 2842 3461 qua
2857 3388 3188 3463 Synodicam
3207 3390 3422 3463 edidit.

1988 3460 2171 3532 (1038)
2200 3460 2511 3517 Ratherius
2542 3461 2600 3514 in
2634 3460 2977 3531 Con/essione
3004 3477 3182 3532 num.)
3201 3462 3239 3517 5
3264 3461 3563 3532 engeute-

1923 3530 2187 3591 ronomio
2218 3549 2268 3587 c.
2311 3548 2472 3600 xxui,
2501 3548 2553 3585 v.
2585 3534 2639 3597 2,
2685 3532 2974 3595 Numeres,
3021 3530 3236 3602 inquit,
3285 3531 3343 3588 id
3388 3540 3466 3588 est
3493 3548 3564 3588 ea:

1921 3612 2092 3663 scorto
2119 3607 2301 3675 natus,
2331 3619 2434 3658 seu
2466 3602 2725 3675 spurius.

1996 3676 2183 3747 (1039)
2209 3670 2635 3747 Cpmmaneiites,
2669 3672 2757 3728 illi
2788 3670 3012 3728 scilicet
3051 3670 3268 3742 clerici,
3302 3674 3404 3747 qui
3451 3691 3574 3732 una

1925 3743 2059 3804 cum
2093 3743 2309 3819 populo
2340 3760 2442 3819 seu
2473 3743 2641 3819 laicis
2672 3747 2930 3819 manent.

1997 3815 2511 3898 (10_10)'_Syuodurn
2544 3815 2652 3871 hoc
2680 3815 2824 3898 loco
2851 3830 3055 3871 vocare
3106 3815 3340 3898 videtur
3385 3815 3572 3898 illam,

1928 3885 2060 3967 gu'ee
2087 3885 2604 3967 in_visitationiblis
2624 3885 3002 3967 ecclesiarum
3020 3887 3362 3967 cogebatur,
3388 3888 3489 3967 ubi
3504 3889 3576 3967 de

1928 3957 2097 4017 laicis
2150 3958 2451 4031 inquisitio
2498 3958 2693 4014 ﬁebat.
2742 3957 2889 4031 Vide
2936 3963 3060 4014 not.
3096 3957 3170 4031 _in
3217 3960 3388 4031 epist.
3437 3960 3474 4017 5
3503 3958 3591 4017 ad,

1929 4034 2217 4089 Joannem
2233 4028 2362 4097 XII,
2395 4030 2456 4102 in
2488 4046 2605 4101 qua
2631 4028 2829 4102 synodi
2842 4044 3067 4102 nomen
3096 4029 3206 4085 hoc
3236 4028 3413 4088 sensu
3436 4031 3582 4102 acci-

1975 4105 2111 4182 itur.
2142 4103 2340 4182 Neque
2370 4099 2526 4182 enim
2558 4102 2629 4156 de
2663 4099 2905 4182 synodo
2934 4099 3290 4182 'dimcesana,

1975 4123 2111 4159 11111‘.
2145 4123 2340 4174 neque
2370 4123 2526 4157 3111111
2558 4123 2629 4156 (16
2675 4123 2899 4182 εγϊιυαυ
2942 4123 3290 4182 υιωῧβδᾶηᾶ,
3385 4123 3576 4158 118.1811].

1934 4123 2250 4232 ﬁatherius
2280 4173 2340 4227 in
2372 4172 2551 4243 hujus
2582 4189 2719 4227 anni
2745 4171 3207 4243 Quadragesima
3244 4123 3587 4243 celtiravit,

1935 4252 1992 4324 et
2021 4247 2090 4324 de
2123 4262 2239 4317 qua
2268 4241 2467 4324 agitur
2492 4259 2736 4298 numero
2762 4241 3063 4324 sequenti,
3082 4242 3141 4324 id
3166 4241 3443 4324 .intelligi
3476 4241 3576 4324 pq-

1936 4323 2073 4387 test,
2104 4311 2238 4372 cum
2271 4311 2334 4369 in
2359 4331 2486 4369 eam
2520 4311 3581 4387 nonconvocenturlaici,necde1aicis

1938 4382 2242 4459 inquisitio
2275 4386 2396 4459 fiat,
2431 4389 2496 4459 ut
2520 4385 2577 4439 in
2601 4382 3249 4459 synodisvisitatioupm
3279 4382 3585 4459 occasione

1942 4452 2158 4516 coactis
2189 4455 2417 4512 accidit.
2452 4452 2757 4525 Inquisitio
2789 4456 2858 4511 de
2888 4452 3113 4525 clericis
3135 4454 3312 4510 fiebat
3340 4454 3400 4525 in
3431 4453 3584 4525 capi-

3385 4100 3576 4158 ualem

1862 4516 1909 4580 D
1938 4530 2081 4586 tulis
2110 4516 2862 4596 visitationpmfdequibus
2881 4524 2941 4580 in
2955 4525 3174 4596 eadem,
3190 4516 3585 4596 notationedi;

1938 4602 2154 4668 ximus,
2189 4593 2419 4669 necnon
2444 4597 2502 4652 in
2534 4593 2754 4669 synodo
2785 4595 3133 4661 dimcesana,
3162 4594 3221 4669 in
3253 4612 3428 4669 quam
3477 4593 3598 4669 soli

1941 4666 2538 4734 clerici'conveniunt,
2569 4666 2637 4722 ut
2657 4683 2901 4723 numero
2926 4667 3191 4738 sequenti
3220 4666 3458 4738 patebit.
3482 4666 3587 4722 So-

1942 4745 2065 4800 lum
2099 4742 2157 4797 in
2187 4740 2478 4812 ejusmodi
2510 4739 2744 4812 synodis
2762 4737 3208 4812 constitutiones
3221 4737 3591 4812 quandoque

1944 4809 2339 4896 ferunturpro
2382 4809 2664 4893 laicorum
2710 4810 3015 4896 regimine,
3049 4813 3114 4864 ut
3146 4825 3219 4864 ne
3257 4809 3475 4896 tamen
3495 4809 3588 4880 hi,

1945 4887 2053 4943 etsi
2076 4879 2327 4953 alicujus
2356 4881 2621 4938 criminis
2652 4881 2758 4949 rei,
2779 4879 3007 4953 ibidem
3041 4881 3480 4953 conveniantur.

2020 4958 2201 5030 (10111)
2227 4950 2364 5030 Haec
2396 4970 2464 5008 ex
2494 4953 2879 5030 sequentibus
2909 4951 2993 5030 sic
3033 4950 3588 5030 explicari__queunt.

1948 5021 2090 5085 Cu'm
2122 5021 2194 5082 de
2225 5026 2440 5081 talibus
2462 5021 3393 5095 criminibusetcriminosisnulla
3412 5038 3592 5095 penes

1950 5118 2058 5156 nos
2090 5100 2298 5154 debeat
2325 5093 2730 5167 essequeestio,
2764 5094 3210 5167 seuinquisitiog;
3238 5093 3592 5167 unde—syno-

1952 5138 2064 5228 Si};
2091 5138 2188 5241 agi
2220 5138 2497 5241 deberet‘t1
2496 5138 2836 5241 Exemplum
2852 5138 3021 5241 perito
3036 5138 3593 5241 _subj_i’citex‘digece—

1954 5259 2101 5298 sana
2133 5235 2381 5308 synodo,
2404 5254 2581 5308 quam
2595 5235 3009 5308 inqraacedenti
3025 5236 3183 5302 Quad
3193 5235 3595 5308 regesimaba-

1954 5313 2106 5381 buit,
2138 5306 2239 5367 ubi
2268 5311 2339 5365 de
2370 5306 2517 5381 solis
2543 5306 2788 5379 psalmis
2812 5312 2870 5381 et
2898 5307 3031 5381 aliis
3051 5306 3598 5381 ejusmodileviori-

1956 5386 2070 5441 bus
2090 5378 2176 5439 ab
2206 5398 2273 5437 eo
2304 5381 2474 5446 cujus
2504 5378 2782 5451 intererat
2820 5378 3113 5450 inquirere
3160 5379 3404 5451 quaestio
3452 5379 3607 5451 facta,

1960 5456 2091 5511 fuit.
2124 5455 2210 5509 nit
2233 5452 2480 5522 amplius
2499 5450 2640 5522 quod
2668 5448 3057 5522 emendaretur
3086 5448 3325 5522 invento.
3362 5450 3450 5522 De
3464 5448 3604 5522 aliis

1961 5526 2190 5597 scilicet
2220 5518 2606 5597 gravioribus,
2624 5520 2838 5595 quibus
2852 5520 3117 5597 plerique
3127 5526 3295 5583 erant
3314 5518 3604 5596 impliciti,

1962 5595 2188 5677 inquiri
2212 5592 2507 5655 nolebant.

3213 5791 3292 5864 19
3604 5806 3620 5899 ξ
