4026 6182
408 344 529 411 898
1332 347 1703 411 ltATHERIl
1752 342 1997 409 EPISC.
2043 345 2334 408 VERON.
2380 346 2552 409 OPP.
2599 348 2799 411 PARS
2843 347 2892 410 I.
3651 350 3751 414 696

409 488 593 560 ipsum
621 494 719 555 est,
746 485 953 560 peribit
981 486 1170 542 anima
1204 485 1304 542 illa
1333 485 1396 541 de
1422 485 1620 557 populo
1649 500 1745 539 suo
1778 485 1922 552 (Lev.
1956 501 2055 551 vn,
2088 483 2142 550 Α
2170 482 2339 554 num]
2394 482 2734 540 accenditis.
2787 482 3121 540 Verendum
3178 482 3371 558 igitur,
3421 501 3488 543 ne
3538 503 3754 561 quorum

406 578 521 650 20).
555 578 855 651 Itemque:
889 579 1054 633 Homo
1084 577 1330 633 sacerdos
1359 577 1423 632 de
1470 577 1674 631 semine
1723 574 1907 630 Aaron
1963 574 2059 644 qui
2167 572 2501 644 exemplum
2533 574 2761 641 tenetis,
2794 590 2996 630 eorum
3027 572 3406 630 similitudine
3433 579 3673 648 pereatis.

408 667 665 723 habuerit
702 667 1001 737 maculam,
1054 682 1165 721 non
1213 668 1396 736 oﬂerct
1438 681 1609 737 panes
1667 665 1915 730 Domino,
1961 678 2060 718 nec
2242 662 2326 716 14.
2390 668 2703 734 Desperare
2751 664 2947 735 itaque
2992 680 3093 720 vos
3143 680 3369 720 mecum
3410 666 3757 739 compellerer,

404 756 621 813 accedet
645 757 715 812 ad
743 756 1115 812 ministerium
1164 754 1346 827 (1003)
1379 755 1494 825 ejus
1520 755 1664 820 (Leu.
1699 769 1813 815 XXI,
1847 751 2055 823 17-18).
2170 750 2282 805 nisi
2315 752 2525 806 iterum
2557 751 2769 808 lectum
2805 752 3019 824 saepius
3058 753 3423 809 recordarer:
3452 758 3607 811 nescit
3632 757 3763 814 homo

408 843 860 917 Qualiterigitur
875 839 2061 915 miserrimi,qualiterabillaimmunditia
2168 843 2359 894 utrnm
2386 841 2506 895 odio
2535 857 2608 895 an
2645 857 2830 896 amore
2867 842 2938 896 sit
2985 842 3183 912 dign-us
3234 842 3419 913 (Eccle.
3453 861 3519 911 IX,
3551 843 3617 915 1).
3649 845 3764 911 Quis

410 932 609 1002 lavari,
644 933 893 1006 qualiter
919 933 1011 988 his
1040 932 1300 988 valemus
1332 930 1579 987 maculis
1610 929 1909 1001 ablui,qui
1931 932 2062 1001 post

412 1022 744 1079 levatricem
759 1022 1070 1078 criminum
1085 1020 1486 1094 paenitentiam
1502 1019 1718 1073 nedum
1741 1017 2060 1073 sacerdotio

418 1110 605 1184 fungi,
636 1112 697 1167 in
729 1111 1004 1167 clericatu
1036 1109 1243 1166 saltem
1292 1126 1407 1164 non
1455 1107 1854 1181 permittimur
1878 1106 2061 1178 (1064)

418 1199 838 1272 linquiPEsto,
886 1200 1043 1254 istud
1089 1198 1458 1254 solummodo
1516 1196 1747 1252 miseris
1805 1195 2066 1250 obstaret

420 1287 761 1344 immaniter
785 1287 973 1355 nobis,
989 1287 1130 1359 quid
1161 1287 1230 1342 de
1259 1286 1428 1342 nobis
1459 1284 1870 1341 aestimandum
1902 1298 2064 1338 com-

421 1376 624 1433 missis
654 1380 674 1446 (
709 1377 834 1444 065)
866 1376 1013 1442 Quid
1040 1377 1111 1432 dc
1141 1376 1234 1431 his
1264 1392 1390 1447 qua:
1420 1374 1620 1441 lavari,
1645 1371 1917 1428 mundari
1946 1375 2003 1426 et
2032 1387 2066 1426 a

422 1465 592 1522 nobis
622 1465 942 1521 debuerant
991 1464 1275 1530 benedici,
1322 1480 1449 1535 quae
1496 1465 1922 1534 consequenter
1950 1460 2065 1514 im-

421 1554 645 1610 munda
675 1557 874 1610 noster
898 1554 1105 1610 effecit.
1160 1553 1305 1625 proh
1354 1551 1557 1608 dolor!
1592 1556 1786 1607 tactus
1818 1549 2065 1605 Domino

421 1642 682 1699 dicente:
709 1644 858 1712 Quod
885 1644 1127 1712 tetigerit
1168 1643 1504 1711 immundus,
1544 1638 1892 1697 immundum
1923 1639 2068 1701 erit?

422 1732 601 1805 (Num.
634 1750 750 1802 XIX,
782 1733 895 1804 22).
927 1732 986 1788 Si
1018 1749 1153 1788 vero
1187 1731 1359 1804 pauci
1402 1731 1740 1797 fuissemus,
1774 1728 1930 1801 quod
1961 1725 2070 1781 uti-

421 1838 569 1916 nam.
593 1821 911 1916 fuissemus
934 1821 956 1916 !_
979 1821 1238 1916 indignis
1268 1820 1420 1916 4153
1452 1823 1624 1891 atque
1647 1817 1937 1916 mre-pulsis
1966 1814 2065 1916 Dei
2097 1850 2145 1916 B

424 1910 612 1983 gratia
643 1910 826 1982 (1066)
859 1909 961 1982 qui
1018 1909 1189 1965 nobis
1243 1907 1503 1965 valerent
1567 1906 1780 1975 suffici,
1822 1904 2069 1960 inveniri

426 1998 671 2054 forsitan
692 2003 954 2070 possent,
988 2015 1102 2054 non
1134 1998 1250 2055 tale
1282 1999 1469 2053 fuerat
1526 1995 1874 2069 periculum.
1906 1995 2070 2050 Nunc

424 2102 580 2153 vero,
614 2086 759 2160 proh
790 2086 992 2144 nefas!
1027 2103 1159 2143 cum
1206 2103 1569 2159 conquerens
1617 2086 1830 2141 clamet
1884 2082 2074 2138 Domi-

427 2192 563 2242 nus,
594 2176 794 2233 dicens
822 2193 836 2233 :
869 2180 1121 2234 Attamen
1152 2176 1214 2231 hi
1240 2176 1407 2231 simul
1444 2190 1630 2230 omnes
1687 2174 2073 2244 con/"regerunt

416 2265 638 2337 jugum,
663 2274 934 2338 ruperunt
957 2267 1180 2322 vincula
1207 2266 1344 2339 (Jer.
1371 2283 1424 2332 v,
1446 2264 1523 2335 5);
1557 2263 1712 2336 quod
1744 2261 2071 2318 remedium

427 2352 649 2409 invenit
677 2355 938 2428 decepta,
970 2371 1147 2427 quam
1179 2370 1377 2427 regere
1408 2352 1741 2419 debuimus,
1775 2348 2069 2416 Ecclesia;

429 2457 564 2498 cum
594 2459 800 2500 omnes
823 2460 938 2500 non
971 2443 1148 2500 simul
1174 2443 1532 2516 confregisse
1577 2441 1809 2514 jugum,
1840 2437 2074 2494 vincula

424 2531 655 2605 rupisse
681 2549 790 2589 vox
819 2539 1211 2607 conqueratur
1255 2531 1558 2589 Dominica
1580 2531 1608 2587 ‘I
1638 2530 1872 2589 Dicente
1914 2528 2069 2584 enim

422 2620 642 2678 Jacoho
662 2621 692 2677 ‘l
722 2621 1077 2695 Conﬁtemini
1093 2624 1423 2679 alterutrum
1462 2628 1699 2694 peccata,
1733 2623 1795 2674 ut
1821 2618 2073 2673 salvemi—

423 2712 506 2775 ni,
536 2719 715 2768 vestra
743 2715 880 2782 (Jac.
930 2730 985 2780 v,
1035 2713 1162 2785 16):
1215 2709 1665 2768 Neocaesariensi
1710 2724 1845 2763 vero
1885 2704 2069 2762 conti-

422 2803 596 2856 nente
625 2800 898 2873 superius
920 2801 1135 2874 scripto
1162 2799 1417 2874 capitulo
1447 2798 1635 2870 (1067)
1663 2814 1675 2853 :
1707 2796 1995 2867 Presbyter
2021 2796 2072 2849 si

421 2890 695 2961 confessus
733 2892 924 2963 faerit,
973 2890 1115 2963 quod
1161 2897 1288 2945 ante
1345 2888 1748 2944 ordinationem
1797 2884 2072 2956 corporali

422 2982 636 3050 peccato
660 2979 970 3053 deliquerit,
1015 2979 1200 3036 oblata
1238 2994 1350 3034 non.
1405 2984 1691 3044 consecret,
1750 2990 1980 3030 manens
2011 2974 2071 3028 in

424 3067 654 3139 reliquis
710 3068 907 3140 ofﬁciis
959 3076 1184 3141 propter
1224 3066 1468 3123 studium
1524 3066 1724 3123 bonum
1760 3064 1906 3137 (can.
1964 3061 2066 3132 9);

430 3154 567 3227 quis
597 3156 843 3213 missam
872 3161 1227 3226 cautet,cum
1250 3155 1539 3213 sententia
1566 3153 1681 3210 ista
1710 3169 1857 3225 pene
1877 3149 2066 3207 omni-

2170 927 2327 983 enim
2354 929 2534 995 novit,
2585 929 2634 985 si
2688 930 2780 985 cui
2834 935 3103 985 nostrum
3149 930 3227 986 sit
3266 947 3591 988 concessum
3623 938 3769 991 antea

2172 1017 2628 1090 converti,quam
2647 1019 2794 1075 mori
2816 1018 2844 1074 ‘?
2871 1018 3082 1074 Felices
3093 1020 3249 1075 enim
3272 1018 3379 1075 hac
3396 1020 3515 1093 lege
3531 1022 3766 1094 depositi,

2171 1106 2367 1163 felices
2389 1107 2639 1180 expulsi,
2666 1107 2863 1163 felices
2885 1107 3009 1164 suis
3030 1107 3204 1164 rebus
3225 1108 3470 1181 spoliati,
3502 1114 3555 1166 et
3580 1111 3770 1183 episco-

2172 1200 2310 1268 patu
2345 1197 2526 1267 (1070)
2559 1195 2777 1252 viduati
2805 1217 2818 1267 ;
2852 1196 2901 1252 si
2932 1202 3127 1253 tamen
3159 1197 3244 1273 eis
3273 1198 3490 1271 aliquid
3520 1198 3642 1255 huic
3666 1214 3771 1254 eve-

2173 1285 2296 1340 niat
2321 1282 2511 1340 simile
2533 1285 2685 1358 quod
2709 1285 3030 1357 Scotigenis
3070 1286 3302 1342 duobus
3332 1287 3646 1342 audivimus
3674 1302 3776 1343 evo-

2175 1375 2352 1430 nisze.
2373 1374 2619 1440 Quidam
2650 1375 2803 1430 enim
2830 1375 3122 1446 potentior
3141 1392 3317 1447 super
3346 1376 3775 1448 impotentiorem

2175 1463 2605 1531 insiliens,sede
2633 1462 2800 1519 illum
2833 1464 3066 1536 propria
3086 1464 3502 1537 pepulit,eique
3520 1464 3776 1536 praesedit.

2175 1552 2310 1608 Erat
2342 1551 2460 1608 illic
2490 1553 2675 1624 (1771)
2702 1553 2941 1625 quidam
2972 1569 3195 1625 pauper
3237 1553 3507 1609 omnibus
3535 1552 3780 1608 membris

2176 1645 2529 1710 contractus,
2563 1642 2991 1713 abeuntemque
3020 1641 3101 1697 ita
3129 1646 3221 1698 est
3241 1641 3523 1699 allocutus
3548 1658 3561 1698 :
3584 1641 3679 1697 Cui
3705 1657 3782 1697 me

2177 1731 2397 1786 deseris
2428 1730 2639 1802 pater?
2670 1735 2804 1799 Deo,
2838 1730 3047 1802 inquit.
3081 1732 3233 1787 Esne
3264 1746 3524 1803 unquam
3553 1746 3782 1787 reversu-

2178 1836 2278 1874 rus
2293 1818 2595 1886 ?Non,nisi
2614 1824 2679 1874 tu
2710 1835 2802 1874 me
2826 1818 3148 1885 reduxeris,
3180 1820 3337 1876 454
3358 1818 3786 1892 inquit.Secessit

2178 1906 2361 1979 igitur
2381 1906 2716 1980 sepulcrum
2748 1907 2950 1963 adiens
2979 1907 3231 1964 Domini.
3258 1908 3558 1979 Interjecto
3581 1908 3785 1963 tandem

2180 2000 2463 2069 tempore,
2492 2000 2654 2052 tanta
2683 1994 2810 2052 lues
2859 2000 3064 2065 totam,
3099 1997 3257 2053 unde
3315 2001 3550 2054 sanctus
3586 1996 3665 2051 vir
3704 1995 3788 2051 ille

2182 2084 2369 2139 fuerat
2398 2085 2632 2157 pulsus,
2663 2084 2878 2141 invasit
2908 2085 3290 2157 provinciam,
3327 2090 3395 2142 ut
3422 2086 3513 2142 vix
3542 2101 3712 2158 usque
3730 2083 3789 2139 ad

2180 2172 2469 2229 decimam
2500 2173 2810 2230 hominum
2841 2175 3185 2247 pervenerit.
3203 2174 3543 2232 Sciscitatus
3567 2172 3786 2246 jejunio.

2181 2279 2312 2317 rum
2345 2262 2548 2335 (1072),
2582 2263 2942 2330 litaniarum,
2975 2267 3031 2319 et
3059 2262 3563 2338 eleemosynarum
3602 2263 3792 2318 instan-

2180 2350 2588 2425 tia,respondit
2616 2353 2788 2408 modo
2821 2369 2935 2425 quo
2960 2354 3011 2408 ei
3038 2351 3255 2425 placuit
3274 2352 3791 2424 Dominus,ejusque

2180 2441 2466 2498 invaseris
2488 2442 2853 2499 confessione
2875 2443 3508 2517 monstravit,stragem
3533 2441 3684 2497 illam
3707 2439 3793 2495 ho-

2181 2530 2410 2586 minum
2442 2530 2602 2587 illius
2634 2531 2846 2587 scelere
2895 2531 3231 2606 contigisse.
3279 2533 3499 2589 Beatus
3527 2531 3694 2604 igitur
3718 2528 3793 2583 sui

2181 2619 2644 2676 consideratione
2694 2623 3012 2693 permotus,
3064 2619 3266 2677 relicto
3317 2636 3494 2694 quem
3542 2619 3799 2675 invaserat

2179 2707 2515 2780 episcopatu
2549 2710 2565 2781 (
2605 2711 2752 2778 073),
2777 2709 3474 2783 abscessit,insulamque
3495 2708 3795 2782 quamdam,

2179 2796 2579 2869 pmnitentiam
2611 2798 2727 2854 ﬁne
2756 2802 2928 2854 tenus
2951 2803 3211 2866 acturus,
3249 2798 3511 2855 intravit.
3529 2795 3800 2854 Solitarius

2180 2885 2418 2957 quidem
2436 2903 2672 2943 manere
2684 2886 3070 2954 voluerat,sed
3088 2888 3424 2945 vicinorum
3439 2882 3801 2945 benevolentia

2178 2974 2336 3031 hunc
2367 2975 2572 3047 sazpies
2596 2975 3033 3047 visitabat,cum
3064 2982 3311 3051 repente
3337 2976 3547 3034 incolis
3571 2972 3800 3033 deficien-

2177 3063 2622 3133 tibus,maxima
2651 3064 2862 3121 invasit
2882 3066 3131 3138 patriam
3162 3066 3382 3135 fames,
3403 3084 3532 3140 qua:
3553 3058 3802 3135 compulit

2180 3150 2593 3209 liberalitatem
2605 3153 2771 3209 illum
2786 3155 3260 3213 sanctumvirum
3276 3155 3563 3213 alentium
3579 3152 3804 3225 aliquan-

433 3216 547 3300 bus
559 3244 742 3301 oblata
769 3261 881 3302 non
907 3216 1224 3302 consecrare
1260 3244 1566 3319 prohibeat
1603 3216 1787 3315 (1068)
1806 3241 1834 3296 ?
1854 3242 1924 3296 Et
1946 3238 2076 3294 vide
2103 3216 2148 3285 (ἶ
2180 3241 2371 3298 tutum
2393 3241 2915 3315 repigrari.Trieris
2935 3243 3120 3316 (1074)
3146 3260 3373 3317 magna
3396 3244 3457 3300 in
3480 3216 3802 3299 littore-casu

435 3335 657 3406 quanta
684 3334 779 3391 hic
808 3335 1141 3392 continetur
1170 3334 1508 3392 adversitas.
1541 3331 1749 3389 Oblata
1778 3329 1934 3387 enim
1957 3344 2074 3384 non

436 3423 793 3496 permitteris
830 3440 1192 3493 consecrare,
1224 3423 1273 3480 si
1323 3426 1380 3479 te
1423 3436 1694 3495 peccasse
1738 3416 2071 3484 confiteris;

434 3510 684 3569 salutem
714 3530 830 3570 non
857 3514 1254 3587 consequeris,
1300 3512 1413 3569 nisi
1464 3515 1522 3568 te
1579 3523 1849 3584 peccasse
1895 3505 2074 3563 conﬁ-

432 3601 612 3658 tearis
642 3602 848 3674 (1069).
878 3602 1027 3670 Quid
1081 3602 1263 3676 igitur
1308 3602 1380 3658 de
1408 3600 1572 3658 vobis
1603 3599 1834 3665 faciam,
1869 3598 2075 3653 fratres

368 3696 371 3703 ‘
432 3692 491 3746 et
520 3690 979 3763 compresbyteri
1007 3690 1169 3748 mei?
1199 3691 1260 3747 Si
1290 3692 1528 3763 peccata
1553 3692 1746 3743 vestra
1797 3702 1913 3742 non
1945 3701 2075 3740 con-

429 3778 698 3849 fitemini,
730 3779 928 3850 timeo,
960 3779 1138 3837 timeo
1167 3794 1239 3835 ne
1269 3795 1386 3834 non
1437 3776 1739 3833 salvemini
1774 3792 1787 3831 :
1815 3774 1866 3831 si
1894 3773 2070 3830 conﬁ-

428 3866 885 3935 temini,‘oblata
915 3867 1029 3924 nisi
1059 3871 1263 3924 contra
1309 3866 1553 3923 vetitum
1599 3862 1986 3931 consecratis;
2021 3862 2071 3920 si

429 3958 632 4011 contra
658 3954 898 4012 vetitum
930 3947 1507 4029 consecratis,ignem
1539 3952 1795 4009 alienum
1828 3953 2069 4023 [fater-

555 4098 681 4180 063)
702 4097 993 4180 “Acherius'
1018 4097 1089 4153 ad
1117 4098 1454 4180 ministrum.
1480 4093 1908 4180 Correctionem
1940 4094 2070 4174 novi

428 4164 669 4242 editoris
701 4169 996 4242 Spicilegii
1028 4169 1357 4240 approbant
1386 4171 1582 4223 noster
1611 4165 1790 4222 codex
1822 4164 2067 4238 Frising.

427 4244 488 4296 et
509 4240 783 4313 vulgatus
806 4240 1118 4313 interpres.

497 4305 686 4381 (1067i)
711 4311 908 4386 Vulg,
939 4305 1053 4367 non
1072 4313 1477 4384 permittamur.
1502 4307 1699 4363 Melior
1727 4305 1949 4362 laudati
1980 4322 2071 4364 co-

423 4382 572 4439 dicis
599 4383 791 4439 lectio.

468 4382 572 4439 icis
599 4383 791 4440 lectio.

497 4455 684 4523 (1065)
712 4458 1035 4511 Construe:
1069 4452 1210 4522 Quid
1246 4451 1629 4523 aestimandum
1669 4449 1737 4505 de
1773 4450 2069 4523 commissis

423 4520 578 4581 nobis
597 4531 623 4581 .9
649 4520 706 4582 id
731 4531 823 4583 est
851 4527 923 4582 de
952 4526 1026 4582 iis
1061 4520 1164 4596 qui
1196 4522 1500 4596 commissi
1530 4520 1889 4596 sunt_nobis.

495 4578 1417 4669 (V1066)—Ctodexv15rising._proDei
1445 4594 1629 4665 gratia
1677 4590 1856 4646 habet
1884 4591 2067 4669 digno,
2096 4578 2147 4646 D

423 4664 671 4739 forsitan
724 4668 906 4739 digne,
966 4672 1023 4724 et
1077 4664 1309 4739 melius.
1370 4665 1655 4739 Construe
1692 4679 1883 4739 vero;
1928 4664 2069 4734 quod

419 4738 637 4792 utinam
671 4735 982 4807 fuissemus,
1041 4737 1263 4793 scilicet
1311 4735 1503 4807 pauci,
1554 4735 1796 4859 [orsitan
1848 4743 2067 4804 possent

420 4808 780 4859 invenirioui
809 4810 911 4859 Dei
937 4811 1114 4859 oratio
1137 4809 1263 4859 (aut
1280 4807 1464 4859 diana)
1483 4822 1549 4859 va
1576 4808 1726 4859 erent
1754 4804 1937 4859 sufﬁci
1965 4822 2063 4859 no-

420 4804 780 4880 inveniri,qui
809 4810 911 4864 Dei
936 4804 1114 4875 gratia
1137 4809 1155 4880 (
1162 4812 1263 4863 aut
1280 4804 1464 4880 digne)
1483 4804 1726 4860 valerent
1754 4804 1937 4880 sufﬁci
1965 4822 2063 4880 no:

2173 4804 2288 4888 lem
2320 4804 2529 4889 sensus
2547 4810 2824 4889 praebuit.

2183 3330 2494 3387 restiterat.
2528 3335 2667 3387 Eam
2724 3330 2997 3405 ingressi,
3046 3348 3197 3405 quos
3262 3333 3579 3403 educabat,
3606 3322 3805 3404 pueruli

2182 3418 2337 3475 fame
2394 3424 2652 3493 cogente,
2704 3423 2838 3493 post
2878 3419 3087 3477 ludum
3144 3436 3573 3494 quemcunque
3624 3417 3803 3476 obdor-

2184 3508 2459 3564 mierunt.
2493 3508 2757 3583 Remigio
2774 3508 2970 3582 itaque
2984 3507 3391 3582 angelicoillis
3413 3504 3806 3568 dormientibus

2183 3597 2258 3653 ad
2286 3596 2445 3653 aliud
2473 3596 2637 3654 littus
2683 3597 2883 3671 patriae
2932 3597 3253 3672 perignoto:
3300 3599 3554 3657 venitur.
3605 3595 3701 3655 Cui
3728 3609 3805 3649 rex

2182 3687 2449 3758 ejusdem
2483 3687 2680 3760 patria
2710 3687 2929 3743 circum
2967 3689 3261 3760 equilans,
3296 3689 3665 3764 praestolatus
3691 3696 3803 3740 cum

2182 3775 2568 3832 admiratione
2599 3775 2856 3831 maxima
2885 3777 3082 3833 navim
3100 3777 3230 3835 sine
3255 3778 3605 3836 hominibus
3634 3771 3805 3831 rectis-

2180 3864 2328 3922 sime
2339 3864 3055 3937 adventantem,puerulos
3071 3866 3269 3924 solum
3284 3867 3347 3925 in
3372 3885 3443 3925 ea
3463 3864 3668 3940 reperit
3692 3861 3807 3918 dor-

2181 3957 2449 4009 mientes.
2483 3953 2924 4025 Expergefactos
2953 3955 3109 4011 unde
3140 3962 3367 4026 essent,
3398 3956 3724 4027 interrogat.
3756 3948 3809 4004 Ut

2178 4093 2471 4168 legeretur
2497 4096 2629 4163 nisi,
2663 4094 2773 4168 sed
2793 4096 2864 4165 si,
2897 4097 3237 4168 suppletum
3272 4098 3390 4155 fuit
3413 4115 3529 4155 non
3557 4097 3673 4153 sic:
3700 4091 3754 4168 Si
3771 4096 3810 4143 te

2216 4113 2471 4167 ageretur
2497 4113 2629 4163 nisi,
2663 4113 2762 4150 sea
2793 4113 2864 4165 si,
2897 4113 3007 4168 sup
3053 4113 3237 4154 letum
3272 4113 3390 4155 iuit
3413 4115 3529 4155 non
3557 4113 3673 4153 810:
3700 4113 3751 4148 οι
3771 4113 3808 4143 w

2216 4182 2423 4247 eccasse
2453 4166 2609 4247 (non)
2639 4166 2970 4237 conﬁtearis.
2994 4113 3129 4247 ἔθει
3160 4171 3458 4247 nonnulla
3479 4172 3654 4235 timeo,

2222 4238 2697 4313 isexp‘ressi‘mus
2722 4252 2858 4313 cum
2907 4239 3110 4295 eodem
3142 4242 3385 4313 codice,
3421 4258 3492 4297 ex
3521 4255 3631 4313 quo
3646 4238 3807 4313 etiam

2178 4307 2452 4380 editionis
2482 4309 2663 4364 oblata
2690 4308 2809 4380 nisi
2830 4313 3019 4380 contra
3039 4312 3297 4380 vetitum,
3334 4307 3436 4369 ubi
3470 4307 3613 4368 forte
3643 4308 3806 4380 legen-

2177 4379 2317 4434 dum
2347 4395 2459 4435 non
2485 4378 3076 4447 nisi,utMabillonius
3105 4381 3264 4440 recte
3282 4376 3530 4440 monuit
3547 4383 3604 4439 in
3628 4376 3806 4447 Rath?-

2177 4450 2248 4505 rii
2278 4449 2467 4523 elogio
2498 4443 2662 4507 num.
2696 4450 2785 4518 21,
2820 4453 2961 4508 tom.
3012 4453 3116 4508 VII
3154 4456 3289 4511 Act.
3342 4458 3676 4512 sanctorum
3703 4443 3805 4504 ord.

2177 4522 2395 4577 Bened.
2424 4539 2564 4594 pag.
2588 4523 2712 4579 481.

2249 4539 2390 4577 :neo.
2424 4539 2556 4647 palg.
2588 4539 2712 4579 ιιδι.
2786 4597 2796 4607 ⁹
2935 4599 2969 4610 η
3206 4597 3218 4608 _
3439 4598 3450 4609 .
3496 4597 3507 4608 _
3660 4591 3672 4603 .
3708 4589 3718 4601 ί

2249 4593 2447 4676 (1070).
2515 4593 2655 4676 ulg.,
2705 4612 3040 4670 episcopizs.,
3084 4594 3262 4654 lectio
3316 4598 3544 4654 codicis
3587 4594 3805 4654 Frlsmg.

2177 4664 2768 4790 miiiiil‘iliigsii'cum
2798 4718 3050 4790 vulgatis
3079 4738 3189 4790 illi.
3225 4739 3659 4790 Correctionem
3691 4729 3783 4786 feci

2245 4733 2429 4807 (1071)
2461 4736 2601 4792 Mss.
2634 4753 2768 4793 cum
2798 4737 3050 4808 vulgatis
3079 4738 3189 4795 illi.
3225 4739 3659 4795 Correctionem
3691 4733 3807 4808 {56?-

2916 4802 2985 4882 ox
3014 4810 3424 4882 abeuntemque
3461 4827 3529 4868 ex
3576 4822 3681 4863 ms.
3706 4802 3808 4882 Fri-

419 4877 499 4933 bis
528 4873 796 4947 indignis,
828 4873 990 4949 atque
1027 4873 1304 4949 repulsis!
1335 4873 1464 4931 Mox
1509 4893 1611 4947 pro
1658 4873 2060 4931 nuncAcherii
2173 4877 2324 5003 sing.
2360 4873 2726 4949 prmtulimus
2756 4879 2988 4936 lectioni
3017 4880 3271 4953 vulgatae
3291 4873 3808 4950 a-beunlemquegui'

419 4948 592 5004 editio
613 4948 866 5004 habebat
906 4966 1061 5004 num.
1104 4950 1252 5004 forte
1298 4945 1797 5004 tvnoaranhorum
1846 4962 2060 5004 errore.
2171 4954 2227 5003 et
2298 4948 2390 5004 ein
2446 4948 2733 5004 reduxeris
2763 4953 2965 5004 innuit.
2998 4968 3100 5004 nro
3130 4952 3456 5004 reduxeris-
3488 4952 3624 5004 inﬁt.

415 4948 592 5004 editio
613 4945 866 5005 habebat
895 4945 1061 5019 'num,
1082 4945 1252 5005 'forte
1298 4945 1797 5020 typographorum
1846 4962 2060 5020 errore,

415 5035 591 5091 quem
625 5020 981 5077 novissimus
1012 5016 2061 5084 editoremendavit,emendationem-

415 5090 533 5163 que
557 5091 738 5163 codex
767 5096 965 5147 noster
994 5090 1318 5163 confirmat.

2171 4954 2227 5003 et

2353 4965 2413 5023 ri
2446 4948 2733 5023 redumeris
2763 4953 3100 5023 inquittpro
3122 4948 3456 5020 reduxeris,
3488 4948 3624 5023 inﬁt.

2240 5018 2421 5097 (1072)
2454 5020 2547 5075 Sic
2567 5020 2732 5097 fidem
2762 5018 2942 5097 codex
2973 5018 3227 5097 Frisipg.
3250 5018 3501 5097 Vulgati
3526 5018 3805 5097 suscitatus.

2169 5086 2454 5164 Construe
2484 5096 2673 5146 autem
2705 5109 2716 5146 :
2752 5092 3067 5149 Sciscitatus
3115 5086 3413 5151 Do'minus’
3442 5092 3697 5149 instantia
3732 5086 3804 5164 jf;

486 5159 671 5245 (1067)
698 5160 817 5234 Ope
847 5162 1112 5245 ejusdem
1144 5158 1778 5245 cod‘icisexpunximus
1798 5161 2054 5245 estquod
2158 5161 2469 5245 juniorum,
2501 5163 2848 5245 litaniarum,
2898 5173 2957 5245 et
3010 5165 3520 5236 eleemosynarum,
3561 5154 3805 5235 respondit

412 5228 546 5304 post
562 5228 765 5305 vocem
793 5228 1034 5305 capitulo
1059 5231 1419 5305 in‘vulgatis
1464 5228 1774 5303 perperam
1824 5228 2055 5305 legeba-

409 5301 527 5358 tur.
559 5303 697 5383 Post
724 5301 912 5377 pauca
938 5301 1242 5383 Acherius,
1269 5301 1406 5383 wquis
1448 5301 1695 5382 mensam
1721 5301 1908 5383 cantat
1931 5304 1957 5354 .9
1986 5301 2052 5355 E-

2163 5232 2343 5304 modo,
2377 5249 2480 5303 quo
2505 5236 2558 5288 ei
2589 5234 2825 5304 placuit,
2860 5240 2968 5290 etc.

2235 5303 2420 5386 (1.073)
2454 5303 3055 5388 Ob'relativum‘quem
3078 5321 3215 5362 cum
3252 5306 3805 5388 ms.F_rising.emep:

409 5371 845 5450 mendationem
893 5391 1072 5450 novae
1108 5371 1388 5450 editionis
1431 5371 1780 5445 recepimus.
1839 5372 2053 5443 Missam
2162 5371 2431 5450 davimus
2460 5377 2789 5447 episc0patu,
2824 5371 2929 5450 ubi
2962 5376 3119 5450 vulg.
3167 5379 3474 5450 episcopio.
3509 5371 3668 5450 Idem
3690 5383 3804 5450 vel?

406 5443 583 5501 habet
612 5445 790 5501 etiam
822 5446 1002 5501 codex
1033 5443 1444 5516 Frisingensis.

2162 5446 2341 5520 codex
2373 5442 2600 5520 ignorat
2628 5442 2796 5520 voces
2825 5449 3013 5520 relicto
3063 5442 3225 5520 eum
3276 5442 3585 5507 inuaserat.
3617 5446 3736 5502 Mox
3757 5442 3804 5495 et

476 5517 659 5588 (1068)
708 5518 1002 5573 Prohibeat
1049 5512 1295 5581 scilicet,
1345 5532 1478 5570 cum
1512 5512 1630 5568 ait:
1695 5512 1884 5568 Oblata
1941 5531 2053 5571 non.
2159 5516 2363 5588 eodem
2396 5512 2509 5588 ins.
2543 5518 2818 5588 introivit,
2854 5519 2993 5574 editi
3027 5512 3266 5574 introiit.

400 5596 686 5645 consecret.

2230 5586 2414 5657 (1074)
2447 5587 2638 5642 Codex
2661 5580 2938 5645 laudatus
2970 5591 3277 5657 Triremis;
3308 5595 3369 5647 et
3420 5591 3558 5647 dein
3589 5588 3701 5644 illis
3726 5580 3803 5639 ob-

473 5660 658 5732 (1069)
690 5660 777 5717 Ita
807 5676 919 5716 ms.
974 5657 1222 5728 Frising.
1260 5657 1323 5712 In
1370 5655 1524 5726 vulg.
1576 5670 1733 5725 vero,
1764 5672 1899 5711 cum
1934 5673 2048 5713 non
2157 5655 2555 5714 dormientibus
2592 5659 2662 5714 ad
2694 5660 2849 5716 aliud
2879 5662 3032 5717 littus
3058 5655 3273 5734 patriae
3290 5679 3467 5736 prope
3496 5663 3709 5731 ignotae.
