4094 6180
453 281 570 344 615

1374 274 1751 340 RA'ruuan
1796 274 2041 339 EPISC.
2090 270 2382 339 'vuaou.
2429 269 2601 336 OPP.
2650 273 2847 336 PARS
2892 270 2982 334 I.‘
3068 236 3073 243 ’

3710 276 3815 337 616

443 412 741 484 loquimini
767 410 921 467 nobis
937 409 1419 483 placentia,videte
1435 410 1591 466 nobis
1610 424 1845 465 errores.
1878 409 2100 480 Auferte
2126 408 2181 476 Α
2211 408 2394 465 Nolite
2421 409 2661 480 aspicere
2712 406 2867 463 nobis
2907 419 3030 477 quae
3075 412 3217 461 recta
3258 412 3417 474 sunt;
3449 405 3738 477 loquimini,
3766 410 3818 464 id

438 518 474 557 a
502 516 590 556 me
617 501 785 567 viam,
811 498 1083 555 declinate
1129 518 1163 557 a
1203 515 1291 556 me
1343 500 1616 566 semitam,
1666 501 1833 553 cesset
1878 514 1912 552 a
1954 499 2101 566 facie

436 592 625 645 nostra
680 591 902 645 sanctus
952 590 1121 645 Israel
1180 591 1308 658 (Isa.
1340 606 1471 656 xxx,
1528 588 1639 659 10).
1711 586 1895 659 (1143)
1934 587 2098 650 Quod

436 678 583 735 dum
614 694 752 734 cum
782 677 877 734 his
908 676 1290 734 contulissem
1315 675 1693 749 caeteris,qua3
1715 680 1773 732 et
1803 676 1862 731 in
1892 676 2096 732 eodem

437 767 760 835 audieram,
792 765 1116 840 prophetis,
1167 765 1433 837 psalmis,
1478 764 1736 837 hymnis,
1771 767 1827 819 et
1853 762 2096 819 canticis

437 856 869 928 spiritualibus,
895 872 1023 927 quas
1053 872 1157 910 vos
1181 854 1423 926 jactatis
1454 853 1584 909 aliis
1616 852 1795 908 Italiae
1819 852 2094 909 Ecelesiis

433 944 804 1017 frequentare
838 944 1050 999 melius
1076 961 1088 999 :
1114 959 1366 1015 cumque
1398 959 1667 999 sermone
1700 941 1951 1010 Domini,
1976 958 2092 1014 quo

434 1032 730 1106 prephette
774 1033 928 1089 480
987 1049 1022 1088 a
1076 1049 1139 1089 se
1196 1048 1531 1088 consonans
1590 1030 1795 1097 misso,
1850 1029 2097 1086 auctori~

431 1123 546 1179 bus
576 1121 762 1195 (1145)
794 1121 852 1176 in
882 1121 989 1177 hoc
1019 1121 1101 1177 ita
1142 1119 1407 1192 loquitur
1452 1118 1663 1176 vestris
1688 1136 1700 1173 :
1735 1120 1975 1192 Populus
2005 1119 2093 1175 hic

433 1212 596 1267 labiis
624 1227 713 1266 me
743 1209 1013 1270 honorat;
1040 1225 1133 1264 cor
1158 1218 1341 1263 autem
1378 1209 1605 1264 illorum
1629 1209 1787 1278 longe
1807 1212 1888 1263 est
1919 1226 1953 1263 a
1981 1224 2085 1264 me.

434 1299 496 1355 In
515 1315 721 1355 vanum
771 1315 878 1366 me,
905 1299 1110 1365 colunt,
1140 1301 1383 1353 tenentes
1407 1297 1690 1353 doctrinas
1720 1300 1771 1351 et
1812 1305 2090 1369 pra’cepta

432 1389 721 1444 hominum
747 1387 954 1458 (Matth.
982 1404 1078 1454 xv,
1109 1386 1202 1456 8):
1239 1403 1374 1441 cum
1423 1385 1701 1458 Apostolo
1733 1402 1969 1458 quoque
2001 1385 2086 1440 di-

433 1481 599 1532 cente
628 1493 641 1543 ;
675 1476 794 1531 Erit
815 1478 1044 1546 tempus,
1077 1491 1201 1529 cum
1260 1491 1456 1529 sanam
1502 1474 1808 1531 doctrinam
1836 1491 2085 1529 nonsus-

432 1565 701 1629 tinebunt,
732 1563 822 1619 sed
849 1563 920 1618 ad
947 1580 1049 1618 sua
1094 1563 1365 1618 desideria
1414 1563 1807 1618 coacervabunt
1844 1564 1952 1619 sibi
1974 1579 2087 1618 ma-

429 1655 625 1725 gistros
648 1653 962 1724 prurientes
991 1652 1241 1717 auribus,
1289 1655 1340 1707 et
1388 1668 1419 1706 a
1468 1653 1701 1707 veritate
1743 1651 1961 1723 quidem
1992 1669 2088 1706 au-

2210 500 2318 563 est,
2349 514 2463 551 non
2498 513 2625 567 quin
2654 512 2790 550 vera
2822 494 3090 560 sunt,sed
3124 511 3251 566 quae
3282 494 3447 550 nobis
3468 487 3615 551 recta
3642 495 3820 552 viden-

2208 588 2340 653 tur;
2372 587 2550 655 nobis,
2584 602 2698 640 non
2749 584 2866 639 Deo
2909 582 3190 656 placentia
3237 583 3445 652 dicite;
3476 576 3641 641 videte
3686 586 3823 642 nobis

2205 688 2436 742 errores,
2468 674 2576 730 hoc
2607 677 2697 730 est
2745 672 2939 729 simile
2970 689 3078 728 nos
3128 671 3347 729 nostris
3395 672 3824 744 inventionibus,

2206 766 2383 835 atque
2414 756 2850 819 antecessorum
2882 764 3216 818 nostrorum
3249 760 3520 835 malignis
3547 766 3828 819 consuetu-

2204 852 2441 908 dinibus
2472 851 2658 925 decipi
2686 868 2700 920 ;
2734 852 2954 924 Auferte
3007 868 3039 906 ιι
3072 867 3158 907 me
3202 852 3351 906 viam
3399 851 3522 923 (Isa.
3567 868 3692 920 xxx,
3726 852 3822 923 10),

2203 941 2407 1013 utique
2436 940 2729 1011 illum,qui
2764 939 2904 994 dicit
2929 956 2941 995 :
2975 940 3082 1011 Ego
3111 956 3234 995 sum
3256 941 3349 995 via
3379 940 3426 1011 (ι
3451 941 3602 996 Joan.
3623 958 3730 1008 xxv,
3753 943 3822 1009 6).

2200 1030 2488 1086 Declinate
2514 1032 2766 1085 semitam
2794 1029 2922 1092 (Isa.
2954 1046 3085 1096 xxx,
3118 1030 3225 1097 11),
3262 1044 3575 1102 angusxam
3627 1029 3827 1087 scilicet

2200 1123 2375 1191 atque
2396 1122 2615 1174 arctam
2639 1118 2790 1174 viam
2811 1118 3120 1174 ducentem
3135 1117 3205 1173 ad
3224 1117 3421 1173 vitam.
3448 1118 3619 1176 Cesset
3642 1135 3675 1172 α
3699 1120 3825 1190 facie

2196 1216 2382 1263 nostra
2411 1211 2634 1263 sanctus
2663 1207 2834 1263 Israel
2864 1206 3070 1278 (Ibid),
3099 1206 3157 1261 id
3189 1210 3298 1273 est,
3338 1205 3567 1263 desinat
3618 1224 3718 1263 nos
3745 1207 3827 1262 in-

2197 1296 2459 1367 quietare
2494 1294 2859 1351 sanctitatem
2893 1311 3063 1350 suam
3105 1294 3273 1351 nobis
3323 1294 3679 1365 sequendam
3710 1310 3826 1366 pro-

2196 1401 2421 1457 ponens
2454 1388 2718 1453 sanetus,
2750 1384 3034 1439 visionem
3057 1401 3203 1439 verte
3252 1399 3319 1438 ac
3370 1376 3723 1455 sempiternae
3743 1401 3827 1455 pa.

2197 1473 2282 1528 cis
2309 1474 2741 1537 demonstrans,
2775 1476 2831 1528 et
2874 1471 3243 1541 Dominicus,
3278 1488 3459 1544 quem
3493 1471 3658 1527 nobis
3683 1471 3826 1544 inge-

2196 1579 2297 1628 P18,
2334 1579 2550 1618 sermo.

2265 1653 2318 1704 2.
2353 1650 2499 1714 Quid
2534 1667 2688 1718 vero,
2722 1650 2846 1713 filii,
2882 1666 3058 1722 super
3100 1649 3319 1720 quibus
3370 1665 3676 1705 monemur
3696 1648 3826 1705 divi-

429 1742 608 1798 ditum
648 1746 914 1810 avertent,
966 1740 1037 1796 ad
1081 1742 1301 1812 fabulas
1359 1744 1546 1796 autem
1594 1744 1975 1796 convertentur
2018 1741 2089 1813 (II
2115 1780 2163 1846 Β
2194 1737 2354 1794 nitus
2384 1755 2498 1793 non
2530 1737 2735 1806 laetari,
2771 1738 2819 1792 si
2870 1737 3343 1810 multiplicamini
3386 1738 3576 1806 (Eccli.
3609 1755 3716 1806 xvx,
3743 1739 3822 1807 1);

432 1832 646 1898 Tim.xv,
673 1833 727 1899 3)
756 1846 769 1884 :
802 1828 1145 1901 compulsus
1167 1845 1301 1885 sum
1324 1828 1716 1899 miserrimus,
1739 1828 1852 1884 heu
1883 1828 2080 1885 dolor!

430 1935 538 1975 nos
571 1917 852 1991 populum
868 1917 1076 1972 Domin
1089 1933 1185 1972 um
1199 1917 1271 1971 ad
1292 1916 1657 1972 iracundiam
1674 1921 2081 1989 provocantem

429 2006 776 2078 intelligere,
838 2022 954 2060 non
1014 2004 1258 2077 ignarus
1314 2004 1680 2076 Apostolum,
1734 2009 2085 2079 Qua’cimque

429 2097 633 2167 scripta
662 2096 808 2161 sunt,
840 2093 911 2148 ad
953 2097 1197 2148 nostram
1236 2089 1541 2148 doctrinam
1556 2095 1761 2165 scripta
1786 2095 1957 2167 (Rom.
1986 2113 2077 2163 xv,

428 2182 881 2255 4),veracissimc
913 2185 1191 2238 testatum
1221 2182 1422 2237 fuisse.
1460 2181 1589 2237 Filii
1623 2182 1783 2239 enim
1819 2183 2081 2240 nolentes

428 2271 626 2328 audire
657 2270 846 2343 legem
874 2270 993 2335 Dei,
1028 2271 1129 2341 qui
1184 2270 1377 2342 aptius
1429 2273 1594 2342 (pace
1651 2273 1804 2344 quod
1834 2273 2079 2328 dixerim

426 2363 635 2427 vestra)
667 2358 859 2415 valent
890 2358 1340 2431 intelligi,quam
1376 2359 1482 2430 illi,
1517 2360 1615 2432 qui
1648 2377 1780 2416 cum
1814 2363 2077 2416 canonici

427 2448 697 2504 ati‘ectent
720 2447 933 2515 vocari,
962 2452 1019 2503 et
1075 2448 1145 2502 de
1194 2448 1347 2520 stipe
1374 2449 1671 2506 canonicis
1704 2451 1888 2522 (1145)
1921 2450 2076 2507 dele-

425 2542 561 2611 gata
608 2538 969 2594 incessanter
1025 2542 1484 2609 conquerantur,
1521 2538 1581 2593 in
1630 2543 1860 2594 tantum
1911 2556 2074 2596 recu-

426 2633 560 2683 sant
588 2627 739 2683 481
772 2643 901 2683 esse
931 2626 1215 2692 canonici,
1258 2631 1323 2681 ut
1348 2627 1876 2683 consuetudinibus
1914 2629 2077 2683 mali-

426 2732 675 2788 gnorum
708 2714 1078 2771 solummodo
1138 2714 1482 2781 innitentes,
1518 2716 1598 2771 nil
1633 2717 1789 2788 quod
1822 2732 2074 2772 canones

427 2803 701 2860 sanciunt
731 2802 939 2871 sancti,
974 2803 1188 2858 nedum
1224 2801 1434 2874 legere,
1465 2804 1553 2860 vel
1586 2804 1793 2871 facere,
1825 2804 2074 2861 tolerent

427 2891 634 2949 saltem
666 2891 889 2959 audire,
920 2891 1142 2946 eisdem
1175 2891 1368 2947 verbis
1414 2891 1672 2949 dicentes
1715 2892 2069 2962 videntibus,

426 2996 629 3037 eorum
660 2979 861 3051 utique
890 2978 1218 3050 periculum
1266 2979 1601 3035 animarum
1654 2981 2067 3050 cernentibus;

423 3069 600 3125 Nolite
628 3067 832 3130 videre;
854 3073 912 3123 et
940 3067 1362 3140 aspicientibus
1387 3069 1731 3139 pravitatem
1763 3070 2024 3143 ipsorum
2054 3089 2065 3127 ε

497 3210 678 3281 (1143)
700 3208 870 3283 Vulg.
906 3209 1066 3283 Quod
1092 3208 1225 3263 dum
1253 3225 1382 3264 cum
1414 3209 1500 3283 his
1544 3211 1914 3279 contulissem,
1945 3228 2072 3283 qua?

423 3282 659 3345 caeteris,
690 3289 741 3336 et
773 3282 833 3335 in
860 3281 1395 3352 eodem.perperam.
1414 3281 1486 3336 Ut
1516 3298 1727 3337 sensus
1758 3281 2069 3347 constaret,

424 3357 718 3425 (μικροεῄ
738 3354 946 3407 caeteris
965 3352 1413 3425 transtulimus.
1447 3353 1731 3409 Construe
1765 3360 1979 3424 autem,
2014 3362 2072 3411 et

422 3422 645 3495 explica
674 3423 795 3479 sic:
826 3422 976 3491 Quod
1003 3422 1133 3478 dum
1172 3425 1520 3479 contulissem
1566 3440 1695 3480 cum
1750 3425 1835 3479 his
1864 3422 2072 3481 caeteris

415 3495 966 3567 prophetis,psalmis,
1002 3495 1269 3567 hymnis,
1294 3499 1345 3550 et
1386 3497 1619 3567 canticis
1663 3498 2068 3567 spiritualiws,

422 3565 547 3638 qua
569 3570 621 3621 et
642 3567 701 3620 in
722 3565 1118 3636 eodem(noctu
1129 3565 1272 3620 rnali
1293 3566 1516 3622 scilicet
1532 3565 1746 3633 ofﬁcio)
1762 3567 2067 3625 audieram.

457 3653 547 3718 use
571 3654 671 3718 ves
684 3638 909 3718 jactatis
934 3640 1281 3718 frequentare
1309 3639 1507 3718 melius
1537 3638 1665 3718 aliis
1695 3638 2073 3718 Ecclesiislta-

445 3708 718 3835 ig..Nota
764 3708 1153 3780 frequentiam
1193 3708 1355 3764 chori
1404 3709 1465 3764 in
1516 3710 1844 3766 nocturnali
1893 3712 2071 3768 etiam

445 3799 455 3834 ι
502 3796 633 3835 ιειο.

422 3796 633 3835 0111610.

493 3849 679 3920 (1144)
710 3850 1034 3922 Legebatur
1061 3850 1121 3904 in
1162 3848 1434 3922 vulgatis
1462 3853 1600 3906 meis
1646 3853 1977 3918 auctoribus,
2010 3855 2071 3908 in

421 3920 767 3992 hoc,Seusus
796 3920 1212 3976 correctionem
1245 3920 1885 3992 postulavit.Construe
1904 3941 2067 3980 vero:

420 3995 474 4046 et
501 3990 655 4059 (dum
682 3991 1052 4064 contulissem)
1083 4008 1208 4046 cum
1248 3990 1501 4047 sermone
1538 3994 1776 4064 Domini,
1812 4011 1913 4064 quo
1941 4010 2068 4050 con-

419 4061 964 4138 sonansupmphetai
1008 4079 1044 4116 a
1091 4078 1150 4138 se
1201 4063 1388 4138 misso,
1414 4064 1501 4138 ita
1559 4065 1621 4119 in
1676 4063 1786 4138 hoc
1817 4061 2072 4138 loquitur

419 4133 732 4188 auctoribus
777 4133 1037 4203 vestris:
1106 4133 1347 4203 Populus
1405 4133 1512 4202 hic,
1571 4138 1681 4189 etc.
1750 4133 2070 4191 Auctoribus

418 4206 637 4273 vestris,
668 4201 880 4274 inquit,
910 4203 968 4259 id
999 4207 1089 4258 est
1120 4201 1447 4275 majoribus
1499 4213 1556 4260 et
1599 4208 2069 4265 antecessoribus

416 4275 661 4343 vestris;
697 4275 908 4331 horum
938 4274 1094 4329 enim
1127 4275 1533 4331 auctoritatem
1583 4281 1640 4332 et
1692 4280 2067 4334 consuetudi-

418 4362 551 4420 nem
583 4345 1165 4420 canonici_Ratherio
1216 4347 1604 4420 apponebant,
1652 4364 1836 4420 eaque
1882 4367 1944 4405 se
1976 4368 2067 4405 sa-

414 4417 683 4543 :iisttutos
715 4418 1022 4491 putabant,
1060 4421 1125 4471 ut
1170 4416 1263 4471 vel
1296 4416 1383 4473 ex
1440 4416 1824 4491 sequentibus
1866 4421 2065 4493 palam

461 4505 491 4543 e
523 4529 535 4542 .

461 4505 535 4543 ϐῐ.

489 4557 670 4635 (1145)
702 4557 850 4635 $lipe
883 4561 1160 4635 canonicis
1187 4559 2065 4635 delegataproprieintelligun-

415 4629 513 4684 tur
542 4629 581 4684 ii
610 4629 963 4703 catbedralis
997 4631 1249 4686 ecclesias
1294 4629 1585 4697 redditus,
1610 4633 1709 4703 qui
1770 4629 2067 4689 canonicis

417 4706 586 4775 erant
615 4700 1069 4775 assignati.Cum
1099 4707 1293 4775 autem
1324 4703 1575 4775 potiores
1609 4700 1875 4775 redditus
1908 4709 2064 4775 ejus-

419 4772 551 4827 dem
582 4772 836 4845 ecclesize
864 4772 1033 4845 (inter
1086 4772 1339 4845 majores
1372 4774 1653 4845 (clericos,
1681 4774 1739 4829 id
1799 4781 1887 4832 est
1916 4772 2068 4831 inter

417 4843 731 4898 canonicos
760 4842 930 4898 divisi
963 4842 1590 4909 essent,'interioribus
1648 4861 1782 4899 vero
1836 4847 2065 4903 clericis

418 4913 619 4968 relicta
648 4920 801 4970 esset
832 4916 1178 4970 tenuissima
1209 4915 1414 4985 portio,
1451 4916 1594 4969 adeo
1648 4920 1710 4968 ut
1742 4915 1917 4972 iidem
1946 4919 2066 4973 ino-

415 4985 513 5058 pia
542 4991 946 5058 premerentur
970 5004 982 5054 ;
1019 4986 1237 5058 aliquid
1259 5001 1337 5058 ex
1363 4985 1709 5058 redditibus,
1736 5003 1883 5058 quos
1913 4990 2063 5044 obti«

415 5055 635 5112 hebant
686 5057 971 5124 canonici,
1035 5055 1346 5111 Ratherius
1404 5055 1543 5111 olim
1612 5055 2061 5116 subducendum

417 5128 659 5195 curavit,
702 5134 767 5182 ut
824 5126 1216 5199 inferioribus
1256 5126 1504 5199 aequius
1542 5127 1884 5199 provideret.
1918 5131 2063 5186 Huic

416 5216 587 5271 porro
614 5198 894 5271 divisioni
914 5215 1046 5253 cum
1101 5196 1339 5271 acriter'
1371 5196 1937 5271 restitissentgiidem
1968 5219 2061 5256 ca-

415 5268 630 5335 nonici,
665 5270 975 5325 Ratherius
1026 5273 1089 5322 ut
1136 5268 1511 5324 inferioribus
1562 5269 1788 5326 clericis
1828 5273 1942 5327 alia
1970 5273 2064 5328 via

413 5341 794 5415 prospiceret,
827 5339 1071 5395 abstulit
1100 5357 1133 5415 a
1163 5340 1362 5415 decem
1423 5341 1719 5415 canonicis
1750 5359 1819 5397 ea
1843 5344 2059 5415 benefi-

413 5410 897 5484 cia,q'uzeipseex
934 5428 1039 5466 suo
1079 5411 1299 5467 eisdem
1351 5411 1713 5484 contulerat;
1741 5430 1806 5469 ac
1838 5431 1907 5470 ex
1930 5414 2063 5470 isto-

411 5482 993 5554 rum‘beneﬁciorum
1037 5487 1199 5554 parte
1257 5483 1542 5554 quosdam
1597 5483 1901 5541 inferiores
1950 5485 2062 5541 cle-

413 5554 566 5612 ricos
599 5551 1177 5629 _a_leudos___decrevit
1226 5551 1615 5629 eoHJudicato,
1655 5557 1829 5629 quod
1858 5628 1861 5629 ν
1889 5562 2061 5629 antea

410 5622 826 5717 praemisimus.
855 5623 946 5687 Illi
970 5642 1102 5689 vero
1133 5625 1241 5689 etsi
1297 5623 1372 5687 iis
1422 5622 1726 5692 beneﬁciis
1756 5627 1868 5691 sibi
1899 5628 2059 5692 aute-

2173 2984 2566 3052 persequentur
2602 2996 2692 3035 vos
2744 2978 2969 3051 (Ibid.):

2194 1827 2355 1898 quid,
2391 1826 2653 1899 inquam,
2689 1825 2818 1894 erit,
2854 1826 2902 1882 si
2932 1826 3130 1882 audito
3175 1824 3705 1883 misericordissimi
3737 1826 3821 1882 Dei

2194 1914 2484 1987 promisso
2544 1914 2834 1971 dicentis:
2889 1914 2951 1971 Si
3004 1915 3378 1975 revertamini
3434 1922 3487 1971 et
3536 1916 3819 1988 quiescatis,

2189 2006 2334 2059 salvi
2360 2006 2544 2060 erilis.
2570 2007 2631 2060 In
2657 2005 2879 2060 silentio
2910 2006 2966 2059 ei
2991 2006 3051 2058 in
3101 2019 3194 2076 spe
3242 2012 3348 2059 erit
3376 2004 3637 2077 fortitudo
3664 2013 3819 2060 vestra

2190 2092 2315 2166 (Isa.
2350 2110 2482 2160 xxx,
2518 2094 2604 2160 15)
2639 2111 2651 2161 ;
2687 2096 2859 2164 atque
2908 2096 3042 2164 post
3092 2108 3281 2164 pauca
3309 2110 3322 2148 :
3356 2097 3639 2165 Exspectat
3664 2093 3819 2149 Domi-

2188 2199 2314 2237 nus.
2348 2189 2410 2237 ut
2452 2182 2782 2237 misereatur
2828 2182 2996 2236 vestri
3045 2180 3227 2254 (Ibid,
3259 2183 3390 2250 18);
3426 2179 3821 2253 parvipenditis

2190 2269 2356 2335 illud,
2377 2271 2640 2326 moribus
2672 2270 2892 2342 utique,
2927 2269 3057 2325 etsi
3088 2287 3202 2325 non
3234 2269 3452 2338 verbis,
3486 2269 3817 2342 responden-

2187 2364 2296 2425 tes,
2330 2362 2705 2432 Nequaquam,
2734 2358 2825 2414 scd
2855 2359 2926 2413 ad
2977 2374 3136 2430 equos
3183 2359 3463 2429 fuyicmus
3518 2356 3694 2431 (Ibid.,
3720 2358 3818 2428 16),

2186 2465 2336 2519 quos
2358 2448 2558 2520 utique
2589 2452 2852 2519 potentes
2883 2447 3194 2519 quoslibet,
3214 2463 3472 2519 quorum
3503 2446 3819 2520 patrociniis

2186 2537 2277 2592 {isi
2329 2538 2511 2607 (1146)
2555 2535 3011 2592 ecclesiasticam
3070 2540 3194 2592 tam
3252 2535 3657 2609 nullipenditis
3707 2536 3814 2591 dis-

2185 2625 2485 2697 ciplinam,
2516 2626 2677 2681 482
2708 2626 2788 2680 nil
2820 2626 3016 2682 obstat
3064 2624 3313 2697 intelligi
3342 2643 3356 2682 :
3391 2625 3649 2697 [subaudi
3672 2628 3724 2682 et
3751 2624 3813 2694 si]

2184 2715 2529 2770 auctoritate
2558 2731 2717 2787 papae
2749 2714 3010 2787 Gregorii
3048 2713 3226 2769 etiam
3274 2715 3350 2769 ad
3384 2714 3636 2771 litteram
3666 2712 3812 2770 vobis

2182 2803 2493 2859 Dominum
2538 2804 2888 2874 respondere
2935 2802 3263 2875 contigerit.
3321 2803 3445 2860 Ideo
3492 2805 3727 2876 [ugietis.
3757 2803 3813 2856 Et

2179 2908 2343 2963 super
2369 2893 2572 2947 veloces
2619 2891 3006 2959 aseendemus;
3046 2891 3165 2946 ideo
3212 2891 3507 2948 velociores
3551 2899 3702 2948 erunt
3728 2890 3811 2964 qui

3030 2978 3339 3035 vindicans
3401 2979 3807 3036 immanitatem

2179 3068 2511 3124 rebellionis
2541 3068 2746 3140 utique
2776 3072 2978 3124 vestrae
3028 3068 3454 3140 temporaliter,
3489 3086 3560 3125 ne
3588 3069 3807 3125 damnet

2182 3211 2381 3292 rendis
2413 3209 3269 3292 quodammodopraebuissent
3304 3228 3631 3292 assensum,
3664 3210 3811 3291 dum-

2180 3283 2354 3337 modo
2385 3280 2695 3353 episcopus
2737 3280 3068 3338 redditibus
3116 3283 3538 3354 canonicorum
3584 3280 3811 3354 propriis

2180 3351 2471 3424 parceret;
2503 3351 2636 3407 eum
2667 3357 2862 3408 tamen
2895 3360 3023 3423 post
3075 3351 3392 3411 Judicalu'n
3429 3372 3492 3411 se
3536 3351 3600 3424 in
3623 3351 3811 3424 iis—dem

2180 3422 2305 3479 suis
2336 3424 2663 3479 redditibus
2690 3428 2847 3479 tutos
2895 3422 3187 3491 viderunt,
3222 3426 3510 3481 beneﬁcia
3555 3423 3660 3480 sibi
3689 3422 3810 3478 olim

2179 3496 2411 3570 collata,
2444 3512 2509 3550 ac
2542 3495 2685 3570 dein
2706 3495 2901 3570 ablata
2942 3502 3220 3567 tanquam
3275 3513 3388 3552 sua
3437 3495 3806 3570 praeferentes,

2176 3567 2486 3638 Iudicatum
2544 3566 2996 3638 rescindendum
3062 3564 3361 3638 curarunt
3408 3564 3698 3638 {hacque
3750 3564 3811 3638 de

2179 3654 2359 3710 causa
2387 3637 2728 3710 episcopum
2747 3636 3219 3710 accusationibus
3237 3634 3651 3710 impetiverunt
3673 3634 3809 3709 apud

2178 3708 2551 3774 Caesarem,et
2582 3708 2832 3763 missum
2866 3708 2939 3762 ab
2969 3724 3037 3764 eo
3067 3708 3452 3781 expetierunt,
3478 3709 3581 3781 qui
3610 3710 3676 3763 de
3704 3708 3810 3762 tota

2179 3797 2358 3852 causa
2406 3784 2781 3851 cognosceret
2827 3779 3304 3852 atquegreferret,
3338 3779 3523 3852 eoque
3571 3779 3809 3852 ipsorum

2180 3851 2486 3922 molimina
2516 3855 2943 3922 processere,ut
2972 3850 3127 3905 idem
3155 3850 3475 3907 Iudicatur}:
3505 3850 3812 3922 tan'demex

2180 3919 2416 3994 speciali
2448 3919 2813 4002 imperatoris
2844 3922 3123 4002 mandato
3153 3919 3809 4002 rescisum_t'uerit.S_tips

2177 3992 2314 4066 ergo
2344 3992 2643 4066 canonicis
2674 3992 3036 4066 delegata,de
3066 4009 3179 4064 qua
3202 3993 3492 4066 canonici,
3514 3992 3813 4066 quereban—

2178 4063 2415 4123 tui-mon
2449 4063 2638 4135 solum
2670 4063 3033 4135 intelligendi
3064 4063 3203 4119 sunt
3234 4065 3502 4120 redditus
3531 4063 3810 4120 cathedra-

2177 4135 2252 4192 lis
2282 4134 2407 4191 loco
2439 4134 2773 4207 accipienda
2801 4134 3220 4207 eaibenelicia,
3255 4151 3387 4207 quas
3421 4134 3806 4207 Ratheriusex

2178 4224 2289 4262 sua
2334 4205 2743 4278 paupertatula
2786 4205 3007 4261 eisdem
3066 4205 3459 4275 concesserat,
3517 4211 3577 4264 et
3630 4206 3812 4278 postea

2148 4337 2154 4343 ,
2179 4277 2520 4334 abstulerat.

2249 4348 2433 4420 (1146)
2464 4347 2757 4420 Canonici,
2792 4350 2855 4401 ut
2881 4346 3173 4420 Ratherio
3202 4347 3592 4420 (obsisterent,
3624 4348 3808 4419 poten-

2178 4417 2326 4475 tium
2362 4417 2683 4491 patrocinia
2714 4417 3092 4489 quesierunt.
3113 4417 3804 4491 VidegDiseordiaminum.‘

2096 4511 2142 4575 ί)
2251 4485 2546 4575 Δ(ὶρςὶξῑιιιιεεθ
2578 4485 2804 4575 autem:
2837 4505 2969 4575 quos
3014 4491 3202 4560 utique
3253 4489 3486 4575 (equos)
3536 4485 3811 4575 nil-obsta}

2176 4563 2420 4629 intelligi
2458 4561 2723 4633 quoslibet
2763 4556 3023 4633 potentes.
3077 4556 3309 4633 quorum
3330 4556 3672 4632 patrociniis
3709 4556 3806 4633 ﬁsi,

2175 4640 2291 4687 tam
2342 4626 2731 4704 nullipenditis
2763 4626 3201 4704 ecclesiasticam
3254 4626 3643 4703 disciplinam:
3672 4626 3720 4704 et
3763 4626 3807 4680 si

2175 4701 2502 4775 auctoritate
2524 4705 2692 4775 etiam
2713 4719 2894 4775 papwr
2923 4702 3175 4771 Gregorii
3218 4701 3510 4775 contigerit
3538 4701 3809 4775 Dominum

2172 4774 2501 4846 respondere
2556 4772 2821 4846 vobisitid
2877 4774 3119 4846 litteram
3148 4791 3167 4828 :
3224 4775 3345 4829 Ideo
3369 4772 3383 4775 ⁷
3412 4774 3657 4846 fugietis,
3706 4772 3805 4846 etc:

2172 4836 2581 4920 Apudlsaiam
2622 4845 2961 4920 Judaei-um
3019 4844 3141 4899 lucc
3196 4846 3373 4920 verba
3412 4836 3806 4920 suvntised‘ad

2174 4912 2351 4987 equos’
2365 4917 2659 4987 fugiamus.
2692 4915 3019 4986 Respondet
3066 4914 3388 4971 Dominus:
3422 4916 3545 4971 Ideo
3572 4912 3801 4987 fugietis.

2174 4930 2659 4987 equos'lugtemus.
2692 4930 3019 4986 uesponaet
3066 4930 3388 4971 Dominus:
3422 4930 3545 4971 meo
3572 4930 3800 5038 fugiens.

2172 4992 2512 5057 Sequuntur
2540 4985 2662 5040 illi:
2696 4988 2758 5041 Et
2781 5004 2947 5056 super
2973 4987 3174 5042 veloces
3218 4987 3588 5042 aseendemus.
3669 4997 3800 5057 epo-

2171 5055 2596 5131 nit_Dominus:
2630 5057 2752 5131 Ideo
2772 5055 3060 5113 velociores
3089 5061 3270 5126 erunt,
3302 5060 3400 5129 qui
3427 5055 3803 5131 persequentur

2171 5145 2283 5184 vos.
2317 5129 2465 5183 Mille
2494 5128 2742 5183 homines
2787 5146 2822 5182 a
2866 5131 3012 5199 facie
3054 5131 3280 5185 terroris
3307 5126 3508 5194 'uni'us,
3539 5137 3589 5182 et
3613 5144 3645 5182 a
3670 5126 3803 5195 facie

2172 5202 2397 5255 terroris
2431 5200 2671 5271 quinque
2696 5198 2938 5271 fugietis,
2972 5205 3081 5255 etc.
3132 5200 3278 5255 Hinc
3336 5198 3595 5271 Ratherii
3625 5201 3801 5271 textus

2172 5264 2710 5353 emendandus-seu
2741 5264 3397 5353 explicandusvidetur.
3435 5269 3629 5353 innuit
3654 5264 3797 5353 enim

2171 5341 2396 5415 clericis
2427 5339 2743 5415 rebellibus
2774 5339 2919 5397 nihil
2940 5344 3247 5415 profutura
3270 5342 3597 5415 potentium
3629 5340 3799 5415 patro-

2169 5414 2322 5469 cinia
2353 5417 2558 5469 contra
2590 5412 2917 5485 Dominum,
2940 5405 3051 5485 .qui
3081 5405 3289 5470 eodeni
3315 5413 3510 5485 modo,
3537 5405 3647 5485 quo
3669 5405 3795 5462 olim

2170 5485 2447 5549 Hebraeis,
2479 5485 2831 5558 respondere
2862 5480 3009 5558 ipsis
3037 5485 3268 5557 poterit,
3305 5480 3592 5541 Vindicans
3619 5480 3797 5537 imma-

2167 5558 2397 5617 nitatem
2427 5556 2741 5617 rebellionis
2768 5556 2976 5631 vestrw,
3009 5556 3120 5618 etc.
