4058 6170
495 320 611 380 619

1411 313 1789 377 RATHERII
1835 309 2080 373 EPISC.
2127 308 2414 372 VERON.
2461 306 2635 371 OPP.
2680 306 2886 371 PARS
2932 307 2980 371 Ῑ.

3732 314 3823 379 620

490 451 625 506 audi
652 450 837 521 sunt],
890 449 991 522 qui
1042 452 1254 522 putant
1301 449 1515 507 Judam
1563 452 1705 503 tunc
1750 445 2011 518 primum
2057 458 2152 514 pe-
2181 445 2235 510 Α
2264 441 2388 497 rius
2445 444 2552 497 est.
2587 441 2728 506 Quis
2787 458 2924 516 ergo
2974 442 3222 501 clericus
3277 444 3399 502 est?
3446 443 3660 503 Adulter
3703 448 3827 507 enim

492 538 690 610 riisse,
725 538 961 610 quando
1000 539 1182 594 miser
1210 537 1523 593 Dominum
1553 534 1834 604 vendidit,
1868 550 2001 591 cum
2026 532 2152 603 jam

493 626 633 682 olim
665 644 801 682 cum
851 626 1131 700 apostolis
1187 642 1429 699 corpore
1478 624 1838 682 constitutus
1894 620 2149 695 perierit,

494 716 729 788 quando
760 715 983 772 scilicet
1019 715 1269 772 avaritiae
1314 714 1639 771 inebriatus
1668 727 1912 779 veneno,
1945 707 2153 766 tandiu

494 821 611 860 non
642 805 865 861 destitit
893 804 1123 861 lucrum
1169 804 1355 869 sitire,
1380 805 1563 859 donec
1609 800 1939 858 miserrimo
1966 799 2037 854 ad
2070 797 2153 852 1a-

496 909 715 965 queum
733 894 1098 966 contingeret
1112 892 1432 965 pervenire.
1457 886 2151 961 Diebus,inquiunt,istis,

498 998 616 1037 non
641 998 748 1053 per
768 982 966 1037 omnia
988 981 1226 1049 falsum,
1243 981 1345 1037 sed
1368 979 1904 1050 ostensione,quam
1930 975 2156 1032 actione

498 1070 695 1142 potius
724 1087 947 1127 verum.
976 1071 1298 1126 Monstrato
1329 1069 1546 1141 quippe
1567 1067 1707 1139 quid
1736 1067 1814 1121 sit
1841 1063 2151 1131 discordia,

498 1176 802 1230 nunquam
833 1159 989 1215 inter
1013 1174 1105 1213 me
1127 1164 1179 1213 et
1202 1157 1336 1213 illos
1357 1157 1702 1229 probabitur
1721 1155 1902 1210 fuisse
1924 1168 2157 1208 concor-

499 1247 618 1315 dia,
642 1248 920 1318 prodente
942 1247 1264 1318 praesertim
1287 1246 1397 1300 hoc
1423 1244 1880 1315 traditione,qua
1900 1258 1992 1297 me
2020 1241 2155 1295 hinc

492 1337 618 1407 jam
642 1335 826 1407 (4154)
845 1334 1214 1406 pepulerunt,
1235 1332 1479 1388 trifaria.
1500 1333 1717 1388 Eadem
1740 1346 1993 1402 namque
2011 1327 2157 1384 velle

503 1429 680 1496 atque
703 1423 1151 1494 nolle(1155),ea
1171 1423 1408 1478 demum
1434 1420 1694 1476 amicitia
1716 1420 1963 1490 si,juxta
1987 1417 2154 1472 illum

501 1512 602 1584 qui
620 1512 728 1567 hoc
750 1511 1027 1584 primitus
1049 1511 1214 1578 dixit,
1230 1515 1319 1567 est
1336 1510 1535 1577 ﬁrma;
1559 1508 1648 1564 vel
1673 1508 1746 1576 si,
1760 1508 1931 1579 juxta
1950 1506 2153 1575 alium,

498 1600 776 1656 humanae
804 1598 1075 1654 amicitiae
1108 1615 1277 1671 pares
1308 1597 1538 1653 animos
1566 1596 1721 1653 486
1748 1602 1805 1651 et
1834 1612 1951 1650 non
1982 1593 2156 1649 dissi-

497 1689 670 1745 miles
700 1691 978 1761 expetunt
1008 1687 1151 1743 adeo
1175 1687 1526 1755 voluntates,
1549 1689 1616 1740 ut
1645 1700 1947 1756 nunquam
1980 1681 2160 1738 diver-

501 1779 647 1833 sitas
664 1794 893 1832 morum
909 1776 981 1832 ad
1000 1777 1232 1831 ﬁrmam
1251 1775 1437 1847 possit
1455 1773 1751 1845 pervenire
1763 1770 2155 1837 concordiam;

501 1882 807 1938 nunquam
835 1863 924 1919 vel
955 1865 1111 1936 apud
1162 1880 1257 1919 me
1283 1862 1374 1918 vel
1405 1862 1560 1934 apud
1593 1861 1725 1916 illos
1776 1858 2156 1915 stabilitatem

503 1953 761 2009 amicitia
791 1969 1024 2025 semper
1051 1951 1347 2007 contraria
1370 1951 1614 2022 cupiens
1644 1948 1927 2014 obtinere,
1957 1952 2021 2003 ut
2039 1964 2154 2002 non

501 2041 685 2097 valuit
708 2045 928 2108 nostra,
956 2040 1038 2096 ita
1067 2054 1301 2111 quoque
1328 2037 1620 2110 nequibit;
1647 2053 1782 2093 cum
1814 2035 1899 2091 illi
1926 2052 2158 2108 semper

502 2128 988 2186 consuetudinem
1019 2142 1475 2195 antecessorum,
1506 2126 1880 2199 pontiﬁcibus
1910 2126 2036 2182 suis
2066 2125 2155 2180 in-

502 2223 798 2276 cessanter
816 2217 1147 2284 rebellium,
1169 2215 1387 2272 sanctis
1409 2220 1465 2271 et
1490 2233 1523 2271 a
1543 2216 1658 2272 Deo
1681 2214 1928 2271 decretis
1951 2218 2157 2287 praetu-

501 2305 678 2361 lerint
709 2304 1062 2372 canonibus;
1099 2319 1204 2375 ego
1235 2307 1469 2360 sanctos
1496 2305 1554 2358 et
1577 2320 1611 2358 a
1635 2303 1750 2358 Deo
1782 2303 2046 2358 decretos
2067 2319 2157 2356 ca-

500 2411 683 2451 nones
714 2412 747 2450 a
787 2392 1016 2450 diabolo
1071 2392 1324 2449 inventis
1382 2391 1773 2464 praeferendos
1829 2390 2156 2463 putaverim

498 2483 728 2539 usibus.
753 2481 1082 2537 Prohibitas
1104 2482 1261 2537 enim
1283 2480 1343 2536 in
1370 2480 1602 2537 Nicaana
1629 2479 1851 2553 synodo
1882 2478 2157 2535 mulieres

499 2577 618 2628 tam
653 2568 1235 2635 consuetudinaliter,
1255 2575 1494 2641 tamque
1527 2567 1756 2640 publice
1778 2568 2011 2635 habere,
2033 2571 2154 2624 tam

502 2660 854 2733 parvipensa
869 2657 969 2713 Dei
995 2662 1051 2712 et
1068 2657 1378 2713 hominum
1409 2657 1753 2727 reverentia,
1776 2657 1903 2728 ipso
1926 2673 2158 2730 quoque

502 2749 715 2803 timore
744 2746 1021 2819 gehennae
1070 2745 1130 2800 in
1177 2749 1403 2801 tantum
1456 2744 1810 2816 posthabito,
1842 2750 1907 2799 ut
1953 2748 2160 2816 putent

504 2837 648 2891 adeo
679 2834 803 2889 ﬁeri
836 2852 950 2889 non
1002 2835 1173 2889 modo
1206 2833 1399 2899 licere,
1425 2833 1522 2888 sed
1568 2833 1744 2889 etiam
1775 2838 2058 2904 oportere,
2093 2838 2160 2890 ut

505 2940 676 2980 nemo
708 2923 819 2978 hoc
850 2923 1033 2977 facere
1056 2922 1341 2991 devitans,
1356 2921 1623 2977 videatur
1650 2921 1736 2976 eis
1754 2922 2009 2992 pessimo
2034 2921 2154 2992 illo,

505 3013 660 3085 quod
692 3010 1006 3084 Apostolus
1036 3010 1097 3065 in
1125 3008 1386 3082 Epistola
1424 3010 1497 3065 ad
1542 3010 1834 3066 Romanos
1873 3014 2159 3067 memorat

506 3105 679 3171 (Rom.
711 3118 751 3168 ι,
782 3101 896 3167 27),
930 3098 1144 3155 scelere
1193 3114 1365 3171 posse
1396 3114 1608 3166 carere,
1634 3115 1750 3154 non
1793 3097 1900 3154 tibi
1931 3099 2159 3156 videtur

506 3189 807 3246 diabolum
856 3187 1187 3244 invenisse?
1218 3188 1307 3252 Et,
1340 3202 1373 3243 o
1422 3191 1627 3243 sancta
1671 3191 1730 3243 et
1777 3187 2158 3245 immaculata

499 3278 795 3352 virginum
843 3276 1151 3349 pudicitia,
1183 3277 1369 3348 (1156)
1401 3292 1579 3348 quam
1628 3280 1687 3332 et
1728 3280 1793 3331 tu
1841 3293 2155 3350 nusquam,

498 3368 549 3425 si
582 3367 691 3424 hoc
742 3381 945 3423 verum
989 3369 1098 3434 est,
1131 3364 1259 3420 sine
1287 3364 1532 3420 infamia
1564 3364 1667 3420 es?
1698 3364 1883 3429 Quam
1933 3366 2159 3438 perdita

499 3459 941 3513 tonsuratorum
989 3453 1341 3511 universitas
1369 3457 1513 3525 tota,
1547 3452 1597 3509 si
1640 3470 1810 3510 nemo
1841 3454 1900 3509 in
1928 3453 2012 3509 eis
2056 3454 2158 3527 qui

495 3563 613 3601 non
646 3550 749 3601 aut
795 3543 944 3600 487
983 3542 1232 3610 adulter,
1265 3546 1367 3598 aut
1417 3542 1496 3597 sit
1544 3541 1919 3614 arsenoquita
1949 3543 2152 3615 (1157).

490 3634 736 3691 Adulter
765 3632 922 3690 enim
971 3631 1142 3688 nobis
1181 3636 1291 3701 est,
1327 3631 1427 3704 qui
1479 3635 1683 3687 contra
1729 3647 1979 3687 canones
2010 3648 2152 3688 uxo-

491 3827 638 3866 nens
656 3825 713 3863 n.
735 3809 786 3875 4,
800 3824 960 3881 eme.
977 3807 1332 3881 Erisingensi
1350 3807 1597 3881 transcri
1605 3809 1985 3881 ptumaccepi
1994 3826 2148 3881 mus.

489 3881 794 3951 Directum‘
816 3877 924 3932 fuit
952 3878 1031 3951 ad
1052 3877 1427 3934 Ambrosium
1455 3877 1685 3934 Ottonis
1721 3879 1742 3933 Ι
1775 3877 2147 3951 imperatoris

489 3948 1032 4023 cancellarium,_uti
1080 3951 1457 4023 ostendemus
1502 3953 1621 4023 no__t_.
1659 3951 1817 4023 1182.
1850 3948 2143 4023 Scriptum

487 4026 748 4092 tempore
779 4018 1244 4089 Quadragesimze
1276 4018 1656 4092 probantgilla
1693 4036 1752 4074 n.
1782 4022 1819 4074 7
1852 4038 1864 4075 :
1895 4018 2002 4077 Per
2028 4039 2145 4078 om-

486 4109 582 4149 nes
606 4090 738 4147 sane
780 4106 1071 4157 sermones,
1105 4106 1236 4163 quos
1276 4090 1479 4215 jugulo
1529 4090 1642 4146 ista
1690 4092 2144 4164 quadragesima

488 4164 618 4215 feci.
651 4166 757 4215 etc.
783 4162 925 4215 Cum
959 4178 1089 4215 vero
1127 4177 1289 4215 num.
1364 4205 1377 4215 .
1409 4161 1764 4215 Auaustalem
1806 4164 2144 4215 voluntatem

488 4164 618 4230 feci,
651 4166 757 4218 etc.
783 4162 925 4218 Cum
959 4178 1089 4217 vero
1108 4161 1289 4215 'num.
1323 4161 1377 4230 6,
1409 4161 1764 4231 Augustatem
1806 4161 2144 4220 voluntatem

488 4236 558 4291 de
607 4233 1026 4290 mulierositate
1073 4231 1425 4305 dimittenda
1452 4231 1511 4286 in
1548 4232 1868 4305 Ravennati
1922 4236 2144 4305 synodo

487 4306 776 4363 celebrata
798 4321 999 4361 mense
1023 4302 1205 4375 Aprili
1236 4303 1375 4375 anni
1403 4304 1510 4359 967
1540 4302 1894 4375 declaratam
1929 4302 2145 4362 memo-

484 4384 591 4446 ret,
648 4381 714 4432 ut
762 4377 975 4432 ibidem
1022 4374 1403 4446 probabimus
1452 4379 1570 4431 not.
1608 4374 1777 4445 1169;
1809 4381 1867 4432 et
1912 4394 2075 4432 num.
2109 4379 2144 4433 8

482 4447 840 4506 mentionem
888 4445 1063 4502 faciat
1107 4445 1349 4502 Judicati
1379 4445 1518 4501 editi
1576 4462 1778 4502 mense
1831 4448 2143 4504 Novembri

481 4512 617 4576 anni
660 4519 965 4590 ejusdem;
1017 4515 1212 4589 palam
1259 4518 1322 4573 ﬁt
1374 4517 1484 4573 hoc
1534 4516 1885 4589 cpusculum
1941 4536 2139 4576 exara-

476 4596 607 4646 tum
650 4589 831 4645 fuisse
880 4589 937 4644 in
980 4589 1441 4654 Quadragesima
1491 4588 1630 4644 anni
1676 4588 1803 4654 968,
1832 4607 1967 4646 cum
2017 4590 2139 4646 haec

1788 4631 1803 4657 7

479 4662 558 4717 sit
591 4659 1078 4744 ‘Quadrag‘esima.
1112 4659 1245 4732 post
1292 4660 1689 4744 Ravennatem
1730 4661 2048 4744 synodum,
2077 4665 2136 4744 et
2163 4669 2212 4735 1)

2260 529 2507 586 clericus
2539 530 2699 586 nullo
2739 533 2932 599 modo,
2965 532 3063 588 ille
3093 532 3239 590 alter
3269 534 3442 608 (1158)
3469 535 3634 592 multo
3673 537 3830 596 minus

2260 623 2369 675 est.
2403 619 2464 674 Si
2494 619 2652 675 enim
2697 619 2946 677 clericus
2993 622 3123 678 ideo
3169 622 3397 692 dicitur,
3429 625 3571 696 quod
3612 625 3673 681 de
3710 632 3830 683 sorte

2262 709 2340 765 sit
2371 708 2635 777 Domini;
2670 709 2825 780 quod
2879 727 3021 784 rogo
3072 713 3425 769 consortium
3454 712 3645 786 aliquis
3685 720 3835 787 potest

2261 796 2477 853 habere
2508 813 2642 852 cum
2672 798 2942 865 Domino,
2964 798 3024 854 in
3049 801 3374 873 unoquovis
3402 801 3627 858 istorum
3655 816 3834 876 perma-

2264 901 2411 942 nens
2458 885 2713 957 ﬂagitio?
2746 887 2841 941 Vae
2874 887 3117 960 insuper
3160 888 3606 945 Christianorum
3645 906 3835 964 genera-

2263 974 2432 1039 litati,
2467 974 2518 1030 si
2556 976 2727 1045 juxta
2755 975 3205 1034 aastimationem
3234 978 3477 1034 istorum
3507 993 3659 1034 nemo
3694 980 3838 1052 possit

2264 1063 2416 1119 inter
2443 1079 2543 1118 eos
2593 1062 2864 1129 inveniri,
2889 1065 2989 1138 qui
3016 1082 3134 1122 non
3165 1067 3241 1123 sit
3295 1070 3395 1122 aut
3446 1067 3714 1140 hypocrita
3736 1084 3837 1124 cum

2264 1151 2593 1216 Pharisaais,
2612 1158 2711 1208 aut
2732 1153 3088 1211 Publicanus
3113 1172 3246 1211 cum
3269 1155 3528 1212 ethnicis.
3549 1155 3838 1213 Publicanus

2264 1240 2420 1295 enim
2451 1244 2558 1306 est,
2576 1241 2677 1313 qui
2700 1241 2928 1297 adulter
2955 1242 3189 1315 publice
3217 1247 3334 1311 est;
3357 1244 3637 1317 hypocrita
3654 1248 3745 1311 est,
3762 1243 3840 1317 qui

2264 1330 2377 1383 sub
2407 1328 2580 1400 pallio
2612 1328 2911 1403 religionis
2931 1331 3481 1404 irreligiosissimus,
3503 1332 3604 1388 sub
3630 1332 3840 1405 clamyde

2265 1417 2551 1474 castitatis
2581 1418 2862 1488 incestus,
2887 1420 2996 1476 sub
3029 1424 3311 1492 praetextu
3334 1421 3571 1492 justitize
3597 1420 3840 1492 iniquissi-

2266 1522 2400 1561 mus
2430 1510 2537 1562 est.
2577 1507 2709 1563 Ideo
2739 1524 2873 1563 vero
2903 1508 3259 1581 superlativo
3289 1514 3488 1565 contra
3527 1509 3685 1565 istum
3721 1525 3840 1565 com-

2266 1594 2587 1665 parationis
2633 1595 2875 1651 invehor
2904 1598 3115 1670 gradu,
3148 1598 3289 1671 quia
3334 1615 3447 1654 non
3494 1597 3657 1654 semel
3697 1596 3840 1654 recolo

2265 1680 2481 1737 lectum
2516 1698 2529 1737 :
2563 1682 2920 1740 Simulatores
2957 1689 3010 1741 ei
3055 1687 3249 1742 callidi
3290 1695 3574 1759 provocant
3614 1688 3737 1742 iram
3773 1687 3844 1741 Dei

2266 1770 2410 1842 (Job.
2433 1788 2625 1841 xxxvr,
2650 1774 2758 1843 13).
2784 1773 2901 1829 Hoc
2933 1774 3013 1829 ita
3040 1791 3103 1831 se
3132 1775 3385 1831 habente
3426 1792 3555 1832 cum
3582 1773 3843 1848 hypocrisis

2263 1863 2321 1914 et
2349 1858 2762 1916 incestuositas
2791 1860 2962 1935 longe
2993 1864 3330 1935 praecellant
3357 1864 3470 1920 alia
3488 1864 3544 1920 in
3565 1863 3749 1921 scelere
3767 1862 3843 1918 cri-

2267 1947 2445 2014 mina,
2470 1965 2537 2004 eo
2568 1952 2773 2006 caetera
2799 1955 2939 2007 sunt
2966 1952 3252 2024 graviora,
3281 1970 3395 2025 quo
3424 1952 3604 2027 magis
3628 1951 3838 2025 publica:

2264 2033 2366 2091 illa
2393 2036 2551 2092 enim
2595 2037 2750 2094 solos
2780 2039 3141 2096 interﬁciunt
3183 2047 3532 2114 operatores,
3554 2041 3654 2098 ista
3677 2044 3725 2097 et
3743 2055 3840 2112 ope-

2266 2129 2488 2182 ratores
2541 2132 2769 2198 necant,
2817 2132 2874 2183 et
2920 2128 3455 2187 consideratoribus
3510 2133 3711 2187 nocent.
3736 2127 3842 2195 Quia

2265 2212 2421 2269 enim
2453 2231 2565 2270 non
2600 2215 2814 2272 habent
2847 2216 3087 2273 latentia
3107 2224 3348 2292 peccata
3369 2219 3663 2293 judicium,
3682 2218 3738 2274 de
3755 2232 3841 2275 ma-

2266 2301 2494 2358 nifestis
2524 2303 2684 2376 loqui
2735 2305 3011 2363 omnibus
3044 2308 3403 2378 conceditur,
3437 2309 3507 2365 de
3552 2304 3839 2365 absconditis

2267 2389 2433 2446 nulli.
2458 2391 2519 2447 Si
2549 2392 2727 2462 enim,
2748 2398 2815 2449 ut
2835 2395 2963 2465 jam
3000 2396 3339 2470 contingere
3378 2398 3578 2471 potuit,
3607 2396 3720 2470 quis
3743 2410 3839 2451 cum

2266 2480 2485 2550 pecude
2515 2480 2775 2552 quolibet
2796 2482 2855 2537 in
2878 2483 3113 2557 angulo,
3137 2484 3264 2542 solo
3288 2486 3402 2543 Deo
3423 2492 3577 2544 coeat
3603 2487 3837 2546 cernente;

2267 2569 2327 2622 tu
2358 2584 2461 2640 per
2489 2569 2883 2641 suspicionem
2910 2575 3144 2629 tantum
3173 2573 3314 2632 inde
3344 2591 3477 2632 eum
3504 2575 3773 2648 vituperas,
3791 2572 3843 2625 ut

2266 2656 2453 2713 facere
2484 2661 2715 2730 poteras
2766 2659 2968 2733 utique
3013 2662 3062 2718 si
3109 2662 3400 2736 vidisses;
3432 2664 3567 2737 quid
3611 2662 3733 2735 agis,
3758 2657 3841 2715 nisi

2268 2746 2423 2817 quod
2455 2745 2637 2803 solius
2668 2746 2778 2804 Dei‘
2801 2753 2912 2816 est,
2945 2750 3051 2806 tibi
3084 2754 3382 2826 usurpas?
3408 2753 3543 2822 Quis
3570 2755 3737 2809 autem
3757 2764 3842 2805 non

2264 2834 2417 2890 valet
2445 2837 2515 2891 de
2545 2836 2741 2908 aliquo
2774 2839 2927 2910 quod
2960 2838 3110 2895 volet
3139 2843 3507 2915 conﬁngere?
3536 2843 3597 2897 Et
3621 2842 3682 2896 ob
3707 2852 3841 2911 quam

2265 2939 2334 2978 ex
2361 2939 2422 2978 se
2454 2923 2598 2980 alios
2623 2930 2867 2982 conatur
2897 2928 3111 2996 metiri,
3139 2930 3242 3001 qui
3266 2948 3383 2987 non
3414 2934 3571 3005 putat
3596 2928 3718 2986 alios
3741 2924 3844 2981 alto-

2187 1811 2235 1875 B

2266 3010 2389 3067 rius
2414 3013 2571 3068 modi
2595 3030 2767 3086 posse
2790 3014 3056 3085 existere,
3081 3016 3196 3073 nisi
3230 3020 3403 3092 cujus
3423 3022 3508 3077 est
3529 3020 3658 3093 ipse,
3678 3013 3841 3072 rustico

2264 3099 2365 3157 illo
2395 3117 2509 3156 non
2539 3101 2590 3157 ei
2622 3102 3093 3162 disconveniente
3124 3105 3410 3164 nimirum
3452 3100 3843 3183 proverbiozﬂui

2187 3171 2230 3239 C
2263 3191 2375 3262 [uit
2405 3191 2465 3245 in
2483 3191 2670 3262 furno,
2699 3208 2856 3264 pares
2883 3209 3012 3250 suos
3040 3195 3187 3251 inibi
3214 3174 3457 3268 quaerit!

2335 3283 2390 3335 2.
2424 3279 2493 3334 Et
2548 3278 2664 3335 ista
2717 3280 2956 3354 quidem
3008 3283 3207 3340 omnia
3265 3286 3453 3343 facere
3479 3284 3560 3343 vel
3612 3280 3745 3355 loqui
3767 3294 3841 3353 per

2266 3382 2439 3422 usum
2464 3370 2665 3424 contra
2689 3373 2955 3441 pastores
2982 3370 3265 3431 rebellare
3294 3391 3399 3447 per
3426 3390 3590 3432 usum
3617 3369 3746 3445 quod
3769 3383 3840 3441 ἔθ’

2266 3453 2540 3511 neraliter
2567 3457 2844 3514 omnibus
2890 3462 2981 3515 est
3011 3458 3243 3519 clericis
3274 3462 3613 3535 delegatum,
3634 3461 3702 3515 ita
3737 3456 3842 3512 ina-

2265 3543 2516 3616 qualiter
2531 3549 2586 3600 et
2608 3562 2709 3618 per
2725 3547 3092 3605 massaritias
3106 3550 3640 3621 (1159)dividerc,ut
3656 3546 3839 3620 quidam

2262 3632 2497 3688 illorum
2529 3632 2666 3690 inde
2698 3635 2841 3690 ﬁant
2890 3651 2958 3692 ex
3005 3639 3402 3711 pauperrimis
3449 3629 3839 3711 locupletissimi,

2259 3809 2574 3892 dissimiles,
2597 3820 2658 3867 ut
2675 3811 2965 3869 diversitas
2978 3831 3199 3892 gnarum
3227 3835 3510 3892 nunquam
3529 3816 3683 3892 possit
3704 3823 3843 3892 parve;

2257 3882 2383 3936 nire
2414 3880 2730 4008 aifrmam
2759 3886 3137 3949 concordiam;
3184 3880 3476 3962 nunquam
3503 3880 3579 3946 vel
3620 3880 3743 3958 apud
3763 3894 3840 3943 me.

2257 3953 2342 4008 vel
2370 3969 2441 4008 an
2548 3954 2674 4008 illos
2702 3958 2949 4008 amicitia
2989 3967 3175 4008 nostra
3201 3976 3418 4008 semiper
3447 3962 3649 4008 mm‘ms
3673 3957 3840 4008 contra-

2257 3953 2342 4033 vel
2370 3953 2517 4033 apud
2548 3954 2674 4010 illos
2702 3958 2949 4033 amicitia
2989 3967 3175 4014 nostra
3201 3953 3418 4033 semper
3447 3953 3840 4033 cupiens

2256 4024 2380 4105 ria,
2401 4022 2463 4079 ut
2487 4040 2598 4081 non
2629 4026 2822 4105 valuit,
2853 4030 2932 4105 ita
2959 4045 3171 4101 quoque
3197 4022 3450 4104 nequibit
3477 4022 3694 4088 obtinere
3714 4022 3840 4082 δωὺίο

2258 4094 2497 4156 litatem;
2526 4113 2651 4151 cum
2680 4098 2791 4165 illi,
2825 4103 2935 4154 etc.

2328 4166 2512 4243 (1156)
2541 4166 2738 4243 Yulg.,
2771 4186 2937 4241 quam
2979 4179 3038 4226 tu
3065 4188 3361 4243 nusquam,
3393 4176 3443 4230 si
3469 4175 3561 4230 hoc
3585 4184 3746 4243 verum
3764 4166 3837 4243 εει,

2254 4234 2401 4318 apud
2424 4234 2816 4318 pergito-{vero
2849 4242 2988 4318 sine
3021 4234 3262 4318 infamia
3288 4234 3365 4312 es,
3392 4245 3587 4315 Melior
3610 4246 3690 4299 est
3709 4234 3838 4295 lectio

2252 4307 2471 4387 codicis
2507 4307 3185 4387 Frisingeusierxplica
3208 4331 3221 4370 :
3245 4307 3429 4387 Quam
3456 4310 3536 4385 ‘(id
3582 4317 3662 4371 est
3700 4322 3840 4381 (παιω-

2249 4378 2401 4460 tum)
2424 4387 2476 4460 et
2502 4383 2564 4435 tu
2591 4378 2864 4453 nusquam
2890 4385 3012 4440 sine
3034 4378 3283 4460 infamid
3299 4405 3374 4459 es,
3397 4390 3446 4444 si
3464 4378 3565 4443 hoc
3587 4393 3655 4460 est
3673 4378 3836 4460 way».

2250 4448 2615 4532 si‘nimirum
2645 4448 2849 4509 verum
2879 4459 2986 4532 est,
3020 4448 3467 4532 neminem,'qui
3497 4457 3739 4532 mulieres
3762 4448 3837 4532 de-

2248 4520 2408 4646 vitpt,
2441 4538 2637 4579 carere
2665 4541 2836 4596 posse
2881 4520 3127 4584 crimine
3156 4520 3437 4601 pessimo,
3469 4531 3525 4586 id
3570 4530 3652 4585 est
3690 4520 3836 4580 Sodo-

2249 4608 2329 4646 m1
2361 4609 2471 4646 1co.

2249 4608 2471 4648 mmco.

2316 4664 2498 4739 (1_157)
2517 4665 2886 4739 _A_rsenoquita
2915 4684 2945 4724 e
2976 4668 3173 4726 Graeco
3205 4676 3296 4727 est
3336 4669 3708 4728 masculorum
3732 4674 3837 4717 con-

434 4781 447 4787 -
474 4735 610 4816 post
653 4731 964 4787 Judicatum
994 4731 1203 4803 prima,
1237 4731 1609 4804 episcOpatus
1648 4731 1841 4787 autem
1872 4731 2131 4789 Ratherii
2164 4731 2198 4735 F
2240 4731 2492 4816 cubitorl
2516 4735 2647 4816 Mox
2676 4731 2781 4816 pro
2810 4739 2965 4795 nobis
2991 4750 3069 4797 est
3092 4743 3495 4816 apographum
3527 4739 3837 4807 Frisingenw

475 4802 704 4857 ultima.

541 4873 1029 4946 (1,154)Acherius
1049 4889 1215 4944 quam
1235 4872 1365 4929 hinc
1384 4874 1507 4946 jam
1549 4872 1917 4928 Novissimus
1946 4873 2126 4946 Spici-

470 4943 607 5017 legii
637 4943 823 5001 editor
851 4944 965 5017 etsi
990 4943 1212 5017 testium
1245 4943 1558 5000 emendare
1587 4960 1703 5017 non
1742 4961 1945 5011 ausus,
1972 4943 2125 5001 recte

469 5014 665 5089 tamen
704 5014 1286 5089 notavitlegendum,
1314 5032 1426 5089 qua
1474 5015 1740 5089 me__h_inc
1775 5017 1928 5089 jam;
1960 5020 2016 5072 et
2046 5017 2127 5089 ita

467 5087 705 5156 quidem
724 5085 1081 5144 correximus
1104 5085 1449 5142 auctoritate
1471 5085 1689 5141 codicis
1714 5085 2121 5157 Frisingensis.

468 5160 762 5229 Trifaria-m
815 5163 1010 5214 autem
1044 5158 1413 5229 traditionem,
1455 5174 1560 5229 seu
1602 5156 2001 5229 expulsionem
2052 5175 2119 5214 ex

464 5228 801 5301 episcopatu
819 5228 1137 5301 Veronensi
1159 5229 1300 5284 dum
1317 5232 1526 5301 auctor
1549 5228 1658 5283 hoc
1678 5228 1942 5301 tempore
1968 5245 2123 5285 com-

508 5299 647 5383 alat,
667 5299 873 5383 prima
913 5305 1014 5383 est.
1042 5299 1103 5354 ill
1125 5320 1143 5356 ι
1172 5302 1282 5381 sub
1314 5300 1556 5372 Hugonc
1587 5316 1741 5383 rege,
1773 5299 1958 5356 altera
2004 5301 2114 5357 sub

506 5370 769 5443 othario,
790 5389 891 5443 per
920 5371 1192 5427 Milonem
1224 5370 1549 5426 invasorem
1582 5371 1775 5443 tertia.

2240 4803 2417 4861 habet
2446 4810 2627 4862 omnis
2656 4803 2755 4865 est.

2237 4877 2695 5003 clgiiciss).Auer'
2727 4879 2786 4936 id
2826 4885 2916 4938 est
2959 4884 3341 4956 arseno(Inita
3370 4885 3549 4942 multo
3577 4879 3747 4938 minus
3769 4872 3837 4927 est

2532 5021 2857 5102 Massaritia
2914 5040 2947 5079 a
2989 5040 3201 5106 .masﬂsa
3229 5030 3609 5106 nuncupata,
3651 5014 3835 5106 δΙίΨΞίξξ

2237 5103 2579 5160 camporum
2625 5096 2901 5148 unionem
2952 5096 3273 5168 signiﬁcat;
3322 5115 3389 5154 ac
3440 5096 3716 5170 propterea
3754 5096 3834 5155 Ρθν

2233 5162 2582 5239 inassuritias
2610 5162 2864 5239 dividere
2902 5165 3057 5239 idem
3079 5170 3169 5222 est
3187 5184 3252 5224 ac
3276 5169 3529 5225 dividere
3542 5180 3634 5239 pmj
3658 5166 3831 5239 eam?“

2229 5233 2279 5313 et
2312 5232 2529 5313 vineas;
2552 5234 2707 5313 quod
2740 5234 3389 5313 ipaqualitatcmfacile
3419 5232 3731 5313 inducebat}
3758 5239 3832 5313 99'

2228 5303 2511 5382 t‘enti‘ores
2536 5303 2692 5382 enim
2724 5303 2922 5382 plures
2952 5313 3055 5382 aut
3087 5308 3356 5382 meliores
3376 5323 3603 5382 campos
3625 5303 3722 5382 sibi
3740 5303 3833 5382 vit]:

2228 5371 2527 5452 dicabant.
2550 5367 2742 5452 Hanc.
2760 5381 2956 5433 autem
2991 5379 3450 5452 inequalitatem
3480 5367 3757 5452 Hatherius
3780 5367 3831 5452 tif

746 5440 1026 5524 construe
1057 5459 1070 5498 :
1098 5443 1338 5524 Namque
1365 5443 1418 5497 si
1441 5440 1790 5524 eandenium
1839 5444 2110 5524 amicitia,
2226 5443 2298 5499 de
2334 5445 2526 5524 medio
2557 5446 2804 5518 tolleret,
2836 5465 2948 5524 non
2976 5467 3079 5524 per
3102 5440 3320 5524 campos
3348 5457 3400 5509 et
3428 5454 3623 5524 vineas,
3643 5441 3730 5500 sed
3752 5449 3831 5524 if"

446 5507 615 5588 juxta
644 5507 825 5588 illum,
859 5515 958 5588 qui
992 5515 1091 5569 hoc
1133 5507 1391 5588 primitus
1417 5513 1579 5588 diligit,
1626 5514 1791 5588 firmo
1840 5517 1939 5582 est,
1972 5507 2114 5588 velle
2222 5515 2431 5588 modios
2460 5521 2515 5572 et
2558 5507 2847 5575 mmsuras
2893 5507 3387 5579 distributio'nem’
3415 5507 3829 5588 reddituumE;

453 5574 614 5659 atque
639 5587 786 5659 nolle
808 5574 1036 5648 eadem;
1066 5574 1181 5659 vel,
1193 5586 1246 5640 si
1263 5585 1431 5655 juxta
1454 5574 1653 5651 aliuni,
1675 5574 1936 5659 humanae
1961 5586 2111 5641 ami-
2223 5585 2494 5659 ciendam
2526 5588 2585 5648 in
2614 5574 2864 5650 Judicalo
2906 5574 3689 5657 Eéiiéiiiditfv'ﬁie'iiinot.
3718 5574 3828 5641 116³

450 5656 594 5756 vitae
621 5658 752 5721 adeo
795 5660 1055 5738 expetqu
1082 5656 1295 5753 animos
1333 5671 1495 5734 pares
1539 5659 1591 5718 et
1635 5656 1945 5720 voluntates
1996 5672 2110 5719 non
2219 5661 2279 5719 et
2310 5657 2478 5722 1168.
3704 5704 3717 5713 .
