4058 6170
406 341 517 438 si

1891 389 2329 459 DlSCORDIA.

3692 414 3810 473 622

414 528 659 601 quidam
689 527 1076 597 mediocriter,
1105 530 1343 606 quidam
1374 552 1522 608 pene
1551 536 1695 593 nihil
1727 555 1796 595 ex
1824 557 1890 597 ρο
1913 542 2055 598 δορί.
2081 529 2139 595 Α
2168 530 2329 587 davit
2356 531 2614 604 digneris
2640 532 2849 591 saltem
2881 535 3102 607 audire,
3123 538 3223 595 sed
3236 539 3483 598 Judaico
3512 541 3627 600 ritu
3653 560 3815 601 man-

398 616 570 709 ‘piant
599 618 866 688 omnino,
885 636 989 692 per
1012 638 1185 678 usum
1205 627 1262 679 et
1296 625 1781 682 consuetudinem
1796 628 2053 704 illorum,

408 707 558 778 quos
593 707 828 778 jamdiu
886 707 1106 765 detinet
1162 711 1527 782 barathrum;
1562 715 1636 770 ad
1688 720 2053 789 postremum

398 795 602 852 omnia
623 796 759 867 jura
790 799 910 852 tam
941 797 1139 856 divina
1168 817 1345 872 quam
1376 801 1645 859 h’umana
1687 806 2053 877 praevaricari

396 899 501 955 per
532 900 728 951 usum,
792 901 907 940 non
965 885 1069 943 tibi
1101 905 1136 943 a
1165 889 1395 946 diabolo
1427 891 1655 947 videtur
1710 893 2053 952 inventum?

396 972 560 1037 Quod
588 988 724 1027 vero
752 972 1035 1047 scriptum
1057 975 1348 1034 invenitur
1376 979 1435 1034 in
1466 978 1593 1053 lege
1614 982 1818 1056 Moysi,
1840 988 1896 1040 et
1921 1002 2052 1057 pro-

396 1060 588 1134 phetis
618 1065 676 1116 et
705 1061 979 1134 psalmis;
1012 1065 1167 1136 quod
1210 1066 1270 1121 in
1325 1067 1655 1141 Evangelio,
1701 1072 1961 1142 Actibus,
1992 1077 2051 1130 ct

380 1146 912 1224 praedicationibus
941 1153 1361 1224 apostolorum,
1394 1157 1783 1215 decretalibus
1813 1163 2051 1233 pontifi-

397 1256 555 1306 cum,
589 1243 647 1294 et
675 1238 1196 1298 constitutionibus
1236 1260 1553 1313 canonum,
1603 1264 1718 1303 non
1751 1266 1986 1306 rursum
2016 1268 2051 1307 a

397 1327 516 1385 Deo
546 1326 654 1383 tibi
684 1327 876 1384 elucet
898 1328 1282 1402 inspiratum?
1303 1332 1459 1388 Nihil
1483 1352 1612 1391 vero
1636 1336 1696 1391 in
1716 1337 1869 1408 istis,
1892 1342 2047 1410 quod

402 1432 606 1472 eorum
640 1417 769 1488 jam
818 1417 1137 1476 nominatis
1185 1426 1466 1491 congruat
1502 1427 2047 1499 consuetudinibus,

398 1506 540 1560 dum
575 1521 833 1577 nequeas
864 1505 1144 1577 invenire;
1170 1525 1285 1581 qua
1300 1526 1399 1566 eos
1421 1511 1657 1582 judicas
1688 1514 1876 1571 vivere
1895 1513 2051 1588 lege?

396 1593 557 1649 Inter
585 1592 995 1665 prohibentem
1026 1595 1211 1668 igitur
1235 1598 1392 1665 talia,
1425 1604 1500 1667 et,
1526 1600 1575 1656 si
1597 1602 1907 1673 prohibere
1929 1622 2047 1661 non

391 1682 589 1761 audet,
622 1681 833 1759 saltem
866 1684 1388 1756 reprehendentem
1421 1689 1577 1745 .188
1606 1707 1671 1746 ac
1709 1692 2044 1764 vituperan-

390 1774 529 1839 tem,
564 1775 621 1827 et
652 1770 933 1828 iacientes
964 1771 1127 1841 talia,
1164 1791 1290 1846 quae
1323 1782 1514 1847 potest
1542 1795 1669 1834 esse
1711 1781 2041 1850 concordia,

386 1858 713 1932 praesertim
746 1876 882 1915 cum
912 1861 1196 1917 Dominus
1228 1864 1340 1919 sub
1389 1865 1776 1937 appellatione
1833 1869 2037 1941 gladii,

385 1947 579 2021 ipsam
613 1952 676 2004 ut
706 1949 963 2005 mitteret
984 1950 1212 2008 venisse
1228 1968 1290 2007 se
1303 1958 1526 2009 asserat
1545 1955 2038 2013 discordiam?Ait

388 2037 570 2107 enim,
603 2040 809 2094 notum
836 2044 944 2108 est,
979 2044 1247 2112 apertum
1278 2045 1385 2109 est,
1420 2043 1531 2099 ait:
1564 2045 1739 2102 Nolite
1766 2046 2036 2102 arbitrari

386 2127 519 2199 quia
546 2128 786 2183 venerim
816 2129 1036 2184 mittere
1057 2145 1250 2200 pacem
1279 2132 1335 2185 in
1370 2134 1594 2201 terram;
1627 2149 1738 2189 non
1787 2137 1914 2191 veni
1932 2152 2036 2207 pa-

385 2232 502 2272 cem
530 2217 762 2283 mittere,
794 2216 887 2272 sed
914 2217 1184 2288 gladium.
1225 2221 1358 2277 Veni
1373 2224 1522 2278 enim
1553 2238 1811 2294 separare
1856 2224 2033 2281 homi-

385 2322 515 2361 nem
544 2304 800 2362 adversus
822 2315 1039 2379 patrem
1061 2313 1311 2376 suum,et
1332 2310 1508 2380 ﬁliam
1538 2312 2036 2371 adversusmatrem

386 2411 569 2466 suam,
598 2399 651 2451 et
706 2412 914 2451 nurum
966 2396 1226 2454 adversus
1276 2414 1492 2454 socrum
1540 2417 1697 2457 suam
1736 2403 1945 2473 (Matth.
1976 2421 2032 2471 x,

382 2486 476 2551 3h,
508 2484 635 2555 35):
668 2488 726 2541 et
756 2485 911 2557 quod
935 2486 1059 2556 jam
1076 2487 1531 2560 perprophetam
1545 2490 2039 2547 dixeratzlnimici

386 2572 629 2630 hominis
675 2572 961 2630 domestici
1022 2576 1143 2647 ejus
1172 2577 1350 2645 (Mica.
1383 2595 1439 2645 ν,
1471 2577 1548 2649 6).
1610 2581 1796 2645 Quare
1843 2584 2039 2636 autem

384 2662 609 2718 inimici
634 2662 891 2719 hominis
907 2664 1036 2735 ejus
1050 2663 1170 2720 sint
1194 2664 1447 2722 maxime
1467 2666 1886 2735 domestici,cst
1897 2667 2040 2725 ratis

379 2751 642 2819 evidens,
676 2751 815 2824 quia
831 2752 1102 2808 videlicet
1132 2770 1266 2809 cum
1280 2754 1520 2826 quidam
1534 2756 1670 2811 unis
1692 2755 2041 2814 claudantur

381 2841 728 2914 parietibus.
762 2842 1073 2897 contrariis
1104 2846 1160 2898 et
1186 2860 1220 2899 a
1248 2859 1310 2898 se
1341 2843 1585 2900 diversis
1610 2849 1748 2900 sunt
1775 2846 2038 2901 moribus

381 2929 578 2986 evenit
609 2946 759 3003 saepe
790 2933 856 2985 ut
883 2930 1131 2986 maritus
1164 2931 1419 3000 sobrius,
1466 2950 1609 2988 uxor
1657 2933 1732 2989 sit
1774 2935 2033 3004 ebriosa;

379 3018 483 3076 ille
514 3022 879 3088 mansuetus,
896 3018 997 3075 illa
1018 3019 1322 3089 iracunda;
1340 3021 1437 3076 sed
1454 3021 1563 3077 iste
1576 3021 1677 3078 Dei
1691 3022 1920 3090 timore,
1937 3022 2037 3080 illa

376 3109 620 3181 propria
638 3106 957 3176 voluntate;
992 3108 1101 3163 iste
1127 3109 1242 3164 Deo
1274 3109 1618 3182 inspirante,
1651 3110 1752 3166 illa
1802 3110 2033 3168 diabolo

376 3197 721 3270 instigante.
756 3198 890 3262 Quae
921 3212 1057 3269 ergo
1110 3196 1262 3252 inter
1310 3198 1455 3254 tales
1511 3200 1841 3267 concordia,
1904 3218 2030 3271 qua:

2165 618 2300 674 data
2330 618 2431 675 Dei
2462 620 2809 695 relinquere,
2842 623 3149 682 hominum
3181 628 3525 687 traditiones
3546 633 3604 687 et
3636 649 3811 688 usum

2165 711 2287 763 tam
2320 709 2686 767 obstinanter
2743 716 2977 781 tenere;
3011 719 3076 770 ut
3130 716 3202 772 de
3257 719 3531 791 tepossit
3586 720 3811 778 dictum

2162 795 2400 860 haberi;
2428 800 2718 856 Peccatum
2763 802 2920 861 Iudae
2937 806 3199 875 scriptum
3227 810 3304 862 est
3355 808 3417 863 in
3465 825 3649 879 ungue
3674 810 3810 866 ada-

2158 888 2408 943 mantina
2440 889 2569 960 (Jer.
2601 907 2737 959 xvu,
2769 892 2854 961 1);
2907 891 3244 950 obliviscine
3292 912 3385 952 me
3432 898 3646 955 suades
3693 916 3809 954 un-

2160 992 2337 1047 quam
2370 976 2595 1034 dictum
2628 979 2897 1037 audisse:
2937 982 2998 1036 Si
3025 999 3135 1037 non
3163 987 3582 1043 annuntiaveris
3620 989 3808 1059 iniquo

2157 1064 2509 1136 iniquitatem
2536 1084 2714 1138 suam,
2745 1072 3073 1140 sanguinem
3089 1072 3204 1145 ejus
3222 1073 3288 1129 de
3315 1091 3487 1131 manu
3515 1079 3607 1131 tua
3622 1078 3805 1149 requi-

2156 1169 2279 1208 ram
2310 1156 2526 1227 (Ezech.
2561 1172 2647 1227 ιιι,
2682 1158 2791 1229 18);
2816 1162 2873 1214 et
2906 1176 2919 1215 :
2959 1161 3060 1226 Vw,
3094 1163 3191 1233 qui
3216 1161 3403 1219 dicitis
3434 1163 3634 1220 bonum
3679 1181 3806 1220 ma-

2156 1242 2292 1308 lum,
2350 1249 2405 1300 et
2458 1247 2670 1301 malum
2716 1247 2920 1303 bonum
2974 1249 3101 1311 (Isa.
3160 1267 3213 1318 v,
3246 1252 3377 1320 20);
3437 1255 3522 1308 et:
3582 1255 3805 1322 Dimitte

2155 1335 2396 1385 mortuos
2424 1335 2654 1403 sepelire
2682 1338 2920 1390 mortuos
2949 1352 3071 1391 suos
3130 1337 3299 1408 (Matt.
3346 1355 3466 1406 VIII,
3522 1339 3648 1412 22);
3705 1345 3799 1397 et:

2158 1418 2330 1489 Impio
2380 1421 2531 1477 489
2578 1424 2786 1492 prwbes
2825 1426 3127 1495 auxilium,
3177 1431 3227 1482 et
3256 1428 3361 1496 his,
3422 1429 3517 1501 qui
3569 1428 3804 1485 oderunt

2158 1510 2355 1574 Deum,
2388 1512 2634 1565 amicitia
2645 1511 2899 1581 jungeris
2930 1515 3001 1582 (II
3027 1515 3156 1570 Par.
3201 1532 3320 1584 XIX,
3349 1517 3440 1587 2);
3465 1521 3523 1573 et
3571 1517 3801 1575 inﬁnita

2158 1595 2293 1651 inde
2311 1596 2519 1652 divina:
2534 1599 3008 1657 comminationis
3019 1602 3303 1658 tonitrua?
3317 1604 3451 1676 Legi
3465 1605 3524 1660 in
3542 1607 3799 1678 quodam

2154 1683 2310 1739 beati
2341 1684 2681 1742 Columbani
2711 1687 2882 1755 libro,
2915 1688 3071 1745 idem
3101 1690 3359 1748 olﬂciam
3381 1693 3594 1750 habere
3612 1695 3672 1750 in
3694 1696 3799 1751 Ee-

2152 1771 2329 1828 clesia
2358 1775 2741 1842 sacerdotem,
2768 1777 2920 1847 quod
2934 1778 3268 1850 possidetin
3292 1797 3530 1855 corpore
3542 1781 3801 1840 hominis

2149 1862 2618 1934 stomachus,qui
2652 1863 2875 1920 scilicet
2903 1871 3206 1939 acceptum
3228 1885 3557 1943 excoquens
3577 1872 3797 1944 cibum,

2146 1948 2442 2005 ministrat
2472 1965 2606 2006 eum
2638 1951 2913 2009 omnibus
2943 1955 3247 2024 membris,
3281 1974 3535 2029 quorum
3578 1977 3797 2016 unum-

2143 2039 2416 2111 quodque
2446 2039 2527 2096 ita
2560 2039 2619 2094 in
2652 2058 2819 2117 suam
2853 2043 3135 2099 convertit
3181 2044 3350 2102 illum
3403 2053 3697 2117 naturam,
3729 2053 3797 2106 ut

2143 2127 2295 2199 qnod
2326 2127 2575 2200 suscipit
2582 2114 2752 2199 jecur
2766 2130 2871 2185 ﬁat
2886 2132 3150 2205 sanguis,
3167 2135 3321 2206 quod
3335 2136 3587 2209 suscipit
3600 2114 3795 2194 felvﬁat

2143 2216 2300 2284 bilis,
2325 2217 2482 2288 quod
2516 2216 2889 2273 descenditin
2903 2218 3211 2291 pulmones
3228 2222 3443 2280 efﬁciat
3453 2224 3793 2299 phlegmata

2143 2306 2262 2362 Hoc
2290 2304 2471 2377 igitur
2485 2304 2748 2378 exemplo
2779 2306 3401 2383 sifortecontingat,ut
3431 2312 3790 2384 quibusdam

2145 2393 2521 2450 audientibus
2548 2394 2736 2464 prosit
2763 2394 2835 2449 ad
2878 2394 3058 2450 vitam
3089 2398 3244 2468 quod
3293 2398 3508 2455 alicubi
3558 2400 3787 2472 loquor,

2146 2481 2415 2555 pluribus
2443 2481 2687 2536 suscitet
2706 2481 3093 2554 iracundiam,
3118 2490 3183 2539 ut
3210 2486 3368 2541 verbi
3390 2490 3581 2559 gratia
3599 2505 3793 2545 sense-

2146 2575 2237 2626 rat
2265 2570 2363 2625 ille
2394 2570 2494 2641 qui
2525 2568 2696 2625 dixit:
2730 2570 2881 2625 Sicut
2907 2575 3117 2627 acetum
3150 2575 3209 2627 in
3236 2575 3405 2643 nitro,
3436 2576 3516 2630 sic
3545 2578 3641 2648 qui
3661 2593 3793 2633 can-

2148 2663 2227 2715 tat
2254 2659 2504 2714 carmina
2533 2658 2683 2715 cordi
2721 2661 2959 2730 pessimo
3008 2659 3188 2733 (Prov.
3235 2680 3369 2733 xxv,
3405 2664 3536 2737 20):
3579 2666 3794 2724 debue-

2146 2752 2310 2804 ratne
2323 2751 2556 2820 propter
2566 2746 2801 2803 illorum
2816 2747 3186 2807 formidinem
3199 2751 3408 2809 saltem
3423 2771 3577 2812 unus
3588 2772 3792 2813 eorum

2147 2836 2384 2909 negligi,
2432 2836 2526 2893 cui
2585 2838 2739 2909 quod
2799 2838 3014 2893 dicitur
3071 2840 3141 2896 ad
3196 2840 3450 2899 salutem
3515 2845 3796 2917 proficere

2145 2926 2372 2998 posset?
2402 2926 2471 2981 Et
2501 2924 2600 2981 ubi
2633 2929 2787 2982 esset
2816 2927 2970 2998 quod
2987 2927 3245 3007 Ezechiel
3265 2930 3557 2989 aDomino
3574 2933 3796 2991 dicitur

2142 3013 2252 3069 ita:
2290 3015 2397 3069 Fili
2425 3013 2682 3083 hominis,
2714 3016 2877 3071 verba
2908 3018 3141 3073 illorum
3167 3036 3238 3075 ne
3269 3022 3485 3091 timeas,
3518 3027 3571 3078 ct
3614 3025 3796 3081 vultus

2143 3104 2368 3159 illorum
2406 3121 2475 3158 ne
2522 3105 2804 3175 fomnz’dcs,
2866 3108 2997 3176 quia
3053 3107 3244 3164 domus
3291 3126 3623 3182 exasperatis
3672 3116 3796 3169 est?

2144 3194 2354 3266 (Bacch.
2408 3210 2469 3259 ιι,
2524 3193 2603 3254 6.)
2640 3193 2744 3248 Ubi
2808 3194 3099 3252 dicentis:
3159 3198 3264 3264 Qui
3291 3215 3379 3253 me
3433 3200 3711 3257 erubuerit
3738 3205 3792 3257 et

373 3259 675 3360 ’paxrquze
709 3302 838 3341 esse
869 3259 1058 3358 potest
1088 3284 1740 3351 amicitia,nolenteisto
1763 3288 1916 3360 quod
1930 3289 2029 3343 de-
2062 3259 2105 3327 δ
2138 3298 2283 3337 meos
2310 3298 2603 3347 sermones.
2634 3286 2687 3337 ει
2715 3284 2860 3337 hunc
2886 3285 3061 3339 Filius
3092 3285 3330 3342 hominis
3360 3289 3636 3346 erubescet
3661 3308 3790 3348 cum

378 3368 604 3431 Siderat
630 3373 762 3443 illa;
796 3390 929 3430 cum
953 3374 1024 3431 ab
1037 3373 1165 3447 ipso
1188 3379 1301 3431 Deo
1327 3374 1428 3447 huj
1440 3375 2033 3448 usmodiprocesserit

379 3462 547 3519 rixa?
576 3463 707 3536 Ipse
725 3462 884 3519 enim
918 3463 1430 3520 mansuetudinem
1464 3464 1755 3536 praecepit,
1799 3465 2030 3520 iracun-

379 3553 540 3608 diam
571 3551 892 3625 prohibuit,
925 3551 1188 3624 nullique
1218 3550 1380 3606 alteri
1415 3550 1598 3623 (1160)
1630 3567 1939 3606 assensum
1970 3552 2030 3607 in

377 3640 600 3696 malum
617 3641 891 3714 prazbere,
912 3656 1014 3713 per
1029 3639 1373 3712 Apostolum
1400 3638 1481 3694 ita
1503 3638 1788 3694 dicentem
1802 3655 2034 3695 conces-

378 3728 489 3798 sit;
522 3731 642 3785 Non
674 3729 844 3786 solum
866 3746 961 3801 qut
990 3730 1227 3799 faciunt,
1259 3728 1352 3785 sed
1371 3730 1537 3784 etiam
1566 3728 1663 3800 qui
1691 3728 2036 3784 consentiunt

370 3818 729 3890 /acieutibus,
761 3816 919 3889 digni
946 3824 1075 3873 sunt
1102 3820 1276 3873 morte
1300 3817 1474 3887 (Rom.
1507 3833 1545 3882 1,
1578 3817 1690 3886 32).

446 3907 501 3961 3.
534 3907 612 3961 Te
640 3922 777 3978 ergo
806 3910 1010 3961 contra
1038 3904 1226 3977 legem
1258 3904 1359 3959 Dei
1391 3905 1659 3972 faciente,
1691 3920 1797 3977 ego
1821 3904 1925 3975 qui
1957 3905 2028 3961 ad

372 4000 431 4051 te
462 3994 871 4067 corrigendum
906 4012 939 4050 a
983 3995 1093 4050 Deo
1121 4010 1253 4049 sum
1302 3993 1630 4062 institutus,
1692 4010 1805 4049 non
1848 3993 2027 4051 debeo

373 4083 585 4140 saltem
612 4082 853 4140 latrare?
875 4084 955 4139 Te
987 4082 1473 4139 consuetudinem
1492 4081 1750 4138 illorum.
1776 4099 1922 4155 quos
1944 4083 2029 4139 in-

372 4174 578 4229 fernus
609 4173 734 4229 sine
763 4172 941 4228 dubio
972 4172 1212 4239 detinet,
1232 4171 1737 4240 statutisillorum,
1770 4172 2024 4244 quicum

376 4264 493 4318 Deo
522 4262 581 4321 in
605 4260 766 4318 cmlis
780 4262 1128 4329 consistunt,
1146 4262 1505 4333 praeferente,
1520 4278 1624 4335 ego
1643 4278 1832 4333 neque
1843 4279 2024 4318 ausus

373 4349 490 4408 sim
518 4348 726 4406 saltem
753 4348 967 4406 mutire
986 4348 1015 4404 ?
1044 4348 1191 4412 Quid
1223 4366 1358 4422 ergo
1411 4349 1642 4417 faciam,
1700 4350 1841 4405 dum
1887 4367 2022 4406 cum

373 4438 736 4511 quibusdam
759 4437 991 4494 miseris
1016 4436 1161 4493 mihi
1176 4442 1231 4494 te
1243 4453 1474 4510 quoque
1486 4438 1709 4494 dicetur
1719 4441 2021 4510 praesente:

370 4527 496 4584 Non
523 4527 817 4584 ascenditis
838 4543 909 4583 ea:
945 4526 1189 4595 adverso,
1236 4542 1412 4597 neque
1440 4528 1765 4599 opposuistis
1799 4544 2025 4583 murum

2138 3373 2349 3426 venerit
2380 3371 2439 3424 in
2466 3372 2645 3441 gloria
2675 3386 2796 3438 sua,
2829 3374 2880 3425 et
2907 3372 3094 3429 Patris
3122 3382 3175 3429 et
3204 3379 3519 3432 sanctorum
3562 3381 3785 3451 angelo-

2139 3461 2301 3513 rum?
2326 3457 2475 3529 (Luc.
2509 3475 2587 3524 ιιι,
2618 3456 2735 3528 26.)

2210 3547 2263 3599 4.
2297 3546 2458 3611 Quod
2490 3546 2539 3600 si
2572 3544 2718 3600 mihi
2747 3562 3009 3616 opponas
3039 3549 3382 3605 scandalum
3400 3551 3666 3608 Ecclesia
3689 3555 3789 3610 de-

2140 3635 2275 3689 bere
2301 3633 2489 3701 vitari,
2520 3650 2634 3688 non
2657 3633 3010 3690 contradico.
3043 3635 3283 3709 Oppono
3312 3638 3420 3693 tibi
3451 3642 3647 3697 tamen
3668 3642 3785 3698 duo

2140 3721 2431 3794 Evangelii
2463 3720 2607 3789 loca,
2640 3738 2827 3777 unum
2860 3722 3102 3793 scilicet,
3137 3726 3236 3781 ubi
3277 3727 3560 3786 Dominus
3616 3731 3783 3789 Petro

2140 3810 2356 3867 dixisse
2377 3811 2651 3868 refertur:
2685 3810 2894 3881 Simon,
2943 3831 3092 3886 reges
3140 3819 3307 3875 terra?
3330 3835 3365 3872 a
3392 3818 3589 3889 quibus
3639 3823 3783 3878 acci-

2132 3903 2299 3971 piunt
2325 3900 2635 3956 tributum?
2663 3903 2735 3956 ab
2765 3903 2986 3975 alienis,
3018 3921 3091 3959 an
3120 3922 3155 3959 a
3193 3906 3330 3977 ﬁliis
3348 3906 3376 3961 ?
3404 3906 3509 3965 Illo
3541 3927 3784 3983 respon-

2138 3991 2328 4058 dente,
2361 3992 2431 4046 ab
2461 3991 2663 4045 alienis
2684 4009 2703 4044 :
2734 3992 2874 4062 Ergo
2904 3992 3066 4048 liberi
3093 4002 3240 4066 sunt,
3273 3995 3373 4065 ait,
3404 3998 3543 4068 ﬁlii;
3592 3999 3686 4055 sed
3713 4017 3784 4057 ne

2132 4082 2274 4153 forte
2302 4079 2739 4136 scandalizemus
2768 4096 2874 4150 eos,
2908 4081 3041 4138 vade
3068 4082 3139 4138 ad
3174 4101 3346 4154 mare,
3379 4089 3431 4142 et
3474 4089 3630 4144 mitte
3678 4089 3778 4145 ha-

2131 4187 2307 4236 mum,
2338 4177 2391 4225 et
2416 4186 2540 4225 eum
2560 4172 2772 4240 piscem
2799 4172 2897 4241 qui
2918 4172 3136 4243 primus
3180 4175 3506 4245 ascenderit,
3548 4177 3695 4245 tolle,
3726 4182 3780 4234 et

2131 4267 2318 4333 aperto
2349 4273 2441 4314 ore
2462 4259 2616 4314 illius
2649 4260 2891 4314 invenies
2918 4263 3213 4329 staterem;
3241 4263 3406 4317 illum
3440 4280 3661 4319 sumens
3705 4265 3778 4319 da

2131 4351 2208 4406 eis
2232 4363 2335 4421 pro
2363 4363 2450 4403 me
2477 4351 2529 4402 et
2560 4351 2629 4402 te.
2663 4346 2877 4415 Alium,
2911 4348 3012 4403 ubi
3044 4348 3271 4404 dicente
3293 4350 3497 4404 eodem
3517 4366 3651 4406 cum
3674 4367 3777 4406 oze-

2130 4437 2272 4495 teris
2308 4437 2472 4494 Petro
2505 4436 2578 4491 ad
2610 4436 2766 4491 490
2798 4435 3139 4492 Dominum:
3171 4438 3291 4494 Scis
3321 4438 3452 4510 quia
3496 4438 3778 4496 Pharisaei

2129 4526 2314 4583 audito
2345 4527 2506 4582 verba
2536 4522 2904 4579 scandalimti
2930 4522 3095 4579 sunt?
3139 4524 3345 4595 (Matth.
3395 4542 3485 4593 xv,
3514 4527 3608 4598 12)
3659 4544 3775 4583 non

366 4632 478 4689 pro
506 4615 662 4672 domo
688 4616 877 4684 Israel,
910 4623 971 4671 ut
999 4617 1222 4671 staretis
1247 4631 1307 4670 ιη
1330 4614 1526 4687 praelia
1556 4616 1615 4669 in
1656 4614 1744 4670 die
1784 4616 2024 4678 Domini;
2053 4626 2100 4691 D
2133 4615 2458 4671 curandum
2489 4614 2559 4669 de
2588 4611 2928 4684 hujusmodi
2947 4616 3284 4669 monstrans
3300 4614 3775 4684 scandalo,dixit:

371 4708 430 4760 et
457 4705 684 4776 probavi
717 4712 767 4760 te
795 4703 867 4760 ad
881 4720 1054 4777 aquas
1072 4702 1557 4759 Contradictionis?
1577 4702 1789 4775 (Ezech.
1813 4704 2025 4776 xm,5.)

367 4794 664 4850 Poleritne
694 4792 841 4850 mihi
860 4792 1119 4849 amicitia
1132 4796 1236 4848 tua
1248 4791 1367 4848 illic
1384 4791 1606 4865 aliquid
1620 4792 2027 4865 prodesse,qui

370 4899 537 4940 nunc
563 4886 756 4939 tecum
789 4881 1163 4939 mihisuades
1179 4898 1381 4954 pacem
1408 4881 1642 4950 habere,
1658 4886 1723 4938 ut
1742 4899 1876 4938 cum
1893 4882 2025 4938 aliis

367 4970 603 5028 valeam
629 4970 854 5028 dicere:
886 4972 1208 5044 Pepigimus
1235 4970 1408 5042 [aedas
1437 4988 1562 5026 cum
1600 4975 1792 5039 morte,
1823 4976 1873 5028 et
1901 4969 2028 5027 eum

373 5061 603 5130 inferno
629 5061 859 5133 fecimus
885 5067 1111 5133 pactum
1142 5060 1269 5131 (Isa.
1301 5077 1498 5127 xxvm,
1533 5061 1656 5131 15):
1690 5078 1824 5116 cum
1857 5062 2029 5133 juxta

376 5146 547 5207 illius
577 5149 834 5205 doctoris
849 5147 1207 5206 sanctissimi
1229 5148 1474 5218 dictum,
1492 5149 1679 5205 tutius
1697 5149 1772 5205 sit
1802 5149 2027 5206 homini

370 5237 719 5294 inimicitias
744 5237 959 5294 diaboli
986 5236 1294 5306 meruisse,
1316 5254 1495 5309 quam
1509 5254 1735 5310 pacem;
1761 5256 1893 5295 cum
1911 5256 2026 5295 non

371 5327 611 5384 desinat
639 5344 745 5400 per
772 5331 830 5384 te
856 5326 1139 5400 iniquitas
1147 5326 1393 5398 justitize
1422 5342 1768 5399 repugnare,
1799 5328 2029 5384 caecitas

370 5415 525 5485 luci,
555 5416 929 5473 mendacium
950 5415 1179 5472 veritati
1197 5414 1498 5472 resistere?
1511 5417 1590 5471 Te
1622 5420 1819 5471 contra
1837 5416 2029 5472 Domi-

367 5521 529 5567 num
558 5505 641 5563 ita
672 5506 816 5563 dum
836 5505 1067 5563 videam
1083 5504 1386 5574 rebellare,
1406 5507 1473 5561 ut
1484 5520 1556 5560 ne
1569 5504 1723 5578 quod
1740 5504 1846 5561 tibi
1869 5523 2031 5562 man-

2134 4705 2307 4760 Sinite
2336 4704 2462 4758 illos
2493 4701 2676 4773 (Ibid.,
2702 4702 2810 4769 14),
2845 4700 3097 4757 subaudi
3123 4702 3525 4760 scandalizari.
3544 4704 3779 4771 Quare?

2134 4791 2453 4865 Subjungit
2482 4807 2745 4859 causam,
2778 4793 2839 4847 et
2867 4789 2977 4846 ait:
3012 4789 3154 4846 Caeci
3169 4800 3299 4848 sunt
3325 4796 3376 4850 et
3406 4792 3564 4851 duces
3612 4811 3778 4852 cxco-

2134 4899 2281 4938 rum.
2314 4881 2494 4937 Ccecus
2524 4888 2710 4935 autem
2737 4881 2790 4935 si
2811 4896 2950 4936 caeco
2974 4879 3232 4937 ducatum
3252 4883 3496 4954 przslet,
3528 4884 3686 4941 ambo
3715 4886 3779 4941 in

2133 4973 2345 5042 foveam
2372 4963 2567 5026 cadent
2595 4969 2801 5038 (Ibid).
2834 4968 3011 5035 Quasi
3041 4969 3245 5044 utique
3273 4969 3778 5039 dixissetzQuiaet

2134 5061 2247 5133 ipsi
2276 5060 2410 5116 caeci
2440 5063 2598 5128 sunt,
2631 5064 2689 5114 et
2717 5057 2846 5114 aliis
2876 5059 3041 5115 etscis
3072 5059 3133 5115 in
3162 5060 3508 5132 perditionis
3550 5063 3778 5121 foveam

2136 5148 2378 5205 cadendi
2409 5151 2688 5221 praestant
2716 5147 2995 5203 ducatum
3026 5164 3141 5204 non
3173 5151 3501 5207 curandum
3546 5151 3619 5209 de
3648 5151 3777 5209 illo-

2137 5254 2268 5291 rum
2299 5235 2595 5292 scandalo.
2631 5233 2838 5290 Melius
2866 5238 2956 5290 est
2982 5235 3140 5291 enim
3152 5236 3324 5308 juxta
3353 5240 3692 5311 quemdam,
3712 5243 3778 5295 ut

2137 5324 2482 5382 scandalum
2504 5324 2745 5390 oriatur,
2794 5339 2968 5394 quam
3020 5324 3233 5381 veritas
3280 5326 3646 5400 relinquatur
3692 5327 3775 5391 (S.

2138 5414 2317 5471 Gneo.
2351 5413 2500 5469 hom.
2539 5414 2575 5466 6
2603 5413 2660 5467 in
2683 5411 2877 5468 Επειδὴ.
2910 5410 2949 5467 l.
2982 5414 3045 5477 1).
3076 5413 3224 5478 Quia
3265 5414 3497 5472 etiamsi
3545 5419 3782 5490 propter

2136 5504 2269 5561 illos
2297 5500 2556 5560 veritatis
2589 5499 2953 5573 relinquatur
2990 5503 3257 5574 assertio,
3309 5521 3428 5563 non
3477 5509 3785 5579 propterea

452 5683 641 5770 (1160)
669 5683 867 5764 Vulg,
896 5685 1048 5746 nulli
1075 5682 1259 5758 alteri,
1283 5686 1340 5745 et
1369 5698 1505 5745 mox
1535 5685 1613 5745 ita
1641 5654 1873 5746 docendo
1902 5701 2007 5763 pro
2036 5686 2116 5748 ita
2143 5684 2411 5747 dicentem
2463 5680 2878 5759 Apographum
2899 5681 3269 5762 Frisingense
3289 5681 3680 5762 pratulimus.
