4058 6170
195 361 320 431 69³1

1685 359 2132 444 SERMONES.

3486 357 3610 432 696

199 505 408 560 mutuo
435 499 546 559 sibi
579 501 980 576 suﬂragantur
1007 501 1090 559 ita
1129 497 1434 573 solamine,
1461 505 1530 558 at
1549 499 1848 575 jejunium
1877 496 1936 568 Α
1964 497 2312 562 multimoda
2339 505 2636 576 genera,et
2662 500 2756 559 bis
2787 497 3004 560 similia
3029 491 3606 576 meditantesquam-

199 593 584 665 eleemosynze
615 596 674 648 et
703 592 928 662 oratio;
963 592 1361 666 eleemosynas
1391 592 1574 648 oratio
1605 595 1664 648 et
1691 593 1854 664 jeju-

202 683 407 751 nium;
435 681 758 737 orationem
783 681 1160 754 eleemosynae
1173 687 1230 738 et
1249 681 1540 754 jejunium
1561 682 1854 754 perferant

199 773 274 829 ad
307 774 816 827 remuneratorem
849 771 1208 839 facientium,
1243 772 1292 828 si
1321 775 1518 827 tamen
1553 771 1856 827 sinceriter

197 864 580 935 peraguntur,
616 861 836 932 absque
865 861 1046 916 dubio
1075 861 1260 917 Deum
1287 879 1299 930 ;
1333 859 1442 916 hoc
1477 877 1612 916 vero
1645 861 1756 916 nisi
1789 877 1854 916 se

199 951 446 1006 invicem
479 950 754 1020 adjuvant
782 949 1142 1006 incessanter
1161 951 1652 1022 sulfragio,unum
1668 951 1851 1022 quod-

199 1041 346 1095 libet
375 1055 578 1095 eorum
611 1039 840 1096 duobus
871 1039 1002 1095 aliis
1031 1040 1730 1112 destitutum,placare,ut
1757 1057 1850 1096 ve-

201 1129 545 1196 remur,tria
573 1129 770 1183 omnia
801 1127 1192 1200 requirentem
1217 1131 1450 1200 justum
1481 1130 1720 1185 omnino
1737 1147 1850 1185 non

199 1218 398 1274 valent
419 1217 778 1288 judicem,ac
801 1217 1064 1290 perfectae
1085 1217 1366 1274 bonitatis
1379 1218 1850 1276 amantissimum

201 1306 392 1362 Deum
405 1345 418 1359 .

279 1395 366 1448 12‘.
401 1393 544 1448 Cum
575 1409 710 1448 vero
743 1394 824 1448 ita
853 1394 949 1460 sit,
983 1397 1048 1448 ut
1095 1397 1152 1448 et
1197 1394 1268 1449 de
1310 1393 1692 1462 orationibus,
1726 1411 1856 1468 qua

207 1485 480 1537 nostrum
511 1485 745 1537 movent
765 1482 1052 1550 ani-mum,
1087 1481 1328 1537 minime
1359 1481 1858 1551 sileamus;nobis-

205 1586 339 1625 cum
373 1569 797 1642 reprehendere
827 1588 944 1627 non
980 1587 1280 1626 cessamus
1329 1571 1547 1643 pariter
1599 1574 1855 1642 eosdem,

203 1655 422 1729 quibus
449 1659 705 1715 Jacobus
735 1660 817 1715 ait
842 1659 1142 1732 apostolus
1165 1675 1178 1714 :
1201 1661 1414 1728 Petitis,
1447 1668 1500 1716 et
1525 1677 1634 1716 non
1655 1663 1856 1733 accipi-

205 1749 296 1812 tis,
326 1761 388 1802 eo
416 1747 562 1818 quod
607 1749 752 1804 male
789 1751 992 1819 petatis
1023 1751 1166 1820 (Jac.
1199 1765 1275 1817 IV,
1312 1753 1381 1820 3).
1422 1747 1570 1804 Male
1601 1765 1856 1820 namque

1960 589 2232 664 plurima,
2267 605 2455 664 neque
2479 592 2604 659 Dei,
2635 603 2811 665 quem
2841 607 3046 666 rogare
3091 592 3386 660 videntur,
3419 609 3610 666 neque

1962 679 2122 736 illius
2147 681 2250 748 rei,
2282 699 2388 753 pro
2417 697 2534 754 qua
2565 685 2792 755 rogant,
2817 681 2942 738 ullo
2969 683 3142 738 modo
3174 673 3560 738 recordantur
3594 701 3608 740 :

1964 769 2124 841 quid,
2157 786 2376 842 quaeso,
2409 771 2664 845 rogant?
2704 785 2888 844 quem
2923 771 3176 844 rogant?
3207 787 3312 846 pro
3352 785 3476 845 quo
3517 789 3611 829 ro-

1961 857 2152 931 gant?

2032 943 2122 1004 14.
2153 949 2368 1004 Verum
2403 949 2538 1020 quia
2571 949 2906 1005 daemonum
2955 949 3066 1006 hoc
3112 951 3310 1022 agitur
3353 950 3608 1022 insidiis,

1959 1035 2347 1093 invidentium
2382 1039 2583 1110 utique
2615 1039 2898 1110 profectui
2928 1039 3368 1108 orationis,cum
3385 1045 3442 1096 et
3461 1057 3612 1097 cura

1962 1125 2291 1194 saeculares,
2313 1131 2370 1182 et
2401 1143 2528 1198 qua;
2559 1126 2774 1199 saepius
2802 1127 3090 1194 videmus,
3115 1125 3434 1202 loquimur,
3456 1130 3616 1185 audi-

1962 1231 2116 1283 mus,
2153 1217 2224 1272 ad
2257 1215 2366 1272 hoc
2397 1215 2648 1272 nimium
2680 1217 3007 1290 impediant
3035 1217 3618 1291 faciendum;preter

1963 1303 2086 1362 alia
2109 1305 2294 1376 (1450)
2324 1305 2682 1366 (faciendum
2715 1309 2827 1369 est)
2859 1307 3030 1362 nobis
3045 1307 3200 1380 quod
3232 1307 3612 1364 cacusillein

1961 1391 2275 1465 Evangelia
2306 1392 2520 1466 legitur
2549 1395 2792 1451 fecisse:
2829 1405 3004 1467 quem
3036 1405 3176 1452 cum
3201 1401 3614 1469 praatereuntes

1964 1480 2334 1554 increparent
2362 1487 2428 1537 ut
2455 1485 2693 1551 taceret,
2725 1485 2894 1540 multo
2925 1487 3098 1556 magis
3153 1485 3432 1542 clamabat
3450 1505 3468 1542 :
3501 1487 3620 1544 Fili

1967 1571 2092 1636 Dei,
2146 1571 2408 1626 miserere
2458 1573 2569 1627 mei
2599 1567 2784 1644 (Marc.
2829 1589 2888 1638 x,
2921 1569 3026 1646 48).
3057 1571 3134 1628 Os
3181 1587 3320 1630 sane
3349 1579 3616 1631 nostrum

1959 1658 2292 1728 (verissime
2303 1659 2662 1716 veracissimi
2685 1660 2744 1716 in
2767 1660 2876 1716 hoc
2898 1665 3138 1716 utamur
3157 1663 3444 1734 sermone)
3457 1665 3622 1718 tanta

1966 1743 2164 1802 minus
2196 1747 2504 1802 exauditur
2535 1749 2594 1803 in
2626 1750 3256 1824 prece,quantomagis
3275 1750 3622 1824 inquinatur

202 1835 368 1908 petit,
405 1835 507 1907 qui
538 1851 654 1892 non
703 1837 850 1908 petit
897 1837 1052 1907 quod
1103 1836 1390 1891 Dominus
1442 1837 1721 1908 praecipit,
1751 1839 1852 1894 sed
1886 1865 1938 1930 Β
1965 1833 2126 1905 turpi
2155 1833 2464 1891 locutione.

207 1924 362 1997 quod
391 1923 588 1996 potius
639 1925 956 1980 interdicit.
993 1924 1094 1980 Ille
1141 1941 1395 1996 namque
1442 1925 1776 1981 desiderare
1804 1930 1862 1982 et

207 2017 402 2087 petere
431 2027 540 2069 nos
557 2013 730 2084 jubet
762 2012 1040 2077 cmlestia,
1069 2029 1176 2068 nos
1207 2018 1408 2070 contra
1437 2018 1494 2069 et
1525 2014 1678 2072 586
1707 2015 1860 2070 desi-

207 2102 488 2158 deramus
513 2106 572 2157 et
603 2107 882 2174 optamus
913 2107 1174 2170 terrena;
1205 2101 1301 2158 ille
1330 2119 1498 2158 orare
1524 2119 1627 2175 pro
1667 2119 1858 2176 perse-

209 2191 526 2264 quentibus
557 2195 614 2246 et
637 2189 1160 2256 calumniantibus,
1190 2207 1298 2247 nos
1341 2209 1372 2247 e
1401 2191 1628 2249 diverso
1659 2199 1863 2249 contra

209 2284 630 2354 persequentes
644 2285 700 2336 et
711 2279 1142 2335 calumniantes
1159 2281 1540 2336 exsecrabiles
1559 2281 1863 2338 fundimus

207 2385 434 2443 preces.
469 2369 650 2435 Quale
679 2373 875 2425 autem
908 2374 998 2426 est
1026 2370 1193 2434 illud,
1229 2371 1382 2442 quod
1414 2372 1654 2442 quidam
1679 2373 1864 2426 nocti-

207 2460 324 2515 bus
357 2459 702 2532 psal'modiis
733 2464 790 2515 et
819 2459 1186 2514 orationibus
1215 2458 1454 2528 instant,
1491 2461 1700 2516 diebus
1731 2477 1866 2516 vero

210 2547 724 2616 detractionibus,_
751 2547 1153 2619 praviloquiis,
1201 2548 1476 2604 otiositati
1527 2553 1584 2604 et
1629 2549 1864 2605 desidias

209 2642 448 2702 vacant,
481 2651 616 2692 cum
659 2653 771 2691 nox
819 2637 1016 2708 potius
1059 2636 1261 2708 quieti,
1295 2637 1418 2692 dies
1469 2637 1547 2693 sit
1594 2653 1870 2693 concessa

217 2725 448 2792 labori;
481 2727 658 2798 quod,
693 2741 912 2792 remur,
947 2725 1164 2798 optime
1195 2730 1434 2782 noverat
1463 2725 1698 2798 ille,qui-
1719 2731 1872 2798 post-

217 2830 400 2885 quam
432 2812 672 2868 dixerat:
707 2813 880 2868 Media
909 2818 1064 2870 nocte
1092 2815 1380 2884 surgebam
1410 2815 1479 2870 ad
1508 2815 1872 2884 conﬁtendum

217 2904 328 2958 tibi
354 2902 531 2974 (Psal.
563 2917 754 2969 cxvm,
785 2904 910 2969 62);
946 2907 1002 2957 et
1033 2918 1046 2957 :
1081 2906 1145 2958 In
1173 2905 1462 2958 matutinis
1481 2904 1784 2959 meditabor
1811 2906 1872 2958 in

221 3000 271 3048 te
297 2992 470 3063 (Psat'.
503 3006 660 3058 an-r,
686 2991 777 3062 7);
813 2992 964 3047 duas
991 2991 1258 3047 videlicet
1286 2995 1518 3048 tantum
1552 2992 1708 3049 nocti
1739 3009 1872 3049 con-

222 3097 464 3137 secrans
494 3080 690 3149 horas,
721 3082 935 3152 septies,
971 3080 1072 3148 ait,
1103 3083 1164 3135 in
1211 3080 1300 3136 die
1348 3082 1566 3136 laudem
1607 3081 1730 3137 dixi
1774 3083 1876 3138 tibi

2044 1924 2130 1978 15.
2165 1923 2246 1978 De
2275 1925 2640 1980 orationibus
2671 1925 2870 1998 itaque
2893 1921 3172 1998 quoniam
3205 1929 3442 2000 quidem
3476 1929 3634 1986 satis-

1969 2026 2073 2084 pre
2109 2015 2368 2083 tempore
2401 2011 2676 2079 diximus,
2722 2015 2800 2068 ad’
2843 2007 3242 2090 eleemosynas
3289 2018 3617 2075 veniamus.

1971 2099 2354 2173 Eleemosyna
2385 2117 2517 2156 cum
2543 2118 2577 2158 a
2609 2101 3368 2162 misericordiavocabul‘um
3391 2107 3620 2164 trahere

1968 2189 2236 2244 videatur
2267 2190 2468 2264 (1451),
2503 2189 2667 2246 nulla
2687 2193 3104 2264 congruentius
3135 2195 3529 2268 principatum
3561 2198 3622 2252 in

1973 2278 2196 2346 ordine,
2224 2283 2288 2333 ut
2317 2279 2488 2334 nobis
2516 2280 2763 2347 videtur,
2800 2285 2990 2354 potest
3021 2283 3254 2351 habere,
3288 2299 3466 2355 quam
3499 2285 3620 2352 illa,

1974 2367 2046 2422 de
2078 2384 2196 2438 qua
2227 2365 2474 2439 Sapiens
2504 2369 2784 2425 admonet
2811 2369 2894 2424 ita
2928 2387 2940 2424 :
2974 2373 3102 2438 Fili,
3134 2373 3398 2428 miserere
3420 2375 3636 2430 animm

1975 2463 2088 2512 tua:
2113 2456 2336 2526 placens
2357 2457 2460 2511 Deo
2485 2459 2678 2522 (ﬂecti.
2714 2473 2844 2526 xxx,
2877 2457 3006 2528 25):
3054 2463 3120 2513 ut
3158 2459 3430 2515 videlicet
3475 2461 3620 2516 587

1974 2543 2121 2598 illud
2152 2543 2382 2598 nobism
2391 2545 2464 2599 eti
2475 2545 2598 2616 psis
2611 2539 2886 2616 primitus
2901 2545 3096 2602 miseri
3104 2545 3316 2602 cordia:
3327 2545 3402 2603 iam
3411 2550 3642 2620 panda--

1977 2649 2132 2700 mus,
2167 2637 2232 2687 ut
2261 2649 2392 2704 quae
2425 2635 2534 2688 Deo
2565 2633 2992 2706 placent,agere
3022 2639 3392 2707 satagamus:
3416 2637 3642 2710 etquia‘

1978 2721 2311 2795 proximum
2345 2722 2496 2778 sicut
2521 2722 3634 2797 nosmetipsosdiligerejubemur,eum~

1979 2811 2113 2866 dem
2146 2815 2302 2866 recto
2332 2810 2595 2878 consilio,
2633 2811 2732 2868 ubi
2783 2815 3160 2869 com-modum
3189 2815 3382 2870 visum
3431 2809 3628 2884 fuerit,

1980 2899 2100 2955 sive
2133 2900 2590 2971 arguendo,sive
2619 2901 3136 2969 obsecraudo,sive
3167 2904 3544 2976 increpando,
3569 2905 3628 2961 in

1979 2987 2134 3044 viam
2165 2987 2397 3044 Domini
2430 2987 2756 3062 dirigamus
2783 3008 2795 3058 ;
2831 2985 3092 3064 corporis
3119 2993 3167 3048 si
3201 2992 3423 3067 indiget
3439 3009 3634 3050 neces-

1980 3077 2174 3145 sariis,
2208 3077 2280 3133 de
2313 3075 2499 3150 justis
2547 3077 2850 3136 laboribus
2901 3080 3118 3136 nostris
3167 3079 3254 3136 illi
3305 3083 3631 3138 secundum

221 3170 400 3238 (Psat.
432 3185 624 3238 cxvm,
657 3168 803 3240 164).
835 3170 950 3224 Nos
981 3185 1135 3237 vero,
1165 3169 1393 3238 fratres,
1422 3169 1708 3242 quidquid
1741 3187 1870 3244 per-
1909 3225 1943 3244 ὦ
1982 3167 2137 3238 quod
2169 3181 2486 3239 possumus
2516 3165 3206 3240 prtabeamusﬁoriptum
3239 3169 3460 3244 quippe
3477 3176 3634 3228 tene-

221 3233 424 3332 peram
456 3233 669 3330 agitur,
703 3233 838 3314 cum
867 3255 966 3314 Dei
1001 3233 1289 3328 adjutorio
1321 3233 1662 3326 devitantes,
1697 3233 1870 3331 atque
1901 3233 1948 3302 (ἶ
1983 3233 2118 3311 mus
2151 3233 2306 3324 {Qui
2332 3257 2488 3326 oﬂert
2514 3233 2856 3326 sacriﬁcium
2883 3273 2954 3312 ea:
3000 3233 3322 3314 substantia
3343 3233 3632 3332 pauperis,

221 3345 532 3420 apostolici
567 3345 738 3402 illius
781 3363 896 3401 non
945 3347 1360 3402 immemores:
1393 3347 1518 3402 Sive
1561 3349 1870 3418 vigilemus,

217 3438 336 3492 sive
361 3437 722 3492 dormiamus.
755 3436 922 3490 simul
951 3451 1075 3490 cum
1103 3435 1314 3490 Christo
1343 3437 1590 3490 vivamus
1620 3436 1664 3507 (ι
1695 3435 1869 3490 Thess.

203 3539 274 3592 ‘v,
309 3525 422 3596 10),
453 3525 510 3579 in
545 3522 1196 3579 noctibus-extollamus
1221 3539 1453 3590 manus,
1471 3523 1528 3577 id
1559 3528 1666 3592 est,
1701 3541 1876 3595 opera

221 3618 445 3680 nostra,
483 3613 536 3668 in
580 3617 806 3680 sancta,
837 3616 896 3668 et
941 3611 1358 3667 benedicamus
1415 3611 1658 3666 Domino
1700 3613 1872 3680 (Psat.

221 3719 458 3772 cxxxm,
489 3700 544 3772 2)
580 3719 593 3756 :
628 3705 760 3773 post
791 3701 1048 3773 quietem
1078 3715 1210 3755 vero
1251 3703 1582 3770 surgentes,
1615 3703 1679 3753 ut
1704 3702 1878 3771 juxta

221 3791 506 3847 eumdem--
527 3788 892 3861 Apostolum,
926 3792 983 3843 et
1005 3788 1132 3858 jam
1164 3785 1402 3843 silentes
1427 3786 1555 3842 sine
1585 3786 1877 3842 intermis-

222 3880 390 3936 sione
419 3895 527 3934 nos
569 3894 736 3934 orare
785 3877 996 3932 debere
1041 3877 1371 3940 credamus,
1421 3875 1582 3931 illius
1630 3876 1874 3932 dicent-is

223 3967 582 4024 omnimodis
613 3967 986 4022 recordemur
1019 3983 1032 4021 :
1064 3968 1176 4034 Qut
1199 3967 1394 4020 avertit
1411 3981 1604 4020 aurem
1630 3981 1786 4020 suam
1809 3981 1876 4021 ne

221 4059 418 4113 audiat
463 4057 652 4128 legem,
713 4057 888 4111 oratio
944 4056 1060 4126 ejus
1125 4056 1231 4109 erit
1285 4055 1636 4110 exsecrabilis
1690 4055 1871 4128 (Prov.

221 4163 422 4214 xxvm,
472 4147 552 4215 9).
607 4147 680 4201 At
723 4147 924 4200 contra
984 4143 1102 4199 veri
1154 4144 1488 4199 adoratores
1548 4143 1876 4199 adorabunt

219 4235 454 4292 Patrem
485 4234 544 4289 in
577 4233 788 4306 spiritu
813 4235 870 4288 et
898 4231 1161 4300 veritate,
1196 4232 1502 4288 Dominica
1530 4233 1700 4289 nobis
1730 4233 1873 4288 dici-

217 4329 318 4380 tur
343 4339 483 4379 voce
513 4323 691 4392 (Icari.
727 4339 804 4389 ιν,
831 4321 944 4392 23).
980 4321 1252 4376 Petamus
1285 4337 1517 4393 quoque
1549 4338 1584 4376 a
1611 4321 1726 4377 Deo
1757 4339 1874 4377 non

219 4413 380 4486 quod
413 4429 520 4467 nos
553 4411 821 4484 prohibet
844 4410 1184 4482 cupere,sed
1203 4411 1361 4481 quod
1392 4410 1876 4480 imperatdeside-

218 4517 374 4568 rare,
405 4505 476 4556 ut
499 4501 670 4556 nobis
701 4499 1052 4571 respondere
1081 4499 1356 4570 dignetur
1385 4497 1543 4568 quod
1577 4497 1874 4552 Salomoni

1980 3345 2061 3399 sic
2087 3352 2164 3400 est
2195 3345 2354 3415 quasi
2399 3346 2494 3415 qui
2521 3345 2770 3400 victimat
2807 3345 2987 3415 [it-ium
3021 3347 3088 3400 in
3129 3355 3424 3418 conspecm
3463 3351 3640 3419 patris

1981 3434 2074 3486 sui
2101 3431 2286 3502 (Eccti.
2317 3449 2508 3497 XXXIV,
2539 3429 2652 3500 215‘).
2687 3431 2804 3487 Hoc
2835 3445 2969 3488 vero
3011 3427 3308 3500 facientes,
3343 3433 3512 3491 illius
3535 3436 3642 3490 Do-

1983 3519 2131 3574 mini
2163 3520 2536 3574 recordemur
2568 3536 2581 3573 :
2617 3519 2754 3574 Cum
2785 3521 2922 3591 facis
2947 3522 3248 3592 prandium
3278 3530 3374 3576 aut
3403 3537 3634 3588 canam,

1981 3608 2100 3664 noli
2127 3623 2320 3662 vocare
2343 3607 2556 3675 divites,
2590 3609 2722 3678 quia
2761 3607 2962 3664 habent
3009 3610 3310 3664 retribuere
3354 3611 3464 3666 tibi
3475 3627 3496 3672 ,·
3547 3612 3648 3666 sed?

1983 3713 2114 3752 voca
2157 3711 2442 3768 pauperes,
2485 3705 2538 3752 et
2591 3697 2930 3752 retribuetur
2964 3699 3068 3753 tibi
3115 3699 3176 3752 in
3243 3701 3640 3756 resurrectione

1969 3789 2260 3858 justorum
2292 3787 2442 3858 (Lac.
2469 3803 2583 3852 xxv,
2609 3787 2818 3858 12-14).
2853 3786 3128 3853 Quamvis
3161 3803 3334 3843 nemo
3383 3787 3444 3844 in
3475 3803 3544 3845 ea
3575 3805 3638 3846 re

1986 3875 2062 3930 sit
2083 3873 2329 3940 dives,in
2363 3891 2483 3946 qua
2513 3875 2719 3931 solatio
2752 3869 3078 3949 indigenae
3111 3894 3214 3950 per
3243 3876 3352 3934 hoc
3365 3879 3520 3951 quod
3554 3877 3638 3933 illi

1985 3963 2422 4038 largimur,non
2454 3964 2641 4035 diviti,
2661 3965 2762 4020 sed
2793 3966 3150 4024 conferimus
3183 3967 3490 4039 indigenti,
3513 3971 3640 4024 tan-

1982 4057 2108 4108 tum
2137 4069 2240 4127 pro
2271 4053 2372 4108 Dei
2399 4053 2802 4124 reverentia,et
2831 4071 2936 4128 pro
2963 4055 3180 4113 Christi
3211 4057 3322 4112 hoc
3351 4057 3638 4114 faciamus

1985 4159 2204 4212 amore,
2247 4141 2406 4198 illius
2455 4145 2664 4216 utique
2709 4144 2868 4200 ducti
2919 4145 3266 4202 auctoritate
3312 4133 3634 4218 praecepti:

1987 4232 2116 4300 Quae
2143 4232 2311 4287 vultis
2339 4239 2400 4287 ut
2433 4233 2638 4288 t‘aciant
2667 4234 2814 4289 vobis
2839 4236 3103 4301 homines,
3131 4239 3182 4291 et
3215 4251 3302 4291 vos
3327 4238 3492 4305 facite
3523 4235 3646 4289 illis-

1982 4321 2244 4376 simititer
2267 4321 2474 4388 (Matth.
2509 4337 2608 4388 vn,
2643 4321 2752 4392 12).
2785 4324 2946 4387 Quod
2980 4322 3136 4378 enim
3185 4325 3256 4377 de
3301 4337 3646 4377 mammona

1985 4407 2315 4480 iniqui-tatis
2345 4408 2565 4463 amicos
2597 4409 2766 4464 nobis
2798 4410 2983 4464 facere
3014 4409 3336 4464 suademur
3363 4410 3636 4480 (Luc.xx1,

1983 4496 2060 4569 9),
2095 4513 2208 4552 non
2243 4499 2548 4568 prepterea
2577 4496 2812 4562 dicitur,
2846 4501 2912 4552 ut
2943 4497 3042 4552 uni
3094 4497 3432 4552 auferamus
3480 4496 3637 4568 quod

218 4590 574 4662 sapientiam
631 4587 950 4662 postulanti
1003 4584 1305 4658 respondit
1351 4586 1450 4649 (III
1487 4585 1613 4654 Reg.
1648 4601 1729 4652 ιη,
1763 4585 1874 4656 l1).
1908 4599 1964 4664 Β.
1987 4583 2152 4640 alteri
2183 4584 2536 4652 tribuamus,
2571 4583 3640 4657 cumjuxtaAugustinum,meliussit

218 4679 328 4736 Cui
353 4679 642 4735 nimirum
673 4676 982 4750 responsio.
1005 4675 1150 4731 illud
1182 4673 1556 4746 Evangelium
1589 4673 1888 4729 concinit:-

220 4769 468 4838 Quas’rite
491 4769 742 4840 primum
771 4781 1004 4838 regnum
1028 4765 1130 4820 Dei
1159 4771 1214 4820 et
1231 4764 1516 4836 justitiam
1545 4761 1748 4833 ejus,et
1762 4761 1881 4819 haec

218 4859 430 4923 munia,
463 4856 520 4912 id
551 4859 650 4912 "est,
692 4854 918 4928 corpori
960 4851 1310 4921 necessaria,
1345 4849 1680 4922 adficientur
1725 4852 1879 4907 vobis

217 4951 374 5017 (Luc.
409 4961 507 5015 xu,
544 4945 654 5017 31).

292 5037 382 5091 13.
401 5034 616 5099 Quales
641 5037 862 5100 autem,
880 5047 1057 5104 quam
1089 5028 1448 5086 exaudibiles
1479 5028 1716 5084 illorum
1740 5033 1888 5086 sunt-

219 5137 448 5196 preces,
479 5123 582 5195 qui
613 5127 876 5194 tempore
905 5119 1206 5184 orationis,
1231 5123 1295 5173 ut
1323 5118 1404 5173 ita
1433 5117 1718 5186 dicamus,
1749 5135 1878 5173 om-

221 5215 320 5270 nia
345 5213 748 5286 peragrantes,
783 5209 1004 5264 furtum
1036 5208 1213 5264 etiam
1241 5205 1606 5279 plerumque,
1640 5206 1876 5262 latroci-

223 5303 342 5370 nia,
409 5299 766 5367 homicidia,,
817 5298 1124 5366 adulteria,
1179 5295 1634 5352 fornicationem
1701 5295 1878 5352 etiam

293 5471 484 5542 (M50)
523 5469 714 5525 Voces
767 5468 938 5542 uncis
993 5465 1254 5542 inclusis,
1305 5481 1432 5538 quis
1471 5464 1700 5542 deerat,
1755 5464 1877 5542 exi—

225 5535 400 5613 gente
429 5535 702 5613 contextu
745 5539 1166 5613 supplevimus,
1201 5541 1284 5613 ut
1314 5535 1674 5608 supplendas
1725 5540 1880 5591 recte

225 5609 456 5668 monuit
485 5609 842 5668 novissimus
870 5609 1168 5737 SpicileEii
1196 5609 1400 5691 editor.
1505 5677 1515 5688 _

291 5683 484 5737 (1451)
515 5683 708 5737 Vultu.
743 5700 780 5737 a
809 5697 1052 5737 miserta.
1130 5698 1168 5736 χ
1205 5681 1515 5737 signiﬁcat]

291 5683 484 5754 (1451)
515 5683 708 5756 Vulg,
743 5700 780 5740 a
809 5677 1052 5739 miseria.
1085 5677 1168 5737 Ex
1205 5677 1635 5754 signiﬁcatione
1683 5677 1880 5735 Graece

1987 4672 2134 4729 nulli
2165 4673 2323 4738 dare,
2357 4687 2536 4743 quam
2567 4672 2739 4727 alicui
2773 4671 3010 4740 tollere;
3045 4674 3148 4728 sed
3183 4677 3248 4728 ut
3277 4671 3634 4743 noverimus,

1985 4762 2126 4834 quia
2154 4757 2368 4817 divitia
2397 4773 2532 4815 cum
2563 4761 2722 4816 omni
2756 4763 2878 4816 sint
2898 4760 3110 4818 saeculo
3135 4759 3526 4818 communiter
3539 4761 3638 4818 da-

1983 4855 2117 4921 tam.
2146 4849 2308 4906 nullo
2338 4849 2680 4923 congregari
2709 4849 2758 4906 si
2768 4867 2837 4906 ne
2868 4849 3122 4907 avaritias
3140 4851 3294 4908 malo
3313 4849 3636 4908 valentullo

1987 4941 2180 4996 modo.
2209 4939 2414 4996 Omnis
2443 4939 2621 5005 enim,
2645 4939 2726 4994 ait
2753 4939 3166 5014 Hieronymus,
3185 4941 3369 5006 dives,
3391 4945 3496 4997 aut
3526 4941 3636 4996 ini—

1986 5047 2160 5102 quus,
2194 5033 2298 5085 aut
2326 5027 2515 5101 iniqui
2545 5033 2635 5084 est
2657 5028 2860 5084 haeres.
2878 5030 2948 5084 Et
2975 5029 3116 5102 quia
3147 5029 3467 5086 Psalmistae
3489 5029 3646 5084 dici--

1983 5125 2082 5176 tur
2108 5133 2244 5174 voce
2277 5136 2290 5173 :
2329 5121 2524 5173 Beatus
2553 5119 2650 5189 qui
2677 5117 3126 5190 intelligitsuper
3153 5133 3385 5190 egenum
3408 5122 3459 5174 et
3495 5133 3644 5191 pauv

1984 5224 2167 5280 parem
2194 5207 2368 5276 (Psal.
2420 5223 2510 5272 xL,
2542 5209 2638 5278 2);
2688 5207 2898 5262 demus
2949 5221 3186 5280 cperam
3233 5210 3310 5264 ut
3351 5207 3456 5280 qui
3503 5205 3636 5280 plus

1984 5297 2226 5369 indiget,
2255 5293 2390 5368 plus
2409 5294 2624 5366 utique
2643 5295 2926 5367 accipiat;
2961 5296 3064 5368 qui
3113 5297 3338 5366 minus,
3367 5295 3642 5354 similiter

1984 5468 2142 5524 vocis
2173 5465 2484 5548 ἐλεημῩσύγῃ
2513 5465 3383 5548 νηίδξνίςοῃίίἱφεωβῃάεινίωμε.
3405 5465 3488 5522 Ita
3501 5469 3639 5548 post

1985 5555 2172 5612 pauca
2219 5537 2576 5612 novissimus
2615 5537 2937 5612 _Spicilegii
2967 5538 3158 5595 editor
3197 5544 3350 5612 recte
3403 5537 3637 5612 scripsit

1984 5607 2379 5738 inisericordia:
2409 5607 2808 5686 impendamus,
2841 5607 2944 5666 ubi
2979 5615 3104 5666 erat
3147 5611 3393 5676 miseriae
3423 5611 3634 5688 impem

2027 5697 2204 5738 amas.

2027 5697 2204 5738 amas.
