4064 6174
446 318 451 323 ‘
505 305 625 384 699

1396 313 1772 379 RATHERII
1815 315 2062 402 EPISQ.
2107 319 2397 407 VERQN.
2444 324 2621 389 OPP.
2666 326 2869 393 PARS
2914 328 3020 395 IlI.

3746 340 3862 408 700‘

504 463 721 522 minus.
754 463 824 521 Et
852 460 992 537 quia
1014 461 1126 521 hoc
1165 477 1400 538 quoque
1441 462 1613 521 nobis
1660 462 2016 538 praecipitur,
2047 464 2153 522 tri-
2182 454 2239 523 Α
2260 459 2481 533 prodest
2508 461 2558 534 (Ι
2579 460 2699 520 Cor.
2732 480 2856 532 XIII,
2891 467 2967 535 3).
3002 465 3072 524 Ut
3112 465 3376 540 ejusdem
3424 466 3698 531 charitatis
3732 476 3861 549 jura

500 555 754 611 buamus
785 555 982 627 potius
1012 555 1167 611 bono
1198 570 1375 627 quam
1406 554 1582 623 malo,
1616 553 1667 610 si
1696 558 1890 612 tamen
1924 572 2023 613 eos
2051 574 2149 612 va-

500 642 693 701 lemus
736 643 1106 711 discernere;
1152 643 1202 699 si
1251 660 1388 711 non,
1441 660 1763 716 sequamur
1809 644 2147 702 dicentem:

497 735 574 790 Ne
600 734 777 806 eligas
804 735 897 789 cui
923 735 1254 790 miserearis.
1290 733 1609 790 Caveamus
1640 733 1838 803 etiam,
1872 751 1945 789 ne
1972 752 2147 805 quem

499 839 911 895 exasperemus
942 822 1337 893 importunius
1366 822 1501 878 licet
1525 827 1829 896 rogantem
1860 841 1872 879 :
1906 825 2151 880 Hilarem

498 913 648 968 enim
691 912 935 969 datorem
982 912 1167 982 diligit
1211 914 1348 968 Deus
1394 914 1469 980 (II
1497 911 1615 968 Cor.
1649 929 1727 979 1x,
1759 913 1836 979 7).
1870 914 1940 968 Et
1988 913 2145 984 quia,

498 1000 725 1068 beatus,
759 1004 825 1057 ut
852 1002 934 1056 ait
960 1000 1328 1065 Ambrosius,
1358 1001 1647 1055 bonorum
1676 999 1967 1061 .exhihitio
1997 1018 2149 1072 smpe

497 1106 599 1163 per
629 1106 854 1146 moram
882 1090 1173 1145 contraxit
1201 1090 1505 1155 offensam,
1531 1089 1893 1161 praebeamus
1914 1088 2146 1144 solliciti

496 1182 691 1235 autem
723 1178 937 1236 dicenti
969 1197 981 1235 :
1014 1182 1097 1235 Ne
1119 1179 1265 1234 dicas
1293 1180 1468 1234 amico
1496 1181 1590 1235 tuo
1619 1196 1638 1233 :
1671 1178 1807 1235 Vade
1858 1186 1908 1233 et
1959 1195 2144 1234 rever-

499 1275 631 1337 tere,
660 1273 714 1324 et
741 1285 864 1335 cras
882 1269 1021 1324 dabo
1051 1268 1174 1332 tibi,
1201 1284 1324 1324 cum
1352 1269 1543 1323 statim
1587 1270 1757 1338 possis
1804 1267 1936 1324 dare
1959 1271 2142 1335 (Prov.

496 1374 581 1425 ιιι,
612 1357 725 1429 28).
761 1358 825 1413 In
870 1357 964 1413 his
1014 1374 1147 1413 vero
1177 1357 1453 1413 omnibus
1499 1357 1610 1412 hoc
1657 1357 2049 1420 attendamus.
2080 1361 2147 1412 ut

496 1464 613 1503 non
646 1464 750 1520 pro
782 1446 943 1503 inani
974 1446 1179 1519 gloria,
1217 1447 1315 1502 sed
1343 1463 1446 1519 pro
1477 1446 1577 1502 Dei
1603 1446 2144 1516 jussione,etcom-

497 1536 696 1592 munis
729 1541 949 1592 naturae
970 1535 1680 1601 consideratione,bonum
1694 1536 1848 1607 quod
1870 1535 2141 1605 facimus,

493 1641 663 1698 agere
694 1625 1060 1689 studeamus,
1099 1625 1341 1681 Domino
1389 1625 1472 1681 ita
1506 1625 1757 1694 jubentc
1791 1642 1804 1680 :
1841 1626 1904 1680 Te
1955 1634 2144 1680 autem

489 1714 728 1785 faciente
753 1715 1173 1785 elemosynam,
1192 1717 1401 1770 nesciat
1426 1716 1653 1771 sinislra
1684 1718 1776 1769 tua
1807 1714 1948 1783 quod
1976 1716 2144 1783 faciet

490 1802 723 1894 dextera
742 1808 837 1860 tua
866 1805 1073 1894 (Matth.
1105 1821 1184 1894 vi,
1216 1804 1689 1894 3).7Quanquam_
1726 1806 1782 1858 et
1826 1802 1937 1859 hoc
1986 1803 2140 1894 dicto
2172 1829 2219 1894 Β

491 1891 730 1965 ρι’ωοίρὶ
759 1893 947 1965 possit
972 1892 1178 1957 videri,
1210 1896 1277 1947 ut
1305 1893 1364 1948 in
1396 1896 1598 1949 nostra
1643 1892 2011 1965 eleemosyna
2058 1892 2139 1947 nil

492 1982 679 2053 possit
719 1981 990 2047 inveniri,
1014 1982 1170 2053 quod
1210 1983 1280 2037 de
1329 1980 1569 2038 sinistro
1596 1997 1788 2053 opere,
1821 1981 1877 2036 id
1928 1986 2035 2046 est,
2069 1982 2139 2038 de

491 2067 712 2141 injusto
743 2070 819 2126 sit
848 2070 1204 2143 acquisitum
1226 2069 1423 2126 labore
1456 2088 1469 2126 :
1502 2070 1774 2141 sequitur
1800 2070 1983 2141 (4352)
2014 2088 2139 2127 ma-

490 2157 582 2231 gis
612 2160 1062 2216 ostentationem
1105 2158 1315 2215 innuat
1352 2159 1461 2216 hoc
1491 2159 1644 2215 dicto
1693 2160 1902 2216 notari.
1938 2163 2000 2218 Ut
2044 2164 2135 2228 sit,

492 2246 786 2319 inquiens,
833 2250 1175 2321 eleemosyna
1221 2256 1317 2304 tua
1366 2250 1428 2304 in
1483 2249 1813 2314 abscondito,
1874 2255 1926 2305 et
1974 2252 2140 2307 Pater

490 2344 616 2393 tuus
649 2339 747 2411 qui
789 2338 935 2395 videt
977 2340 1039 2394 in
1088 2339 1413 2403 abscondito,
1464 2338 1648 2394 reddet
1693 2339 1798 2394 tibi
1843 2339 2023 2411 (Ibid,
2058 2341 2133 2403 4).

488 2425 721 2483 Dicente
751 2443 984 2500 quoque
1012 2428 1290 2500 Apostolo
1322 2445 1335 2484 :
1366 2429 1475 2497 Qui
1496 2443 1662 2499 parce
1688 2430 1940 2495 seminat,
1970 2446 2137 2500 parce

486 2519 539 2572 et
567 2520 728 2572 metet
759 2517 834 2584 (II
861 2518 981 2574 Cor.
1019 2534 1094 2583 Ix,
1125 2517 1182 2588 6)
1206 2535 1219 2584 ;
1254 2521 1312 2572 et
1341 2517 1480 2589 quia
1502 2518 1647 2573 sicut
1664 2534 1808 2589 aqua
1836 2520 2138 2589 exstinguit

485 2605 692 2674 ignem,
727 2607 805 2662 ita
833 2607 1177 2678 eleemosyna
1204 2608 1508 2676 exstinguit
1529 2611 1812 2678 peccatum
1833 2606 2029 2679 (Eccli.
2050 2625 2130 2675 ιιι,

488 2693 613 2764 33);
656 2694 1120 2759 consideremus,
1170 2695 1425 2751 maximo
1472 2695 1593 2765 igni
1642 2695 1856 2765 injecta
1905 2696 2136 2752 modica

487 2780 628 2853 quid
661 2782 835 2838 faciat
865 2782 1018 2839 588
1050 2800 1224 2855 aqua.
1255 2784 1339 2839 Ad
1379 2800 1557 2856 quam
1605 2783 2131 2840 considerationem

487 2884 603 2924 non
635 2870 861 2925 modice
888 2869 1044 2926 valet
1074 2871 1571 2945 consilium,quod
1602 2872 1817 2929 Tobias
1838 2872 2132 2942 aequivoco

486 2956 737 3028 praebuit
788 2957 909 3014 ﬁlio
943 2975 957 3014 ε
988 2959 1117 3027 Fili,
1148 2957 1442 3031 inquiens,
1475 2962 1528 3016 si
1553 2961 1791 3016 multum
1811 2961 1915 3016 tibi
1941 2962 2129 3031 fuerit,

487 3044 833 3103 abundanter
860 3047 1085 3112 tribue;
1112 3049 1165 3103 si
1201 3064 1428 3119 parum,
1458 3050 1625 3105 etiam
1670 3050 1853 3120 ipsum
1900 3048 2134 3105 libenter

484 3135 766 3206 impertiri
791 3135 948 3192 stude
971 3136 1115 3209 (Tob.
1148 3153 1223 3203 IV,
1255 3136 1331 3208 9).
1363 3136 1519 3192 Nihil
1549 3138 1705 3194 enim
1727 3137 1844 3194 Deo
1892 3136 2129 3193 cbarius

2260 568 2491 608 servare
2521 570 2808 624 queamus
2837 553 3037 623 illaesa,
3069 558 3432 629 praebeamus
3460 561 3638 619 cordis
3678 580 3843 623 autem

2260 641 2475 697 dicenti
2508 660 2520 698 :
2555 642 2616 698 Si
2642 644 2801 715 oﬂ'ers
2822 661 3022 701 munus
3052 654 3209 702 tuum
3230 649 3305 705 ad
3331 649 3581 718 altare,et
3608 654 3678 708 ibi
3702 670 3846 711 recor-

2258 730 2420 787 datus
2447 734 2621 802 fueris
2640 736 2775 805 quia
2800 737 2976 805 frater
3004 743 3130 791 tuus
3176 737 3339 793 habet
3366 738 3571 810 aliquid
3608 741 3848 799 adversum

2258 828 2307 877 te
2326 838 2347 883 ,·
2380 822 2630 893 relinque
2658 822 2738 877 ibi
2763 840 2966 879 munus
2995 833 3153 879 tuum
3166 829 3298 880 ante
3318 827 3563 893 altare,et
3588 829 3708 885 vade
3719 833 3845 902 prius

2257 911 2607 966 reconciliari
2626 913 2796 983 fratri
2823 919 2913 968 tuo
2932 930 2954 975 ;
2984 917 3038 969 et
3062 922 3189 969 tunc
3214 917 3434 971 veniens
3473 918 3649 989 offeres
3686 936 3849 976 munus

2258 1002 2413 1055 tuum
2441 1000 2646 1070 (Matth.
2677 1018 2733 1065 v,
2776 1005 2991 1071 23-24).
3025 1003 3187 1067 Quod
3237 1004 3287 1058 si
3333 1003 3450 1070 ille,
3498 1005 3592 1078 qui
3632 1006 3847 1065 laedendo

2256 1089 2517 1154 fratrem,
2569 1088 2628 1144 in
2693 1089 2890 1162 aliquo
2941 1092 3311 1148 contristavit
3377 1094 3654 1164 eumdem,
3698 1099 3848 1153 suasit

2256 1176 2439 1248 (1453)
2471 1194 2642 1251 agere
2672 1196 2787 1234 non
2823 1180 3178 1252 dedignatus
3198 1181 3568 1251 Domini;illc
3597 1184 3685 1256 qui
3706 1184 3846 1241 laesus

2256 1267 2535 1323 adversus
2567 1268 2802 1323 fratrem
2834 1267 3053 1340 aliquid
3090 1269 3286 1337 habet,
3319 1270 3512 1327 taliter
3559 1288 3617 1328 se
3658 1290 3849 1346 quoque

2256 1356 2513 1411 monenti
2547 1357 2786 1411 surdam
2822 1358 3037 1414 mentis
3068 1375 3182 1414 non
3215 1360 3470 1431 praebeat
3497 1377 3714 1417 aurem:
3743 1361 3850 1417 Cum

2252 1446 2409 1499 statis
2438 1445 2507 1499 ad
2535 1444 2805 1500 orandum
2832 1445 3095 1502 dimittite
3120 1448 3172 1502 si
3207 1448 3345 1520 quid
3391 1448 3593 1505 habetis
3636 1450 3849 1507 adversus

2254 1533 2514 1604 aliquem,
2547 1538 2610 1589 ut
2647 1542 2702 1590 et
2745 1536 2912 1591 Pater
2956 1544 3132 1591 vester
3176 1537 3412 1594 caelestis
3457 1538 3684 1595 dimittat
3730 1540 3848 1596 vobis

2248 1626 2470 1693 peccata
2498 1631 2693 1679 vestra.
2727 1624 2877 1692 Quod
2904 1625 2958 1679 si
2985 1641 3073 1681 vos
3121 1642 3231 1680 non
3264 1626 3602 1695 dimiseritis,
3643 1644 3729 1684 nec
3761 1631 3849 1701 ipse

2250 1710 2485 1767 dimittet
2514 1712 2662 1769 vobis
2686 1716 2911 1785 peccata
2942 1722 3118 1770 vestra
3149 1715 3338 1787 (Marc.
3370 1733 3448 1785 x1,
3480 1716 3673 1789 95-26).

2323 1801 2411 1855 17.
2447 1801 2597 1857 Sunt
2625 1819 2760 1857 vero
2787 1806 2991 1858 contra
3020 1805 3204 1859 nostri
3231 1804 3573 1871 consimilis,
3604 1807 3667 1861 ad
3688 1805 3847 1860 dimit-

2249 1890 2492 1945 tendum
2528 1892 2679 1962 quod
2713 1890 2772 1946 in
2805 1891 2991 1946 Deum
3015 1892 3848 1967 committiturperfaciles;quod

2250 1982 2453 2035 contra
2481 1979 2612 2035 illos
2644 1980 2858 2051 agitur,
2890 1980 3042 2037 odiis
3075 1982 3121 2037 si
3155 1988 3401 2054 possent
3430 1983 3707 2056 perpetuis
3724 1983 3848 2038 inse-

2249 2072 2643 2136 ctantes;cum
2671 2068 2860 2142 magis
2889 2069 3144 2127 cbaritas
3176 2076 3513 2143 exposceret
3528 2076 3589 2128 ut
3602 2075 3777 2129 contra
3799 2088 3848 2126 se

2248 2160 2379 2212 acta
2412 2157 2576 2214 facile
2629 2157 3006 2223 dimitterent,
3039 2163 3243 2215 contra
3287 2165 3467 2218 Deum
3513 2178 3637 2218 vero
3681 2176 3849 2233 perpe-

2249 2249 2400 2301 trata
2420 2246 2779 2318 rigidissime
2808 2246 3196 2315 vindicarent,
3220 2267 3344 2305 non
3393 2250 3744 2306 immemores
3778 2252 3846 2302 ta-

2249 2349 2382 2390 men
2416 2334 2663 2391 dicentis
2697 2353 2710 2391 :
2744 2337 2852 2405 Qui
2877 2338 2998 2392 sine
3023 2342 3239 2409 peccato
3268 2344 3349 2395 est
3394 2344 3639 2405 vestrum,
3672 2339 3848 2410 primus

2247 2424 2308 2479 iu
2338 2425 2495 2479 illam
2524 2425 2760 2496 lapidem
2791 2427 2974 2481 mittat
3002 2429 3182 2493 (Joan.
3216 2444 3338 2494 vm,
3366 2430 3444 2496 7).
3475 2426 3700 2484 Nullum
3726 2441 3845 2497 prie-

2244 2514 2405 2568 terea
2433 2513 2652 2569 bonum
2684 2514 3161 2585 compensatione
3194 2515 3334 2571 mali
3370 2517 3490 2572 ﬁeri
3521 2516 3715 2572 debere
3750 2528 3847 2569 cre-

2246 2601 2492 2668 damus;
2516 2605 2582 2657 ut
2609 2602 2881 2658 videlicet
2911 2602 3038 2659 ideo
3057 2603 3316 2675 jejunes,
3341 2605 3469 2661 ideo
3499 2605 3846 2674 eleemosynas

2244 2688 2445 2760 facias,
2478 2689 2607 2747 ideo
2638 2691 3004 2748 orationibus
3030 2709 3226 2749 aerem
3272 2694 3452 2750 istum
3506 2694 3716 2767 fatiges,
3742 2691 3845 2747 ideo

2243 2780 2398 2849 quod
2447 2783 2651 2836 contra
2696 2784 2754 2836 te
2798 2784 2889 2836 est
2937 2786 3339 2854 perpetratum
3371 2783 3644 2848 dimittas,
3672 2781 3846 2836 utaut

2242 2867 2618 2934 adulterium,
2651 2873 2755 2925 aut
2785 2869 3250 2941 fornicationem,
3276 2877 3381 2928 aut
3421 2871 3634 2945 aliquid
3682 2866 3843 2926 simile

2241 2956 2408 3026 quasi
2441 2957 2728 3029 impunita
2762 2958 2949 3014 facere
2981 2959 3203 3028 credas,
3237 2978 3373 3017 cum
3403 2960 3543 3017 nulli
3581 2956 3840 3033 promitta-

2238 3047 3036 3116 turpeccatorumvenia,nisi
3053 3049 3152 3121 qui
3169 3065 3483 3106 conversus
3498 3046 3838 3122 reliqueritea.

2312 3131 2465 3188 589
2504 3134 2585 3188 18.
2619 3132 2784 3189 Talia
2814 3133 2993 3206 igitur
3022 3151 3157 3191 cum
3187 3141 3390 3193 nostra
3426 3141 3692 3209 tanquam
3731 3148 3840 3187 con-

483 3199 641 3279 boua
667 3199 1123 3293 voluntate,cum
1141 3199 1376 3281 et'calix
1395 3243 1560 3299 aquae
1584 3226 1805 3301 frigidae
1828 3243 1959 3283 cum
1976 3227 2129 3282 bona
2159 3199 2201 3267 ο
2239 3220 2592 3294 temptibilia
2649 3222 2787 3290 sint,
2837 3199 2984 3295 prob
3044 3224 3209 3281 dolor
3234 3226 3246 3281 l
3291 3199 3565 3298 jejunis;
3593 3221 3841 3281 orationes

482 3310 780 3369 voluntate
841 3312 1088 3386 largitus
1145 3313 1633 3371 remunerationis
1686 3316 1954 3371 mercede
2011 3332 2128 3371 non

483 3405 696 3463 careat.
731 3404 798 3458 ut
824 3402 949 3476 ipse
979 3403 1062 3459 ait
1084 3403 1144 3459 in
1176 3403 1483 3477 Evangelio
1514 3404 1799 3462 Dominus
1829 3404 2035 3474 (Matth.
2068 3422 2125 3474 x,

482 3490 595 3563 42).
627 3490 732 3546 Cui
764 3491 920 3548 canit
948 3491 1261 3549 Psalmista
1288 3494 1531 3550 devotus
1564 3511 1577 3550 :
1607 3496 1670 3550 In
1696 3510 1784 3551 me
1809 3495 2125 3559 sunt,Deus,

480 3583 604 3636 vota
631 3584 729 3637 tua
757 3581 930 3653 (Psal.
967 3599 1053 3649 Lv,
1088 3582 1198 3653 13).
1232 3581 1291 3637 id
1330 3586 1437 3650 est,
1470 3582 1759 3650 voluntas,
1792 3600 1972 3654 quam
2020 3582 2127 3638 tibi

480 3673 694 3725 cuncta
723 3668 981 3725 cernenti
1031 3671 1208 3727 oﬂ‘ero
1239 3670 1761 3737 bonam.Quocirca
1777 3672 1825 3727 si
1856 3676 1976 3727 tam
1992 3688 2130 3743 pau-

480 3773 585 3829 per
611 3762 702 3813 est
728 3757 884 3828 quis,
916 3761 982 3812 ut
1011 3758 1157 3814 nihil
1185 3760 1418 3832 penitus
1449 3761 1603 3831 quod
1634 3761 1855 3815 tribuat
1874 3761 2123 3827 habent;

480 3844 864 3916 semetipsum
894 3845 943 3900 si
973 3845 1218 3912 tribuat,
1237 3846 1347 3903 sibi
1375 3848 1643 3904 sufﬁcere
1672 3848 2125 3904 credat.Dictum

480 3934 570 3987 est
616 3932 773 3987 enim
808 3951 821 3988 :
875 3933 1035 3990 Omni
1073 3937 1281 4006 petenti
1326 3943 1377 3991 te
1416 3937 1598 3992 tribue
1626 3938 1778 4008 (Luc.
1810 3954 1889 4002 v1,
1919 3936 2034 4007 30),
2067 3936 2125 3991 id

479 4023 590 4087 est,
641 4024 699 4076 et
743 4019 836 4076 cui
884 4020 1114 4090 tribuis,
1148 4025 1205 4078 et
1251 4022 1344 4078 cui
1395 4040 1510 4078 non
1541 4023 1774 4091 tribuis,
1808 4028 1862 4079 te
1910 4024 2122 4080 tribue.

477 4107 651 4164 Verbi
681 4108 890 4181 gratia,
924 4114 1090 4182 rogat
1119 4109 1334 4183 aliquis
1364 4110 1478 4167 sibi
1509 4112 2124 4184 tribuipanem,etnon

478 4195 660 4254 habes
689 4213 864 4271 quem
894 4197 1121 4255 tribuas
1150 4216 1362 4271 panem
1388 4217 1401 4268 ;
1431 4200 1621 4257 tribue
1646 4205 1723 4271 te,
1756 4200 1815 4256 id
1847 4203 2125 4266 est,tuam

479 4286 693 4343 bonam
722 4286 1083 4343 voluntatem
1116 4305 1236 4361 qua
1258 4288 1460 4358 utique
1490 4288 1778 4346 tribueres
1808 4289 1916 4358 illi,
1945 4289 1995 4345 si
2027 4287 2128 4343 ha-

479 4375 730 4440 buisses,
764 4375 1156 4433 libentissime
1188 4393 1396 4450 panem
1423 4396 1437 4447 ;
1465 4382 1522 4435 et
1547 4379 1689 4451 quia
1733 4395 1910 4436 sermo
1955 4378 2127 4433 bonus

475 4479 642 4537 super
666 4464 858 4521 datum
882 4465 1149 4537 Optimum
1178 4465 1365 4539 (Eccli.
1397 4484 1558 4535 xvm,
1593 4468 1703 4539 17),
1755 4468 1976 4525 enitere
2021 4482 2125 4539 pro

2240 3326 2472 3382 quoque
2497 3313 2554 3366 et
2581 3309 3002 3383 eleemosynm;
3037 3313 3108 3369 de
3151 3314 3325 3371 nobis
3373 3313 3719 3388 deploratum
3760 3323 3843 3380 per

2236 3398 2551 3455 Jeremiam
2583 3398 2848 3456 valemus
2877 3401 3085 3457 timere
3117 3416 3131 3455 :
3172 3403 3433 3460 Viderunt
3457 3419 3573 3459 eam
3603 3401 3774 3465 hostes,
3800 3397 3842 3450 ct

2236 3487 2546 3543 deriserunt
2575 3488 2810 3544 Sabbata
2839 3491 2956 3561 ejus
2981 3490 3195 3560 (Thren.
3231 3510 3267 3560 ι,
3294 3493 3436 3566 7);et
3461 3508 3561 3565 per
3586 3488 3746 3545 alium
3766 3500 3843 3540 no-

2237 3575 2329 3632 bis
2359 3576 2674 3632 Dominum
2704 3577 3051 3650 praecepisse
3085 3597 3098 3634 :
3131 3580 3311 3637 Nolite
3340 3581 3595 3655 jejunare
3618 3578 3745 3633 sicut
3766 3588 3839 3627 ns-

2236 3681 2341 3736 que
2367 3665 2438 3721 ad
2465 3667 2607 3721 hanc
2633 3666 2781 3722 diem
2807 3665 2958 3735 (lsai.
2990 3683 3143 3734 LVIII,
3175 3669 3251 3740 4).

2312 3754 2396 3808 19.
2430 3757 2598 3809 Teste
2626 3770 2759 3809 vero
2786 3754 3082 3826 Apostolo,
3116 3773 3251 3812 cum
3287 3758 3439 3829 quod
3473 3756 3593 3813 sine
3618 3754 3718 3809 {ide
3743 3745 3838 3821 agi-

2234 3843 2334 3896 tur
2362 3846 2665 3914 peccatum
2696 3841 2773 3898 sit
2803 3844 2974 3903 (Rom.
3008 3861 3123 3911 xw,
3154 3846 3267 3916 24),
3304 3846 3435 3919 ipsa
3461 3842 3714 3901 verosine
3739 3852 3843 3909 ope-

2238 3929 2404 3986 ribus
2434 3931 2579 3987 tides
2611 3946 2745 3986 cum
2777 3931 2966 3988 otiosa
2994 3931 3083 3988 vel
3114 3939 3350 3991 mortua
3379 3934 3457 3991 sit
3496 3935 3623 4006 (Jac.
3654 3947 3708 3997 ιι,
3736 3926 3839 3996 20);

2236 4017 2574 4090 deceptores
2600 4016 2732 4074 illos
2760 4020 3051 4091 praeterire
3083 4021 3422 4079 nullatenus
3444 4022 3749 4079 animarum
3766 4014 3841 4069 de-

2235 4106 2465 4175 bemus,
2497 4106 2597 4178 qui
2619 4111 2819 4163 contra
2851 4110 3361 4167 conﬁrmationem
3392 4110 3675 4168 catholica:
3710 4099 3838 4167 ﬁdei,

2236 4194 2296 4250 in
2328 4212 2446 4267 qua
2472 4195 2822 4267 continetur,
2851 4199 3005 4269 quod
3035 4204 3300 4256 venturus
3332 4202 3411 4256 sit
3440 4199 3704 4257 Dominus
3713 4189 3838 4266 judi-

2232 4299 2358 4339 care
2378 4285 2529 4339 vivos
2558 4288 2611 4338 et
2638 4288 2882 4341 mortuos
2906 4285 3170 4359 (Symbol.
3203 4289 3575 4358 Athanas.),et
3600 4280 3838 4341 saaculum

2234 4388 2339 4443 per
2367 4372 2649 4445 ignem;et
2682 4390 2695 4429 :
2730 4374 2835 4442 Qui
2865 4375 3003 4431 bona
3022 4382 3269 4447 egerunt,
3288 4380 3426 4435 ituri
3451 4380 3509 4434 in
3535 4377 3693 4432 vitam
3710 4372 3841 4428 arter-

2236 4477 2405 4523 nam;
2436 4463 2534 4532 qui
2565 4478 2682 4517 vero
2711 4463 2947 4534 mala,iu
2978 4465 3159 4535 ignem
3186 4475 3458 4523 aeternum
3488 4467 3654 4534 (Joan.
3683 4454 3837 4527 v,29).

475 4551 724 4621 viribus;
758 4557 822 4608 ut
852 4553 903 4609 si
933 4554 1097 4610 deest
1138 4555 1360 4621 manui,
1400 4572 1575 4628 quem
1623 4556 1904 4630 porrigas,
1936 4555 2124 4623 cibus,
2158 4568 2203 4633 Ι)
2236 4549 2645 4622 impunitatem
2680 4551 2955 4609 omnibus
2985 4553 3296 4626 baptizatis
3310 4554 3649 4628 promittunt
3672 4546 3838 4603 miser-

478 4657 672 4698 sermo
699 4639 914 4714 linguae
946 4657 1062 4698 non
1095 4642 1268 4710 desit,
1297 4659 1473 4714 quem
1504 4644 1879 4717 respondeas,
1908 4643 2123 4700 bonus.

549 4728 638 4784 46.
673 4728 819 4792 Quia
847 4746 981 4785 vero
1012 4730 1211 4786 omnia
1250 4730 1372 4786 hac
1416 4731 1544 4789 sine
1590 4733 1893 4799 charitate,
1942 4731 2126 4787 mira-

479 4814 598 4872 bile
649 4815 846 4872 dictul
889 4816 1168 4888 exhibita,
1216 4817 1361 4874 nihil
1410 4823 1557 4876 teste
1604 4821 1925 4892 proderunt
1970 4823 2126 4892 Apo-

480 4902 651 4971 stolo,
675 4903 775 4976 qui
819 4904 901 4960 ait
933 4920 946 4959 :
980 4904 1043 4960 Si
1068 4906 1397 4962 distribuero
1425 4908 1487 4962 in
1514 4909 1661 4964 cibos
1687 4925 1993 4981 pauperum
2020 4925 2129 4965 om-

479 5007 577 5048 nes
602 4991 893 5064 facultates
914 5009 1084 5060 mcas,
1112 4997 1164 5050 et
1185 4996 1237 5050 si
1263 4994 1537 5052 tradidero
1575 5013 1768 5069 corpus
1812 5014 1997 5053 meum
2046 4999 2129 5054 ita

480 5085 542 5139 ut
570 5080 799 5137 ardeat:
825 5082 1151 5140 charitatem
1176 5092 1359 5142 autem
1386 5102 1497 5141 non
1528 5087 1786 5155 habuero,
1806 5088 1958 5143 nihil
1987 5089 2129 5144 mihi

556 5214 740 5297 (1452)
770 5214 935 5297 Idem.
967 5216 1153 5297 editor
1180 5217 1400 5297 optime
1442 5218 1668 5297 notavit
1699 5236 1712 5275 :
1748 5221 2125 5297 Legerem,si

484 5301 607 5411 rest
628 5286 742 5341 mei
790 5286 1017 5342 arbitrii
1066 5286 1268 5344 esset:
1318 5288 1456 5361 quod
1502 5292 1752 5361 sequitur
1793 5286 1865 5347 .‘L
1911 5335 1924 5348 .
1972 5334 1985 5347 .
2030 5286 2127 5349 in-

484 5372 582 5411 nui
614 5397 626 5410 .

481 5372 626 5411 ηιιιι.

518 5427 737 5508 ,(1453)
770 5428 1294 5508 Lectioﬂcorrupta,
1320 5430 1538 5508 inquit
1583 5431 1857 5489 laudatus
1900 5434 2125 5508 editor;

484 5500 568 5554 sic
628 5504 823 5572 autem
872 5500 1100 5556 restitui
1147 5500 1337 5572 potest
1371 5519 1383 5558 :
1415 5500 1660 5561 suasum.
1708 5547 1720 5559 .

484 5573 599 5636 tur,
629 5570 731 5625 ubi
769 5570 1193 5644 praecedentem
1230 5576 1463 5649 textum
1491 5576 1790 5649 respicit;
1822 5592 1934 5631 non
1977 5570 2128 5633 dedi-

481 5651 679 5712 gnatur
730 5659 892 5715 agere
945 5660 1174 5700 suasum
1221 5645 1441 5702 Domini
1479 5645 1622 5715 jam'
1657 5647 1960 5705 recitatum
1997 5667 2010 5705 :
2069 5649 2132 5705 Si

1768 5548 1780 5561 .
1826 5546 1838 5560 .
1881 5504 2152 5578 dedigne-e

2234 4638 2369 4693 rimi
2400 4638 2709 4695 scelerum.
2734 4640 2837 4708 Ita,
2862 4640 3158 4713 inquiunt,
3179 4644 3314 4716 pius
3342 4648 3430 4700 est
3458 4643 3603 4699 Deus
3622 4642 3675 4695 et
3693 4633 3837 4691 mise-

2237 4727 2439 4795 ricors,
2471 4732 2537 4783 ut
2561 4728 2854 4784 neminem
2887 4729 3284 4788 Christianum
3320 4731 3613 4806 permittat
3650 4726 3836 4781 intrare

2235 4814 2295 4869 in
2324 4815 2508 4871 infern
2520 4819 2994 4890 um.Quanquam
3014 4836 3219 4877 verum
3241 4819 3566 4887 dicerent,si
3596 4808 3838 4873 Christia-

2235 4921 2379 4960 num
2412 4905 2531 4960 fore
2560 4903 2729 4961 illum
2758 4905 3257 4981 solummodo,qui
3287 4908 3501 4967 Christi
3523 4900 3834 4963 voluntatem

2235 4993 2396 5061 facit,
2427 4993 2660 5049 credere
2688 4999 2947 5067 possent.
2980 4996 3128 5054 Cum
3172 5016 3305 5056 vero
3354 5000 3580 5055 Petrum
3627 4984 3836 5048 audiant

2235 5080 2525 5138 dicentem
2555 5083 3108 5154 apostolumullelius
3121 5091 3307 5160 fuerat
3333 5089 3412 5145 eis
3432 5102 3535 5142 non
3562 5083 3835 5153 cognosce"

2236 5225 2652 5306 aﬂ‘erstetclta
2680 5227 2933 5306 quidem
2951 5244 3221 5287 sermone
3243 5248 3293 5306 Διι
3322 5231 3393 5306 de
3409 5226 3620 5285 Pascha
3634 5215 3825 5306 puni-“2;

2237 5286 2654 5373 suadebam,ut
2682 5286 2814 5373 quid
2850 5300 3094 5373 aliquem
3132 5286 3209 5358 se
3236 5303 3439 5360 laesisse
3484 5286 3827 5373 mentium!)

2236 5352 2659 5423 recordarentur
2689 5352 3451 5445 dicentis};Si'offersfeth,
3488 5352 3590 5423 vui
3628 5374 3740 5420 vero
3775 5352 3829 5409 ab

2239 5440 2426 5496 aliauo
2457 5440 2580 5496 laesi
2599 5441 2848 5496 fuissent.
2873 5451 2925 5496 et
2950 5442 3046 5496 ille
3073 5447 3292 5496 veniam
3321 5388 3575 5496 veraci?”
3600 5429 3828 5496 postulas—

2239 5440 2426 5511 aliquo
2457 5440 2580 5496 laesi
2596 5441 2848 5511 fuissent,
2873 5451 2925 5498 et
2950 5442 3046 5498 ille
3073 5429 3292 5500 veniam
3321 5429 3575 5499 veraciter
3594 5429 3828 5511 postulas-

2235 5504 2345 5636 slet,
2370 5526 2475 5636 ηονῖ
2506 5504 2958 5569 obliviscerentur
2983 5514 3246 5573 dicentis:
3278 5518 3416 5572 Cum
3441 5504 3831 5568 statis'adoraﬂ'

2275 5598 2388 5636 um.
2421 5598 2453 5636 e
2480 5598 2531 5636 c.

2275 5598 2388 5651 um,
2421 5586 2531 5638 etc.
