4058 6170
196 249 312 315 ’101

1679 254 2127 321 SERMONES.

3486 260 3629 329 701

375 386 639 460 veritatis,
660 404 827 462 quam
849 394 974 465 post
1017 360 1378 466 cognitionem
1416 398 1685 451 retrosum
1714 408 1841 450 con-
1869 399 1929 470 Α
1956 391 2205 450 fecimus
2235 390 2604 469 recipiemus.
2651 391 2814 464 Quod
2857 393 2914 455 et
2943 389 2992 454 si
3025 388 3243 470 aliquis
3282 409 3387 470 pro
3437 370 3613 457 nobis.

194 479 341 535 verti
368 480 445 551 (II
467 481 616 536 Petr.
668 498 731 549 ιι,
767 481 900 553 21);
947 483 1019 539 de
1068 482 1306 556 quibus,
1359 500 1577 556 quasso,
1620 484 1846 540 dictum

197 567 565 639 conjiciunt?

268 658 358 712 20.
390 658 462 714 Et
491 675 627 715 cum
657 658 891 716 ordines
912 663 1164 733 quatuor
1184 678 1350 718 sacra
1378 665 1573 718 teneat
1597 662 1846 718 auctori-

192 750 290 803 tas
319 746 381 802 in
404 746 629 819 judicio
661 751 915 805 extremo
946 749 1172 806 futuros
1202 766 1215 805 :
1249 767 1431 805 unum
1469 750 1711 819 scilicet,
1747 751 1849 824 qui

186 834 418 907 judicet
437 853 571 892 cum
597 836 843 893 Domino
868 856 881 905 ;
906 836 1177 905 alterum,
1201 842 1301 911 qui
1324 856 1427 911 per
1446 839 1740 912 judicium
1762 857 1850 896 re-

196 928 582 993 muneretur;
613 924 873 992 tertium,
907 926 1005 999 qni
1036 943 1142 999 per
1176 926 1472 998 judicium
1502 929 1847 997 damnetur;

196 1016 498 1084 quartum,
533 1012 635 1085 qui
656 1029 844 1085 neque
865 1031 968 1087 per
980 1014 1273 1086 judicium
1300 1015 1469 1072 illum
1489 1015 1550 1091 [ι.
1569 1017 1733 1085 illud]
1759 1034 1847 1074 re-

1957 481 2177 555 aliquid
2207 483 2407 540 fecerit
2428 484 2588 554 boni,
2613 487 2670 541 et
2690 484 2740 541 si
2772 501 2886 540 non
2911 484 3170 557 proderit
3191 486 3385 556 nobis,
3407 486 3611 559 prode-

1957 572 2036 628 rit
2056 571 2161 627 illi.
2195 573 2276 629 De
2307 572 2424 629 illis
2445 589 2580 630 vero
2611 574 2966 647 purgatoriis
2982 578 3116 646 post
3146 575 3372 631 obitum
3396 576 3606 648 poenis,

1957 678 2130 717 nemo
2151 661 2262 718 sibi
2284 662 2637 731 blandiatur,
2660 679 3001 732 monemus;
3026 664 3166 735 quia
3186 680 3301 720 non
3334 669 3476 721 sunt
3501 670 3615 721 sta-

1955 754 2096 806 tutae
2113 750 2481 818 criminibus,
2502 752 2601 808 sed
2628 752 2882 824 peccatis
2904 751 3241 820 levioribus,
3256 770 3384 827 quas
3407 754 3629 827 utique,

1955 855 2060 912 per
2087 839 2267 912 ligna,
2321 839 2522 897 fenum
2571 846 2629 896 et
2671 840 2950 912 stipulam
3000 840 3384 915 designantur
3414 843 3462 915 (Ι
3488 843 3608 899 Cor.

1957 942 2044 996 ιιι,
2080 929 2189 1000 12).
2226 929 2335 985 Sed
2369 929 2507 1002 quid
2546 929 2779 1003 agimus
2809 929 2903 986 his
2924 929 3004 985 ita
3030 947 3134 1002 pro
3156 934 3311 987 certo
3341 935 3613 988 constan-

1955 1016 2242 1082 tantibus.
2260 1018 2360 1091 qui
2385 1018 2658 1075 novimus
2675 1020 2962 1091 quosdam
2977 1036 3154 1091 prava
3170 1020 3612 1087 consuetudine,

198 1104 564 1169 muneretur,
585 1118 775 1174 neque
796 1103 1124 1172 damnetur,
1140 1105 1572 1177 cumscriptum
1595 1105 1653 1160 in
1671 1107 1853 1161 Evan-
1958 1106 2247 1178 quosdam
2267 1112 2653 1173 sacramento,
2674 1107 2960 1180 quosdam
2981 1108 3157 1164 etiam
3182 1108 3617 1175 maleﬁciis,aut

199 1189 353 1263 gelio
385 1189 501 1245 sit:
564 1190 671 1259 Qui
719 1199 903 1247 autem
949 1208 1061 1248 non
1087 1193 1279 1261 credit,
1301 1195 1426 1265 jam
1464 1194 1747 1266 judicatus
1776 1199 1853 1251 est
1960 1193 2317 1264 quibusdam
2345 1194 2497 1262 aliis,
2523 1199 2589 1249 ut
2606 1195 2995 1267 przetendunt,
3028 1195 3465 1253 inevitabilibus
3486 1213 3618 1253 cau-

206 1281 391 1348 (Joan.
425 1293 512 1345 ιιι,
565 1278 691 1351 1Ο);
747 1284 806 1336 et
859 1280 1179 1337 Psalmistze
1226 1282 1467 1337 verbum
1521 1284 1610 1353 [f.,
1656 1283 1854 1355 verbo]
1963 1280 2046 1336 sis
2076 1280 2158 1336 ita
2187 1282 2501 1355 obligatos;
2530 1287 2597 1339 ut
2642 1282 2783 1357 erigi
2828 1284 2900 1339 ad
2942 1284 3415 1341 emendationem
3454 1285 3615 1342 nullo

206 1367 602 1425 dicaturzldeo
630 1384 738 1424 non
770 1378 1064 1441 resurgunt
1081 1371 1242 1442 impii
1254 1370 1855 1443 injudicio(Psal.1,5),
1965 1369 2141 1424 modo
2162 1368 2411 1438 valeant,
2445 1371 2587 1443 quid
2609 1371 2692 1427 eis
2724 1372 2915 1427 dicere
2933 1371 3277 1429 valeamus?
3298 1375 3453 1447 quod
3485 1390 3617 1431 cou-

202 1456 1239 1531 quasiapertiusdicatzEtsiquidem
1260 1460 1858 1533 resurgunt,nonideo
1967 1455 2168 1513 silium
2203 1458 2382 1514 dare?
2429 1458 2724 1531 Quidquid
2774 1460 2930 1515 enim
2980 1459 3065 1516 eis
3114 1462 3457 1532 dixerimus,
3508 1463 3617 1521 hoc

198 1548 521 1616 resurgunt
543 1549 606 1600 ut
617 1545 983 1617 judicentur,
1017 1547 1295 1619 quiajam
1327 1546 1727 1618 sintjudicati,
1756 1549 1858 1604 sed
1966 1545 2170 1618 procul
2201 1546 2380 1603 dubio
2411 1548 2867 1619 respondebunt,
2900 1548 3011 1603 etsi
3043 1565 3158 1603 non
3184 1550 3379 1618 verbo,
3412 1551 3620 1608 effectu

197 1630 333 1687 ideo
349 1636 682 1705 resurgunt,
703 1634 1052 1707 ut,receptis
1066 1636 1428 1707 corporibus,
1457 1635 1594 1691 illuc
1613 1636 1861 1692 eantubi
1968 1638 2223 1690 attamen
2258 1635 2470 1707 operis,
2523 1636 2679 1708 quod
2711 1635 2796 1691 illi
2828 1637 2900 1692 de
2946 1636 3256 1710 Evangelio
3288 1639 3361 1695 ad
3394 1656 3621 1695 ccsnam

197 1724 337 1777 ante
356 1719 571 1831 saecula
586 1722 1246 1831 suptdeptinatiﬁmpiqs
1265 1728 1462 1831 autem
1481 1724 1626 1823 istos
1650 1724 1861 1831 intelli-
1891 1767 1937 1831 Β
1966 1722 2153 1831 vpcati
2177 1724 2336 1831 (Luc.
2369 1724 2607 1831 xvalS,
2639 1723 2754 1797 20),
2787 1728 2843 1780 et
2880 1726 3207 1831 verendum
3238 1744 3310 1783 ne
3340 1726 3621 1828 similiter

195 1809 1860 1883 geresolummododebemusincredulos,etminimebap-
1897 1809 1937 1831 υ
1967 1811 2041 1866 ab
2072 1811 2355 1868 invitante
2402 1811 2611 1880 relicti,
2656 1816 2920 1885 pereant,
2970 1818 3035 1869 ut
3064 1813 3307 1884 Pharao,
3336 1816 3617 1874 indurati.

196 1896 456 1970 tizatos);
479 1898 614 1970 quis
632 1915 767 1972 ergo
782 1899 1096 1955 damnatus
1110 1898 1318 1955 tertius
1337 1901 1478 1956 ordo
1491 1899 1595 1956 tibi
1607 1900 1855 1969 videtur,

196 1986 319 2043 nisi
332 1987 782 2054 credentium,id
804 1993 892 2043 est
909 1988 1333 2060 baptizatorum
1348 1988 1718 2061 existere,qui
1732 2005 1860 2060 pro-

194 2092 272 2132 eo
284 2076 442 2148 quod
458 2075 630 2132 ﬁdem
644 2076 994 2133 habuerunt:
1009 2078 1109 2133 sed
1127 2077 1400 2150 operibus
1414 2076 1570 2145 fidei,
1590 2095 1714 2150 quae
1739 2077 1857 2132 illic

194 2164 610 2237 requiruntur,
665 2170 1000 2234 caruerunt,
1040 2167 1203 2239 juste
1240 2166 1505 2222 damnati
1551 2165 1610 2222 in
1659 2166 1856 2240 ignem

194 2258 516 2322 aeternum,
547 2254 650 2327 qui
679 2256 904 2328 absque
934 2255 1112 2311 dubio
1143 2255 1408 2312 infernus
1435 2256 1564 2323 erit,
1588 2255 1747 2310 ituri.

275 2344 367 2398 21.
402 2342 638 2400 Constat
665 2360 801 2416 ergo
833 2344 1159 2401 certissime
1190 2343 1505 2399 Dominum
1541 2344 1857 2415 quemdam

192 2432 337 2489 ideo
367 2421 695 2489 monuisse:
728 2435 860 2488 Ecce
885 2450 1052 2489 sanus
1073 2435 1251 2505 factus
1294 2450 1369 2500 es,
1396 2433 1553 2501 vade,
1591 2426 1713 2505 jam
1744 2434 1861 2488 noli

185 2537 449 2594 peccare,
476 2537 546 2577 ne
581 2521 820 2577 deterius
868 2523 973 2578 tibi
1011 2522 1226 2593 aliquid
1269 2523 1548 2591 contingat
1594 2523 1772 2590 (Joan.
1801 2538 1857 2589 v,

192 2611 293 2677 14)
325 2630 341 2680 ;
374 2614 430 2666 et
451 2608 563 2665 alio
610 2609 737 2666 loco
765 2609 1021 2667 dixisse:
1064 2612 1230 2666 Fiunt
1278 2611 1576 2666 novissima
1623 2611 1861 2666 hominis

190 2699 363 2755 illius
386 2699 579 2770 pejora
621 2700 904 2771 prioribus
935 2700 1143 2771 (Maith.
1182 2717 1283 2768 xu,
1319 2701 1430 2766 45),
1472 2703 1538 2753 ut
1567 2697 1859 2771 intelligas

189 2791 372 2844 tanta
401 2786 807 2843 humiliatione
838 2788 939 2844 Dei
968 2789 1039 2844 de
1066 2787 1208 2844 cmlo
1230 2789 1301 2843 ad
1320 2792 1535 2843 terram
1553 2804 1656 2860 pro
1678 2787 1859 2843 homi-

192 2873 384 2931 nibus
397 2874 821 2941 descendentis,
841 2878 929 2930 tot
951 2874 1513 2947 indignitatibus,tot
1526 2875 1857 2947 opprobriis

194 2962 277 3019 ab
307 2978 377 3018 eo
408 2961 669 3034 perlatis,
702 2962 876 3033 fame,
900 2963 1018 3030 siti,
1049 2962 1418 3027 lassitudine,
1443 2962 1654 3035 sputis,
1677 2980 1857 3037 genu-

196 3050 556 3109 ﬂexionibus
589 3051 890 3119 irrisoriis,
914 3051 1075 3108 falsis
1091 3051 1469 3116 testimoniis,
1493 3056 1674 3120 aceto,
1700 3051 1850 3121 felle,

2036 1899 2126 1953 23.
2162 1899 2229 1953 Hi
2262 1898 2541 1955 nimirum
2574 1904 2717 1955 sunt
2765 1899 2945 1968 enim,
2978 1902 3078 1974 qui
3110 1918 3245 1958 cum
3292 1903 3461 1961 liberi
3491 1922 3620 1962 esse

1963 1985 2242 2054 valerent,
2257 1988 2635 2043 immiserunt
2653 1991 2861 2061 sponte
2886 1988 3068 2044 suain
3092 1993 3211 2046 rete
3227 1992 3402 2063 pedes
3420 1992 3620 2049 miseri

1966 2092 2128 2146 suos,
2158 2081 2216 2132 et
2240 2076 2300 2131 in
2344 2079 2473 2150 ejus
2504 2076 2754 2133 maculis
2799 2076 3173 2135 ambulantes
3205 2079 3321 2152 (Job
3350 2098 3507 2150 xvm,
3538 2082 3619 2154 8),

1967 2164 2109 2219 dum
2140 2165 2455 2237 expediunt
2486 2184 2547 2223 se
2578 2166 2650 2222 ab
2670 2183 2807 2234 uno,
2831 2165 2891 2221 in
2918 2166 3076 2223 aliud
3110 2168 3379 2225 incidunt
3399 2171 3623 2242 pericu-

1966 2251 2113 2320 lum,
2132 2259 2189 2309 et
2219 2256 2598 2310 metuendum
2620 2272 2692 2311 ne
2721 2254 3150 2311 inevadibiliter
3169 2273 3202 2311 a
3222 2258 3463 2314 Domino
3486 2276 3620 2315 con-

1968 2340 2257 2398 clusi.Sed
2271 2343 2585 2411 enitamur,
2604 2343 2872 2398 dicamus
2889 2342 3132 2415 aliquid.
3156 2344 3487 2401 Suademus
3502 2346 3619 2403 illis

1968 2447 2041 2485 ne
2074 2430 2132 2485 in
2166 2431 2590 2504 desperationis
2620 2448 2682 2486 se
2712 2430 3074 2503 praecipitent
3103 2431 3222 2487 ullo
3254 2434 3427 2489 modo
3458 2435 3622 2490 bara-

1969 2519 2192 2587 thrum,
2224 2520 2412 2593 ignari
2446 2519 2588 2592 quid
2609 2518 2693 2575 eis
2723 2518 2801 2575 sit
2832 2518 3210 2575 destinatum.
3243 2522 3421 2577 Nescit
3438 2522 3619 2588 enim,

1968 2607 2070 2676 ait,
2103 2610 2281 2676 homo,
2314 2606 2638 2680 Scriptura,
2691 2611 2880 2662 utrum
2925 2606 3049 2663 odio
3095 2624 3166 2662 an
3200 2624 3386 2665 amore
3422 2602 3643 2680 dignus}

1965 2698 2055 2764 sit,
2109 2696 2202 2752 sed
2233 2698 2420 2753 omnia
2462 2699 2522 2751 in
2548 2698 2803 2768 futurum
2848 2704 3143 2753 servantur
3183 2698 3392 2755 incerta
3426 2700 3617 2771 (Eccle.

1966 2801 2043 2853 Ix,
2090 2785 2162 2857 1).
2205 2784 2670 2850 Quatriduanum
2714 2785 3034 2859 recogitent
3058 2786 3344 2842 Lazarum
3367 2788 3622 2845 suscita-

1966 2877 2093 2929 tum
2116 2892 2129 2943 ;
2153 2873 2408 2931 clament
2424 2891 2557 2930 cum
2573 2891 2722 2930 caeco
2744 2873 2844 2930 illo
2861 2875 3259 2947 importunius
3275 2877 3619 2950 :jejunando

1964 2961 2191 3035 utique,
2223 2963 2464 3029 orando,
2481 2962 2867 3037 eleemosynis
2889 2962 3237 3034 insisteudo,
3263 2983 3381 3022 non
3407 2971 3472 3023 ut
3492 2984 3622 3041 pec-

1964 3067 2097 3108 care
2141 3051 2224 3109 eis
2274 3056 2471 3109 tamen
2517 3051 2715 3119 liceat,
2766 3053 2865 3109 sed
2903 3056 2965 3107 ut
3007 3070 3040 3108 a
3087 3058 3323 3127 peccato
3370 3072 3470 3113 cos
3517 3074 3623 3130 per

199 3139 415 3214 spinea
441 3156 674 3207 corona,
706 3140 780 3196 ad
810 3144 1171 3213 postremum
1197 3140 1385 3197 crucis
1417 3140 1857 3213 patibulo,late—
1891 3124 1933 3191 C
1971 3140 2431 3197 misericordiam
2452 3140 2687 3197 liberari
2708 3140 3011 3213 contingat
3034 3159 3049 3210 ;
3076 3124 3464 3200 vociferentur
3484 3124 3619 3202 cum

199 3229 289 3286 ris
309 3228 978 3300 perfossione,eti‘usione
990 3227 1295 3302 sanguinis
1306 3233 1363 3284 et
1374 3245 1559 3301 aquae,
1578 3246 1861 3286 manuum

199 3318 546 3392 pedumque
557 3318 901 3386 conlisione,
918 3317 1320 3393 ignominiosae
1334 3317 1540 3373 mortis
1550 3317 1861 3390 opprobrio

201 3407 562 3479 redemptos,
597 3423 763 3463 sacro
792 3406 1146 3480 baptismate
1175 3406 1343 3475 lotos,
1376 3405 1628 3478 Spiritus
1673 3406 1862 3462 sancti

197 3496 638 3553 illuminatione
667 3496 901 3562 ditatos,
937 3496 1271 3568 cognitione
1299 3493 1617 3551 voluntatis
1645 3493 1746 3550 Dei
1777 3493 1860 3550 lo-

200 3588 555 3658 cupletatos,
585 3585 738 3642 590
760 3585 912 3642 male
942 3588 1182 3657 agentes
1203 3582 1541 3639 diutissime
1563 3581 1858 3651 toleratos,

195 3674 453 3749 flagellis
467 3673 846 3747 paterualiter
858 3673 1138 3741 eruditos,
1146 3670 1639 3745 promissionibus
1650 3671 1862 3727 dulcis-

199 3762 375 3820 simis
407 3766 707 3832 attractos,
757 3761 1079 3818 honoribus
1110 3760 1285 3816 variis
1312 3764 1434 3816 tam
1479 3759 1859 3816 saecularibus

198 3869 382 3925 quam
414 3851 825 3908 ecclesiasticis
854 3849 1157 3914 infulatos,
1190 3850 1631 3905 commodorum
1655 3849 1855 3905 inesti-

192 3939 506 3998 mabilium
570 3939 873 3996 blanditiis
922 3939 1216 4007 invitatos,
1265 3937 1684 3994 inﬁnitissimis
1724 3936 1856 3995 aliis

192 4028 660 4086 beneficioruum
692 4027 1089 4101 praerogativis
1111 4027 1345 4095 ditatos,
1382 4028 1615 4097 majora
1646 4026 1856 4084 mereri

185 4120 351 4191 juste
366 4122 864 4190 tormenta,quam
881 4117 1013 4173 illos
1035 4116 1253 4189 quibus
1270 4115 1410 4172 talia
1426 4132 1703 4172 concessa
1714 4122 1854 4172 sunt

193 4206 391 4263 nulla:
425 4209 531 4265 Cui
566 4208 717 4264 enim
739 4207 867 4280 plus
896 4207 1297 4274 committittur,
1328 4206 1460 4277 plus
1489 4205 1557 4260 ab
1586 4221 1645 4261 eo
1675 4206 1851 4275 exigi-

194 4300 307 4364 tur,
343 4300 411 4351 ut
429 4296 763 4369 aitquidam
788 4295 1233 4351 Benedictorum
1259 4310 1373 4350 non
1398 4293 1734 4365 inﬁmus(S.
1758 4296 1853 4349 Be-

191 4385 399 4443 nedict.
442 4387 653 4457 regula:
681 4401 732 4441 c.
777 4385 866 4456 2);
903 4388 992 4440 et:
1043 4382 1240 4440 Servus
1270 4383 1368 4453 qui
1393 4383 1495 4437 scit
1519 4382 1853 4438 voluntatem

1970 3229 2621 3299 Chananaaa,dicentes:
2648 3230 2906 3285 Miserrre
2940 3232 3157 3301 mei,ﬁli
3182 3233 3394 3299 David;
3422 3234 3622 3291 anima

1969 3334 2102 3374 mea
2126 3318 2273 3373 male
2302 3335 2336 3372 a
2376 3316 2649 3374 da‘monio
2699 3324 2937 3372 vexatur
2984 3318 3192 3391 (Matth.
3223 3338 3317 3391 xv,
3365 3322 3495 3391 22);
3526 3327 3616 3380 et:

1968 3407 2094 3462 Noli
2139 3407 2401 3473 Domine,
2446 3407 2565 3461 noli
2595 3407 2741 3460 vinci
2783 3424 2818 3459 a
2846 3406 2992 3461 malo
3034 3424 3183 3475 meo,
3237 3409 3331 3464 sed
3355 3412 3514 3466 vince
3559 3413 3623 3465 in

1972 3495 2108 3549 bono
2138 3497 2237 3548 tuo
2268 3494 2477 3549 malum
2502 3508 2699 3547 meum
2731 3493 2903 3562 (Rom.
2939 3510 3039 3561 xu,
3071 3494 3201 3564 2i);
3232 3499 3320 3550 et:
3351 3497 3519 3568 Eripe
3535 3513 3623 3553 me

1967 3584 2215 3647 Domine,
2264 3582 2331 3637 ab
2386 3581 2603 3637 homine
2630 3580 2798 3647 malo,
2843 3598 2879 3635 a
2917 3582 3036 3636 viro
3092 3583 3283 3653 iniquo
3324 3584 3500 3639 libera
3535 3600 3623 3640 me

1970 3672 2142 3741 (Psal.
2174 3687 2402 3738 cxxxxx,
2433 3672 2487 3737 2,
2534 3669 2738 3741 utique
2785 3685 2899 3736 me,
2945 3672 3003 3724 et
3030 3668 3136 3725 tibi
3186 3671 3386 3728 factori
3434 3690 3499 3729 ac
3530 3690 3619 3729 re-

1969 3759 2260 3832 demptori
2278 3775 2404 3815 meo
2426 3758 2695 3831 piissimo
2712 3756 3058 3814 restitueme
3082 3777 3095 3828 ;
3125 3762 3278 3831 quod
3302 3760 3622 3835 utiquemi-

1966 3848 2214 3906 sericors
2236 3847 2382 3922 agis,
2417 3847 2467 3903 si
2498 3847 2654 3919 quod
2688 3850 2892 3902 contra
2919 3852 2975 3903 te
3006 3849 3277 3919 meditor,
3297 3850 3479 3924 )Ι454)
3503 3869 3617 3922 me,

1963 3936 2162 4008 velim,
2195 3935 2399 4004 nolim,
2431 3936 2697 3992 omittere
2730 3934 2892 3992 facis.
2921 3935 2981 3991 Si
3012 3942 3207 3994 autem
3230 3956 3393 3997 meos
3410 3942 3620 3998 morti-

1964 4026 2117 4082 feros
2168 4030 2412 4082 conatus
2483 4024 2811 4097 prosperari
2878 4026 3191 4097 permittis,
3236 4045 3415 4102 quam
3473 4029 3621 4086 mihi

1962 4114 2238 4170 fiduciam
2269 4113 2546 4170 evadendi
2579 4112 2907 4184 relinquis?
2937 4115 3007 4171 Et
3037 4116 3087 4171 si
3118 4133 3152 4172 ιι
3187 4117 3334 4174 ειη
3365 4134 3618 4190 praesen-

1961 4202 2124 4259 tibus
2153 4202 2324 4258 malis
2357 4219 2474 4259 non
2497 4218 2682 4268 cesso,
2734 4218 2913 4273 quam
2944 4204 3172 4260 veniam
3218 4205 3290 4261 de
3322 4205 3617 4277 praeteriti,

1961 4291 2165 4362 spero?
2194 4291 2568 4363 Gemensque
2592 4288 2800 4345 talium
2834 4289 2966 4361 quis
2988 4291 3277 4349 instanter
3296 4294 3468 4364 quasi
3487 4310 3621 4348 con-

1959 4380 2277 4450 querendo,
2337 4379 2524 4434 donec
2577 4377 2841 4432 exaudiri
2892 4384 3204 4447 mereatur,
3256 4379 3614 4452 proclamet:

191 4473 408 4530 domini
432 4476 523 4530 sui
548 4482 602 4531 et
626 4490 738 4531 non
764 4475 918 4546 facit,
958 4473 1123 4544 digne
1142 4471 1325 4543 plagis
1354 4470 1543 4524 multis
1570 4469 1853 4541 vapulabit
1880 4490 1931 4554 ι)
1962 4468 2241 4539 Usquequo
2296 4467 2637 4522 exaltabitur
2711 4466 2973 4521 inimicus
3032 4483 3185 4523 meus
3204 4472 3230 4521 γ
3292 4469 3513 4540 Respice
3564 4475 3623 4524 et

195 4563 355 4635 (Luc.
390 4580 490 4631 xu,
523 4564 635 4636 47).

258 4655 353 4707 22.
387 4652 495 4708 Sed
527 4652 667 4725 quia
696 4651 1070 4725 omnipotens
1098 4653 1188 4706 est
1209 4648 1385 4715 Deus,
1420 4654 1476 4702 et
1504 4648 1632 4719 ejus
1662 4646 1849 4720 pietas

191 4739 339 4795 nihil
354 4739 540 4808 aliud,
556 4756 733 4811 quam
756 4741 881 4813 ipse
894 4744 983 4796 est
993 4738 1175 4806 Deus;
1197 4735 1569 4808 omnipotens
1586 4752 1721 4792 vero
1732 4735 1851 4808 pie-

196 4831 285 4885 tas
307 4828 461 4901 ejus,
487 4829 571 4884 uti
589 4833 647 4885 et
661 4829 892 4900 justitia
907 4829 1054 4900 ejus,
1071 4825 1326 4899 [subaudi
1337 4823 1482 4880 nihil
1496 4823 1656 4881 aliud
1670 4841 1847 4897 quam

191 4915 317 4989 ipse
349 4922 441 4974 est
469 4917 645 4988 Deus]
675 4918 747 4974 de
778 4934 893 4991 quo
925 4916 1131 4973 saltem
1162 4912 1428 4970 dubitare
1459 4914 1846 4986 apostaticum

193 5006 488 5063 credimus
518 5024 686 5063 esse:
719 5007 791 5062 ad
824 5006 1006 5074 illam,
1042 5005 1182 5061 dum
1214 5001 1487 5067 vivimus,
1522 5019 1629 5058 nos
1659 5002 1849 5059 confe-

194 5096 638 5153 ramus.Mortui
660 5096 817 5152 enim
842 5094 988 5151 nihil
1009 5090 1671 5158 omninofaciemus,sed
1689 5092 1847 5164 quod

262 5222 453 5290 (1454)
484 5220 616 5277 Haec
646 5220 971 5297 concinu_nt_
1000 5235 1144 5297 cum
1177 5215 1295 5297 illis
1315 5213 1593 5297 Ecclesiae
1623 5214 1683 5270 in
1716 5232 1845 5271 ora-

198 5286 349 5347 tione
380 5286 608 5349 secreta
637 5292 829 5348 missas
882 5289 1118 5347 Sabbati
1149 5293 1283 5344 ante
1315 5286 1681 5342 Dominicam
1711 5302 1844 5357 pas-

199 5361 378 5418 sionis
396 5380 409 5418 :
430 5363 512 5420 Ad
542 5372 593 5420 te
612 5372 823 5418 nostras
852 5365 1021 5419 etiam
1040 5361 1264 5417 rebelles
1292 5358 1551 5429 compelle
1575 5359 1846 5429 propitius

199 5434 520 5491 voluntates.
556 5435 686 5490 Mox
704 5434 908 5490 verba:
935 5434 994 5489 Si
1015 5438 1197 5489 autem
1216 5446 1360 5485 meos
1377 5428 1567 5501 usque
1599 5428 1670 5483 ad
1690 5444 1846 5500 spero

200 5503 507 5561 Ratberius
539 5507 741 5562 recitat
768 5505 828 5561 in
862 5506 1155 5574 Qualitatis
1184 5503 1489 5574 conjectura
1522 5517 1685 5574 num.
1716 5501 1771 5554 6.

266 5577 452 5649 (1455)
479 5577 797 5634 Construe:
831 5571 925 5633 His
955 5584 1006 5633 et
1033 5571 1347 5646 hujusmodi
1373 5571 1706 5629 clamoribus
1735 5586 1847 5627 cor-

1955 4555 2161 4612 emaudi
2199 4571 2306 4623 me,
2349 4556 2578 4611 Domine
2608 4555 2744 4611 Deus
2792 4556 2964 4628 (Psal.
2991 4573 3091 4625 xu,
3122 4559 3191 4624 3;
3223 4559 3316 4612 et:
3358 4558 3463 4613 Fac
3504 4573 3617 4614 me-

1956 4660 2106 4713 cum,
2130 4645 2380 4716 Domine,
2395 4645 2619 4715 signum
2640 4646 2702 4700 in
2741 4645 2897 4711 bona,
2918 4648 2980 4700 ut
3002 4644 3222 4701 videant
3249 4645 3346 4717 qui
3388 4645 3619 4702 oderunt

1954 4749 2062 4800 me,
2094 4740 2149 4789 et
2196 4732 2625 4804 confundantur,
2650 4734 2915 4804 quoniam
2944 4741 3025 4803 tu,
3072 4733 3317 4801 Domine,
3353 4733 3621 4808 adjuvisti

1953 4837 2059 4891 me,
2092 4827 2144 4878 et
2172 4823 2477 4879 consolatus
2501 4838 2555 4879 es
2584 4838 2671 4878 me
2706 4823 2879 4896 (Psal.
2928 4838 3128 4891 Lxxxv,
3164 4822 3275 4895 17).
3303 4822 3616 4897 His-(1455)

1955 4917 2013 4968 et
2037 4910 2378 4984 hujusmodi
2401 4909 2761 4968 clamoribus
2778 4928 2949 4969 aures
2960 4910 3234 4968 exaudire
3251 4911 3616 4985 cupientissi-

1956 4999 2038 5056 mi
2068 5000 2324 5068 Domini,
2357 5000 2551 5067 corde,
2586 5016 2684 5056 ore
2717 5017 3019 5072 manuque
3048 5000 3325 5073 fatigans,
3347 5000 3460 5057 nisi
3480 5005 3615 5058 ante

1953 5089 2275 5145 terminum
2304 5088 2436 5144 vita:
2466 5088 2730 5160 quiescat
2755 5106 2768 5157 ;
2804 5089 3046 5145 forsitan
3079 5088 3266 5161 pietas
3295 5087 3454 5146 illius
3485 5088 3611 5163 (qui

1952 5213 2037 5279 de,
2071 5230 2161 5270 ore
2180 5217 2232 5270 et
2264 5229 2432 5269 manu
2473 5213 2719 5283 fatigans
2748 5229 2911 5270 aures
2956 5213 3181 5269 Domini
3206 5214 3613 5285 cupientissimi

1953 5284 2238 5351 exaudire,
2261 5286 2377 5357 nisi
2404 5285 2647 5356 quiescat
2674 5288 2800 5340 ante
2830 5286 3129 5341 terminum
3167 5284 3334 5357 vita;
3371 5286 3610 5357 forsitan

1948 5358 2125 5429 pietas
2154 5356 2330 5421 illius,
2362 5356 2479 5427 (qui
2506 5372 2631 5411 cum
2676 5357 2813 5423 vult,
2834 5360 3044 5429 potens
3070 5359 3170 5429 est,
3201 5356 3609 5429 (etc.)'pulsata

1947 5424 2202 5500 precibus
2229 5424 2562 5500 sanctorum,
2614 5427 2961 5500 respondebit
2998 5430 3050 5482 et
3079 5427 3171 5482 illi
3199 5424 3309 5490 (sic
3341 5424 3606 5500 fatiganti

1953 5497 2500 5626 gﬁﬁ$csgtidem
2534 5497 2675 5569 quod
2694 5497 2976 5571 respondit
3009 5499 3281 5554 instanter
3306 5497 3606 5554 clamanti:

2020 5585 2246 5639 muuer,
2277 5585 2387 5626 etc.
