4058 6170
552 336 671 444 ἰοε

1390 372 1765 471 RATHERII
1808 375 2069 442 EPISC.
2098 375 2386 442 VERON.
2435 377 2609 443 OPP.
2657 379 2851 446 PAPS
2894 379 3006 479 I’II.

3790 386 3874 452 ’101

551 530 689 574 cum
716 513 867 587 vult,
886 523 1078 590 potens
1105 524 1184 575 est
1201 511 1268 575 de
1295 514 1572 589 lapidibus
1599 514 1743 588 ﬁlios
1761 513 2008 573 Abrahae
2035 515 2204 571 susci—
2231 514 2289 583 Α
2315 518 2449 571 tur:
2482 520 2699 587 Pereat,
2728 516 2942 593 inquit,
2969 516 3126 591 prior
3151 515 3289 587 dies,
3321 517 3385 575 in
3411 531 3515 593 qua
3546 516 3689 577 natus
3710 534 3821 591 sum,
3840 525 3876 579 et

547 608 666 666 tare
694 606 901 677 (Matth.
934 622 1019 666 ιιι.
1047 607 1142 679 9):
1176 606 1284 674 Qui
1305 622 1415 663 non
1464 606 1581 662 vult
1621 609 1854 663 mortem
1900 607 2201 677 peccatoris

544 699 643 756 sed
667 706 729 756 ut
751 701 1099 756 convertatur
1126 700 1180 753 et
1206 697 1353 753 vivat
1383 695 1593 768 (Bacch.
1625 712 1822 759 χχχιιι,
1857 693 1945 766 11)
1976 698 2203 750 sancto-

548 804 682 845 rum
712 786 984 860 precibus
1007 784 1239 859 pulsata
1267 782 1640 858 respondebit
1667 782 1847 850 etilli,
1873 782 2196 856 quodidem

549 877 840 937 instanter
887 875 1200 934 clamanti:
1236 875 1275 933 0
1304 874 1525 940 mulier,
1577 872 1871 945 inquiens,
1899 889 2196 945 nusquam

548 966 845 1024 utscilicet
862 965 1107 1023 viriliter
1122 981 1325 1038 agens,
1354 964 1454 1020 sed
1474 962 1722 1020 mollitia
1743 960 2014 1018 muliebri
2036 961 2196 1018 vitiis

547 1056 831 1114 enerviter
860 1055 1272 1122 succumbens,
1306 1070 1509 1124 magna
1547 1059 1626 1108 est
1654 1068 1809 1107 nunc
1838 1051 1987 1123 ﬁdes,
2021 1050 2079 1106 id
2107 1055 2197 1107 est

546 1145 759 1203 orandi
781 1144 1231 1219 perseverantia,
1271 1150 1366 1197 tua
1390 1158 1409 1204 ;
1446 1142 1544 1213 ﬁat
1573 1141 1674 1197 tibi
1700 1142 1841 1196 sicut
1870 1143 1952 1196 vis
1981 1138 2189 1209 (Matth.

544 1250 645 1302 xv,
662 1233 754 1307 28)
779 1237 871 1289 :et
889 1232 1194 1291 sanabitur
1223 1228 1591 1285 animaillius
1618 1229 1678 1285 in
1706 1227 1805 1284 illa
1832 1229 1979 1285 hora
2001 1247 2015 1296 ;
2036 1229 2187 1300 quod

544 1322 715 1381 nobis
745 1320 1021 1383 omnibus
1047 1323 1320 1394 praestare
1347 1318 1618 1392 dignetur
1637 1316 2039 1390 Redemptoris
2057 1334 2190 1374 nos-

546 1411 624 1468 tri
653 1410 989 1468 clementia.

614 1501 706 1557 24.
739 1499 843 1556 Est
870 1503 927 1555 et
954 1497 1071 1555 alia
1098 1496 1471 1571 pereuntium
1490 1496 1551 1552 in
1572 1500 1920 1569 perpetuum
1950 1495 2188 1552 evidens

544 1587 909 1662 approbatio,
941 1587 1096 1659 quod
1127 1602 1262 1643 cum
1304 1590 1424 1643 tres
1470 1585 1533 1641 in
1580 1583 1890 1658 Evangelio
1919 1582 2188 1657 legamus

542 1679 809 1735 mortuos
837 1694 872 1733 a
904 1676 1143 1733 Domino
1164 1673 1500 1743 suscitatos,
1527 1678 1802 1747 quartum
1823 1673 1936 1730 sibi
1958 1671 2188 1729 nuntia-

540 1769 668 1825 tum
717 1765 971 1823 noluerit
1036 1765 1341 1832 suscitare,
1387 1764 1488 1820 sed
1544 1762 1870 1820 econtrario
1931 1760 2181 1818 dixerit:

2307 621 2422 662 nox
2449 608 2510 662 in
2535 623 2644 679 qna
2671 606 2879 663 dictum
2906 610 2985 664 est
3005 626 3027 664 :
3057 607 3356 681 Conceptus
3394 614 3474 665 est
3518 610 3661 665 homo
3680 611 3794 679 (Iob.
3816 629 3877 681 ιιι,

2310 695 2363 766 3)
2389 712 2401 761 ;
2436 695 2582 752 alter
2608 712 2745 751 vero
2772 713 2783 752 :
2817 697 3155 767 Maledictus,
3188 697 3295 768 ait,
3318 700 3421 771 qui
3442 699 3877 772 annuntiavupatri

2306 802 2445 853 meo,
2479 785 2701 841 dicens:
2730 787 2897 842 Natus
2941 793 3019 841 est
3058 786 3165 843 tibi
3216 802 3365 859 puer
3391 787 3655 843 masculus
3683 789 3790 860 (ter.
3811 808 3874 858 ιι,

2314 874 2434 946 15);
2466 874 2779 931 Psalmista
2818 880 3029 931 contra
3066 874 3198 932 illos
3246 873 3538 932 auxilium
3582 874 3777 932 Domini
3799 877 3875 934 im-

2304 964 2593 1035 precando
2619 982 2631 1020 :
2668 964 3000 1021 Avertantur
3016 966 3200 1021 statim
3227 965 3621 1033 erubescentes,
3648 966 3874 1038 quidimt

2301 1051 2488 1108 mihi:
2516 1054 2681 1122 Euge,
2715 1069 2849 1122 euge
2879 1054 3051 1125 (Psal.
3084 1070 3235 1123 LXIX,
3273 1055 3353 1126 4.)

2371 1140 2461 1196 26.
2492 1141 2798 1197 Abstinere
2827 1157 2959 1197 vero
2989 1145 3152 1198 tanto
3206 1142 3406 1214 magis
3466 1159 3570 1199 nos
3618 1144 3801 1214 oportet
3820 1142 3870 1198 ab

2301 1229 2460 1286 omni
2491 1229 3044 1302 mendacio,quanto
3078 1230 3300 1287 certius
3336 1230 3485 1287 illud
3516 1248 3549 1287 a
3577 1229 3774 1287 diabolo
3785 1248 3871 1304 pm-

2246 1332 2251 1335 ‘
2298 1316 2499 1375 cedere
2514 1317 2776 1376 valemus
2798 1318 3383 1389 advertere,Domino
3396 1319 3481 1376 ita
3500 1320 3572 1376 de
3591 1335 3652 1377 eo
3671 1317 3870 1385 testante,

2298 1407 2434 1463 Cum
2461 1406 2706 1479 loquitur
2723 1407 3089 1476 mendacium,
3120 1425 3190 1465 ea:
3231 1410 3488 1481 propriis
3526 1410 3756 1482 loquitur,
3780 1410 3873 1480 quia

2294 1494 2535 1552 mendax
2564 1504 2659 1563 est,
2687 1500 2737 1552 et
2748 1501 2905 1568 pater
2959 1498 3080 1569 ejus
3131 1496 3312 1567 (Psal.
3361 1514 3417 1563 v,
3448 1496 3528 1569 7),
3558 1496 3736 1569 utique
3758 1512 3874 1552 men-

2295 1583 2441 1640 dacii
2474 1582 2650 1656 (toan.
2692 1598 2819 1652 V111,
2866 1584 2980 1656 44).
3036 1585 3103 1641 Et
3158 1585 3657 1659 Psalmographus
3694 1584 3873 1641 Domino

2294 1664 2538 1745 dficat[f.,
2572 1673 2735 1746 dicit]
2759 1692 2771 1729 :
2799 1673 2997 1730 Perdes
3026 1690 3116 1731 eos
3145 1676 3243 1748 qui
3270 1675 3578 1749 loquuntur
3602 1672 3870 1731 matdaciun

2292 1762 2464 1832 (Psal.
2491 1780 2545 1829 v,
2578 1764 2656 1827 7).
2680 1762 2844 1828 Quod
2868 1766 3064 1819 tamen
3088 1764 3136 1820 si
3161 1764 3234 1820 de
3253 1764 3425 1820 omni
3449 1760 3730 1820 mendacio
3752 1758 3870 1817 intel-

537 1856 762 1952 Dimitta
787 1862 1027 1952 mortuos.
1066 1853 1297 1952 sepelire
1341 1858 1604 1952 mortuos-
1628 1867 1753 1952 suos
1803 1850 2009 1922 (Matth.
2059 1867 2182 1949 vui,
2215 1884 2262 1952 Β
2292 1851 2802 1926 ligamus,nullum
2825 1869 2858 1907 a
2887 1849 3869 1925 perditioneliberumjudicamus:di-

535 1934 650 2016 22).
683 1946 837 2001 T-res-
855 1960 990 2000 vero
1014 1942 1113 1998 isti
1167 1941 1384 1997 mortui
1415 1940 1530 1996 tria
1559 1940 1895 2013 significant
1931 1938 2184 1996 morien-

536 2032 693 2089 tium
714 2031 922 2088 animm
953 2046 1201 2103 genera:
1236 2046 1423 2087 unum
1450 2027 1669 2086 scilicet
1686 2028 1746 2083 in
1776 2028 1989 2091 oculto,
2023 2026 2183 2083 aliud

536 2120 599 2177 in
628 2120 885 2194 publico,
903 2120 1033 2176 terti
1045 2136 1143 2176 um
1165 2119 1227 2176 in
1256 2118 1702 2183 consuetudine,
1729 2118 1883 2190 quod
1905 2121 1960 2174 et
1987 2118 2183 2173 faetore

538 2200 774 2276 dicitur,
802 2207 861 2265 id
893 2212 982 2265 est
1002 2207 1403 2280 desperatione
1433 2206 1811 2278 recuperandi
1841 2204 2061 2261 vicinos
2093 2205 2180 2259 in-

537 2299 738 2366 ﬁcere;
771 2299 871 2355 sed
923 2296 1061 2370 quia
1091 2297 1206 2353 Deo
1247 2296 1329 2351 nil
1377 2299 1468 2352 est
1514 2293 1896 2367 impossibile,
1928 2299 1986 2349 et
2035 2292 2180 2349 tales

536 2387 608 2445 ab
636 2386 802 2444 initio
831 2403 1035 2443 omnes
1054 2385 1289 2442 fuerunt
1314 2385 1371 2440 in
1394 2383 1580 2441 oculis
1596 2382 1961 2456 ejus,quales
1983 2383 2040 2438 in
2065 2384 2180 2437 line

532 2476 763 2534 futuros
789 2475 922 2532 illos
973 2473 1261 2548 praevidit,
1312 2472 1585 2530 dilexisse
1613 2489 1713 2529 eos
1744 2472 2175 2544 comprobatur,

531 2582 667 2622 cum
699 2565 999 2638 insperata
1016 2579 1214 2620 eorum
1240 2561 1569 2619 emendatio
1591 2561 1867 2618 cernitur.
1893 2562 2177 2626 Quartum

529 2670 663 2711 vero
691 2653 841 2710 illud
868 2670 1055 2727 genus
1085 2656 1176 2709 est
1205 2652 1432 2716 mortis,
1456 2652 1661 2723 dequo
1680 2648 2003 2705 Psalmistaa
2034 2647 2176 2703 dici-

529 2745 630 2800 tur
656 2759 831 2800 voce:
882 2743 1159 2814 Quoniam
1201 2740 1458 2798 laudatur
1500 2742 1751 2811 peccator
1787 2740 1845 2794 in
1887 2738 2177 2793 desideriis

530 2833 740 2889 animae
766 2845 923 2896 suae;
951 2838 1001 2886 et
1047 2831 1270 2901 iniquus
1319 2828 1659 2884 benedicitur
1706 2826 1876 2899 (Psat.
1906 2843 1965 2892 x,
1994 2826 2088 2896 3);
2121 2828 2180 2881 et

531 2918 607 2977 de
651 2918 869 2991 quibus
914 2916 1233 2990 propheta:
1276 2916 1481 2988 Popute
1504 2931 1678 2983 meus,
1727 2916 1824 2987 qui
1872 2914 2088 2970 beatum
2126 2916 2179 2969 te

529 3006 738 3075 dicunt,
772 3006 882 3081 ipsi
930 3010 980 3062 te
1022 3004 1303 3078 decipiunt
1346 3005 1498 3073 (Isai.
1544 3021 1627 3073 III,
1674 3003 1782 3075 12).
1835 3002 1980 3059 Cum
2018 3001 2176 3059 enim

530 3095 747 3169 quis'et
777 3092 1002 3151 malum
1033 3093 1187 3167 quod
1220 3092 1358 3148 facit
1390 3092 1513 3163 ipse
1541 3091 1820 3163 defendit,
1853 3095 1911 3147 et
1941 3090 2179 3147 adulan-

2292 1942 2369 1997 cit
2392 1941 2546 1997 enim
2576 1940 2711 1997 alibi
2735 1940 2890 1996 idem
2917 1958 2930 1995 :
2969 1938 3158 1998 Omnis
3181 1940 3345 1999 homo
3375 1941 3614 1999 mendax
3639 1940 3870 2013 (Psalmv,

2289 2029 2314 2086 1
2338 2030 2402 2102 ι).
2436 2031 2582 2102 Ergo
2611 2034 2674 2085 tu
2706 2028 2832 2103 ipse
2858 2029 2978 2085 haec
3000 2029 3201 2085 dicens
3232 2030 3493 2087 mendax
3517 2027 3869 2104 prephetaltb-

2290 2119 2389 2185 sit,
2421 2135 2558 2174 nam
2589 2123 2647 2174 et
2676 2117 2796 2174 illic
2828 2123 3053 2173 certum
3079 2119 3573 2191 quoddam,quod
3603 2114 3865 2191 perditionis

2289 2207 2395 2263 ﬁlii
2442 2208 2813 2264 solummodo
2870 2207 3217 2280 loquuntur,
3271 2208 3399 2264 dixi
3454 2207 3864 2271 mendaciumn

2288 2313 2522 2352 omnem
2550 2297 2846 2353 hominem
2880 2296 2940 2350 in
2966 2297 3151 2351 extasi
3181 2297 3459 2370 (1456),ἱό
3476 2296 3642 2361 est,in
3668 2299 3864 2351 contem-

2287 2385 2543 2458 platione
2574 2384 2902 2441 veracitatis
2936 2384 3058 2452 Dci,
3080 2386 3278 2441 vocavi
3310 2386 3643 2442 mendacem
3666 2383 3866 2451 ;sicutet

2285 2473 2665 2530 Ecclesiastes
2697 2491 2862 2529 meus
2892 2473 3087 2545 (Exte.
3115 2489 3196 2539 ιιι,
3221 2474 3331 2546 19),
3353 2480 3412 2532 et
3441 2478 3569 2548 post
3594 2472 3740 2528 illum
3762 2466 3864 2541 Apo-

2286 2562 2474 2619 stolus
2504 2561 3168 2635 (Rom.vm,20),vanitati
3195 2564 3556 2636 subjectum.
3579 2561 3739 2627 Quam
3765 2574 3863 2632 pra-

2283 2654 2441 2708 terea
2471 2651 2709 2707 noxium
2741 2650 2819 2706 sit
2875 2667 3047 2707 omne
3096 2651 3498 2720 mendacium,
3530 2649 3671 2707 alius
3695 2644 3865 2703 nosad-

2285 2742 2486 2795 monet
2512 2740 2712 2796 dicens
2739 2739 2828 2795 :0s
2858 2740 2996 2812 quod
3024 2740 3515 2809 mentitur,occidit
3541 2730 3864 2807 animam(5ap.

2284 2844 2325 2895 ι,
2360 2828 2450 2897 11)
2475 2846 2490 2896 ;
2518 2833 2611 2883 et:
2645 2828 2836 2883 Falsus
2872 2830 3023 2884 testas
3069 2844 3182 2883 non
3235 2831 3349 2885 erit
3406 2828 3694 2901 impunitus
3732 2824 3862 2898 am.

2283 2917 2425 2989 Xlx),
2455 2918 2534 2985 5).

2354 3009 2441 3062 27.
2480 3004 2852 3061 Mendacium
2901 3022 3043 3062 sane
3096 3022 3274 3078 quam
3321 3005 3495 3081 longe
3525 3022 3557 3062 a
3584 2994 3863 3078 praesulibus

2282 3094 2552 3151 Ecclesiae
2584 3094 2792 3150 debeat
2819 3110 2968 3163 esse,
2986 3093 3273 3151 invectiva
3309 3094 3615 3168 cujusdam
3642 3085 3866 3149 sententia

528 3184 685 3241 tium
717 3182 1003 3241 attollitur
1033 3182 1274 3255 insuper
1304 3180 1598 3249 laudibus,
1629 3197 1935 3254 nunquam
1976 3180 2046 3237 ad
2082 3179 2173 3235 sui
2216 3248 2249 3256 _
2287 3183 2649 3256 hujusmodi,
2676 3199 2741 3238 ac
2763 3182 3114 3255 populorum
3147 3184 3571 3241 consuetudine
3591 3181 3727 3246 trita,
3751 3172 3862 3233 vale-

529 3273 922 3348 cognitionem
952 3248 1206 3338 rediens,
1231 3274 1297 3326 ut
1323 3269 1635 3344 sepulturae
1656 3248 1924 3345 mortuus
1945 3285 2173 3343 aggere,
2207 3248 2251 3316 α
2289 3248 2423 3329 mus
2434 3248 2982 3340 advertam-Verba,
3004 3271 3303 3345 inquiunt,
3331 3269 3640 3330 sacerdotis
3665 3258 3749 3323 aut
3767 3274 3865 3348 vera

529 3364 613 3422 ita
641 3362 741 3421 ille
789 3361 1155 3420 adulantium
1205 3361 1354 3417 falsa
1398 3359 1685 3433 premitur
1734 3358 2174 3416 infelicissimus

528 3453 722 3512 laude.
746 3454 1061 3526 Nunquam
1082 3451 1285 3525 utique
1315 3448 1626 3516 reviviscit,
1647 3449 1749 3522 qui
1782 3465 1845 3505 se
1875 3453 2173 3505 mortuum

529 3543 651 3602 fore
681 3560 985 3616 nunquam
1003 3540 1332 3617 cognoscit;
1355 3556 1462 3596 nec
1490 3539 1565 3596 ad
1596 3537 1847 3594 salutem
1876 3538 2046 3606 redit,
2074 3538 2175 3611 qui

528 3634 720 3691 salute
750 3649 814 3689 se
833 3631 1092 3705 indigere
1115 3629 1356 3686 minime
1368 3628 1565 3684 credit.
1584 3627 1648 3684 In
1672 3630 2020 3700 perpetuum
2039 3643 2177 3699 ergo

528 3721 773 3796 periisse
801 3737 917 3778 non
934 3717 1365 3791 dubitatur,qui
1386 3715 1487 3773 tali
1513 3716 1628 3773 ﬁne
1647 3716 1750 3772 def
1749 3733 1779 3771 u
1788 3716 2176 3789 ngitur.Quod

529 3826 715 3883 genus
744 3807 952 3865 mortis
999 3821 1373 3878 summopere
1422 3819 1620 3861 cavere
1651 3819 1785 3859 cum
1825 3802 1927 3860 Dei
1960 3803 2181 3860 auxilio

528 3897 886 3964 laboremus,
920 3911 1025 3951 nec
1041 3894 1410 3951 adulantium
1428 3892 1751 3951 mendaciis
1769 3892 1840 3948 de
1869 3893 2040 3949 nobis
2061 3908 2177 3949 cre-

531 3982 765 4052 damus,
797 3984 900 4040 sed
950 3986 1183 4055 peccata
1224 3986 1423 4039 nostra
1468 3986 1525 4038 et
1557 3979 1667 4053 ipsi
1708 3996 2074 4049 accusemus,
2121 3984 2179 4037 et

532 4071 947 4129 accusantibus
976 4086 1093 4125 non
1142 4069 1486 4126 irascamur.
1518 4069 1644 4124 Non
1687 4084 1823 4141 ergo
1862 4068 1984 4124 leve
2013 4073 2179 4141 putet

534 4159 671 4235 quis
699 4176 763 4217 se
808 4158 1174 4216 committere
1200 4161 1524 4228 peccatum,
1558 4173 1691 4213 cum
1734 4155 1990 4229 aliquem
2024 4158 2178 4214 male

532 4254 803 4325 agentem
835 4246 995 4305 falsis
1012 4246 1289 4303 laudibus
1310 4244 1543 4312 attollit,
1563 4262 1698 4301 cum
1722 4246 2023 4303 Dominica
2041 4264 2178 4303 voce

532 4340 607 4397 de
635 4354 698 4397 so
727 4337 871 4406 dici,
900 4336 1054 4409 quod
1081 4338 1349 4390 mortuus
1370 4338 1671 4390 mortuum
1694 4334 1954 4408 sepeliet,
1973 4336 2174 4394 audit:

530 4424 1061 4501 irrecuperabiliter
1103 4422 1263 4479 enim
1293 4437 1427 4478 eum
1456 4422 1750 4489 interﬁcit,
1782 4422 1881 4495 qui
1913 4424 2179 4483 fortassis

531 4519 607 4577 ad
628 4512 1054 4575 emendationis
1071 4513 1253 4570 vitam
1274 4514 1623 4587 resurgeret,
1646 4511 1761 4568 nisi
1784 4529 1920 4569 eum
1938 4513 2036 4571 ille
2052 4516 2177 4572 suis

532 4605 971 4664 adulationibus
1002 4603 1365 4661 incessanter
1392 4601 1680 4657 obrueret.

602 4698 693 4751 25.
724 4695 877 4751 Cum
900 4709 1034 4750 vero
1064 4698 1213 4759 octo,
1247 4695 1311 4746 ut
1339 4690 1543 4746 beatus
1576 4689 1789 4747 fatetur
1815 4692 2179 4764 Augustinus

535 4784 637 4857 (De
668 4782 910 4839 Mendao.
969 4798 1025 4838 ο*
1068 4781 1179 4853 lli),
1236 4779 1387 4837 592
1439 4778 1558 4836 sint
1606 4779 1896 4835 mendacii
1944 4796 2176 4853 genera,

534 4869 907 4929 adulatorum
937 4874 1027 4927 est
1055 4869 1211 4926 inter
1239 4867 1457 4935 omnia,
1487 4866 1690 4935 fateor,
1714 4867 2060 4940 pessimum.
2089 4867 2180 4923 Illi

534 4959 701 5017 enim
724 4958 1015 5034 precipue
1043 4961 1102 5015 et
1129 4956 1530 5014 interfectores
1566 4959 1625 5012 et
1674 4955 1999 5029 sepultores
2042 4962 2183 5014 sunt

536 5047 869 5107 animarum
901 5062 1111 5120 regum
1141 5043 1414 5113 maxime,
1445 5045 1686 5112 ducum,
1719 5044 2021 5114 comitum,
2059 5046 2182 5118 epi-

536 5152 873 5209 scoporum,
890 5135 1195 5202 abbatum,
1215 5150 1282 5189 ac
1299 5131 1494 5189 saeculi
1510 5132 1689 5204 hujus
1710 5132 2181 5205 potentium,non

533 5223 700 5281 veriti
730 5222 989 5280 terribile
1011 5221 1155 5279 illud
1173 5237 1278 5295 per
1305 5219 1646 5295 prophetam
1680 5220 1910 5277 Domini
1944 5221 2184 5278 maledi-

535 5317 697 5371 ctum
723 5330 735 5369 :
774 5312 863 5371 Ve
893 5314 990 5384 qui
1035 5311 1219 5368 dicitis
1263 5311 1475 5367 malum
1501 5310 1720 5380 bonum,
1752 5313 1807 5366 et
1836 5312 2035 5367 bonum
2061 5329 2179 5367 ma-

538 5405 655 5461 lum
682 5404 833 5476 (Isai.
866 5418 923 5470 v,
952 5402 1067 5470 20),
1101 5405 1211 5457 etc.
1257 5400 1517 5465 Quorum
1550 5398 1867 5455 mortifiera
1896 5400 2183 5471 praeconia

539 5492 621 5551 ita
647 5492 779 5561 Job,
810 5491 893 5548 ita
912 5494 1047 5563 post
1070 5488 1356 5547 Jeremias
1383 5486 1573 5561 typice
1591 5485 1966 5545 maledixisse
1982 5487 2183 5562 legun-

2284 3366 2386 3418 aut
2413 3360 2715 3433 sacrilega.
2750 3362 2936 3427 Quam
2965 3377 2996 3416 e
3044 3361 3342 3419 contrario
3394 3362 3586 3417 autem
3609 3354 3785 3412 veritas
3807 3347 3861 3403 sit

2284 3454 2398 3507 Deo
2431 3449 2659 3517 dilecta,
2693 3449 2819 3523 ipse
2851 3450 2923 3505 de
2952 3467 3015 3506 se
3044 3449 3292 3523 loquens
3326 3451 3481 3506 Deus
3511 3448 3671 3504 homo
3688 3443 3864 3499 demon-

2285 3542 2452 3605 strat,
2484 3555 2621 3594 cum
2653 3538 2733 3593 ait
2757 3555 2770 3593 :
2791 3543 2901 3609 Ego
2950 3556 3076 3595 sum
3128 3556 3242 3610 via,
3293 3541 3499 3596 veritas
3535 3540 3584 3593 et
3612 3535 3709 3590 vita
3728 3530 3859 3601 (Ιοαηι

2285 3646 2401 3693 xlv,
2431 3627 2488 3699 6)
2514 3644 2527 3695 ;
2560 3631 2618 3683 et
2646 3643 2750 3700 per
2778 3627 3157 3700 prophetam:
3190 3628 3396 3685 Pacem
3421 3635 3474 3683 et
3502 3625 3755 3682 veritatem
3771 3611 3861 3669 dili-

2284 3719 2413 3787 θίεε,
2437 3718 2518 3772 ait
2545 3717 2804 3773 Dominas
2854 3717 2995 3774 Deus
3042 3716 3226 3789 (Zach.
3258 3732 3387 3784 vm,
3427 3715 3546 3788 19);
3585 3706 3775 3767 Pascha
3794 3712 3860 3756 cu-

2276 3807 2380 3877 jus
2410 3805 2700 3862 celebrare
2726 3807 2786 3861 in
2814 3808 3026 3876 azymis
3057 3807 3396 3863 sinceritatis
3429 3807 3480 3861 et
3525 3797 3741 3858 veritatis
3784 3802 3858 3846 110s

2286 3898 2485 3951 monet
2512 3894 2824 3967 Apostolus
2854 3895 2902 3967 (ι
2937 3894 3059 3951 Cor.
3088 3912 3143 3963 ν,
3167 3896 3244 3958 8).
3278 3894 3351 3951 Et
3380 3908 3515 3951 cum
3546 3886 3773 3963 quasdam
3795 3891 3862 3950 PO'

2284 3981 2409 4057 puli
2441 3982 2533 4039 sui
2565 3986 2693 4039 acta
2724 3984 3123 4056 reprobasset:
3157 3983 3449 4055 subjecit:
3481 3985 3610 4038 Ηιτε
3632 3976 3741 4032 sunt
3770 3977 3860 4034 δί’Πο

2285 4074 2469 4139 verba,
2503 4087 2628 4144 quae
2645 4074 2851 4144 facitis,
2894 4073 3191 4144 loquimini
3230 4076 3517 4129 veritatem
3562 4059 3860 4135 unuscui-tell“

2283 4178 2409 4218 sum
2424 4162 2675 4233 proximo
2693 4178 2790 4218 suo
2814 4160 2997 4234 (Zach.
3029 4179 3149 4229 vm,
3166 4162 3243 4235 16)
3266 4180 3279 4230 ;
3303 4167 3365 4220 et
3387 4158 3687 4235 replicans:
3708 4146 3856 4206 Verita-

2286 4258 2391 4307 tem
2421 4254 2472 4305 ct
2499 4251 2774 4317 iustitiam
2790 4249 3034 4323 judicate
3055 4253 3115 4306 in
3139 4254 3314 4323 portis
3343 4251 3551 4308 vestris.
3582 4238 3742 4318 (Ibid)

2355 4338 2444 4394 28.
2478 4339 2640 4406 Ecce,
2676 4320 2885 4394 fratres
2912 4342 2971 4394 et
3001 4338 3103 4394 lilii
3139 4320 3313 4412 (Deus
3367 4329 3654 4401 concedat]
3679 4320 3858 4412 ships"

2287 4426 2603 4484 clementer
2633 4427 2901 4499 respecti,
2931 4443 3061 4484 ecce
3092 4410 3314 4501 quanta
3345 4410 3858 4501 commentoravinitls

2287 4534 2421 4573 vera
2451 4515 2624 4583 mala,
2657 4496 2880 4588 quanta
2905 4514 3058 4572 falsa
3081 4496 3254 4586 bona,
3288 4520 3509 4589 quanta
3552 4508 3707 4568 etiam
3728 4496 3858 4589 luisti}

2208 4616 2255 4682 1')
2286 4606 2459 4662 bonis
2489 4579 2843 4671 mala-Quid
2876 4604 3047 4662 nobis
3080 4579 3376 4678 agendum
3420 4602 3488 4660 ad
3534 4600 3655 4660 ista,
3685 4584 3793 4682 uitii,
3814 4579 3859 4633 υί

2287 4693 2666 4766 ριιωάὶχὶιιιιιε
2697 4692 3013 4749 Dominum
3045 4675 3411 4768 praecepisse,
3444 4706 3554 4746 non
3594 4685 3667 4739 ita
3682 4675 3858 4768 1⁸1⁸⁸⁸⁸

2288 4798 2567 4849 mus,non
2598 4780 2678 4836 ita
2706 4797 3085 4848 oremus,non
3110 4781 3191 4839 ita
3209 4766 3857 4861 eleemosynas‘faciafpusi

2289 4872 2445 4927 sicut
2477 4887 2663 4942 usque
2694 4870 2766 4925 ad
2800 4870 2951 4926 hanc
2982 4870 3137 4927 diem
3169 4871 3581 4944 jojunavimus.
3624 4855 3855 4947 oravimus

2288 4937 2687 5031 eleemosy-nas
2714 4958 2981 5026 fecimus,
3014 4974 3085 5015 ne
3116 4937 3383 5017 hostibus
3406 4937 3854 5031 metummali?“

2288 5047 2491 5121 utique
2524 5046 2675 5104 698
2701 5046 3028 5120 spiritibus,
3053 5048 3417 5105 occasionem
3437 5056 3537 5101 nos
3554 5019 3854 5123 αωρίξξλῗῖδῗξ

2291 5106 2514 5192 ridendi
2532 5106 3455 5208 praesteinusﬂed'rationabiliter
3474 5131 3531 5187 in
3550 5106 3851 5208 simplitfllalf’

2289 5225 2480 5282 cordis
2496 5223 2742 5282 Domino
2764 5224 3382 5294 servientes,curemus
3398 5214 3649 5297 primitus
3662 5220 3723 5263 nc
3737 5199 3849 5297 δοξξ

2289 5317 2495 5369 nostra
2513 5300 2661 5367 falsa
2688 5290 3120 5371 sint.Curemus
3141 5331 3213 5371 ne
3234 5290 3696 5371 nulla-deliine,”
3711 5290 3850 5363 Ρ⁸⁰⁰⁸

2288 5405 2518 5475 post,ne
2532 5400 2867 5456 inordinata
2885 5402 3147 5474 [subaudi
3163 5401 3590 5476 sint].illiusque
3608 5378 3846 5476 numqua?

2290 5461 2451 5546 ebliti
2484 5461 2902 5562 consilii,quod
2913 5461 3846 5562 datum,int'ructuose-liaetu?!“am

611 5670 774 5746 (1456
802 5669 897 5730 Sic
930 5666 1214 5728 nimlrum
1246 5666 1308 5725 in
1337 5663 1565 5738 psalmo
1594 5681 1719 5734 cxv,
1751 5683 1806 5724 ν.
1839 5668 1874 5724 2
1912 5668 2029 5740 Ego
2058 5668 2246 5726 dixiin
2271 5684 2491 5727 accessu
2520 5683 2638 5726 meo
2659 5685 2677 5723 :
2712 5666 2901 5725 Omnis
2928 5668 3085 5728 homo
3109 5669 3365 5728 mendax.
