4064 6174
504 266 620 335 711

1404 260 1778 331 RATHERII
1824 260 2068 330 EPISC.
2114 218 2404 331 veneri.
2451 258 2623 328 OPP.
2670 260 2869 327 PARS
2913 255 3025 326 III.

3760 262 3863 324 ἨΞ

574 403 662 459 38,
694 399 761 462 Et
780 398 942 475 quia,
976 401 1046 459 ut
1074 398 1381 473 cermitur,
1412 398 1751 457 nullatenus
1774 399 2040 456 acarnali
2063 416 2156 457 va—
2180 401 2236 466 Α
2269 399 2340 455 de
2370 398 2623 470 panibus
2662 394 3105 471 propositionis,
3153 391 3252 467 qui
3282 392 3547 453 nostrum
3574 391 3866 465 ﬁgurabat

508 488 595 547 les
624 487 924 551 intellectu
947 487 1176 556 divelli,
1200 492 1331 547 tene
1357 487 1639 545 tesaltem
1676 489 1749 544 ad
1782 488 1944 544 illam
1979 504 2157 560 quam

500 594 612 652 pro
647 576 819 640 nobis
850 576 957 635 Dei
980 577 1267 652 sapientia
1300 577 1598 653 suscipere
1620 578 2005 652 dignatusest
2033 593 2159 633 car-

506 658 778 724 nemJlla
804 666 964 723 enim
995 666 1056 722 in
1085 666 1247 723 caelis
1277 667 1349 723 ad
1380 667 1698 735 dexteram,
1732 666 1790 722 id
1822 670 1931 733 est,
1958 682 2159 739 requa-

503 755 732 813 litatem
750 754 962 823 Patris,
993 755 1093 828 qui
1115 754 1332 827 ubique
1353 755 1569 824 dexter,
1585 771 1880 828 nusquam
1897 755 2155 822 sinister,

509 847 708 917 utpote
728 842 1011 901 incircum
1022 843 1277 916 scriptus
1290 843 1534 917 spiritus
1558 847 1728 915 Deus,
1749 860 1883 901 cum
1896 842 2154 911 ossibus,

509 948 636 1004 quae
663 931 907 1005 spiritus
929 931 1169 991 omnino
1191 948 1306 988 non
1328 930 1524 1001 habet,
1557 933 1781 1005 absque
1804 931 1983 989 dubio
1995 931 2159 989 sedet

510 1020 718 1092 (1164).
748 1016 895 1092 Ejus
942 1020 1231 1085 divinitati
1264 1020 1711 1095 incorporaliter
1744 1024 1939 1079 astant
1966 1020 2157 1076 incor-

502 1107 670 1185 porei
698 1109 968 1182 spiritus,
1000 1108 1191 1183 angeli
1226 1110 1428 1184 utique
1449 1109 1659 1178 sancti,
1686 1109 1896 1166 animai
1921 1124 2156 1183 quoque

504 1196 725 1265 felices,
760 1202 1099 1257 sanctorum
1150 1214 1393 1272 corpora
1438 1214 1692 1271 quoque,
1744 1202 1807 1253 ut
1850 1196 2156 1254 nonnullis

508 1284 697 1347 visum
747 1289 861 1353 est,
908 1301 1035 1357 quae
1091 1286 1242 1345 590
1290 1304 1423 1344 cum
1467 1286 1715 1344 Domi-no
1778 1289 2157 1347 surrexerunt

505 1373 718 1445 (Matth.
749 1389 928 1440 xxvn,
960 1373 1080 1443 52),
1111 1390 1244 1431 cum
1274 1374 1584 1432 animabus
1608 1376 1930 1448 justorum.
1955 1375 2154 1447 Neque

499 1462 656 1519 enim
688 1460 1031 1532 hujusmodi
1061 1479 1125 1520 es
1157 1463 1369 1531 meriti,
1405 1467 1470 1519 ut
1494 1462 1684 1520 dicere
1717 1480 1852 1519 cum
1876 1463 2150 1536 Apostolo

498 1549 729 1623 possis:
760 1551 888 1606 Etsi
910 1553 1257 1621 cognovimus
1268 1552 1571 1608 secundum
1594 1568 1818 1608 carnem
1843 1552 2150 1616 Christum;

494 1637 588 1696 sed
606 1638 730 1713 jam
775 1654 924 1693 nunc
968 1639 1219 1694 novimus
1246 1640 1296 1711 (I
1335 1638 1454 1696 Cor.
1482 1656 1538 1706 ν,
1571 1639 1657 1713 t6)
1690 1642 1836 1719 Ejus
1868 1645 2061 1697 tamen
2098 1641 2149 1698 si

428 1802 435 1805 ν
495 1724 749 1787 divinam
768 1724 1051 1800 indagare
1074 1730 1378 1800 utcunque
1400 1729 1568 1801 cupis
1598 1730 2030 1797 substantiam,
2078 1730 2151 1789 ab

499 1812 703 1873 eodem
756 1814 1151 1873 intentissima
1177 1816 1350 1874 audi:
1394 1819 1669 1893 Philippe,
1695 1818 1907 1892 inquit,
1940 1821 2038 1891 qui
2064 1836 2151 1876 me

494 1903 654 1974 vidit,
686 1903 824 1961 vidit
872 1912 924 1961 et
969 1910 1204 1962 Patrem
1248 1908 1426 1978 (Joan.
1459 1924 1577 1975 xxv,
1608 1907 1691 1981 9),
1716 1908 1773 1963 id
1808 1912 1919 1976 est,
1960 1924 2149 1980 neque

495 2006 589 2048 me
622 1990 780 2055 ullus
811 1992 872 2048 in
903 1992 1230 2059 divinitate,
1266 2010 1444 2066 quam
1476 1995 1526 2051 si
1560 2011 1846 2063 cerneres,
1878 1997 1989 2053 hoc
2017 1997 2148 2053 nul-

494 2081 724 2139 latenus
771 2080 997 2139 diceres
1045 2099 1059 2138 :
1108 2084 1217 2154 Ego
1247 2085 1416 2152 enim,
1449 2092 1500 2140 et
1532 2086 1715 2157 Paler,
1759 2102 1934 2143 unum
1960 2103 2149 2143 sumus

495 2168 674 2243 (Joan.
707 2186 765 2236 x,
796 2170 886 2242 30)
920 2186 1107 2242 neque
1135 2170 1302 2227 illum
1333 2172 1498 2228 vidit.
1526 2173 1702 2231 Vides
1737 2190 1831 2230 me
1862 2174 1921 2229 in
1952 2190 2146 2240 carne,

500 2276 677 2332 quam
706 2258 937 2331 sumpsi
965 2276 1069 2331 pro
1102 2264 1190 2328 te;
1223 2277 1340 2316 non
1371 2261 1533 2318 vides
1583 2262 1643 2317 in
1680 2263 2004 2333 divinitate,
2032 2280 2150 2336 qua

494 2364 626 2404 sum
659 2363 845 2407 unum
878 2364 1025 2405 cum
1049 2352 1213 2420 patre
1238 2366 1251 2418 ;
1286 2352 1343 2407 et
1371 2350 1501 2406 ideo
1521 2350 1671 2407 sivis
1691 2350 2147 2419 Patremvidere,

495 2438 721 2503 munda
749 2434 920 2493 illum
958 2436 1192 2493 oculum
1228 2438 1444 2509 cordis,
1472 2440 1572 2514 qui
1604 2440 1973 2498 considerare
2002 2458 2148 2513 quo-

492 2525 787 2601 quomodo
815 2525 1009 2583 valeat
1043 2526 1402 2584 invisibilem
1433 2528 1618 2585 Deum
1644 2548 1658 2599 ;
1707 2534 1764 2586 et
1793 2547 1886 2587 me
1911 2529 2147 2603 conspi-

493 2616 652 2673 ciens
664 2610 910 2682 videbis,
945 2620 1001 2673 et
1020 2615 1190 2672 ilium
1212 2633 1327 2672 non
1342 2616 1564 2675 lumine
1585 2619 2150 2693 attingendo,corpo-

495 2703 624 2774 rali,
656 2705 758 2763 sed
780 2703 1231 2778 contemplando
1250 2723 1353 2778 pro
1376 2707 1615 2764 modulo
1637 2707 1907 2782 spiritali.
1928 2709 2147 2780 Deejus

503 2792 631 2849 cibo
658 2793 712 2851 si
760 2791 1116 2862 sollicitaris,
1161 2794 1297 2850 audi
1343 2797 1615 2853 eumdem
1642 2814 1655 2853 :
1682 2797 1828 2854 Meus
1863 2797 2018 2853 cibus
2047 2805 2144 2866 est,

496 2889 559 2938 ut
585 2882 796 2955 faciam
822 2881 1155 2941 voluntatem
1171 2884 1289 2957 ejus
1309 2886 1407 2956 qui
1432 2887 1586 2941 misit
1606 2902 1691 2942 me
1715 2888 1895 2954 (Joan.
1924 2903 2002 2955 1x,
2017 2888 2107 2958 311)
2130 2905 2144 2955 ;

494 2975 593 3027 et:
631 2969 751 3027 Non
798 2969 859 3025 in
900 2985 1047 3045 pane
1075 2970 1188 3027 solo
1230 2973 1362 3027 vivit
1389 2971 1569 3035 homo.
1598 2972 1690 3027 sed
1715 2974 1777 3029 in
1807 2974 1960 3029 omni
1986 2973 2146 3030 verbo

492 3058 634 3132 quod
672 3059 917 3131 proeepit
953 3058 1020 3115 de
1067 3075 1162 3115 ore
1207 3062 1312 3115 Dei
1346 3060 1559 3124 (Matth.
1594 3078 1671 3129 1v,
1710 3062 1843 3132 34);
1875 3066 1934 3118 et
1965 3080 1978 3118 :
2010 3063 2145 3122 Esu-

2267 485 2646 551 sacriﬁcium,
2679 485 2883 556 utique
2918 499 3118 557 agens.
3149 483 3219 539 Et
3238 480 3868 553 cumitasit,quimeseri

2267 575 2522 649 cogitare
2568 574 2830 632 valemus
2877 574 2951 631 de
3000 571 3192 640 nobis,
3229 571 3371 645 quid
3401 570 3694 636 aestimare,
3718 588 3871 644 quare

2266 664 2489 723 sciliset
2517 663 2845 722 sacerdotes
2861 678 3154 731 vocemur,
3183 661 3281 733 qui
3303 665 3425 717 tam
3443 659 3735 716 immunda
3750 677 3870 732 pre-

2265 753 2464 811 cordia
2510 752 2771 828 gerimus
2789 752 2818 807 ‘t
2847 752 3120 808 Potestne
3171 749 3328 822 quod
3359 749 3568 807 damus
3596 747 3772 805 vocari
3797 748 3869 806 vel

2264 846 2560 909 sanctum,
2583 839 3001 915 pollutissimis
3016 839 3289 895 manibus
3320 836 3536 894 nostris
3553 838 3869 893 tractatum?

2261 934 2440 990 Estne
2470 930 2820 996 benedictio,
2854 944 3032 1003 quam
3059 927 3401 985 illecebroso
3431 924 3636 983 saltem
3674 924 3864 994 osculo,

2261 1024 2472 1094 praeter
2499 1019 2634 1088 alia,
2667 1018 2972 1076 fundimus
2992 1034 3089 1075 ore
3120 1015 3384 1091 polluto?
3410 1014 3507 1072 Vas
3538 1013 3698 1073 nobis
3726 1014 3869 1075 mise-

2263 1110 2364 1176 ris,
2398 1126 2502 1183 pro
2530 1107 2771 1165 talimus
2797 1104 3119 1175 sciliset,ac
3131 1104 3348 1161 millies
3364 1120 3445 1160 vae
3463 1103 3646 1158 fuerat
3663 1102 3867 1174 quidem

2262 1198 2401 1255 olim
2431 1197 2814 1272 praedictum:
2850 1200 2946 1251 et:
2974 1196 3097 1252 Erit
3122 1194 3264 1251 sicut
3287 1193 3624 1266 populus,sie
3656 1190 3866 1248 sacerdos

2258 1289 2411 1360 (Isai.
2444 1305 2578 1343 xxxv
2606 1290 2663 1355 2)
2688 1304 2702 1355 ;
2724 1285 2829 1341 sed
2862 1284 3090 1340 utinam
3121 1288 3180 1341 et
3206 1281 3572 1338 honestiores
3592 1277 3867 1352 quilibetin

2260 1376 2476 1451 populo
2492 1376 2615 1446 Dei,
2649 1376 2733 1431 sic
2744 1373 2954 1432 saltem
2979 1372 3312 1429 sacerdotes
3328 1375 3528 1427 essent
3540 1368 3641 1440 huj
3650 1367 3866 1424 usmodi.

2260 1467 2593 1523 Suademns
2624 1468 2943 1538 praepterea
2958 1462 3144 1529 eis,ne
3156 1461 3301 1517 adeo
3312 1459 3439 1516 sint
3452 1475 3487 1514 a
3514 1457 3663 1515 ϐω
3682 1461 3779 1512 Deo
3797 1472 3871 1513 ex-

2259 1553 2466 1621 tranei,
2492 1558 2565 1610 ut
2594 1570 2656 1610 se
2684 1553 2847 1625 ipsos
2880 1550 3176 1625 primitus,
3209 1547 3425 1606 dehinc
3445 1546 3590 1605 alios
3610 1545 3867 1602 mortifere

2258 1643 2380 1699 deci
2389 1643 2635 1715 pientes,
2669 1639 2904 1698 mentiri
2928 1638 3188 1713 potuisse
3209 1641 3419 1711 putent
3436 1635 3709 1709 Spiritum
3729 1650 3867 1690 sanc-

2256 1737 2385 1791 tum
2408 1748 2511 1805 per
2527 1748 2592 1789 os
2612 1729 2870 1804 Apostoli
2885 1730 3175 1786 dicentem
3200 1743 3214 1782 :
3234 1728 3427 1798 Nequa
3448 1724 3698 1792 adulteri,
3724 1738 3867 1795 neque

2253 1818 2636 1893 fornicatores,
2666 1834 2840 1891 neque
2868 1818 3069 1874 ebriosi
3093 1832 3330 1889 regnum
3368 1816 3468 1871 Dei
3512 1815 3867 1885 consqu

2259 1909 2400 1981 (Cal.
2432 1927 2489 1975 ν,
2522 1910 2540 1981 )
2571 1913 2667 1966 et:
2711 1909 2821 1963 Hoc
2868 1914 3051 1964 autem
3095 1907 3288 1962 scitote
3335 1902 3710 1973 iatelligentes,
3748 1898 3867 1972 quod

2255 2000 2436 2055 omnis
2460 2001 2793 2069 fornicator,
2818 2004 2915 2052 aut
2956 1993 3298 2064 immundus,
3331 1997 3433 2049 aut
3454 1991 3685 2056 adulter,
3710 1996 3794 2045 aut
3817 2004 3866 2044 a-

2256 2086 2589 2160 varus,quod
2611 2090 2689 2143 est
2708 2086 2981 2142 idolorum
3014 2084 3389 2150 servitus,non
3435 2076 3592 2136 habet
3608 2076 3867 2136 Ingreditu-

2257 2181 2367 2233 tem
2395 2179 2455 2233 in
2476 2192 2644 2247 regno
2675 2174 2881 2231 Christi
2906 2182 2959 2230 et
2983 2174 3083 2229 Dei
3118 2171 3333 2245 (Ephes.
3366 2188 3425 2240 v,
3453 2171 3530 2239 5).
3575 2168 3680 2225 Sed
3724 2182 3785 2223 ne
3808 2163 3865 2219 ad

2256 2265 2721 2338 desperationem
2774 2280 2875 2321 eos
2924 2278 3117 2319 sermo
3162 2261 3272 2317 iste
3315 2258 3658 2316 verissimus
3686 2253 3863 2317 trahat,

2256 2355 2521 2411 noverint
2550 2371 2666 2411 non
2699 2354 2771 2410 de
2804 2352 2901 2411 bis
2931 2351 3045 2408 dici
3076 2351 3178 2423 qui
3211 2349 3354 2406 olim
3374 2349 3605 2406 fuerant
3631 2340 3863 2408 adulteri,

2257 2443 2658 2510 fornicatores,
2690 2446 2748 2498 et
2778 2440 2958 2508 avari,
3010 2440 3112 2496 sed
3161 2438 3294 2495 illos
3340 2435 3551 2507 notari,
3588 2433 3681 2508 qui
3712 2444 3867 2503 usque

2256 2534 2316 2589 in
2348 2533 2522 2588 linem
2553 2531 2613 2588 in
2645 2529 2864 2587 talibus
2894 2530 3196 2597 durantes,
3220 2526 3603 2600 neglexerunt
3628 2521 3866 2579 adDeum

2256 2621 2510 2679 converti
2545 2639 2558 2689 ;
2586 2620 2689 2693 qui
2721 2619 2944 2691 utique,
2970 2618 3021 2677 si
3056 2617 3495 2682 concederetur,
3522 2615 3605 2670 eis
3632 2611 3688 2667 in
3732 2612 3866 2665 mter-

2256 2728 2399 2767 num
2420 2710 2628 2779 vivere,
2662 2726 2776 2765 non
2801 2707 3138 2763 desinerent
3158 2705 3216 2761 in
3247 2709 3534 2761 internum
3559 2714 3793 2776 peccare,
3819 2697 3865 2751 et

2255 2801 2384 2857 ideo
2397 2800 2559 2872 juste
2576 2798 2634 2854 in
2647 2802 2927 2853 aeternum
2953 2812 3155 2869 pgnuas
3169 2792 3554 2865 debent,quia
3568 2788 3717 2864 digni
3730 2787 3860 2850 sunt,

2254 2888 2433 2945 luere.
2456 2887 2861 2959 Comperimus
2892 2884 3147 2958 namque
3178 2883 3368 2939 nostri
3400 2878 3671 2954 temporis
3696 2889 3865 2950 quam-

2255 2978 2388 3034 dam
2405 2976 2602 3049 (talem
2631 2974 2899 3049 perfungi
2932 2972 2983 3031 si
2995 2972 3661 3043 estdestinatum,quem
3683 2977 3864 3036 cogno-

2252 3066 2432 3125 visset
2460 3065 2765 3122 hominum
2820 3063 3047 3119 utinam
3097 3060 3319 3133 nullus)
3354 3060 3564 3133 hisque
3592 3055 3679 3112 his
3702 3050 3863 3127 (1665)

492 3148 622 3213 rivi,
652 3155 706 3205 et
733 3146 958 3204 dedistis
985 3148 1129 3204 mihi
1156 3148 1496 3205 manducare
1525 3148 1737 3223 (Matth.
1762 3167 1894 3218 xxv,
1925 3150 2037 3222 35),
2069 3150 2145 3213 de
2172 3140 2218 3209 C
2256 3153 2665 3229 deplanximus
2696 3154 2840 3209 adeo
2870 3149 3265 3209 insolubiliter
3294 3150 3562 3215 irretum,
3602 3145 3670 3200 ad
3700 3141 3862 3213 ipsum

491 3235 851 3311 pauperibus
879 3235 1083 3308 utique
1103 3236 1328 3294 dicens.

561 3326 652 3383 39.
685 3324 902 3382 Verum
934 3324 1075 3398 quia
1105 3325 1176 3382 de
1205 3325 1610 3384 sacerdotibus
1640 3327 1858 3384 nostris
1888 3344 2143 3401 conque-

494 3414 567 3471 sti
590 3412 733 3470 tatia
760 3413 1134 3488 protulimus,
1167 3414 1533 3488 suggerendo
1565 3417 1803 3472 eosdem
1838 3416 2144 3473 nobiscum

495 3519 821 3570 monemus,
860 3506 928 3559 ut
957 3503 1017 3558 in
1048 3501 1173 3576 lege
1204 3502 1305 3559 Dei
1337 3503 1431 3560 die
1459 3507 1750 3577 noctuque
1772 3506 2141 3575 meditantes,

495 3595 832 3649 scrutentur
864 3590 1203 3663 Scripturas
1234 3590 1445 3648 melius
1477 3609 1655 3666 quam
1687 3596 2052 3667 usquemodo
2071 3596 2148 3660 fe-

494 3679 716 3738 cissent
745 3700 763 3736 :
797 3682 983 3738 Caecus
1013 3682 1163 3736 enim
1189 3681 1242 3736 si
1269 3695 1409 3737 caeco
1436 3680 1696 3737 ducatum
1717 3686 1960 3755 praestet,
1988 3683 2144 3740 ambo

496 3769 557 3823 in
579 3771 812 3842 foveam,
829 3767 1307 3833 utaitDominus,
1330 3768 1527 3825 cadent
1543 3769 1751 3840 (Matth.
1774 3787 1867 3840 xv,
1891 3770 1994 3842 14).
2009 3773 2145 3837 Qua:

498 3854 769 3929 praecepit
794 3859 967 3920 Deus,
990 3854 1090 3912 illa
1102 3855 1357 3930 cogitent
1368 3872 1621 3930 semper,
1635 3856 1744 3913 hoc
1761 3875 1937 3932 super
1948 3860 2148 3916 omnia

500 3960 621 4016 prae
654 3943 838 4000 oculis
854 3948 1231 4015 praeceptum,
1246 3944 1527 4017 quoniam
1545 3944 1780 4017 quidem
1797 3963 2145 4020 magnopere

499 4032 749 4105 expedit,
775 4032 1137 4088 incessanter
1157 4022 1587 4090 halientes.Non
1609 4034 1764 4090 enim
1779 4035 1960 4091 semel
1979 4036 2037 4092 in
2051 4054 2149 4093 an-

500 4136 595 4188 no,
629 4118 730 4176 sed
763 4119 1025 4192 quotidie
1055 4135 1154 4177 eos
1172 4120 1492 4177 necessitas
1510 4121 1665 4194 cogit
1686 4121 1904 4195 pascha
1915 4122 2147 4180 Domini

499 4205 988 4273 celebrare.Renes
1016 4217 1216 4267 vestros
1269 4211 1562 4282 acciugetis
1596 4209 1789 4284 (Exod.
1811 4228 1911 4279 xu,
1953 4212 2055 4285 ll),
2088 4213 2146 4269 id

498 4296 883 4366 est,castitati
899 4314 1139 4372 operam
1159 4299 1297 4356 dare
1317 4299 1631 4356 studebitis
1651 4319 1665 4370 ;
1688 4304 1747 4357 et
1768 4318 1783 4356 :
1806 4300 2150 4358 Mundamini

498 4388 595 4462 qui
621 4387 783 4459 fertis
826 4403 957 4447 vasa
997 4388 1223 4444 Domini
1267 4388 1419 4460 (Isai.
1472 4389 1729 4463 1.11,“):
1772 4390 1975 4446 Oomae
2000 4392 2149 4449 enim

2259 3245 2375 3307 fers
2405 3260 2541 3300 cum
2597 3241 2956 3315 proximaret
2994 3238 3368 3296 miserrimus
3397 3235 3643 3301 senium,
3674 3234 3731 3286 ut
3749 3243 3861 3286 eon-

2256 3333 2504 3391 scientia
2534 3331 2922 3398 remordente,
2954 3345 3061 3385 nec
3085 3328 3282 3400 ipsum
3315 3322 3611 3399 Evangelii
3656 3320 3859 3381 librum,

2253 3439 2359 3479 nec
2388 3437 2523 3480 eum
2537 3419 2789 3477 osculari
2807 3419 2919 3475 aud
2927 3417 3177 3490 eret,qui
3190 3413 3719 3473 communicaturus
3729 3404 3858 3463 esset

2254 3512 2680 3585 presbyterum,
2705 3506 3092 3565 contaminari
3121 3522 3231 3562 suo
3268 3505 3452 3561 miser
3482 3498 3670 3560 osculo
3698 3490 3860 3570 pensi-

2254 3606 2386 3657 tans
2415 3598 2683 3666 illum,ad
2707 3601 2964 3654 mentem
2991 3595 3379 3668 utique,Quoa
3397 3592 3628 3662 tetigerit
3657 3589 3857 3677 imme

2252 3691 2374 3755 dus,
2406 3687 2755 3745 immundum
2783 3687 2888 3742 erit
2918 3686 3102 3756 (Nam.
3134 3702 3252 3750 xxx,
3281 3684 3398 3756 22),
3433 3677 3756 3750 recolligens
3789 3669 3858 3724 di-

2253 3784 2417 3834 ctum
2450 3778 2530 3834 ita
2553 3777 2755 3848 utique
2775 3774 3120 3846 sejudicans
3134 3773 3576 3846 indignum,pro
3592 3781 3656 3855 eo
3675 3758 3859 3855 scilicet

2257 3846 2690 3938 maxime,quod
2709 3881 2775 3920 os
2787 3862 3126 3919 illecebroso
3144 3879 3276 3917 cum
3294 3859 3566 3917 manibus
3578 3858 3632 3911 et
3642 3846 3857 3938 brachiis

2254 3956 2498 4015 haberet
2524 3937 2829 4026 complexu
2862 3951 3178 4024 pollutum,
3207 3953 3273 4005 ut
3303 3947 3642 4007 formidaret
3683 3937 3856 4026 saltem

2256 4044 2539 4119 attingere
2568 4021 2765 4116 ipsum
2793 4021 2894 4098 vas
2923 4041 3078 4113 quod
3100 4044 3278 4097 tanta:
3301 4033 3605 4112 dignitatis
3617 4021 3861 4122 tetigit-‘16t

2258 4117 2600 4205 mysterium
2626 4150 2641 4201 ;
2672 4135 2729 4187 et
2756 4136 2953 4187 tamen
2980 4129 3411 4186 emendationis
3445 4122 3661 4182 nullum
3681 4117 3733 4172 in
3758 4117 3859 4205 eius

2258 4198 2381 4280 erat
2410 4198 2803 4279 obdurissimo
2848 4219 3020 4276 corde
3039 4218 3380 4292 vestigium.
3404 4217 3513 4272 Pro
3542 4224 3652 4285 quo
3679 4198 3859 4295 ἀυΡῙθξί

2257 4313 2427 4370 nobis
2457 4311 2580 4369 visa
2611 4313 2699 4366 est
2729 4326 2843 4364 non
2857 4306 3068 4365 silendi
3086 4306 3334 4373 occasio,
3352 4306 3413 4361 id
3428 4308 3535 4374 est,
3565 4304 3625 4356 ut
3639 4297 3754 4368 ejus
3771 4302 3860 4362 prl-

2259 4417 2423 4457 mum
2437 4414 2637 4458 cavere
2649 4398 2994 4455 studeamus
3005 4394 3341 4468 exemplum
3366 4392 3599 4464 ;dehino
3630 4390 3686 4442 ut
3701 4394 3789 4457 pro
3803 4388 3857 4451 90

498 4474 642 4577 ἵξιρά
665 4477 912 4577 ξςδίξθθνίί
940 4476 1281 4577 immutuit“,
1314 4479 1663 4577 ίηῖυξιιηάατη
1688 4481 1795 4537 erit
1822 4480 2006 4549 (ilum-
2030 4497 2145 4553 Χῐκ,
2179 4512 2227 4577 D
2259 4489 2359 4546 Dei
2402 4486 2864 4545 misericordiam
2911 4503 2978 4542 eo
3031 4484 3286 4557 amplius
3324 4480 3730 4556 supplicemua,
3765 4475 3856 4538 quo

497 4563 615 4638 22),
648 4564 790 4624 dicit
817 4582 935 4623 non
966 4567 1259 4624 mentiens
1288 4567 1595 4625 Dominus.
1617 4568 1885 4626 Simundi
1900 4578 2050 4637 sunt,
2069 4570 2152 4629 ait
2179 4563 2224 4577 ”
2259 4578 2514 4651 amplius
2543 4592 2678 4634 eum
2710 4575 2972 4649 indigere
3002 4574 3435 4647 cognoscimus.

499 4653 762 4727 quidam,
791 4658 974 4728 pueri,
1007 4659 1255 4715 maxime
1282 4675 1318 4714 a
1340 4657 1665 4715 mulieribus
1694 4657 1741 4730 (ι
1764 4659 1892 4729 Reg.
1923 4677 2038 4727 xxx,
2071 4660 2148 4733 4),

573 4794 758 4872 (1464)
805 4794 913 4852 Illa
952 4795 1181 4872 scilicet
1228 4815 1363 4856 caro
1408 4799 1553 4872 sedet
1599 4802 1798 4872 absque
1834 4800 1998 4858 dubio
2025 4819 2151 4859 cum

496 4865 861 4939 ossibus,qu
878 4867 1106 4939 spiritus
1133 4873 1359 4927 omnino
1388 4887 1499 4927 non
1528 4865 1708 4927 habet;

571 4937 761 5015 (1465)
789 4937 1139 5015 Legendumi
1152 4942 1349 5015 hisque
1373 4943 1541 5010 vitiis,
1574 4941 1662 4998 vel
1693 4940 1913 5015 aliquid
1933 4943 2148 5002 simile.

501 5008 787 5086 Construe
866 5008 1003 5086 vero
1042 5026 1080 5086 :_
1115 5008 1360 5085 Namque
1436 5008 1811 5086 comperimus"
1862 5016 2153 5086 quemdam

504 5080 763 5156 temporis
825 5082 1004 5156 nostri
1062 5080 1279 5156 (quem'
1306 5086 1527 5141 utinam
1554 5080 1566 5086 ⁷
1592 5084 1783 5141 nullus
1864 5080 2153 5156 hominum

501 5152 858 5231 cognovisset,
919 5153 973 5209 si
1035 5152 1112 5209 est
1150 5153 1483 5212 destinatum
1529 5155 1696 5212 talem
1743 5155 2032 5229 per/ungi,
2091 5158 2151 5215 id

502 5225 628 5299 est_
661 5238 721 5276 1n
758 5221 892 5299 ‘tali
955 5228 1139 5299 statu,
1202 5226 1263 5283 in
1312 5243 1445 5299 quo
1513 5242 1691 5299 nunc
1732 5235 1840 5296 est,
1884 5228 2055 5299 mori)
2095 5234 2154 5286 et

1118 5265 1134 5293 ’
1202 5265 1263 5283 au
1331 5265 1444 5296 tquu
1513 5265 1669 5284 uuuv
1733 5265 1840 5296 νῦν,

500 5291 892 5369 ἀβριαηκίτηψ
934 5295 1068 5352 allec
1116 5291 1488 5355 insolabiliter
1534 5291 1943 5354 irretitum'his
1972 5291 2148 5369 vitiis,

502 5371 568 5447 ut
611 5378 736 5423 eum
783 5366 1128 5447 miserrimus
1168 5372 1287 5441 fere
1308 5439 1323 5447 _
1341 5371 1681 5443 proximaret
1729 5369 1805 5447 ad
1842 5370 2023 5447 ipsum
2049 5366 2151 5447 _se{

504 5438 682 5503 nium,
730 5438 1063 5494 conscientia
1108 5438 1443 5498 rmrdénte
1483 5457 1585 5498 nec
1647 5438 1879 5497 auderet
1913 5442 2154 5499 osculari

504 5508 687 5583 ipsum
733 5506 938 5586 librum
982 5511 1302 5586 Evangelii,
1333 5526 1432 5569 nec
1478 5529 1606 5570 eum
1630 5512 2025 5586 presbyterum,
2057 5515 2154 5586 qui

503 5578 1007 5645 communicatum
1032 5578 1188 5657 esset,
1219 5578 1388 5646 miser
1402 5578 1689 5667 pessima:
1712 5578 1879 5646 illum
1890 5578 2155 5648 cantami-

2328 4669 2417 4723 40.
2445 4667 2592 4723 Nam
2621 4663 2757 4722 talis
2784 4679 2983 4721 amare
3011 4661 3349 4723 nullatenus
3374 4657 3575 4734 (1466),
3603 4651 3729 4709 licet
3745 4653 3855 4700 eum

2256 4811 2389 4866 nari
2416 4808 2595 4865 osculo
2622 4821 2739 4872 suo,
2761 4805 3294 4877 utiquerecolligens
3310 4804 3380 4877 ad
3404 4805 3631 4877 utentem

2261 4859 2409 4952 Quod
2417 4859 2682 4953 ἐἷᾱρὤὶ
2695 4859 3053 4953 immundus,
3068 4859 3077 4861 ἡ
3097 4859 3465 4953 immundum
3485 4871 3588 4927 erit
3602 4882 3622 4928 ;

2258 4918 2636 5024 ξεωῖιῖίξυανέυίἷα
2666 4947 2979 5024 indignum,
3023 4918 3125 5019 pro
3156 4918 3232 5003 eo.
3260 4948 3467 5024 scilicet
3739 4918 3855 5024 ἵξξὲ

2261 5007 2481 5080 haberet
2526 5037 2583 5077 os
2625 5007 2899 5092 pollutum
2941 5007 3068 5074 cum
3112 5018 3367 5092 inanibus
3405 5023 3461 5092 et
3475 5007 3854 5092 ΔΙιντιεθιίξνξιξθίξξξξ

2258 5074 2826 5170 plemuv'ilbcebrosp,
2878 5098 2939 5170 ut
2965 5074 3343 5170 formida-ret-
3379 5074 3856 5170 saltim,

2261 5146 2443 5240 ipsum
2487 5146 2627 5228 vas,
2648 5160 2792 5240 quod!
2814 5146 3085 5240 tetiqisset
3111 5146 3853 5240 mysterium'digaitatisﬁg:

2477 5217 2677 5301 tamen:
2746 5217 2857 5288 etc.
2917 5217 3304 5287 Petinuimus
3333 5217 3627 5301 lectionem
3690 5217 3850 5301 ΠῼῘξξξ

2258 5273 2986 5375 ἔζῷἥνέείΐιοιιίεέρίοὶιθεὶἱ
3020 5320 3033 5358 :
3063 5304 3163 5359 ubi
3181 5308 3354 5375 antea
3372 5273 3851 5375 legebaturggll‘fléff‘

2259 5352 2596 5444 "m7‘r'z'i'"§é
2629 5352 2805 5430 -d'erin
2885 5352 2942 5431 οῗ
3002 5374 3341 5445 formidant.
3402 5352 3575 5446 licia-
3602 5352 3847 5446 Q3931}?!

2261 5430 2776 5524 quod'prcsbytero
2807 5430 3282 5503 communionem
3313 5435 3578 5519 praebenti
3606 5430 3717 5486 dari
3738 5431 3846 5476 eon-

2260 5525 2701 5672 “amitam
2732 5591 2958 5666 poterat
2985 5604 3114 5650 esse
3144 5585 3492 5668 corruptius,
3522 5585 3683 5655 quam
3718 5552 3846 5643 quod
