4058 6170
275 359 321 418 ηι
524 406 533 409 -
1754 355 1916 421 SER]

2029 358 2200 424 NES.

3562 375 3685 439 729

263 497 539 552 tucarum
578 487 903 581 agrestium
950 489 1053 550 sed
1082 488 1222 567 quid
1271 488 1520 551 facimus
1550 489 1757 568 (1480),
1790 488 1916 566 filii,

2031 502 2353 576 racitatem,
2372 507 2431 565 et
2447 506 2885 568 veracissimam
2908 508 3371 580 mordacitatem,
3391 507 3681 581 lactucam

264 580 603 659 promisso?
633 580 885 639 Veniant
908 586 965 640 et
989 582 1151 657 ipsae,
1178 587 1433 659 purgent
1452 583 1764 641 rheumata
1791 582 1927 639 den-

263 673 441 740 tium,
465 672 576 729 hoc
608 675 717 740 est,
740 671 1160 746 impedimenta
1189 675 1261 730 de
1290 673 1617 731 facinorum
1657 673 1926 747 congerie

262 762 557 821 mentium
588 761 804 834 (1581);
850 763 1151 819 comedere
1208 763 1309 835 qui
1370 763 1613 819 veniunt
1666 764 1921 836 Agnum,

261 852 444 908 ﬂuere
483 868 553 907 ex
600 849 784 907 oculis
831 851 1047 908 rivulos
1104 856 1316 926 cogant
1374 869 1683 925 aquarum.
1716 853 1833 908 Non
1864 853 1924 905 in

259 942 552 1013 fermento,
586 939 799 1012 inquit,
834 943 1020 1010 veteri,
1053 941 1163 998 hoc
1207 947 1317 1013 est,
1345 942 1646 998 inﬂatione
1679 939 1925 997 anterio.

259 1028 343 1085 ris
374 1029 617 1103 peccati,
648 1028 736 1085 vel
778 1030 987 1086 affectu
1025 1030 1182 1087 idem
1212 1031 1301 1088 vel
1334 1031 1491 1088 aliud
1526 1029 1917 1105 perpetrandi,

257 1118 317 1183 id
346 1124 454 1187 est,
488 1123 556 1175 ut
600 1135 673 1174 ne
715 1119 983 1190 ejusdem
1011 1120 1136 1176 vitii
1184 1120 1358 1178 hodie
1406 1122 1558 1188 sitis,
1590 1121 1746 1194 quod
1793 1120 1919 1175 heri

258 1209 475 1265 fuistis.
502 1213 686 1279 Neque
708 1209 771 1263 in
794 1210 1062 1280 fermento
1086 1210 1322 1265 malitia:
1347 1216 1399 1265 et
1422 1213 1721 1281 nequitiae,-
1751 1197 1921 1284 quasi

260 1299 465 1370 utique
488 1297 675 1353 dicat:
700 1296 983 1353 Malitiam
1007 1298 1361 1370 praeteritam
1384 1300 1645 1355 bonitate
1666 1305 1917 1369 mutate;

260 1387 584 1461 nequitiam
616 1384 951 1458 relinquite,
974 1386 1025 1443 si
1056 1389 1209 1444 609
1244 1388 1392 1461 Agni
1436 1388 1538 1444 Dei
1569 1390 1689 1461 [al.,
1727 1390 1919 1446 Domi-

258 1478 400 1549 nici]
430 1493 662 1533 carnem
709 1475 889 1533 vultis
937 1478 1257 1547 comedere,
1291 1482 1350 1534 et
1396 1479 1525 1550 ejus
1570 1478 1919 1552 sanguinem

260 1566 480 1623 bibere.
507 1566 785 1638 Sequitur
808 1584 829 1621 ι
848 1566 939 1621 sed
961 1569 1021 1621 in
1047 1569 1259 1639 azymis
1283 1569 1619 1624 sinceritatis
1638 1575 1693 1624 et
1719 1570 1919 1624 verita-

256 1656 351 1710 tis.
385 1653 719 1727 Intelligite,
744 1655 974 1722 fratres,
1007 1655 1129 1711 imo
1167 1654 1475 1729 intelligite
1494 1657 1699 1728 (1482),
1733 1658 1784 1713 si
1818 1656 1918 1729 qui

252 1742 350 1801 hic
380 1743 628 1800 forsitan
661 1743 778 1800 mei
824 1743 966 1801 estis
995 1742 1352 1811 consimiles,
1386 1744 1661 1802 malitiosi
1687 1746 1915 1817 utique,

2031 596 2261 669 appello
2304 603 2613 673 agrestem,
2646 618 2773 674 quae
2821 602 3042 675 utique,
3076 602 3295 676 ﬂagito,
3330 602 3595 659 cordium
3627 606 3685 660 et

2032 702 2341 759 corporum
2375 695 2733 760 nostrorum,
2764 693 3010 766 spiritali
3039 698 3216 766 gustu
3246 698 3687 766 percepta,qua-

2030 778 2210 851 tatem
2242 784 2598 837 commutet:
2633 799 2732 837 cor
2760 783 3028 840 videlicet
3056 784 3129 840 ad
3162 782 3437 855 suspiria,
3471 800 3683 855 corpus

2032 864 2173 920 dum
2204 873 2480 939 provocat
2522 871 2593 925 ad
2643 870 2924 940 lamenta,
2944 876 3193 944 utraque
3223 871 3345 927 haec
3392 872 3463 926 ad
3515 870 3682 926 malas

2029 952 2347 1011 voluntatis
2376 958 2763 1031 relinquenda
2792 960 3116 1018 molimina.
3137 962 3299 1026 Quod
3322 961 3545 1032 absque
3574 961 3680 1015 du-

2026 1041 2123 1097 bio
2152 1045 2446 1102 credimus
2478 1053 2916 1119 proventurum,
2943 1050 2990 1105 si
3017 1050 3192 1106 etiam
3220 1051 3375 1122 quod
3398 1049 3680 1105 Dominus

2025 1147 2128 1204 per
2158 1134 2425 1207 Decalogi
2475 1136 2644 1193 nobis
2692 1139 2932 1194 mandat
2960 1140 3032 1194 de
3065 1139 3287 1195 Pascha
3335 1139 3678 1195 celebrando

2026 1221 2481 1281 mihist-randum
2509 1227 2588 1298 [id
2615 1232 2697 1283 est
2724 1228 3006 1300 Moysen],
3034 1229 3106 1284 ad
3140 1234 3411 1284 naturam
3442 1245 3678 1284 earum-

2026 1308 2158 1365 dem
2191 1313 2403 1369 referre
2450 1316 2777 1388 satagimus
2804 1316 3188 1375 lactucarum.
3215 1318 3306 1373 Sic
3350 1322 3552 1384 autem,
3584 1318 3676 1372 in-

2026 1397 2175 1469 quit,
2216 1402 2502 1458 comedetis
2543 1422 2669 1459 eum
2696 1424 2717 1460 :
2746 1423 2900 1462 renes
2952 1411 3148 1463 vestros
3192 1409 3511 1476 accingetis,
3557 1408 3674 1462 cal-

2024 1497 2307 1545 ceamenta
2330 1490 2593 1548 habebitis
2614 1495 2671 1549 in
2689 1495 2937 1565 pedibus,
2960 1501 3200 1552 tenentes
3230 1498 3445 1553 baculus
3475 1498 3536 1551 in
3562 1514 3678 1552 ma-

2024 1575 2208 1641 nibus,
2248 1582 2299 1633 et
2340 1581 2625 1638 comedetis
2664 1584 2986 1653 festinantes
3018 1584 3215 1657 (Exod.
3248 1602 3347 1651 xu,
3376 1584 3487 1653 Η).
3523 1584 3674 1648 Quid

2026 1664 2341 1735 austerius,
2375 1667 2601 1737 fratres,
2659 1670 2800 1743 quid
2851 1674 3006 1728 810
3063 1673 3257 1728 acrius
3316 1673 3430 1728 dici
3488 1672 3679 1744 potuit

2023 1750 2130 1819 illi,
2156 1754 2255 1825 qui
2286 1754 2403 1812 ista
2430 1756 2784 1832 intelligens,
2818 1761 3041 1818 Pascha
3070 1762 3427 1835 prmteritum
3462 1778 3524 1817 se
3554 1776 3676 1817 me-

251 1831 515 1929 nequitia
543 1831 796 1929 pleni.8i
826 1831 1009 1929 vultis
1051 1832 1368 1929 salubritep
1402 1834 1678 1929 gaudere,
1709 1833 1777 1929 in_
1800 1834 1913 1929 ρο·
1940 1862 1989 1929 Β
2021 1840 2195 1896 minit
2232 1843 2455 1899 eisdem
2503 1831 2828 1904 observatis
2876 1850 3036 1905 nullo
3070 1831 3262 1906 modo
3310 1850 3678 1908 celebrasse?

249 1921 415 1979 mino
444 1921 715 1993 gaudete,
741 1937 854 1977 non
886 1920 947 1976 in
970 1920 1123 1992 jocis
1145 1922 1484 1993 superﬂuis,
1508 1938 1624 1978 non
1657 1922 1716 1977 in
1750 1922 1912 1978 fabu-

2019 1928 2128 1994 Qui
2157 1930 2314 1986 enim
2345 1950 2461 1989 non
2492 1935 2792 1992 obaudivit
2829 1938 3154 1994 Psalmistaa
3186 1939 3401 1995 dicenti
3435 1955 3447 1993 :
3482 1941 3673 1995 Accin-

250 2009 328 2067 lis
356 2010 581 2079 otiosis,
627 2026 740 2066 non
773 2011 833 2065 in
864 2009 1246 2082 turpiloquiis
1297 2010 1505 2079 noxiis,
1538 2026 1653 2067 non
1702 2010 1763 2067 in
1794 2015 1910 2067 tac-

2029 2034 2141 2087 zere
2165 2021 2349 2091 gladio
2370 2026 2463 2079 tuo
2490 2040 2653 2096 super
2672 2029 2857 2097 femur
2884 2035 3060 2095 tuum,
3088 2029 3467 2099 potentissime
3496 2029 3669 2100 (Psat.

256 2100 413 2157 tibus
444 2099 822 2166 illecebrosis,
855 2115 970 2156 non
1009 2100 1070 2155 in
1102 2098 1343 2172 crapula
1370 2103 1430 2156 et
1458 2100 1758 2169 ebrietate,
1792 2117 1908 2158 non

252 2189 314 2247 in
364 2194 645 2247 cantuum
692 2189 968 2246 vanitate.
1002 2189 1063 2246 Si
1116 2188 1332 2261 cupitis
1379 2187 1912 2257 exsultare,servite

252 2281 490 2337 Domino
515 2281 580 2335 in
608 2281 822 2346 timore,
843 2282 896 2334 et
923 2279 1194 2335 exsultate
1220 2280 1274 2335 ei
1301 2296 1427 2335 cum
1456 2287 1687 2335 tremore
1708 2280 1820 2351 (Ps.
1845 2297 1906 2346 ιι,

252 2370 369 2441 44).
397 2370 455 2425 Si
485 2368 834 2426 desideratis
881 2368 1101 2441 pascha
1146 2367 1475 2441 legitimum
1504 2368 1818 2435 celebrare,
1849 2368 1909 2423 in

255 2458 478 2532 azymis
515 2458 820 2515 celebrate.
844 2459 979 2524 Quae
1010 2460 1150 2514 sunt
1192 2474 1326 2514 vero
1358 2457 1406 2514 si
1437 2458 1748 2530 requiratis
1779 2474 1909 2529 azy-

254 2566 386 2617 ma;
419 2544 728 2604 sinceritas
757 2547 1082 2619 respondeo
1110 2547 1232 2618 [al.,
1261 2546 1640 2619 respondebo]
1674 2549 1734 2601 et
1759 2544 1911 2601 veri-

255 2642 370 2695 tas.
392 2639 767 2694 Fermentum
809 2636 968 2692 enim
1009 2636 1335 2707 pessimum
1382 2639 1472 2692 est
1518 2633 1912 2691 simulationis

255 2725 600 2800 duplicitas;
659 2725 1014 2781 fermentum
1071 2725 1309 2782 noxium
1355 2728 1446 2782 est
1493 2724 1765 2780 falsitatis
1811 2740 1911 2779 vo-

254 2816 477 2873 luntas.
510 2816 886 2872 Fermentum
930 2814 1087 2871 enim
1137 2831 1272 2871 cum
1303 2832 1337 2871 a
1367 2815 1585 2870 fervore
1613 2814 1693 2870 sit
1720 2813 1909 2869 nomi-

252 2909 495 2973 natum;
526 2905 720 2977 ipsam
760 2903 1071 2972 malitiam,
1102 2903 1292 2977 ipsam
1342 2903 1686 2975 nequitiam,
1718 2902 1908 2975 ipsam

251 2994 467 3051 veteris
512 2994 647 3050 Adae
699 3010 836 3049 cum
889 2993 1223 3050 universam
1273 2992 1564 3049 nominari
1610 2990 1910 3049 valeamus

254 3083 584 3158 intelligere
621 3083 1127 3151 consuetudinem,
1160 3082 1383 3139 nullam
1430 3083 1617 3155 magis
1644 3081 1910 3138 valemus

252 3173 564 3245 conjicere,
590 3189 769 3245 quam
810 3172 1163 3229 contrariam
1220 3171 1539 3229 sinceritati
1584 3175 1643 3228 et
1681 3170 1907 3227 veritati

251 3262 602 3337 magistram
658 3260 983 3334 decipiendi
1040 3261 1372 3334 proximum
1419 3260 1743 3329 fallaciam;
1794 3276 1911 3332 qua

251 3352 465 3424 utique
483 3349 1008 3424 ineXtinguibiliter
1025 3349 1529 3407 fraudulentorum
1557 3352 1766 3406 aestuat
1791 3348 1912 3405 ani-

251 3450 415 3496 mus.
469 3440 604 3513 Ipsa
654 3439 855 3512 itaque
909 3456 1045 3495 cum
1106 3439 1360 3496 maxime
1416 3436 1637 3493 nitatur
1686 3436 1910 3493 malum

252 3528 562 3605 quodlibet
591 3528 963 3603 perpetrandi
992 3527 1297 3595 voluntas;
1328 3526 1619 3583 abstineat
1645 3529 1808 3581 tanto
1836 3526 1910 3581 ab

251 3636 345 3688 ea,
374 3618 435 3674 id
467 3620 554 3675 est
585 3615 837 3686 fallacia,
879 3621 1093 3683 vestra,
1126 3615 1523 3689 suggerimus,
1555 3614 1908 3682 fraternitas,

254 3712 481 3782 quanto
524 3707 634 3763 hac
676 3707 868 3779 magis
915 3706 1233 3761 offenditur
1278 3704 1476 3760 divina
1520 3704 1820 3777 majestas,
1854 3706 1912 3759 et

255 3797 605 3869 deturpatur
633 3794 926 3868 paschalis
955 3794 1255 3850 honestas.
1282 3793 1405 3849 Nisi
1436 3792 1593 3849 enim
1625 3792 1709 3848 ita
1735 3796 1909 3859 esset,

255 3902 635 3958 nequaquam
686 3883 1006 3958 Apostolus
1063 3887 1121 3940 et
1176 3882 1600 3939 contrariorum
1651 3880 1911 3955 prohibi-

257 3975 441 4041 tione,
472 3977 530 4031 et
555 3973 821 4047 ipsarum
872 3972 1257 4046 praeceptione
1295 3972 1532 4028 easdem
1562 3972 1712 4028 duas
1760 3970 1914 4027 inso-

255 4064 475 4122 lubiles
500 4064 770 4131 virtutes,
801 4063 860 4118 id
905 4066 1016 4131 est,
1050 4062 1445 4119 sinceritatem
1487 4064 1545 4116 et
1584 4060 1909 4126 veritatem,

255 4154 319 4212 in
366 4152 662 4227 paschalis
711 4152 845 4208 festi
901 4151 1092 4225 epulis
1144 4155 1448 4223 tantopere
1505 4151 1910 4207 commendas-

257 4248 370 4311 set,
393 4242 639 4299 diversis
679 4240 976 4298 vocabulis
1026 4241 1231 4299 eadem
1276 4238 1589 4314 repetendo
1617 4243 1790 4312 atque
1821 4240 1912 4294 di-

257 4333 443 4390 cendo
477 4350 491 4388 :
526 4333 712 4404 Itaque
750 4331 1037 4402 epulamur
1071 4346 1182 4386 non
1212 4332 1274 4385 in
1301 4332 1566 4401 fermento
1592 4330 1781 4395 veteri,
1813 4344 1907 4383 ne-

252 4438 365 4496 que
391 4423 452 4477 in
477 4422 747 4493 fermento
792 4420 1032 4477 malitia?
1064 4423 1117 4476 et
1141 4420 1424 4491 nequitiae,
1455 4418 1550 4474 sed
1592 4420 1655 4473 in
1699 4418 1913 4488 azymis

251 4511 594 4569 sinceritatis
648 4517 700 4564 et
753 4509 1003 4564 veritatis
1050 4508 1096 4580 (ι
1123 4510 1249 4565 Cor.
1278 4525 1332 4574 v,
1357 4506 1437 4578 7).
1479 4506 1706 4562 Nedum
1754 4505 1912 4561 enim

2016 2124 2133 2176 xu,
2154 2110 2228 2177 4),
2254 2110 2312 2166 id
2363 2115 2452 2168 est
2493 2114 2745 2181 fortiter;
2779 2116 2881 2171 sed
2920 2116 3206 2173 enerviter
3251 2133 3379 2175 sese
3427 2116 3669 2177 luxuriae

2017 2196 2255 2264 dedens,
2289 2201 2361 2255 ad
2392 2202 2538 2275 Agni
2571 2202 2672 2260 Dei
2710 2205 2808 2274 [at.
2835 2204 3036 2277 divini]
3067 2207 3424 2262 sumendum
3456 2222 3670 2278 corpus

2018 2289 2075 2340 et
2104 2287 2452 2359 sanguinem
2483 2296 2575 2347 est
2600 2309 2784 2348 ausus
2813 2295 3114 2361 accedere;
3150 2295 3251 2365 qui
3283 2311 3398 2350 non
3430 2299 3671 2350 secutus

2017 2379 2107 2429 est
2135 2376 2399 2449 exempla
2429 2385 2764 2437 sanctorum
2795 2383 2893 2453 qui
2909 2383 3037 2453 jam
3060 2384 3118 2437 in
3142 2382 3374 2438 Christo
3399 2383 3672 2438 obierunt

2020 2463 2288 2533 Patrum;
2340 2468 2441 2538 qui
2494 2485 2609 2524 non
2670 2486 2732 2525 se
2788 2470 2994 2526 baculo
3054 2471 3359 2543 regiminis
3415 2470 3675 2527 defendit

2019 2555 2224 2609 contra
2249 2554 2575 2627 rugientem
2606 2557 2857 2629 leonem,
2879 2559 2937 2614 id
2965 2562 3072 2624 est,
3097 2564 3452 2630 quaerentem
3485 2576 3547 2617 se
3577 2560 3675 2616 de-

2018 2657 2220 2698 vorare
2250 2643 2580 2715 diabolum;
2615 2648 2716 2719 qui
2760 2647 2853 2719 pio
2885 2648 3175 2704 desiderio
3208 2664 3323 2704 non
3355 2648 3670 2719 festinavit,

2019 2728 2079 2785 id
2104 2736 2212 2798 est,
2246 2749 2362 2788 non
2411 2735 2632 2806 optavit
2661 2736 2900 2793 dissolvi
2944 2740 3000 2793 et
3046 2754 3175 2793 esse
3204 2754 3339 2793 cum
3389 2737 3619 2794 Christo
3654 2753 3667 2792 :

2019 2819 2271 2891 qualiter
2315 2822 2490 2879 hodie
2532 2824 2658 2881 sine
2687 2826 2909 2898 gemitu
2941 2830 3117 2899 atque
3165 2826 3419 2899 suspirio
3460 2842 3671 2898 corpus

2019 2912 2076 2964 et
2106 2910 2452 2983 sanguinem
2493 2913 2723 2971 Domini
2767 2920 3086 2987 prmsumat
3128 2916 3406 2988 accipere,
3441 2933 3557 2973 non
3586 2915 3670 2970 vi-

2019 2997 2154 3065 deo;
2187 2999 2301 3056 nisi
2334 3001 2472 3073 quia
2503 3008 2606 3059 aut
2634 3004 3035 3077 desperatione
3083 3005 3382 3062 mortifera
3430 3004 3670 3060 indura-

2018 3090 2167 3156 tum,
2189 3094 2290 3145 aut
2321 3091 2469 3147 falsa
2493 3110 2596 3165 spe
2626 3094 2932 3166 deceptum
2964 3095 3306 3167 hujusmodi
3339 3094 3531 3151 credo.
3556 3094 3668 3150 Sed

2019 3192 2093 3233 ne
2121 3176 2294 3234 faciat
2339 3197 2616 3254 suggero;
2651 3199 2722 3238 ne
2753 3200 2815 3239 se
2842 3184 3109 3256 desperet
3147 3199 3382 3251 moneo;
3419 3198 3489 3238 ne
3521 3181 3670 3239 falsa

2020 3282 2124 3338 spe
2153 3283 2282 3323 sese
2310 3269 2562 3341 decipiat
2603 3272 2860 3344 amplius
2901 3289 3061 3345 rogo.
3086 3273 3355 3329 Intendat
3384 3272 3538 3345 quod
3572 3289 3669 3327 se-

2020 3355 2240 3426 quitur,
2263 3358 2521 3430 suspiret
2566 3363 2624 3415 et
2668 3365 2862 3432 gemat
2897 3379 2909 3417 :
2942 3362 3034 3418 Est
3059 3364 3207 3418 enim
3260 3360 3449 3432 phase,
3480 3360 3537 3415 id
3588 3365 3669 3415 est

2019 3447 2287 3501 transitus
2316 3448 2555 3503 Domini.
2587 3448 2762 3513 Quasi
2790 3450 3033 3506 dixisset
3064 3467 3077 3505 :
3107 3448 3343 3505 Transit
3372 3466 3405 3502 a
3435 3447 3668 3503 diabolo

2020 3532 2091 3587 ad
2137 3532 2452 3606 Chrisium,
2479 3536 2578 3607 qui
2626 3553 2793 3593 renes
2834 3555 2868 3592 a
2915 3537 3147 3592 luxuria
3201 3528 3533 3607 restringit;
3566 3534 3670 3605 qui

2020 3611 2359 3697 sanctorum
2404 3624 2686 3697 exemplis
2731 3642 2970 3697 gressus
3000 3641 3244 3698 operum
3287 3623 3511 3691 munit;
3568 3622 3671 3694 qui

2020 3706 2227 3765 baculo
2258 3711 2561 3784 regiminis
2592 3731 2626 3769 a
2656 3713 2887 3770 diabolo
2913 3730 3043 3770 sese
3074 3712 3361 3780 defendit;
3394 3712 3494 3784 qui
3525 3712 3675 3768 desi-

2021 3796 2278 3854 derando
2324 3800 2559 3858 festinat
2588 3803 2659 3858 ad
2691 3803 2943 3875 patriam
2987 3802 3280 3860 caelestem
3323 3800 3677 3874 pertingere,

2020 3885 2169 3942 Huic
2200 3888 2399 3960 itaque
2447 3890 2558 3947 soli
2607 3891 2947 3949 conceditur
2976 3892 3200 3949 Pascha
3246 3890 3478 3947 Domini
3527 3889 3675 3947 cele-

2022 3976 2209 4047 brare,
2233 3981 2291 4033 et
2319 3981 2514 4036 tamen
2551 3996 2657 4037 nec
2705 3980 2843 4037 huic
2874 3981 3001 4038 sine
3030 3981 3272 4038 lactucis
3322 3980 3676 4055 agrestibus,

2022 4064 2078 4120 id
2105 4070 2195 4122 est
2239 4069 2522 4125 memoria
2570 4070 3000 4141 prieteritorum
3046 4071 3393 4140 facinorum,
3426 4073 3483 4127 et
3535 4069 3680 4126 etfu-

2022 4154 2185 4213 sione
2218 4156 2535 4215 utilissima
2564 4158 2977 4232 lacrymarum.

2090 4246 2143 4299 5.
2173 4245 2282 4300 Sed
2301 4247 2428 4317 jam
2459 4264 2617 4304 nunc
2651 4249 2721 4303 ad
2746 4248 3094 4321 Apostolum
3133 4248 3522 4310 redeundum,
3552 4249 3682 4299 tan-

2020 4336 2146 4387 tum
2177 4332 2278 4405 qui
2306 4334 2577 4390 conficiat
2601 4337 2755 4407 quod
2779 4337 3216 4409 proposuimus,
3234 4333 3395 4389 obliti
3416 4332 3686 4403 impossi-

2023 4420 2272 4475 bilitatis
2316 4423 2653 4494 nostrae,qui
2679 4423 2829 4478 valet
2848 4424 3071 4496 utique,
3090 4422 3387 4493 negotium
3411 4437 3425 4475 :
3449 4420 3681 4485 Pascha,

2029 4507 2226 4579 inquit
2247 4509 2454 4579 (1484),
2475 4511 2675 4582 pascha
2706 4515 2954 4567 nostrum
2983 4511 3295 4565 immolatus
3316 4513 3395 4564 est
3417 4509 3681 4564 Christus.

256 4598 596 4674 paschalem
621 4595 845 4653 nullam
868 4597 1120 4653 celebrat
1141 4594 1646 4666 festivitatem,qui
1666 4593 1727 4650 in
1745 4593 1916 4650 corde
1954 4600 2001 4666 D
2032 4595 2193 4659 Quod
2227 4596 2338 4651 fuit
2363 4598 2666 4669 utique,ut
2695 4616 2912 4669 remur,
2935 4598 3152 4655 dixisse
3176 4616 3189 4653 :
3214 4597 3346 4653 Ideo
3379 4614 3482 4669 pro
3514 4595 3685 4653 nobis

258 4688 484 4747 malam
532 4687 711 4745 habet
755 4686 1148 4755 voluntatem;
1182 4686 1283 4741 sed
1332 4700 1437 4740 nec
1460 4683 1647 4754 (1483)
1672 4681 1919 4756 gloriam

256 4779 320 4835 in
353 4775 601 4835 excelsis
628 4792 765 4832 cum
798 4776 933 4841 Deo,
958 4791 1064 4830 nec
1084 4790 1279 4830 veram
1311 4773 1370 4829 in
1396 4776 1552 4830 terra
1571 4788 1706 4828 cum
1736 4770 1923 4827 homi-

259 4866 441 4924 nibus
472 4864 605 4938 quis
634 4864 813 4921 habet
850 4879 1074 4937 pacem,
1108 4863 1221 4919 nisi
1267 4862 1367 4935 qui
1412 4862 1627 4919 bonam
1659 4861 1922 4934 possidet

259 4955 652 5015 voluntatem.

334 5047 389 5102 4.
421 5044 604 5113 Hanc,
639 5042 847 5099 fratres
887 5040 1245 5108 charissimi,
1279 5037 1790 5097 mordacissimam
1825 5054 1921 5095 ve-

336 5185 529 5257 (1480)
554 5185 839 5243 Construe
872 5203 886 5241 :
920 5183 1022 5241 Sed
1066 5184 1199 5257 quid
1242 5185 1500 5256 facimus,
1530 5183 1660 5253 ﬁlii,
1688 5182 1752 5239 de
1795 5198 1925 5254 pro-

263 5260 433 5315 misso
465 5258 806 5314 lactucarum
837 5258 1141 5327 agrestium
1159 5260 1184 5309 ?

336 5331 526 5403 (1481)
557 5329 619 5385 Id
666 5335 776 5397 est,
809 5325 1201 5402 impedimenta
1242 5328 1514 5382 mentium
1564 5326 1631 5381 de
1677 5325 1931 5393 congerie

293 5417 609 5458 acinorum.

267 5403 609 5473 facinorum.

338 5473 526 5545 (1482)
573 5471 701 5545 Non
758 5468 1353 5545 maleunovissimus
1384 5466 1684 5545 Spicilegii
1715 5466 1933 5545 editor

272 5540 704 5601 restituendum
737 5541 1001 5610 credidit,
1034 5543 1143 5597 imo
1171 5540 1485 5609 i-ntclligitis
1520 5558 1533 5596 :
1568 5540 1667 5595 sed
1707 5543 1933 5593 textum

272 5612 591 5671 immutare
622 5631 803 5671 ausus
834 5630 949 5670 non
990 5617 1100 5670 est.
1134 5611 1315 5669 Multo
1347 5612 1546 5667 minus
1578 5627 1683 5666 nos
1716 5610 1933 5664 immu-

274 5688 556 5754 tavimus,
587 5703 722 5744 cum
753 5690 809 5742 et
851 5685 1029 5741 codex
1073 5683 1323 5756 Frising.
1376 5682 1642 5756 praeferat
1688 5682 1797 5737 imo
1850 5682 1938 5735 in-

2032 4684 2373 4741 immolatus
2406 4689 2495 4743 est
2520 4686 2805 4755 Christus,
2830 4692 2896 4743 ut
2923 4688 3049 4760 ipse
3080 4690 3278 4743 noster
3307 4690 3462 4741 esset
3493 4689 3684 4741 trans-

2029 4772 2150 4829 itus
2179 4773 2251 4829 ad
2279 4774 2562 4847 seipsum,
2594 4780 2650 4831 et
2682 4776 2805 4848 ipse
2836 4779 3103 4833 nostrum
3134 4778 3287 4831 esset
3317 4773 3686 4831 solummodo

2033 4863 2337 4935 gaudium.
2355 4862 2450 4920 Sic
2472 4881 2629 4938 ergo,
2655 4864 2738 4920 sic
2764 4865 3174 4936 unusquisque
3193 4868 3461 4919 nostrum
3493 4865 3695 4934 postu.‘

2034 4951 2133 5021 let,
2164 4968 2416 5026 suggero
2451 4971 2463 5009 :
2498 4954 2846 5009 Exsultemus
2886 4962 2937 5010 et
2967 4955 3216 5010 lwtemur
3244 4956 3304 5007 in
3333 4970 3413 5009 eo.
3446 4952 3575 5024 Ipse
3604 4954 3693 5007 est

2033 5041 2190 5096 enim
2224 5058 2334 5114 pax
2365 5045 2584 5111 nostra,
2613 5042 2739 5115 ipse
2768 5042 2887 5113 lux,
2923 5043 3047 5116 ipse
3076 5043 3213 5111 dux,
3241 5042 3364 5115 ipse
3395 5042 3543 5109 dies,
3569 5040 3693 5113 ipse

2036 5183 2290 5251 telligite.

2110 5254 2295 5327 (4483)
2326 5255 2410 5310 Ita
2441 5271 2573 5310 cum
2618 5261 2818 5330 nostro
2862 5272 2971 5312 ms.
3008 5255 3255 5330 Frising.
3289 5255 3457 5328 Apud
3510 5253 3695 5309 Ache-

2039 5326 2193 5381 rium
2222 5343 2348 5382 cum
2376 5342 2489 5381 nec.
2531 5370 2543 5382 .
2582 5369 2593 5380 .
2633 5368 2645 5379 .
2681 5326 2896 5382 habeat.

2114 5397 2158 5470 (1
2172 5398 2296 5470 484)
2328 5398 2516 5470 Codex
2547 5398 2795 5467 Frising.
2830 5398 3059 5470 ignorat
3088 5416 3253 5454 nunc.
3285 5399 3567 5454 Construe
3596 5411 3694 5449 ve-

2043 5468 2154 5551 ro
2185 5468 2290 5551 Sed
2306 5468 2429 5551 jam
2449 5485 2597 5551 nunc
2622 5468 2958 5551 redeundum
2982 5470 3057 5551 μά
3084 5471 3420 5551 APO-“plum,
3454 5470 3696 5551 ἔζης-φη..

2043 5541 2194 5611 ﬁciat
2242 5541 2522 5608 negotium
2579 5544 2812 5611 tantum,
2854 5542 2995 5613 quod
3042 5538 3199 5597 obliti
3240 5538 3698 5613 impossibilitatis

2044 5607 2668 5686 uostrceproposaimus,
2700 5607 2806 5685 qui
2825 5607 3103 5686 Apostolus
3143 5607 3332 5683 utique
3360 5611 3500 5665 valet
3530 5607 3695 5676 conﬁ-

2046 5698 2163 5739 cere
2194 5701 2211 5737 :
2240 5683 2471 5751 Pascha,
2506 5683 2719 5755 inquit,
2735 5688 2841 5741 etc.
