4064 6174
474 379 594 445 723

1395 382 1777 450 RATHERII
1821 383 2067 451 EPISC.
2114 384 2411 450 VERON.
2458 384 2633 448 OPP.
2677 384 2880 451 PARS
2926 387 3004 451 ll.

3753 392 3859 456 ’724

477 513 589 585 sol,
621 512 745 588 ipse
775 511 957 582 salus,
982 514 1109 589 ipse
1138 518 1274 584 vita,
1302 519 1424 591 ipse
1455 522 1823 588 resurrectio,
1848 523 1971 594 ipse
1991 539 2130 595 gau-
2158 521 2214 590 Α
2243 537 2346 593 per
2374 520 2777 592 paenitentiam
2822 521 3140 591 mentibus,
3172 526 3441 582 sanctum
3488 524 3675 598 ipsum
3720 527 3860 584 diem

484 604 648 661 dium
672 620 897 671 verum,
925 605 1054 677 ipse
1084 607 1382 664 beatitudo
1412 615 1711 682 perpetua,
1736 611 1860 683 ipse
1891 612 2136 668 felicitas

484 693 865 766 aeterna,ipse
893 694 1094 765 laetitia
1124 696 1483 765 indeficiens,
1508 705 1802 770 postremo
1835 702 1959 773 ipse
1988 702 2135 769 dies,

492 800 669 855 quem
699 782 1133 855 gignendo,non
1156 788 1447 857 operando
1478 789 1610 844 fecit
1638 790 2002 857 Dominus,“
2030 791 2141 846 hoc

488 871 861 929 ineffabiliter
886 890 1043 939 vero,
1064 876 1397 932 exsultemus
1426 883 1479 932 et
1508 880 1757 934 laetemur
1780 882 1840 934 in
1870 896 1949 935 eo.
1976 880 2139 935 Laeti-

488 959 575 1016 tia
595 977 827 1033 quoque
848 979 1061 1019 mensas
1085 968 1294 1020 nostra:
1317 967 1609 1039 pertingat
1626 968 1809 1041 (4485)
1832 970 1903 1025 ad
1926 986 2138 1042 paupe-

489 1064 585 1106 res
615 1049 867 1106 Christi:
893 1055 1095 1107 nostra
1124 1054 1488 1111 abundantia
1528 1057 1761 1114 illorum
1793 1059 2138 1131 suppleatur

486 1136 704 1210 inopia.
724 1139 840 1211 Ipsi
863 1157 1096 1212 quoque
1116 1159 1400 1214 pauperes
1422 1161 1549 1201 sese
1572 1146 1816 1203 invicem
1835 1149 1928 1218 adj
1938 1153 2132 1205 uvent.

489 1227 653 1291 Quod
684 1228 786 1283 uni
836 1229 1017 1297 deest,
1044 1231 1140 1287 det
1168 1231 1331 1299 alter,
1368 1234 1415 1290 si
1445 1234 1647 1304 habet;
1678 1236 1728 1291 si
1775 1254 1891 1293 non
1938 1238 2132 1307 habet,

484 1319 647 1388 optet
667 1317 873 1374 saltem
897 1320 1147 1388 dedisse,
1172 1325 1237 1376 ut
1261 1339 1365 1394 per
1388 1325 1585 1380 omnia
1605 1329 1662 1381 et
1690 1327 1749 1380 in
1771 1326 2045 1384 omnibus
2066 1328 2136 1384 de

486 1405 657 1461 nobis
689 1409 942 1479 gaudeat
970 1409 1071 1480 qui
1110 1412 1329 1482 pascha
1364 1418 1630 1469 nostrum
1662 1416 2002 1473 immolatus
2046 1424 2136 1473 est

484 1493 774 1551 Christus.
796 1497 870 1552 Et
899 1497 1020 1553 haec
1064 1500 1142 1554 sit
1188 1500 1312 1555 dies
1353 1502 1535 1573 (4486)
1567 1521 1745 1576 quam
1772 1506 1907 1560 fecit
1937 1506 2134 1561 Domi-

483 1599 618 1653 nus,
643 1587 710 1639 ut
734 1588 790 1640 et
820 1602 927 1642 nos
948 1588 1238 1644 exsultare
1269 1595 1327 1645 et
1357 1591 1536 1646 laetari
1569 1593 1626 1647 in
1659 1611 1726 1649 ea
1755 1612 1910 1650 nunc
1931 1600 1986 1651 et
2009 1596 2135 1652 sine

480 1672 597 1729 ﬁne
626 1674 953 1745 possimus;
986 1693 1198 1749 corpus
1244 1696 1475 1753 quoque
1515 1686 1572 1736 et
1600 1683 1747 1738 611
1786 1686 2133 1756 sanguinem

479 1760 669 1834 ipsius
699 1764 781 1819 ita
808 1766 1125 1837 percipere,
1148 1772 1215 1822 ut
1244 1786 1359 1823 non
1398 1770 1467 1824 ad
1493 1771 1786 1841 judicium
1819 1773 1863 1838 (4
1878 1774 2021 1841 487),
2047 1778 2131 1841 ut,

480 1850 628 1922 proh
651 1852 847 1907 nefas!
882 1853 1108 1919 multis,
1132 1856 1233 1911 sed
1262 1857 1331 1910 ad
1355 1860 1679 1914 remedium
1710 1861 2133 1933 sempiternum
2161 1893 2210 1960 B

480 1939 651 1960 μυ,
797 1940 972 1960 ηυξ...
1236 1945 1270 1960 ..
1328 1945 1341 1960 .
1702 1948 1715 1960 .
1931 1950 1964 1960 ..
2093 1957 2101 1960 .

2248 626 2534 665 novorum
2554 609 2747 666 videre
2768 613 2979 667 etcum
3010 613 3224 685 gaudio
3247 612 3533 671 celebrare
3554 630 3861 688 possemus;

2247 714 2385 753 cum
2417 696 2525 753 hoc
2558 698 2798 755 minime
2830 700 3164 769 fecerimus,
3187 701 3357 773 quale
3386 702 3680 775 gaudium,
3707 721 3863 776 quam

2247 785 2719 855 exsultationem,
2745 805 2921 859 quam
2953 788 3216 845 lmtitiam
3238 791 3452 847 habere
3478 790 3767 849 valemus?
3786 793 3868 850 Ait

2246 874 2403 930 enim
2430 874 2489 930 in
2522 877 3090 932 commendationem
3112 879 3378 949 ejusdem
3407 879 3602 952 gaudii
3632 886 3866 948 sanctus,

2245 968 2315 1019 ut
2346 963 2459 1037 legi
2491 963 2759 1032 audistis,
2784 965 3097 1037 Apostolus
3127 969 3346 1039 :Itaque
3374 970 3657 1040 epulamur
3685 972 3727 1043 (ι
3760 970 3865 1026 Cor.

2243 1070 2300 1121 ν,
2322 1054 2399 1121 7).
2427 1053 2574 1117 Quid
2598 1053 2779 1108 dixit?
2810 1054 3013 1126 Itaque
3040 1072 3252 1127 corpus
3283 1057 3436 1113 612
3467 1061 3523 1112 et
3551 1058 3866 1130 sanguinem

2245 1140 2454 1214 ipsius,
2479 1142 2578 1213 qui
2623 1159 2728 1214 pro
2776 1142 2946 1198 nobis
2997 1144 3337 1201 immolatus
3367 1150 3477 1212 est,
3501 1146 3707 1203 Christi
3750 1163 3865 1204 cum

2244 1229 2631 1286 exsultatione
2663 1246 2992 1286 sumamus.
3028 1232 3332 1288 Faciamus
3363 1250 3522 1308 ergo.

2311 1322 2367 1373 2.
2393 1319 2505 1374 Sed
2540 1318 2678 1391 quid
2710 1319 2838 1384 erit,
2867 1319 2916 1375 si
2960 1320 3147 1377 facere
3177 1322 3351 1395 digne
3382 1339 3448 1379 ac
3484 1324 3642 1395 justo
3685 1324 3865 1397 nequi-

2244 1407 2420 1462 mus?
2457 1407 2773 1480 Subjungit
2802 1424 3057 1481 namque
3089 1409 3294 1481 (4490),
3317 1414 3375 1466 et
3404 1410 3486 1468 ait
3511 1427 3526 1466 :
3557 1412 3671 1467 Non
3697 1414 3752 1466 in
3775 1416 3867 1483 fer-

2241 1503 2421 1551 mento
2452 1498 2639 1564 veteri,
2663 1495 2720 1550 id
2749 1501 2856 1563 est,
2883 1501 3113 1553 tumore
3134 1497 3444 1555 anterioris
3464 1499 3700 1571 peccati,
3721 1516 3868 1571 neque

2242 1586 2303 1639 in
2322 1586 2588 1655 fermento
2606 1586 2863 1652 malitiae,
2883 1584 3117 1641 malitia:
3140 1587 3343 1659 utique
3362 1587 3540 1644 alicui
3559 1587 3857 1645 Christiano

2244 1672 2468 1729 malum
2502 1674 2717 1730 inferre
2746 1675 3039 1747 cupiendi,
3065 1676 3340 1747 nequitiae
3372 1676 3482 1733 hoc
3510 1677 3689 1733 facere
3715 1678 3865 1733 etiam

2241 1760 2458 1833 injuste
2484 1762 2752 1817 conandi.
2777 1763 2886 1817 Sed
2919 1762 3208 1834 qualiter?
3238 1766 3300 1819 In
3326 1767 3541 1837 azymis
3569 1767 3867 1822 sinceritatis

2241 1857 2292 1904 et
2333 1851 2605 1905 veritatis.
2640 1851 3002 1906 Sinceritatis
3051 1868 3184 1908 vero
3230 1853 3461 1924 puritas
3511 1857 3617 1922 est,
3649 1853 3749 1910 hoc
3775 1858 3864 1921 est,

478 1939 673 2008 nobis,
702 1943 768 1995 ut
795 1940 1060 1999 felicibus
1091 1945 1298 2013 evenit,
1328 1945 1436 2001 hoc
1484 1948 1784 2018 provenire
1814 1950 2129 2023 contingat.

2244 1939 2399 2011 quod
2433 1938 2579 1994 nihil
2611 1938 2807 2004 habet,
2842 1939 2955 1996 nisi
2986 1940 3144 2012 quod
3184 1945 3497 1998 monstrat.
3514 1941 3731 1999 Veritas
3753 1959 3863 1999 vero

480 2027 731 2097 Adjuvet
758 2031 829 2085 ad
861 2030 971 2086 hoc
1011 2032 1366 2089 desiderium
1408 2040 1698 2106 nostrum,
1724 2041 1780 2093 et
1807 2041 2134 2097 sanctiﬁcet

478 2119 696 2186 actum,
722 2118 822 2190 qui
854 2136 958 2191 pro
979 2120 1147 2177 nobis
1169 2121 1227 2176 in
1250 2127 1435 2179 morte
1456 2125 1619 2181 dedit
1650 2127 1889 2184 unicum
1922 2129 2131 2186 Filium

478 2221 674 2273 suum,
700 2206 801 2279 qui
832 2224 967 2263 cum
998 2208 1125 2280 ipso
1147 2214 1205 2265 et
1225 2210 1446 2282 Spiritu
1468 2218 1669 2270 sancto
1687 2215 1828 2272 vivit
1848 2221 1904 2274 et
1928 2223 2133 2291 regnat

473 2291 536 2349 in
567 2294 779 2353 saecula
807 2297 1176 2354 saeculorum.
1208 2302 1413 2356 Amen.

1024 2406 1269 2463 SERMO
1306 2407 1356 2460 v
1385 2407 1591 2480 (4488).

1099 2495 1170 2533 DE
1200 2495 1417 2535 PASCIIA
1445 2498 1505 2536 II.

544 2564 598 2620 4.
630 2566 778 2621 Cum
823 2583 1029 2622 omnes
1077 2567 1138 2621 in
1184 2567 1294 2625 hac
1350 2569 1444 2625 die
1502 2570 1788 2643 Propheta
1839 2574 2128 2633 exsultare

470 2653 735 2727 praecipit
761 2658 937 2728 atque
966 2654 1147 2711 laetari
1178 2657 1350 2728 (Psal.
1380 2674 1549 2725 cxvn,
1581 2660 1699 2727 24),
1731 2663 2129 2733 reprehensio-

471 2741 567 2797 nis
598 2760 715 2798 non
744 2760 955 2815 parum
998 2748 1195 2800 metuo
1237 2750 1457 2812 notam,
1493 2748 1540 2802 si
1576 2765 1737 2804 more
1788 2768 1916 2807 meo
1943 2753 2125 2810 tristi-

470 2828 567 2885 tia:
600 2830 857 2902 aliquam
897 2833 1153 2888 sermoni
1205 2850 1333 2889 meo
1390 2836 1695 2909 interpono
1753 2840 2122 2911 particulam.

471 2918 586 2976 Sed
618 2919 773 2976 absit
801 2920 1212 2993 reprehensor;
1243 2940 1378 2978 nam
1409 2941 1503 2980 me
1536 2943 1647 2982 non
1678 2927 1897 2984 tristari
1930 2932 2125 2988 consi-

470 3006 675 3064 liarius
717 3012 874 3066 vetat
919 3009 1179 3066 interior.
1210 3011 1284 3067 Ut
1331 3013 1486 3068 enim
1518 3016 1732 3073 Tobias
1782 3018 2009 3091 angelo,
2042 3022 2124 3078 ita

469 3096 712 3153 cuilibet
734 3115 828 3154 me
858 3098 1041 3155 laetari
1072 3101 1341 3156 suadenti
1374 3105 1723 3174 respondere
1753 3105 1878 3178 ipse
1905 3125 2011 3164 nec
2042 3110 2124 3165 in-

466 3202 722 3259 congrue
747 3186 909 3244 valeo
939 3204 952 3243 :
979 3189 1150 3257 Quale
1189 3190 1348 3257 mihi,
1383 3191 1465 3246 ait
1511 3194 1666 3248 enim
1715 3193 1832 3264 ille,
1858 3198 2121 3265 gaudium

2243 2027 2384 2098 quid
2405 2031 2561 2083 esset
2581 2044 2715 2083 eum
2740 2027 2959 2084 Pilatus
2982 2029 3405 2102 interrogasset
3423 2031 3757 2102 (Joan.xvm,
3768 2032 3861 2100 38),

2241 2132 2358 2171 non
2388 2116 2739 2189 exspectavit
2768 2116 2993 2185 audire,
3016 2117 3146 2174 ideo
3178 2119 3248 2173 de
3280 2118 3385 2175 illa
3416 2136 3532 2176 non
3562 2121 3760 2177 meruit
3784 2136 3862 2175 ex-

2240 2204 2479 2261 sultare.
2501 2205 2608 2269 Qui
2641 2222 2778 2277 ergo
2804 2221 2910 2261 nec
2942 2206 2999 2260 in
3031 2222 3130 2262 ore
3160 2207 3488 2277 veritatem,
3510 2224 3614 2265 nec
3636 2210 3689 2264 in
3719 2209 3861 2265 corde

2241 2294 2501 2365 possidet
2530 2294 2871 2366 puritatem,
2894 2295 3108 2351 Christi
3131 2298 3427 2368 quomodo
3453 2314 3632 2355 ausus
3652 2296 3722 2354 sit
3745 2313 3860 2370 pen-

2239 2383 2493 2439 sandum
2526 2384 2829 2440 comedere
2872 2399 3108 2440 carnem
3153 2384 3361 2457 (4494),
3395 2402 3530 2442 cum
3573 2386 3857 2459 praesertim

2236 2471 2552 2544 Apostolus
2575 2473 2835 2545 apertius
2855 2473 2964 2529 hoc
2998 2473 3329 2543 interdicat,
3355 2474 3520 2532 nulla
3542 2475 3746 2533 scilicet
3771 2474 3859 2529 ein

2238 2560 2491 2617 cuitione
2527 2578 2693 2627 usus,
2717 2562 2963 2618 dicendo
2989 2578 3002 2617 :
3029 2563 3353 2635 Quicunque
3381 2565 3668 2621 manducat
3693 2578 3855 2635 corpus

2236 2650 2458 2705 Domini
2485 2650 2731 2722 indigne,
2769 2651 3051 2724 judicium
3095 2653 3205 2707 sibi
3249 2652 3549 2709 manducat
3592 2656 3638 2727 (Ι
3664 2653 3850 2719 (ἔθηκε,

2233 2740 2349 2810 29).
2370 2741 2457 2807 Et,
2482 2740 2589 2796 oh!
2617 2757 2796 2813 quam
2827 2741 2979 2797 valet
3028 2741 3200 2797 hodie
3240 2742 3536 2801 exsultare
3582 2748 3635 2800 et
3676 2741 3848 2811 laetari,

2233 2827 2360 2884 loco
2387 2828 2595 2884 salutis
2625 2829 2920 2898 judicium
2964 2834 3335 2903 sumpturus,
3367 2832 3493 2888 locu
3522 2832 3645 2888 vita
3674 2829 3851 2887 interi-

2232 2917 2399 2972 tuml
2454 2918 2635 2985 Istud,
2672 2916 2851 2993 istud,
2901 2918 3169 2992 inquam,
3199 2922 3292 2975 est
3346 2921 3532 2988 istud,
3559 2921 3702 2994 quod
3747 2922 3849 2974 tota

2233 3005 2347 3061 ista
2384 3021 2531 3077 pene
2563 3006 3016 3079 quadragesima
3063 3024 3156 3064 me
3187 3009 3476 3081 compulit
3521 3008 3768 3073 clamare,
3794 3009 3848 3061 ut

2229 3094 2550 3166 deponentes
2580 3111 2797 3151 omnem
2828 3097 3125 3165 malitiam,
3158 3113 3379 3154 omnem
3407 3097 3606 3166 dolum,
3627 3102 3675 3155 et
3698 3099 3843 3154 simu-

2231 3184 2509 3251 lationem,
2534 3192 2585 3239 et
2605 3185 2877 3240 invidiam
2899 3188 2944 3257 (I
2963 3188 3112 3242 Petr.
3132 3203 3193 3256 ιι,
3217 3185 3295 3258 4),
3320 3203 3524 3244 omnes
3551 3187 3619 3243 ad
3641 3183 3840 3249 Christi,

464 3277 590 3342 erit,
634 3276 731 3348 qui
760 3278 821 3331 in
852 3278 1087 3334 tenebris
1114 3278 1284 3346 sedeo,
1318 3288 1370 3335 et
1402 3281 1587 3337 lumen.
1618 3284 1744 3338 ca'li
1787 3299 1897 3340 non
1928 3287 2120 3343 video?
2148 3261 2192 3329 Ο
2230 3272 2288 3327 id
2330 3278 2439 3340 est,
2461 3288 2659 3328 veram
2714 3275 3088 3331 StUdCPBmUS
3139 3291 3245 3330 “03
3297 3280 3624 3333 οοηνθτιθΐθ
3671 3287 3839 3348 Ρδθθω

461 3364 605 3434 (Tob.
633 3382 687 3434 v,
721 3365 835 3438 42.)
862 3365 935 3422 Ut
984 3366 1141 3422 enim
1193 3367 1393 3424 lumen
1444 3370 1570 3426 θα)ιὶ
1623 3371 1813 3444 ipsam
1855 3379 2117 3434 nostram

459 3452 751 3526 appellare
783 3472 899 3511 non
927 3455 1327 3512 disconveniat
1348 3458 1739 3526 festivitatem,
1769 3462 1839 3517 de
1861 3478 1979 3534 qua
2010 3468 2116 3522 sci-

456 3539 593 3599 licet
621 3542 835 3600 dicitur
866 3561 880 3599 :
915 3546 1193 3602 La’tentur
1232 3549 1374 3615 creti,
1408 3552 1457 3603 et
1489 3550 1723 3605 exsultet
1767 3558 1913 3607 terra
1935 3554 2114 3632 (Psal.

2231 3361 2434 3434 (4492),
2463 3366 2520 3417 et
2561 3362 2701 3433 quia
2728 3363 2838 3419 hoc
2870 3364 3056 3420 facere
3104 3363 3349 3436 plurimi
3394 3365 3672 3433 nesciunt,
3702 3359 3837 3435 quasi

2229 3467 2498 3507 normam
2537 3452 2857 3522 quamdam
2898 3453 3064 3509 vobis
3109 3453 3422 3526 praefigens
3462 3452 3837 3515 suadebam,ut

2227 3540 2325 3611 qui
2357 3539 2613 3612 aliquem
2645 3557 2706 3596 se
2738 3539 2957 3598 laesisse
2986 3541 3409 3610 meminerunt,
3441 3542 3835 3599 recordarentur

2223 3628 2471 3685 dicentis
2495 3645 2507 3684 :
2534 3630 2593 3684 Si
2616 3631 2775 3702 offers
2816 3648 3017 3686 manus
3045 3638 3201 3687 tuum
3249 3631 3321 3687 ad
3370 3632 3564 3698 altare,
3593 3634 3643 3686 et
3671 3629 3740 3684 ibi
3763 3641 3830 3681 re-

450 3648 580 3699 xcv,
614 3632 701 3706 44)
728 3650 740 3689 :
771 3652 888 3690 non
919 3634 1020 3690 illa
1046 3653 1180 3692 vero
1226 3640 1399 3704 terra,
1433 3638 1502 3692 de
1548 3656 1663 3710 qua
1706 3642 1959 3712 serpenti
1996 3643 2112 3714 illi,

450 3720 688 3777 malitias
731 3724 981 3790 suasori,
1015 3729 1103 3780 est
1146 3725 1368 3781 dictum
1403 3742 1417 3782 :
1451 3729 1671 3783 Terram
1700 3730 1940 3786 comedas
1971 3747 2107 3789 can-

2235 3717 2470 3773 cordotus
2497 3718 2673 3787 fueris
2704 3718 2845 3789 quod
2862 3722 3039 3791 frater
3068 3724 3194 3775 tuus
3222 3720 3423 3777 habeat
3451 3719 3655 3793 aliquid
3679 3717 3831 3772 adver-

2219 3821 2342 3861 sum
2373 3810 2442 3871 te,
2474 3807 2727 3877 relinque
2756 3808 2835 3863 ibi
2862 3826 3063 3864 manus
3104 3818 3263 3871 tuum
3291 3818 3422 3867 ante
3449 3811 3637 3875 altare,
3656 3815 3701 3864 et
3726 3803 3831 3861 vade

2213 3897 2374 3967 prius
2422 3897 2771 3951 reconciliari
2817 3899 2988 3968 fratri
3016 3902 3127 3965 tuo,
3158 3903 3209 3954 et
3242 3907 3379 3954 tunc
3425 3900 3635 3955 veniens
3675 3895 3828 3966 offeres

2214 3999 2417 4038 manus
2448 3988 2605 4038 tuum
2640 3984 2846 4053 (Matth.
2881 4002 2933 4053 v,
2968 3985 3057 4052 23,
3090 3987 3202 4057 24).
3228 3987 3342 4051 Qui
3389 4002 3519 4041 vero
3564 3985 3631 4040 ab
3666 3980 3825 4051 aliquo

2213 4070 2335 4127 laesi
2370 4072 2638 4141 fuissent,
2662 4078 2719 4129 et
2767 4073 2871 4129 illc'
2905 4074 3135 4130 veniam
3164 4076 3452 4130 veraciter
3497 4071 3823 4146 postulasset,

2213 4177 2329 4216 non
2353 4162 2834 4218 obliviscerentur
2853 4164 3134 4219 dicentis:
3156 4165 3290 4220 Cum
3310 4166 3467 4219 statis
3489 4162 3557 4219 ad
3580 4158 3823 4221 orandam,

2210 4251 2475 4307 dimittite
2501 4255 2551 4308 si
2581 4254 2711 4323 quid
2736 4254 2948 4310 habetis
2968 4253 3223 4311 adversus
3244 4255 3508 4326 aliquem,
3534 4255 3591 4307 ut
3615 4254 3663 4307 et
3687 4253 3823 4304 Pater

2212 4346 2381 4397 vester
2406 4342 2634 4397 cwlestis
2664 4341 2907 4399 dimittat
2956 4344 3105 4398 vobis
3146 4352 3372 4414 peccata
3414 4351 3614 4403 vestra;
3641 4333 3822 4411 quodsi

2206 4446 2295 4485 vos
2324 4446 2435 4485 non
2465 4431 2809 4499 dimiseritis,
2841 4449 2939 4488 nec
2967 4436 3135 4489 Pater
3166 4435 3347 4489 vester
3372 4431 3593 4489 caelestis
3618 4426 3816 4484 dimittet

2199 4524 2425 4590 peccata
2452 4527 2629 4576 vestra
2663 4521 2847 4592 (Marc.
2881 4538 2955 4589 xu,
2990 4523 3066 4591 2).

447 3811 551 3865 etis
598 3811 785 3867 diebus
831 3813 962 3867 vita?
990 3816 1102 3869 tua?
1133 3814 1283 3885 (Gen.
1319 3830 1401 3882 ιιι,
1436 3815 1547 3881 44),
1583 3818 1682 3871 sed
1733 3816 1834 3873 illa
1886 3822 2104 3891 potius,

444 3896 516 3953 de
547 3914 663 3969 qua
692 3899 917 3953 dictum
951 3903 1122 3956 antea
1150 3901 1376 3957 fuerat:
1401 3902 1677 3960 Germinot
1700 3910 1847 3961 terra
1880 3908 2107 3967 herbam

438 3988 706 4041 virentem
741 3986 897 4059 (Gen.
932 4006 967 4051 ι,
1005 3988 1113 4060 14),
1138 3993 1271 4057 etc.,
1297 4007 1424 4061 quae
1470 3994 1795 4049 secundum
1842 3995 2102 4056 litteram

438 4073 587 4130 satis
617 4078 757 4131 sunt
783 4076 957 4141 bona,
982 4079 1305 4133 secundum
1331 4096 1464 4134 vero
1506 4081 1821 4153 mysticum
1872 4084 2099 4144 intelle-

436 4166 598 4219 ctum
628 4164 843 4238 Oppido
875 4164 1136 4221 meliora.
1162 4166 1349 4237 Hujus
1379 4168 1490 4222 dici
1538 4170 1819 4241 gaudium
1861 4190 1977 4245 qua
2008 4181 2094 4231 te-

433 4251 702 4309 meritate
733 4270 829 4309 me
858 4253 968 4308 frui
991 4254 1125 4325 jure
1155 4256 1490 4326 pronuntio,
1524 4258 1625 4329 qui
1661 4262 1855 4314 tamen
1890 4259 2089 4320 lumen

431 4339 851 4413 (4489)cmli,id
885 4342 1226 4415 est,ipsum,
1262 4344 1359 4415 qui
1381 4344 1592 4401 coelum
1630 4345 2096 4422 illuminat,pec-

427 4433 692 4487 satorum
742 4432 958 4488 nebula
1008 4432 1463 4490 circumvallatis
1494 4435 1687 4491 videre
1736 4454 1852 4493 non
1885 4439 2088 4496 vales?

421 4518 591 4589 Nam,
616 4521 759 4577 dum
780 4522 853 4577 ad
881 4520 989 4577 hoc
1010 4522 1313 4579 institutos
1340 4521 1492 4589 illos,
1510 4525 1749 4597 quijam
1778 4543 2092 4598 praeesse-

419 4613 559 4665 runt
580 4611 971 4683 quadraginta
991 4612 1325 4667 noverimus
1350 4611 1494 4682 dies,
1523 4618 1586 4669 ut
1616 4615 1676 4669 in
1701 4614 1785 4670 eis
1816 4619 2085 4690 purgatis
2111 4631 2141 4695 [

2275 4610 2327 4663 3.
2358 4609 2546 4681 Hujus
2569 4611 2690 4678 sed,
2717 4610 2861 4683 proh
2886 4610 3082 4665 dolori
3119 4610 3348 4667 consilii
3376 4611 3433 4666 in
3464 4610 3677 4666 tantum
3700 4617 3809 4659 con-

690 4714 891 4800 Xulg.,
910 4718 1173 4800 pertinet...
1189 4716 1396 4800 Verior
1423 4718 1603 4800 nostri
1638 4720 1856 4800 clodi'c‘isA
1879 4719 2067 4800 Ιεςιίο,
2188 4714 2407 4800 editor,
2431 4714 2816 4800 ejusdemque
2843 4717 3283 4800 emendationes
3316 4715 3630 4800 recepimus
3639 4706 3808 4800 Iasio-ut

511 4716 670 4781 4485)
691 4716 891 4787 Vulg.,
910 4718 1165 4786 pertinet.
1189 4716 1394 4773 Verior
1423 4718 1603 4773 nostri
1638 4720 1856 4776 codicis
1879 4719 2067 4778 lectio.

485 4716 669 4912 (44863
690 4786 851 4841 Idem
895 4785 1078 4868 vulg,
1112 4788 1227 4842 dies
1276 4791 1485 4843 nostra.
1537 4792 2070 4874 Auctoritate_lau-

489 4857 529 4911 ti
562 4872 628 4911 co
674 4856 779 4911 icis
819 4856 1142 4912 delevnmus
1190 4866 1393 4912 nostra.
1429 4864 1485 4912 ot
1530 4877 1661 4912 mox
1708 4879 2070 4912 msermmna

2235 4716 2406 4782 litor,
2431 4716 2816 4787 ejusdemque
2843 4717 3283 4772 emendationes
3316 4716 3663 4793 recepimus:
3685 4716 3805 4763 sicut

2235 4801 2246 4840 ;
2277 4791 2415 4858 post
2447 4785 2733 4842 nonnulla
2765 4804 2900 4843 cum
2940 4787 3067 4859 ipso
3115 4788 3467 4844 retinuimus
3486 4781 3805 4859 posszdetpu-

2235 4859 2431 4912 tatem.
2456 4857 2553 4912 ubi
2586 4857 2779 4912 prima
2811 4858 2989 4912 editio
3023 4875 3327 4912 perperam
3353 4858 3595 4912 habebat
3611 4847 3805 4912 possum

410 4847 529 4912 dati
562 4847 779 4912 codicis
819 4847 1142 4940 delevihius
1190 4866 1393 4924 nostra,
1429 4864 1485 4914 ct
1530 4877 1662 4916 mox
1708 4847 2070 4922 inseruimus
2182 4847 2431 4940 νὶιιξξϐἶη,
2456 4857 2553 4912 ubi
2584 4857 2779 4929 prima
2811 4847 2989 4915 editio
3020 4875 3327 4932 perperam
3353 4847 3805 4924 habebatpossida

405 4942 504 4983 nos
534 4931 671 4983 ante
700 4928 997 4984 exsultare.
2180 4930 2490 4983 veritatem.
2586 4928 2601 4929 ί
3022 4928 3039 4931 ’
3127 4928 3147 4932 ⁷
3776 4987 3785 4997 .

476 4997 664 5083 (4487
696 4997 979 5083 (ξρῃειτυο
1011 5016 1024 5083 ξ
1062 5000 1123 5055 Ut
1151 5000 1571 5083 contingat/tor
1593 5006 2065 5083 provenirenobis
2251 5000 2435 5083 (4494)
2466 4999 2817 5083 Construcm:
2867 5002 3212 5083 pensandum
3260 5000 3515 5073 quomodo
3557 5007 3705 5051 auqu
3742 4989 3798 5042 Si!

402 5084 515 5156 non
545 5069 614 5123 ad
634 5070 930 5156 judicium,
965 5075 1044 5156 ut,
1094 5072 1233 5141 proh
1262 5074 1457 5156 nefas!
1505 5069 1680 5156 evenit
1714 5077 1939 5156 multis,
1973 5080 2064 5134 sed

2238 5071 2711 5156 t’!€‘£"’30,95""??.’."
2743 5069 2968 5156 Caristi-
3068 5143 3105 5156 ..
3170 5144 3182 5156 .
3268 5069 3323 5156 ⁷.
3420 5147 3429 5156 .
3498 5141 3508 5151 .

401 5132 802 5213 ad‘rmédium
828 5132 1239 5213 sempiternum,
1274 5132 1341 5196 αι’
1364 5146 1539 5199 evenit
1566 5147 1841 5213 felicibus.
1927 5132 1939 5145 ’
2036 5132 2058 5134 ἡ

2244 5142 2288 5213 (4
2304 5142 2425 5213 492)
2460 5141 2758 5197 Similiter
2778 5144 2835 5198 in
2859 5143 3139 5200 Discordia
3170 5144 3472 5200 lucubrata
3496 5141 3551 5194 in
3576 5132 3794 5201 Quadra-

470 5209 517 5280 (4
531 5211 656 5294 488)
677 5209 996 5294 Iiic_sermo
1025 5213 1298 5294 vulgatus
1322 5209 1658 5294 ab‘Acherio
1686 5234 1886 5294 anuis.
1914 5220 2059 5294 Ilau-
2168 5209 2567 5294 geSima'anni
2608 5215 2916 5294 968_nur_n.
2951 5218 3148 5294 7.4_Per_
3186 5231 3368 5294 omnes
3394 5228 3521 5294 sane
3540 5215 3788 5294 sarmentis:

396 5279 937 5366 dunen-sinhlabitus
968 5284 1078 5340 fuit
1119 5279 1213 5341 die
1257 5285 1558 5342 Paschatis
1590 5289 1728 5344 anni
1759 5288 1881 5343 968.
1917 5289 2053 5346 Con-
2165 5279 2376 5358 inquit,
2410 5301 2539 5354 ψιθδ
2570 5286 2772 5356 ρομιιιο
2793 5358 2807 5366 ,
2841 5289 2959 5366 τ’ξίῇι,
2994 5286 3424 5366 θυαάνέἓθθδίηῑα
3456 5283 3579 5366 [effr

394 5350 483 5407 fer
510 5358 630 5408 not,
656 5337 818 5409 1492.
854 5337 886 5338 Ἡ
919 5337 933 5339 ἡ
1126 5337 1207 5341 ᾑίν
1257 5337 1278 5340 “
1308 5337 1554 5342 “vn-ﬁ
1591 5337 1728 5344 mu"
1763 5337 1881 5343 Hm
1923 5337 2033 5346 wn
2163 5337 2375 5412 mele-ain
2403 5337 2588 5411 tim-ne;
2618 5337 2737 5412 non
2772 5358 2978 5424 destiti,
2998 5337 3067 5413 ἶιι
3095 5337 3277 5414 νεάίἷθ
3303 5372 3412 5413 non
3432 5337 3714 5425 different?“

464 5422 1092 5512 (1489)‘Supplevimus
1135 5427 1320 5512 lumen
1358 5444 1425 5483 ex
1472 5429 1819 5501 praecedenti
1853 5430 2046 5487 Tobiae
2153 5443 2364 5510 pacem,
2394 5432 2531 5509 βίοι,
2564 5427 2684 5512 ἷξὺί
2718 5429 2920 5512 eadem
2962 5417 3279 5512 sequentia
3320 5417 3784 5512 θΥὲΠέδιίέίξιίθξξξξ

388 5482 696 5574 ῒθῂςιξειῄό-
711 5482 885 5574 quem
918 5496 1037 5574 haec
1072 5482 1529 5574 refcruruturé‘:
1554 5482 1581 5484 γ’
1601 5482 1819 5574 νηί-’γη
1866 5482 1887 5485 _
1910 5482 2043 5487 Hm
2153 5482 2364 5555 ‘mOhiO.’
2399 5482 2629 5574 ingerit,
2660 5516 2694 5555 α
2735 5504 2931 5574 terum
2983 5482 3085 5574 ρνῖ)
3113 5502 3229 5574 ,ίίεξ
3259 5499 3361 5571 qui
3411 5482 3668 5574 miserunt.
3694 5482 3784 5574 g1].-

458 5564 644 5636 (4490)
676 5558 1619 5651 In.pr_iori_.l\cheriana.editione
1654 5573 1820 5651 :‘._S_ibi
1853 5575 2043 5651 jungit
2157 5588 2355 5643 quem,
2392 5558 2638 5651 alt‘Erum
2677 5587 2795 5642 pro
2840 5571 2933 5640 iis,
2961 5558 3233 5651 riuilmSi
3275 5558 3436 5651 sunt.
3461 5570 3627 5651 Quare
3654 5558 3780 5612 hunc

381 5652 638 5713 namque,
670 5644 730 5713 et
756 5639 911 5713 infra
930 5642 1145 5713 timore
1164 5643 1456 5713 anterioris
1480 5660 1500 5695 :
1527 5659 1653 5713 qua:
1686 5639 1907 5700 librarii
1943 5639 2044 5701 aut
2154 5639 2485 5699 sermonem
2522 5639 2727 5697 eodem
2771 5660 2926 5700 anno
2959 5639 3276 5702 recitatum
3312 5641 3504 5713 liquet.

380 5711 729 5786 *—Ypographi
751 5711 977 5770 incuria
995 5711 1275 5771 accidisse
1285 5714 1309 5784 j
1322 5730 1419 5770 urc
1441 5711 1669 5772 censuit
1686 5715 2041 5775 novissimus

3958 4074 3959 4119 1

3956 4158 3957 4199 1

3954 4228 3955 4277 1

3952 4318 3953 4357 1

3950 4376 3951 4435 1

3948 4466 3949 4513 1

3944 4530 3947 4593 1

3944 4594 3945 4671 1
