4058 6170
136 318 261 422 ’ζᾲἅ
1624 318 1790 383 SER]

1899 318 2069 385 NES.
2718 317 2723 319 ’
3439 321 3561 421 745

134 446 431 523 adjutorio
462 445 583 505 nixi
609 445 889 509 festinare
918 448 1247 507 contendite
1273 467 1287 518 ;
1319 450 1539 507 instare
1576 451 1780 507 horam
1810 450 1869 523 Α
1898 452 2325 525 praestolamur,
2358 456 2517 509 Dona
2549 451 3189 523 nimirum,divisiones
3210 449 3564 525 gratiarum,

130 538 299 597 vobis
330 541 435 594 aut
455 535 596 593 illuc
617 536 1171 609 conscendendi,aut
1191 539 1797 610 deorsumruendi,hic
1906 540 2263 597 charismata
2296 541 2729 598 beatitudinum
2760 543 3047 599 omnium.
3084 541 3219 606 Quae
3254 542 3396 597 sunt
3427 555 3560 595 vero

127 646 265 686 vero
296 644 411 684 non
434 626 659 683 diutius
693 627 961 683 morandi
992 628 1197 685 sedulo
1222 629 1568 702 cogitate,ne
1598 630 1795 685 exim-
1904 628 2050 684 illa?
2076 629 2389 702 Depromat
2438 630 2757 704 Apostolus
2807 647 2820 686 :
2875 631 3145 699 Charitas,
3195 627 3441 702 inquit,
3464 627 3564 683 Dei

128 716 552 792 proviso,quod
586 715 869 787 absit,vos
900 716 1025 791 rapi
1057 720 1382 792 contingat,
1417 724 1474 774 et
1502 717 1639 774 illuc
1665 735 1794 791 per-
1902 718 2102 791 diﬁusa
2129 723 2206 775 est
2232 721 2293 775 in
2322 720 2574 777 cordibus
2603 721 2805 778 nostris
2834 738 2936 793 per
2967 720 3237 789 Spiritum
3284 721 3562 784 sanctum,

125 805 421 877 trahi,ubi
452 820 625 861 nemo
657 806 823 861 vobis
854 805 1043 862 valeat
1076 807 1535 872 auxiliari.Quod
1560 824 1595 862 a
1624 807 1793 863 nobis
1899 810 1999 881 qui
2025 807 2187 865 datns
2216 813 2297 865 est
2330 812 2490 866 nobis
2522 811 2693 883 (Rom.
2725 828 2781 877 v,
2811 810 2890 882 5).
2926 809 3036 866 Sed
3084 808 3155 864 ad
3201 806 3342 880 quid
3389 806 3565 863 datus

128 895 413 955 omnibus
430 894 706 967 dignetur
717 897 1097 970 avertere,qui
1112 897 1170 952 in
1188 896 1345 953 hunc
1364 896 1648 952 mundum
1664 912 1792 969 pec-

120 990 352 1044 catores
386 984 544 1041 venit
567 982 760 1040 salvos
792 983 999 1053 facere,
1015 984 1187 1042 Jesus
1216 985 1483 1042 Christus
1506 985 1788 1042 Dominus

119 1080 348 1143 noster,
385 1072 486 1147 qui
520 1088 655 1129 cum
686 1072 850 1129 Patre
879 1076 937 1129 et
967 1073 1187 1147 Spiritu
1219 1078 1418 1131 sancto
1450 1074 1588 1131 vivit
1618 1078 1675 1131 et
1695 1091 1783 1131 re-

116 1169 268 1240 gnat
292 1164 447 1221 Deus
481 1162 542 1218 in
571 1161 786 1219 saecula
811 1162 1179 1220 saeculorum.
1214 1167 1417 1221 Amen.

783 1269 1024 1326 SERMO
1064 1271 1129 1326 X.

499 1356 570 1396 ns
607 1354 779 1397 πετο
820 1358 1202 1398 psnrscosrss
1242 1341 1429 1414 (1553)

202 1434 255 1488 1.
287 1430 389 1489 Eia
417 1428 556 1503 quid
584 1428 751 1498 facio,
790 1429 1050 1487 fratres?
1078 1429 1139 1487 Si
1188 1433 1370 1499 taceo,
1412 1429 1624 1502 reipsa,
1656 1446 1781 1502 qua:

120 1536 236 1592 per
254 1536 347 1576 me
378 1519 607 1576 fuerant
628 1518 1351 1591 dispensanda,defraudo;
1374 1518 1538 1575 vobis
1560 1518 1783 1574 fraudis

111 1608 391 1680 ejusdem
420 1624 556 1663 reus
581 1607 859 1676 existo,et
887 1625 1015 1679 qua:
1039 1607 1116 1663 sit
1136 1608 1261 1663 dies
1284 1606 1512 1673 ista,vel
1539 1611 1778 1679 quanta,

110 1695 270 1751 mihi
302 1694 416 1767 ipsi
450 1710 686 1767 quoque
707 1694 1212 1771 abscondo.Loqui
1242 1695 1311 1751 siv
1322 1694 1529 1767 gestio,
1552 1696 1778 1767 magni-

1897 902 1986 954 est
2006 897 2035 953 ‘?
2066 897 2336 971 Pignoris
2365 898 2590 972 absque
2619 899 2797 956 dubio
2827 899 2974 956 loco.
3025 896 3187 955 Sicut
3235 897 3392 954 enim
3443 912 3561 953 non

1896 985 2186 1043 habemus
2218 986 2311 1042 hic
2335 993 2668 1045 manentem
2692 988 3019 1055 civitatem;
3053 987 3137 1042 ita
3157 1002 3262 1041 nec
3292 1001 3558 1042 securam

1894 1074 2343 1133 beatitudinem.
2377 1076 2540 1133 Unde
2573 1081 2771 1133 autem
2804 1074 3269 1148 novimus,quod
3294 1073 3557 1148 pignoris

1894 1162 2020 1220 loco
2051 1164 2334 1237 Spiritum
2368 1169 2637 1223 sanctum
2673 1163 3118 1239 acceperimus?
3138 1162 3375 1219 Dicente
3403 1162 3565 1219 vide;

1893 1251 2030 1310 licet
2056 1254 2329 1327 Apostolo
2364 1272 2376 1312 :
2413 1257 2520 1324 Qui
2556 1255 2703 1312 dedit
2747 1255 2906 1311 nobis
2948 1256 3151 1326 pignus
3203 1253 3436 1326 spiritus
3483 1252 3560 1322 (11

1895 1342 2016 1396 Cor.
2048 1356 2102 1409 v,
2125 1344 2204 1413 5),
2225 1358 2355 1399 ecce
2375 1343 2725 1400 habebimus
2747 1344 2818 1401 de
2840 1343 3082 1417 pignore
3102 1343 3359 1414 accepto.
3388 1339 3552 1405 Quod

1894 1428 2072 1485 hodie
2104 1429 2254 1485 illud
2288 1432 2706 1503 acceperimus,
2737 1431 3030 1504 quomodo
3063 1430 3329 1487 scimus?
3359 1428 3552 1487 Histo-

1897 1517 2245 1591 riographus
2291 1520 2466 1591 dicat,
2526 1520 2712 1577 Lucas
2768 1521 3033 1575 medicus
3083 1520 3385 1576 fateatur:
3418 1517 3553 1574 Cum

1889 1607 2313 1678 complerentur,
2345 1608 2558 1680 inquit,
2600 1608 2714 1664 dies
2754 1609 3113 1676 Pentecostes,
3160 1611 3319 1663 erant
3364 1622 3552 1663 omnes

1886 1693 2148 1767 discipuli
2195 1699 2414 1768 pariter
2466 1698 2525 1751 in
2574 1698 2757 1759 eodem
2786 1698 2899 1754 loco
2930 1698 3064 1766 (Act.
3101 1713 3162 1767 ιι,
3195 1694 3273 1768 1).
3305 1695 3369 1752 In
3434 1712 3551 1768 quo

107 1783 425 1879 tudinirei
453 1783 755 1879 ipsius-de
777 1800 893 1856 qua
920 1782 1082 1855 loqui
1112 1782 1261 1849 volo,
1285 1798 1357 1838 ne
1377 1783 1771 1879 succumbam
1806 1812 1856 1879 Β
1885 1782 2009 1879 loco
2030 1784 2058 1839 ‘l
2086 1785 2327 1856 Cumque
2358 1787 2712 1841 intuerentur
2756 1787 2816 1840 in
2858 1785 3058 1841 cwlum
3112 1792 3333 1841 euntem
3388 1783 3554 1841 illum

110 1872 396 1930 formido.
424 1871 533 1928 Sed
566 1871 715 1928 facio
749 1872 904 1944 quod
935 1887 1180 1944 possum
1217 1887 1230 1926 :
1260 1870 1579 1926 debitorem
1617 1870 1775 1926 enim

106 1961 379 2036 amplius
410 1961 716 2018 considero
767 1959 1018 2016 nullum.
1055 1960 1415 2016 Pentecostes
1459 1957 1785 2031 completur

109 2051 490 2120 hodie,688
513 2050 739 2107 fratres.
766 2048 914 2116 Quid
946 2048 1095 2105 dixi?
1114 2048 1612 2122 Quinquagesima
1638 2048 1779 2104 Pas-

109 2140 246 2199 cha:
276 2139 448 2197 hodie
478 2139 846 2196 terminatur.
880 2137 1027 2205 Quid
1058 2137 1194 2193 inde
1213 2138 1241 2193 ?
1271 2137 1435 2194 Dicat
1461 2138 1561 2210 qui
1590 2137 1776 2193 novit:

106 2232 317 2291 Melior
340 2236 436 2299 est,
461 2230 562 2300 ait,
585 2231 715 2301 ﬁnis
737 2230 1003 2286 orationis
1033 2244 1199 2301 quam
1216 2228 1556 2300 principium
1580 2216 1778 2300 (Eccle.

110 2338 225 2393 vn,
259 2320 338 2393 9).
373 2318 642 2376 lntendat
671 2318 769 2392 qui
798 2316 951 2374 valet
984 2335 996 2373 :
1026 2318 1131 2387 Qui
1159 2318 1307 2373 enim
1335 2318 1779 2388 perseveraverit,

118 2411 213 2469 ait
248 2409 557 2478 Dominus,
589 2424 759 2481 usque
783 2408 840 2463 in
867 2407 1053 2477 ﬁnem,
1087 2406 1176 2462 hic
1203 2407 1385 2461 salvus
1407 2407 1512 2462 erit
1560 2404 1779 2477 (Matth.

104 2519 162 2569 ι,
191 2497 541 2572 22).Felices
564 2496 661 2570 qui
685 2496 792 2553 hos
814 2494 1244 2569 quinquaginta
1264 2494 1411 2563 dies,
1454 2498 1520 2549 ut
1557 2492 1785 2549 colendi

107 2592 287 2657 sunt,
323 2585 729 2653 coluerunt,ab
756 2582 990 2641 alleluia
1010 2583 1215 2640 morali
1239 2582 1575 2640 nullatenus
1597 2599 1785 2639 cessa-

108 2675 719 2743 verunt,dormientes
744 2690 977 2748 quoque
996 2689 1125 2730 eam
1145 2673 1386 2729 minime
1409 2670 1781 2727 dimiserunt.

110 2766 286 2827 Salvi
307 2771 504 2823 tamen
525 2762 672 2820 tales
694 2763 743 2820 si
763 2762 1008 2836 cupiunt
1029 2779 1176 2830 esse,
1204 2761 1378 2818 hodie
1419 2760 1782 2817 devotionem

114 2853 574 2933 perseverantia:
596 2854 1021 2921 demonstrent,
1040 2867 1311 2925 suggero,
1326 2868 1466 2907 suae.
1485 2849 1783 2923 Quinqua-

113 2945 359 3025 gesima
386 2948 477 3001 est
508 2942 680 2999 hodie
710 2941 833 2998 dies
876 2956 910 2996 a
939 2938 1378 2996 Resurrectione
1423 2937 1677 3009 Domini,
1709 2938 1782 2997 ab

114 3035 489 3095 Ascensione
518 3031 764 3088 decima.
788 3029 1067 3103 Magnum
1098 3027 1526 3102 mysterium,et
1551 3027 1782 3082 inenar-

115 3124 317 3183 rabile
340 3123 559 3179 donum
577 3120 591 3177 l
614 3120 747 3177 Dies
768 3123 858 3175 est
873 3106 1047 3175 hodie
1067 3116 1647 3191 quinquagesima,ex
1666 3132 1783 3188 quo

118 3217 183 3273 in
218 3214 454 3272 Christo
486 3209 947 3276 resurreximus;
982 3207 1226 3274 decima,
1259 3222 1328 3263 ex
1358 3223 1472 3279 quo
1502 3222 1637 3261 cum
1682 3205 1781 3261 illo
1812 3181 1856 3251 C

121 3302 312 3363 caelos
343 3299 785 3358 concendimus.
808 3298 888 3353 De
914 3296 1129 3370 quibus
1160 3296 1333 3352 dico?
1363 3295 1442 3352 De
1465 3294 1584 3351 illis
1614 3295 1784 3350 nimi-

121 3390 517 3465 rum,quibus
552 3389 831 3446 audacter
857 3386 998 3443 dicit
1026 3383 1340 3458 Apostolus
1374 3400 1386 3438 :
1419 3385 1487 3440 Si
1508 3400 1786 3439 consurre-

121 3484 299 3540 xistis
355 3497 480 3537 cum
538 3479 772 3546 Christo,
805 3492 931 3550 quae
986 3492 1202 3532 sursum
1254 3481 1381 3530 sunt
1410 3474 1661 3545 quaerite,
1690 3473 1787 3527 ubi

126 3574 394 3631 Christus
422 3577 502 3626 est
531 3570 596 3625 in
621 3568 845 3624 dextera
876 3567 992 3633 Dei,
1028 3566 1082 3620 id
1112 3571 1204 3620 est
1232 3561 1581 3636 aequalitate,
1601 3562 1786 3616 Patris

124 3662 367 3728 sedens;
392 3673 517 3732 qua:
543 3674 761 3715 sursum
788 3664 916 3711 sunt
942 3655 1137 3726 sapite,
1168 3668 1276 3708 non
1309 3667 1426 3723 quae
1472 3667 1635 3723 super
1681 3658 1787 3706 ter-

126 3768 280 3808 ram.
308 3749 508 3806 Morini
534 3749 683 3803 enim
713 3747 863 3813 estis,
901 3740 1120 3817 peccati
1159 3740 1427 3796 videlicet
1470 3740 1785 3807 immunes,

129 3847 177 3899 et
213 3841 334 3896 vita
364 3845 537 3894 vestra
563 3835 879 3893 abscondita
902 3841 979 3890 est
1004 3848 1129 3888 cum
1161 3829 1370 3886 Christo
1400 3831 1459 3883 in
1496 3830 1621 3885 Deo.
1654 3832 1790 3886 Cum

130 3932 291 3989 enim
325 3927 571 3984 Christus
596 3924 915 3998 apparuerit
943 3923 1061 3978 vita
1088 3928 1285 3989 vestra,
1318 3923 1448 3975 tunc
1475 3925 1525 3975 et
1564 3933 1656 3975 vos
1698 3935 1790 3990 ap«

128 4018 410 4093 parebitis
439 4032 562 4072 cum
592 4017 707 4087 ipso
739 4017 800 4070 in
826 4014 1006 4085 gloria
1036 4011 1254 4084 (Coloss.
1299 4026 1382 4076 III,
1430 4008 1501 4081 1).
1552 4007 1787 4075 Felices,

134 4108 247 4184 qui
278 4105 569 4179 ejusmodi
604 4107 780 4171 sunt;
816 4099 1224 4168 infelicissimi,
1270 4098 1370 4170 qui
1422 4098 1493 4154 ab
1543 4097 1790 4153 istorum

138 4196 394 4271 collegio
427 4192 847 4269 perpetualiter
875 4191 1181 4247 decidunt:
1206 4188 1287 4243 illi
1320 4187 1476 4243 enim
1516 4204 1629 4243 non
1656 4202 1790 4242 cum

137 4288 376 4345 Christo
407 4286 468 4341 in
497 4283 705 4357 gloria,
737 4282 836 4337 sed
868 4297 1003 4338 cum
1044 4278 1274 4336 diabolo
1322 4277 1688 4351 apparebunt
1732 4276 1792 4331 in

137 4374 524 4434 damnatione
552 4374 854 4446 perpetua.

206 4470 269 4522 2.
305 4465 731 4521 Praesumentes
760 4463 955 4515 tamen
988 4473 1093 4511 nos
1127 4455 1317 4510 adhuc
1347 4456 1419 4510 de
1442 4452 1678 4509 illorum
1709 4468 1797 4508 so-

1892 1870 2247 1944 (praatulerat
2272 1873 2450 1946 idem)
2478 1890 2597 1931 ecce
2628 1874 2732 1931 duo
2761 1875 2879 1930 viri
2906 1875 3203 1930 astiterunt
3222 1873 3377 1946 justa
3424 1873 3551 1929 illos

1891 1961 1950 2015 in
1980 1962 2215 2017 vestibus
2243 1962 2409 2027 albis,
2438 1964 2535 2033 qui
2565 1967 2616 2017 et
2646 1963 2909 2019 dixerunt
2942 1979 2955 2017 :
2992 1962 3110 2018 Viri
3137 1960 3381 2031 Galilxi,
3416 1958 3550 2034 quid

1889 2051 2044 2105 statis
2074 2051 2396 2122 aspicientes
2426 2051 2485 2105 in
2515 2051 2713 2107 caelum
2731 2055 2756 2104 γ
2783 2051 2880 2105 Hic
2906 2051 3079 2118 Iesus,
3113 2051 3211 2123 qui
3236 2057 3547 2122 assumptus

1889 2142 1967 2193 est
1995 2155 2029 2192 a
2060 2138 2206 2194 vobis
2234 2139 2295 2193 in
2318 2139 2534 2205 caelum,
2587 2142 2667 2194 sic
2716 2141 2917 2209 veniet,
2966 2138 3422 2210 quemadmodum
3461 2140 3544 2195 vi-

1890 2225 2046 2283 distis
2074 2242 2199 2282 eum
2229 2234 2446 2283 euntem
2477 2229 2536 2282 in
2566 2229 2783 2283 cwlum.
2830 2229 2973 2283 Tunc
3027 2230 3233 2285 reversi
3286 2235 3414 2284 sunt
3467 2230 3547 2284 Ie-

1889 2317 2600 2388 rosolymamadmontem,
2632 2320 2728 2390 qui
2772 2327 2988 2374 vocatur
3047 2318 3266 2382 Oliveti,
3317 2317 3413 2389 qui
3468 2325 3545 2373 est

1882 2405 2053 2476 juxta
2080 2405 2382 2460 Ierusalem
2410 2406 2638 2460 Sabbati
2667 2406 2871 2461 habens
2902 2408 3008 2461 iter
3026 2423 3046 2467 ,·
3068 2406 3223 2461 634
3243 2412 3295 2460 et
3320 2421 3444 2460 cum
3462 2406 3547 2459 in-

1893 2494 2146 2548 troissent
2174 2492 2235 2546 in
2263 2494 2627 2560 csenaculum,
2647 2490 3008 2548 ascenderunt
3036 2493 3093 2546 in
3122 2492 3428 2563 superiora,
3448 2491 3548 2546 ubi

1892 2581 2189 2636 manebant
2229 2581 2420 2637 Petrus
2472 2585 2525 2637 et
2580 2583 2836 2649 Joannes,
2888 2581 3115 2637 Iacobus
3168 2587 3221 2637 et
3276 2579 3544 2647 Andreas,

1891 2671 2182 2743 Philippus
2241 2678 2290 2725 et
2349 2670 2595 2738 Thomas,
2655 2669 3091 2727 Bartholomeeus
3136 2673 3187 2724 et
3237 2668 3546 2740 Matthseus,

1889 2760 2113 2817 Iacobus
2141 2758 2359 2831 Alphaei
2383 2767 2433 2816 et
2488 2759 2674 2815 Simon
2733 2759 2960 2830 Zelotes,
3017 2765 3070 2816 et
3119 2756 3290 2815 Iudas
3336 2757 3544 2814 Jacobi.

1891 2849 1962 2905 Hi
1990 2864 2174 2905 omnes
2203 2852 2362 2904 erant
2386 2853 2794 2921 perseverantes
2838 2849 3182 2904 unanimiter
3210 2847 3272 2902 in
3301 2848 3548 2904 oratione

1890 2954 2014 2994 cum
2044 2938 2388 3006 mulieribus,
2434 2940 2483 2993 et
2539 2938 2716 2992 Maria
2765 2945 2944 2993 matre
2996 2937 3145 3005 Iesu,
3178 2944 3230 2994 et
3274 2937 3546 3007 fratribus

1891 3030 2008 3100 ejus
2039 3027 2173 3096 (Act.
2206 3044 2245 3093 ι,
2278 3025 2390 3098 40).
2425 3027 2569 3082 Cum
2601 3025 2781 3099 igitur
2810 3025 2868 3082 in
2902 3026 3106 3082 eodem
3149 3025 3276 3082 loco
3324 3029 3543 3095 essent,

1891 3119 2070 3188 factus
2098 3124 2173 3171 est
2202 3123 2423 3188 repente
2451 3115 2513 3171 de
2541 3116 2674 3171 caelo
2702 3132 2870 3172 sonus
2897 3119 3163 3189 tanquam
3203 3114 3547 3171 advenientis

1892 3207 2119 3278 spiritus
2148 3204 2497 3271 vehementis,
2542 3212 2593 3261 et
2648 3206 2874 3276 replevit
2928 3212 3091 3260 totum
3149 3203 3389 3272 domum,
3449 3202 3549 3259 ubi

1891 3298 2050 3351 erant
2078 3291 2342 3357 sedentes,
2372 3301 2424 3348 et
2453 3296 2831 3364 apparuerunt
2863 3292 2976 3346 illis
3001 3292 3305 3364 dispertita:
3334 3292 3547 3364 lingua?

1894 3387 2159 3454 tanquam
2191 3382 2355 3450 ignis,
2385 3381 2626 3451 seditque
2648 3396 2812 3451 super
2837 3381 3079 3449 singulos
3109 3395 3297 3436 eorum
3314 3395 3335 3441 ;
3366 3388 3418 3435 et
3456 3395 3542 3435 re-

1890 3472 2027 3544 pleti
2053 3473 2182 3524 sunt
2230 3485 2413 3525 omnes
2440 3469 2654 3540 Spiritu
2682 3472 2952 3536 sancto,et
2979 3470 3238 3540 ceperunt
3268 3468 3419 3538 loqui
3446 3483 3543 3522 va-

1895 3562 1997 3615 riis
2027 3559 2257 3627 linguis,
2285 3564 2449 3629 prout
2479 3558 2720 3627 Spiritus
2750 3564 2965 3611 sanctus
2996 3556 3161 3612 dabat
3204 3555 3388 3627 eloqui
3431 3555 3547 3612 illis

1895 3652 2044 3719 (Act.
2078 3663 2138 3714 II,
2170 3649 2205 3700 2
2233 3645 2389 3717 seq.).

1968 3738 2020 3791 3.
2056 3735 2099 3791 Ο
2129 3751 2304 3807 quam
2331 3733 2426 3789 hic
2458 3734 2707 3806 abyssus
2737 3732 2963 3789 Veteris
2994 3733 3351 3789 Testamenti
3385 3733 3554 3806 abys-

1898 3841 2030 3881 sum
2063 3824 2290 3878 invocat
2312 3821 2443 3877 novi
2466 3821 2478 3877 l
2504 3821 2547 3877 Ο
2574 3838 2750 3894 quam
2774 3820 3110 3895 antiquiora
3130 3820 3553 3879 recentioribus

1898 3911 2233 3970 concinunt!
2250 3910 2745 3984 Quinquagesimo
2763 3910 2856 3966 die
2874 3915 3005 3983 post
3026 3909 3375 3967 occisionem
3393 3909 3555 3985 agni,

1899 4006 1956 4059 et
1985 3999 2163 4058 maris
2186 4000 2500 4056 transitum
2525 3998 2794 4065 Rubri,in
2809 4000 2949 4056 Sina
2968 4004 3163 4056 monte
3184 3999 3369 4073 Moysi
3394 4001 3559 4057 deca-

1901 4092 2072 4164 logus
2104 4091 2296 4146 datur.
2331 4089 2833 4163 Quinquagesimo
2865 4093 2998 4163 post
3044 4089 3555 4146 Resurrectionem

1900 4179 2113 4235 Christi
2137 4178 2231 4234 die
2256 4178 2509 4250 Spiritus
2532 4181 2770 4234 sanctus
2794 4178 3076 4250 apostolis
3100 4176 3559 4241 mittitur.Quin-

1902 4267 2285 4341 quagesimus
2309 4266 2673 4322 remissionis
2695 4270 2785 4322 est
2806 4267 3153 4334 annus;dies
3174 4269 3373 4321 noster
3389 4263 3559 4335 quin-

1903 4355 2283 4429 quagesimae
2331 4354 2530 4425 gratiae
2557 4358 2647 4409 est
2674 4358 3069 4410 consecratus.
3121 4353 3226 4408 Illo
3276 4352 3371 4407 die
3400 4351 3556 4406 Deus

1903 4445 2004 4501 Dci
2028 4442 2210 4499 Filius
2234 4442 2291 4495 in
2322 4446 2518 4496 monte
2541 4441 2841 4496 descendit
2866 4459 2879 4509 ;
2904 4441 3015 4497 isto
3040 4441 3142 4497 sed
3166 4442 3368 4495 nostro
3402 4437 3558 4494 Deus

141 4557 356 4613 cietate
407 4552 651 4608 existere
690 4550 891 4618 (Nescit
945 4545 1102 4602 enim
1162 4544 1338 4613 homo,
1398 4542 1479 4599 ait
1535 4542 1796 4614 quidam,
1829 4544 1878 4610 D
1909 4531 2096 4589 Patris
2118 4528 2312 4586 etFilii
2330 4528 2585 4618 Spiritus
2603 4533 2841 4585 sanctus
2864 4529 3054 4602 igneis
3072 4527 3295 4618 linquis
3318 4526 3563 4618 demon-

146 4650 344 4702 utrum
372 4641 498 4698 adio
528 4657 602 4695 an
629 4654 815 4695 amore
842 4636 1044 4707 dignus
1100 4635 1189 4701 sit,
1249 4632 1341 4689 sed
1398 4632 1544 4688 omia
1600 4632 1658 4685 in
1711 4631 1801 4701 fu-

145 4744 341 4792 turum
370 4738 662 4789 servantur
686 4730 897 4784 incerta
928 4725 1117 4797 [Eccle.
1153 4740 1231 4790 1x,
1269 4721 1364 4793 1]),
1398 4721 1663 4776 dicamus
1687 4736 1802 4776 non

144 4824 534 4895 desperantes
563 4819 635 4875 de
665 4814 1000 4888 nobis,quia
1029 4812 1299 4869 hodieest
1316 4807 1806 4883 quinquagesima

153 4912 302 4979 dies,
337 4926 409 4966 ex
438 4925 556 4982 quo
587 4908 649 4963 in
679 4905 910 4963 Christo
966 4900 1426 4967 resurreximus;
1460 4898 1705 4966 decima,
1738 4914 1807 4954 ex

153 5017 270 5073 quo
299 5015 438 5057 cum
469 4998 700 5055 Christo
744 4994 919 5053 ccelos
971 4990 1364 5049 ascendimus.
1424 4989 1607 5045 Hodie
1663 4987 1805 5061 quid

224 5212 419 5286 (1553)
449 5208 889 5286 InterRatherii
923 5220 1222 5286 sermones
1254 5202 1675 5286 Fulcuinusme.
1733 5202 1807 5286 :24

157 5273 453 5341 memorat
479 5286 540 5340 in
587 5283 677 5339 die
720 5282 1071 5338 Pentecostes.
1122 5274 1407 5333 Acherius
1455 5275 1515 5330 in
1559 5273 1808 5330 Elencho

158 5357 300 5413 tomi
322 5356 373 5412 II
390 5353 683 5429 Spicilegii
705 5350 1005 5429 opusculis
1018 5348 1274 5405 Ratherii
1287 5347 1523 5403 ineditis
1545 5349 1811 5429 accenset

155 5416 453 5485 sermones
488 5416 640 5483 duo;
682 5416 761 5481 de.
775 5426 1097 5489 Pentecoste,
1132 5435 1336 5476 eorum
1369 5416 1722 5490 exemplum_
1741 5432 1809 5471 ex

160 5514 269 5555 ms.
306 5498 579 5555 Lobiensi
610 5513 673 5553 se
720 5494 1012 5567 accepisse
1043 5491 1240 5567 tradit
1267 5490 1325 5545 in
1358 5488 1579 5567 monito
1602 5489 1672 5545 ad
1693 5488 1809 5543 Ra-

156 5570 327 5654 therii
360 5584 557 5654 opera.
580 5568 743 5654 Licet
760 5561 1036 5654 ver'o‘eqs‘
1067 5579 1129 5654 s'e
1164 5562 1312 5654 plias
1348 5561 1644 5654 editurum
1676 5566 1819 5654 spe?

158 5629 452 5719 ponderit,
484 5657 602 5698 non
632 5644 829 5698 tamen
858 5636 1062 5695 edidit.
1085 5633 1399 5693 Lobienses
1428 5632 1657 5693 codices
1686 5629 1814 5692 dili-

480 5768 752 5837 ΡΑτιιοι.
794 5762 1113 5833 CXXXVI.

1910 4625 2131 4678 stratus
2161 4617 2677 4689 advenit.Utraque
2708 4634 2841 4673 vero
2871 4618 2986 4674 ista
3005 4616 3262 4674 Trinitas
3283 4613 3565 4689 adimple-

1908 4710 2011 4776 vit,
2043 4708 2213 4763 Pater
2259 4706 2377 4762 illic
2426 4705 2637 4763 Filium
2688 4706 2873 4780 Moysi
2920 4705 3274 4775 destinavit;
3307 4704 3561 4778 Spiritus

1913 4802 2152 4856 sanctus
2183 4814 2218 4853 a
2248 4797 2413 4852 Patre
2443 4800 2500 4851 et
2542 4795 2684 4852 Filio
2733 4794 2954 4853 missus
3001 4800 3177 4868 atque
3223 4792 3564 4868 procedens,

1914 4886 2195 4962 apostolis
2216 4884 2391 4941 isthic
2422 4888 2705 4957 potestate
2727 4888 3050 4958 spontanee.
3077 4900 3206 4941 sese
3233 4882 3569 4941 infudit.lhi

1914 4977 2176 5036 tonitrua
2203 4970 2264 5031 et
2289 4988 2655 5043 voces,mons
2675 4990 2908 5047 quoque
2929 4974 3196 5043 fumans;
3221 4972 3317 5030 hic
3338 4972 3569 5029 inﬂam-

1916 5196 2119 5268 genter
2137 5205 2281 5268 exp_e_
2284 5189 2355 5268 nd
2365 5188 2547 5268 _end_o_s
2555 5189 2764 5268 curavi
2772 5193 2999 5268 m_u_s_,ut
3015 5189 3075 5245 hi
3099 5204 3330 5268 quoque
3342 5204 3564 5268 sermo-

1916 5260 2020 5322 nes
2044 5277 2177 5319 cum
2210 5260 2339 5344 aliis
2362 5260 2601 5344 ineditis
2629 5260 2703 5344 in
2742 5261 3047 5344 publicium
3066 5260 3386 5344 prodirent.
3409 5261 3562 5344 Qua:

1916 5350 2148 5417 cunque
2178 5336 2373 5387 autem
2404 5330 2706 5403 diligentia
2730 5330 2993 5389 adhibita
3022 5330 3167 5389 nihil
3209 5330 3567 5414 talepotuit

1916 5404 2177 5454 renariri.
2210 5402 2405 5454 Unum
2438 5406 2669 5454 tantum
2721 5420 3048 5454 sermonem
3097 5403 3156 5454 in
3213 5396 3570 5454 Frismcensi

1916 5402 2177 5481 reperiri.
2210 5402 2405 5459 Unum
2438 5402 2669 5459 tantum
2721 5420 3050 5461 sermonem
3097 5403 3157 5459 in
3213 5402 3562 5475 Frisingensl

1917 5478 2112 5535 codice
2144 5474 2401 5530 invenire
2424 5473 2607 5540 licuit,
2641 5491 2814 5545 quem
2865 5494 3023 5533 nunc
3070 5475 3305 5545 edituri
3332 5488 3562 5530 sumus.

1917 5551 2019 5608 Hic
2051 5547 2289 5604 habitus
2319 5549 2407 5600 est
2437 5561 2590 5603 anno
2620 5544 2748 5605 963.
2770 5546 2914 5607 Vide
2946 5552 3067 5606 not.
3105 5547 3264 5614 1438,
3294 5544 3355 5602 in
3386 5558 3566 5602 serm.

1928 5623 1953 5684 4
1991 5621 2085 5697 ,de
2114 5615 2591 5694 Quadragesima.

3185 5743 3265 5815 24
