4074 6172
469 306 586 368 747
1368 295 1746 359 RATHEBII
1784 294 2033 357 'EPlSC.
2078 290 2367 356 VERON.
2412 291 2585 355 OPP.
2630 294 2830 355 PARS
2873 291 2979 355 III.
3758 285 3860 351 ’148

472 434 615 490 mati
644 432 864 507 linguis
893 432 1072 490 variis
1103 430 1392 500 homines,
1427 428 1674 504 apostoli
1705 436 1928 501 utique,
1962 430 2116 500 ignis
2144 428 2202 495 Α
2228 430 2349 482 tam
2383 425 2536 499 pius,
2569 429 2691 482 tam
2718 424 3071 493 misericors,
3100 427 3223 481 tam
3254 426 3344 481 est
3369 419 3557 480 facilis
3594 422 3669 479 ad
3713 421 3860 495 igno-

473 523 655 580 divini
669 524 770 580 ard
780 523 980 580 oribus
995 521 1422 579 aestuantesAd
1440 515 2120 593 postremumDominicze
2230 515 2514 573 scendum
2537 515 2924 584 conversis,ut
2944 513 3278 571 noverimus
3299 530 3436 570 eum
3470 516 3730 569 nostram
3763 529 3863 568 non

473 611 918 671 resurrectionis
949 612 1059 668 iste
1089 613 1178 667 est
1208 608 1735 683 quinquagesimus
1767 607 1914 674 dies,
1946 622 2122 679 quem
2232 605 2363 662 odio
2394 604 2815 677 habere,quam
2842 603 3125 671 condidit,
3153 602 3676 668 substantiam,sed
3708 600 3865 657 mali-

469 701 812 775 patriarchae
843 718 1046 758 omnes
1078 702 1253 772 atque
1283 698 1600 772 prophetae,
1634 713 1769 753 cum
1819 715 1854 753 a
1901 695 2126 752 Pascha
2234 695 2517 768 gnitatem
2547 693 2832 751 exsecrari
2864 693 3060 767 potius
3094 696 3378 749 nostram.
3410 691 3573 758 Quod
3602 690 3651 748 si
3696 690 3866 763 ipsius

470 807 659 864 usque
690 791 760 846 ad
792 781 977 847 istum
1010 794 1245 846 eazteros
1276 804 1482 844 omnes
1509 786 1865 843 venerationi
1915 784 2124 841 debita:
2235 783 2450 841 auxilio
2483 783 2783 840 immutari
2814 781 3101 857 gestimus
3126 801 3139 850 ;
3164 782 3481 856 probemus
3511 785 3571 837 et
3597 797 3727 847 nos,
3748 797 3866 837 cum

472 880 841 952 deputarent,
872 879 1053 934 istum
1104 895 1221 950 prie
1272 876 1549 932 omnibus
1597 874 1910 932 celebrant.
1961 873 2124 929 Mon-

476 971 626 1025 strat
646 967 755 1025 hoc
768 967 985 1025 Tobias
1007 965 1455 1024 videntissimus
1478 981 1664 1021 caecus
1680 982 1692 1020 :
1710 966 1999 1020 monstrat
2018 962 2126 1018 hoc

476 1056 791 1131 Apostolus
813 1057 883 1113 ad
903 1056 1030 1112 οωΙί
1054 1055 1211 1112 tertii
1227 1053 1572 1110 sublimiora
1583 1053 1908 1109 conductus
1921 1052 1965 1122 (l
1976 1053 2123 1124 554):

480 1138 654 1219 lbam,
685 1144 879 1218 inquit
901 1145 1000 1201 ille
1032 1145 1261 1217 [supple
1296 1144 1385 1211 ad]
1413 1145 1748 1200 Pentecostes
1766 1142 1913 1198 diem
1929 1146 2132 1214 festum

485 1224 753 1303 nostrum,
782 1235 878 1305 qui
905 1242 981 1290 est
1014 1242 1233 1290 sanctus
1263 1250 1297 1288 a
1325 1235 1644 1305 septimanis
1686 1233 1821 1305 (Act.
1872 1250 1967 1299 xx,
2018 1233 2038 1287 νΙ
2051 1233 2128 1302 6).

489 1325 702 1379 Beatus
732 1338 863 1378 vero
894 1321 1109 1378 Paulus
1138 1322 1447 1378 festinasse
1487 1320 1700 1395 legitur
1745 1322 1901 1378 diem
1950 1320 2131 1378 istum

490 1410 870 1484 Jerosolymis
892 1410 1371 1481 celebrare,quod
1396 1410 1571 1466 sciret
1598 1410 1764 1466 illum
1798 1428 1912 1483 prae
1944 1411 2133 1467 omni-

489 1503 603 1558 bus
634 1499 910 1556 eminere.
944 1500 1195 1565 Sanclus,
1235 1499 1452 1571 inquit,
1508 1516 1542 1554 α
1592 1502 1911 1572 septimanis
1939 1516 1961 1561 ,'
2018 1516 2135 1555 non

2236 874 2406 930 nobis
2434 873 2683 929 invicem
2714 874 3155 941 succensemus,
3187 887 3302 928 non
3334 887 3441 926 nos
3463 873 3766 943 propterea
3789 870 3867 925 in-

2236 962 2421 1019 vicem
2453 961 2775 1030 odisse,sed
2809 959 3218 1033 malum,quod
3250 959 3309 1016 in
3341 958 3510 1016 nobis
3535 957 3867 1015 alterutrum

2239 1050 2732 1124 recognoscimus,
2764 1065 3004 1106 exosum
3038 1048 3273 1105 habere.
3308 1047 3730 1105 Convertihiles
3774 1048 3867 1104 ita-

2240 1156 2354 1213 que
2383 1140 2456 1196 ad
2488 1139 2736 1196 invicem
2767 1156 2903 1196 cum
2938 1137 3124 1194 nostri
3153 1138 3273 1195 sint
3300 1155 3554 1208 amores,
3604 1142 3669 1195 ut
3713 1138 3866 1206 odia;

2241 1230 2427 1286 Deum
2456 1231 2618 1285 tanto
2647 1226 3148 1284 inconvertibilius
3178 1230 3237 1283 et
3265 1227 3734 1301 perseverantius
3760 1226 3871 1283 dili-

2243 1319 2458 1393 gimus,
2493 1322 2711 1391 quanto
2740 1316 3101 1374 voluntatem
3135 1315 3322 1389 ipsius
3351 1317 3508 1373 idem
3550 1333 3702 1390 esse,
3732 1317 3869 1390 quod

2243 1409 2439 1482 ipsum
2465 1410 2553 1479 [f.,
2586 1407 2731 1480 ipse,
2762 1412 2813 1463 et
2841 1405 3077 1463 subaudi
3100 1407 3232 1478 est],
3266 1407 3696 1480 cognoscimus.
3728 1406 3871 1464 Unde

2244 1498 2305 1553 in
2337 1497 2525 1571 ipsius
2554 1512 2751 1554 amare
2782 1494 2944 1551 nulla
2974 1495 3142 1551 nobis
3168 1495 3489 1567 imponitur
3517 1511 3804 1565 mensura;
3820 1495 3871 1552 in

490 1588 903 1663 perfunctorie,
939 1588 1202 1661 inquam,
1250 1593 1570 1661 computa:
1634 1605 1770 1643 nam
1827 1607 1861 1644 a
1915 1588 2140 1644 Pascha
2247 1590 2447 1642 nostro
2476 1603 2610 1642 vero
2636 1602 2703 1642 ea
2728 1583 2966 1657 ponitur
3004 1582 3281 1651 conditio,
3330 1587 3396 1639 ut
3444 1584 3529 1642 sic
3579 1584 3873 1658 diligamus

490 1694 680 1752 usque
713 1677 785 1734 ad
814 1678 1162 1734 Pentecoten
1193 1677 1369 1734 istam
1403 1680 1660 1733 nostram
1702 1676 2138 1733 sanctissimam
2248 1675 2564 1749 proximos,
2598 1674 2749 1730 sicut
2778 1671 3193 1746 nosmetipsos,
3226 1673 3284 1729 id
3326 1677 3417 1730 est
3454 1677 3520 1729 ut
3544 1678 3750 1746 praeter
3775 1673 3874 1730 alia

491 1769 647 1824 diem
670 1784 787 1822 non
810 1766 924 1823 nisi
946 1770 1192 1838 septem,
1213 1765 1327 1821 nisi
1351 1764 1537 1834 fallor,
1561 1765 1960 1821 hebdomadas
1982 1766 2137 1822 inve-

494 1856 640 1912 nies.
674 1860 821 1928 Lege
868 1854 1234 1927 prophetam,
1293 1858 1350 1910 et
1403 1854 1803 1926 septiformem
1858 1854 2141 1927 Spiritum

495 1961 674 2017 super
705 1944 907 1999 ﬂorem
940 1943 1011 1999 de
1043 1943 1237 1999 radice
1263 1943 1429 1999 Jesse
1473 1944 1886 1999 ascendentem
1916 1944 2142 2017 requie-

496 2032 650 2090 visse
681 2030 1151 2104 comperies(1sa.
1186 2049 1225 2100 ι,
1257 2031 1332 2105 4).

570 2124 622 2177 4.
657 2121 797 2188 Quis
828 2124 917 2178 est
947 2124 1143 2177 autem
1191 2119 1287 2177 ille
1335 2119 1606 2193 Spiritus,
1656 2120 1769 2177 nisi
1817 2121 1917 2193 qui
1967 2139 2145 2196 super

499 2209 814 2267 Dominum
846 2208 905 2264 in
962 2207 1254 2278 columba,
1316 2226 1493 2281 super
1545 2208 1839 2282 apostolos
1893 2209 1952 2266 in
2012 2211 2145 2284 igne

502 2298 849 2356 descendit?
868 2300 1055 2364 Quare
1076 2314 1208 2354 vero
1236 2315 1413 2370 super
1432 2297 1747 2354 Dominum
1771 2299 1829 2364 in
1852 2299 2142 2368 columba,

499 2405 678 2460 super
707 2386 1002 2460 apostolos
1032 2378 1164 2442 vero
1196 2386 1256 2441 in
1287 2385 1421 2459 igne
1468 2388 1785 2460 apparuit?
1842 2389 1957 2444 nisi
2009 2389 2148 2461 quia

500 2480 845 2533 mansuetus
879 2475 1118 2532 veniens
1147 2476 1452 2544 Dominus,
1503 2482 1808 2534 mansueto
1866 2478 2033 2551 signo
2085 2494 2149 2535 se

499 2564 890 2622 demonstrari
918 2564 1105 2621 voluit
1134 2564 1476 2620 hominibus
1494 2583 1507 2633 ;
1522 2567 1813 2638 apostolos
1835 2584 1968 2624 vero
1980 2569 2005 2640 j
2017 2568 2148 2624 udi-

499 2652 656 2709 cium
687 2668 863 2727 suum
894 2652 1344 2708 annuntiaturos
1370 2653 1664 2711 missurus
1691 2655 2044 2727 [subauditur
2057 2674 2151 2713 vo-

497 2740 608 2796 luit
639 2740 1083 2810 demonstrare],
1125 2756 1260 2795 cum
1282 2756 1397 2813 quo
1418 2743 1636 2799 terrore
1656 2743 2033 2815 judicaturus
2055 2746 2152 2802 ad-

497 2828 822 2895 veniet.Qui
845 2844 918 2884 ne
930 2829 1298 2899 judicaretur
1317 2835 1680 2901 mansuetus,
1695 2833 1929 2890 advenit
1950 2835 2149 2892 sonitu

500 2917 650 2975 635
688 2916 1125 2973 vehementiore
1181 2917 1639 2975 demonstratus.
1699 2921 1956 2996 Linguas
2014 2941 2148 2981 vero

500 3023 678 3080 quare
706 3007 908 3079 igneas
935 3006 1402 3063 demonstravit?
1427 3007 1540 3063 nisi
1572 3012 1637 3065 ut
1665 3027 1861 3068 servos
1910 3030 2049 3069 suos
2092 3018 2151 3070 et

500 3095 781 3154 charitate
811 3094 1114 3162 ferventes,
1148 3100 1206 3152 et
1234 3112 1502 3153 sermone
1523 3100 1998 3172 promptissimos
2020 3103 2139 3159 fore

2250 1764 2453 1837 quales
2479 1780 2587 1819 nos
2612 1761 2856 1819 existere
2880 1761 3467 1830 debuissemus,tales
3497 1766 3555 1818 et
3582 1760 3710 1818 illos
3739 1762 3871 1819 desi-

2252 1854 2525 1910 deremus
2555 1852 2819 1908 existere.
2843 1851 2974 1906 Haec
3003 1850 3076 1906 de
3104 1849 3349 1907 lectione
3378 1846 3609 1907 tantum
3638 1850 3872 1924 tetigisse

2250 1942 2506 2001 sufﬁciat
2539 1940 2899 2014 Evangelica.

2320 2033 2375 2087 5.
2401 2030 2487 2087 Ad
2519 2028 2908 2088 solemnitatis
2938 2028 3231 2086 hodiernae
3261 2028 3551 2102 praeconia
3597 2034 3871 2086 converta-

2252 2137 2404 2177 mur.
2434 2120 2618 2187 Sicut,
2650 2119 2878 2191 fratres,
2921 2117 3226 2175 Canticum
3276 2118 3656 2187 canticorum,
3688 2122 3743 2175 et
3775 2119 3875 2175 Rex

2253 2210 2467 2266 dicitur
2497 2225 2698 2282 regum
2718 2226 2730 2276 ;
2784 2207 2867 2264 sic
2890 2207 3003 2264 ista
3020 2207 3146 2264 dies
3166 2207 3506 2265 solemnitas
3524 2212 3615 2265 est
3633 2206 3878 2265 solemni-

2253 2299 2556 2357 tatum.Ad
2585 2298 2694 2354 hoc
2710 2296 2868 2353 enim
2889 2296 3157 2353 Christus
3179 2300 3353 2353 natus
3374 2301 3555 2369 est,ut
3584 2301 3875 2370 pateretur;

2255 2388 2325 2444 ad
2358 2387 2467 2444 hoc
2498 2392 2785 2454 mortuus,
2820 2389 2886 2441 ut
2930 2388 3295 2458 resurgeret;
3329 2386 3401 2442 ad
3433 2385 3543 2442 hoc
3565 2386 3877 2452 resurrexit,

2257 2481 2322 2533 ut
2350 2493 2607 2546 carnem,
2640 2492 2817 2547 quam
2849 2475 2921 2530 de
2948 2473 3118 2531 nobis
3148 2491 3251 2547 pro
3283 2474 3451 2531 nobis
3481 2475 3880 2548 sumpserat,in

2257 2565 2469 2622 cmlum
2502 2564 2751 2632 levaret;
2783 2564 2856 2621 ad
2887 2563 2997 2620 hoc
3028 2579 3157 2620 eam
3189 2562 3328 2620 illuc
3356 2562 3678 2633 transtulit,
3702 2569 3766 2620 ut
3789 2564 3882 2619 im-

2257 2653 2566 2712 mortalem
2596 2669 2943 2726 semperque
2975 2652 3205 2710 felicem
3235 2653 3509 2710 efﬁceret.
3555 2653 3715 2719 Quod
3765 2652 3885 2726 quia

2257 2745 2370 2801 nisi
2402 2745 2554 2801 dono
2583 2741 2832 2816 Spiritus
2878 2743 3032 2799 636
3092 2741 3279 2799 sancti
3331 2758 3449 2820 non
3499 2745 3728 2815 poterat
3779 2741 3887 2797 ﬁeri

2258 2834 2396 2908 (nisi
2425 2832 2584 2889 enim
2603 2831 2896 2905 baptismo
2926 2831 3249 2902 regenerati
3272 2830 3407 2887 novi
3427 2830 3698 2888 homines
3718 2831 3886 2888 effice-

2258 2940 2476 2990 remur,
2508 2922 2567 2977 in
2598 2925 2884 2977 vetustate
2931 2924 3238 2977 manentes
3295 2919 3508 2977 salvari
3566 2919 3883 2977 nullatenus

2258 3010 2655 3085 potuissemus
2687 3027 2701 3066 :
2735 3008 3014 3083 baptizari
3039 3026 3175 3065 vero
3231 3007 3394 3065 nullo
3450 3010 3624 3065 modo
3678 3009 3791 3065 nisi
3836 3008 3884 3064 in

2260 3101 2482 3174 Spiritu
2514 3103 2716 3156 sancto
2748 3098 2964 3162 (Matth.
2998 3115 3082 3167 ιιι,
3116 3098 3205 3171 11)
3248 3101 3305 3155 et
3350 3098 3485 3171 igne
3529 3102 3887 3183 poteramus;

499 3187 711 3244 debere
741 3188 1141 3242 monstraret:
1190 3184 1289 3257 qui
1346 3169 1551 3259 utique
1608 3169 1789 3261 (quod
1848 3193 2021 3248 modo
2072 3209 2142 3249 ex
2171 3169 2214 3237 Ο
2259 3169 2546 3262 spiritum
2564 3169 3885 3261 sanctumnobishodieinlinguisigneismisit,

501 3273 813 3348 Evangelio
844 3273 1109 3330 auditum
1159 3274 1269 3346 est)
1318 3292 1387 3331 ea
1432 3275 1672 3333 veritate
1722 3279 2149 3352 depromerent,

505 3382 623 3439 qua
650 3364 872 3420 dictum
903 3368 1322 3437 cognoscerent
1351 3365 1513 3437 (quid
1545 3366 1656 3423 hoc
1696 3385 1831 3425 vero
1879 3375 1986 3440 est,
2035 3371 2152 3427 fra-

506 3459 627 3513 tres
647 3454 742 3525 7):
789 3455 963 3520 Dixit,
1012 3452 1206 3525 inquit
1250 3454 1625 3528 evangelista,
1673 3459 1823 3514 Jesus
1867 3459 2154 3533 discipulis

505 3546 654 3601 suis:
672 3545 734 3601 Si
761 3545 880 3617 quis
909 3542 1093 3614 diligit
1124 3560 1538 3612 me,sermonem
1564 3562 1743 3602 meum
1771 3549 2148 3617 servabit,etc.

508 3637 698 3706 (Joan.
732 3649 845 3699 xxv,
867 3632 984 3700 23).
1012 3632 1151 3696 Quis
1182 3632 1446 3705 linquam
1477 3633 1702 3690 habens
1732 3636 1963 3709 igneam
1992 3638 2150 3695 istud

505 3720 828 3795 sophistica
848 3721 1325 3793 tergiversatione
1346 3724 1701 3780 confundere
1721 3726 1960 3782 audeat?
1974 3729 2152 3799 Aper-

503 3815 631 3866 tum
663 3814 774 3875 est,
796 3813 994 3880 aperte
1024 3809 1365 3865 disseratur.
1391 3810 1547 3866 Nihil
1580 3813 1860 3869 medium.
1879 3816 1994 3870 Aut
2019 3816 2152 3871 dili-

502 3898 700 3971 gimus
729 3896 1067 3964 Dominum,
1101 3901 1203 3953 aut
1247 3915 1361 3954 non
1394 3898 1716 3972 diligimus.
1740 3902 1796 3956 Si
1826 3900 2152 3974 diligimus,

504 3986 660 4058 quod
686 3984 946 4057 pracipit
977 3985 1243 4042 facimus.
1272 3987 1331 4042 Si
1365 4004 1479 4043 non
1510 3987 1834 4060 diligimus,
1861 3992 2017 4063 quod
2053 3994 2150 4064 ju-

503 4074 601 4131 bet
630 4073 872 4129 minime
903 4073 1287 4131 custodimus.
1322 4074 1382 4132 Si
1413 4074 1715 4149 diligimus
1756 4094 1910 4149 eum,
1963 4082 2036 4136 ab
2085 4098 2152 4138 eo

501 4162 807 4236 diligimur
839 4179 851 4218 :
887 4162 935 4218 si
985 4180 1120 4234 non,
1172 4165 1444 4236 quamvis
1492 4182 1627 4221 eum
1676 4166 2153 4227 irrationabiliter

501 4252 683 4326 (4555)
716 4256 1070 4320 metuamus,
1121 4252 1287 4326 diligi
1316 4258 1514 4311 tamen
1545 4273 1659 4312 non
1687 4264 2152 4330 przesumptuose

500 4345 798 4415 putemus.
832 4342 993 4410 Quod
1021 4340 1208 4414 possit
1233 4360 1368 4400 vero
1399 4344 1544 4412 ﬂeri,
1591 4344 1834 4403 minime
1879 4349 2150 4421 despere-

501 4448 636 4488 mus
660 4431 867 4504 (4556(.
900 4431 1144 4488 Canitur
1173 4431 1329 4487 enim
1361 4433 1432 4489 de
1461 4451 1526 4490 eo
1563 4450 1575 4489 :
1624 4436 1833 4492 Miseris
1880 4439 2146 4509 omnium,

2261 3286 2326 3336 ut
2357 3278 2634 3353 baptizati
2664 3276 2905 3347 scilicet,
2938 3281 2996 3333 et
3023 3276 3328 3350 loquentes
3356 3277 3429 3334 de
3459 3277 3596 3346 Deo,
3626 3281 3685 3334 et
3711 3292 3888 3333 amore

2262 3368 2422 3425 illius
2446 3372 2503 3424 et
2532 3365 2779 3440 proximi
2804 3365 3216 3435 ferventes,illo
3247 3368 3602 3439 quandoque
3628 3367 3885 3423 transfer-

2262 3474 2479 3523 remur,
2513 3473 2628 3529 quo
2661 3454 2785 3512 sine
2828 3454 3111 3512 charitate
3158 3455 3462 3512 transferri
3517 3455 3677 3512 nullo
3733 3455 3883 3512 modo

2260 3547 2687 3621 poteramus.Si
2713 3546 2835 3616 quis
2863 3544 3042 3610 enim,
3076 3548 3141 3600 ut
3165 3544 3246 3600 ait
3272 3544 3606 3617 Apostolus,
3638 3545 3883 3619 Spiritum

2262 3637 2467 3694 Christi
2519 3651 2629 3691 non
2685 3635 2864 3700 habet,
2922 3633 3013 3689 hic
3051 3650 3160 3691 non
3188 3637 3269 3689 est
3297 3635 3433 3706 ejus.
3466 3637 3641 3705 (Rom.
3676 3652 3790 3705 vm,
3814 3634 3879 3701 9).

2261 3726 2367 3791 Qui
2398 3728 2595 3781 autem
2624 3740 2739 3779 non
2771 3727 2860 3779 est
2887 3723 3036 3794 ejus,
3056 3738 3423 3794 consequens
3451 3728 3562 3791 est,
3596 3728 3661 3781 ut
3686 3741 3794 3780 non
3818 3720 3883 3778 sit

2260 3813 2553 3888 particeps
2595 3811 2759 3886 regni
2816 3810 2995 3868 illius.
3054 3811 3304 3884 Spiritus
3355 3816 3555 3869 autem
3613 3811 3880 3887 possessio

2261 3904 2595 3975 conjectura
2624 3917 2757 3958 cum
2787 3900 2866 3957 sit
2894 3900 3197 3958 charitatis
3227 3901 3399 3974 ipsa,(
3408 3903 3569 3965 1557)
3589 3903 3784 3959 eodem
3810 3899 3881 3955 di-

2260 3997 2425 4048 cente
2456 3991 2751 4064 Apostolo,
2784 3990 2924 4063 quia
2959 3991 3199 4047 charitas
3240 3991 3334 4047 Dei
3359 3989 3563 4063 diffusa
3590 3995 3667 4048 est
3698 3993 3753 4046 in
3777 4004 3880 4045 cor-

2259 4081 2418 4137 dibus
2473 4082 2674 4136 nostris
2725 4096 2826 4152 per
2883 4078 3150 4152 Spiritum
3178 4083 3450 4147 sanetum,
3477 4082 3575 4153 qui
3618 4080 3772 4135 datus
3814 4082 3880 4133 est

2258 4171 2418 4227 nobis
2439 4170 2613 4243 (Rom.
2644 4187 2698 4239 v,
2730 4170 2822 4241 5);
2855 4172 3018 4225 tanto
3050 4168 3267 4225 certius
3286 4168 3357 4224 de
3380 4168 3879 4241 quodlibet,utrnm

2258 4258 2539 4332 Spiritum
2562 4262 2832 4316 sanctum
2854 4256 3352 4327 habeat,valemus
3363 4274 3675 4331 agnoscere
3687 4258 3881 4330 quanto

2260 4349 2663 4406 ferventiorem
2694 4364 2823 4405 esse
2853 4347 3147 4404 cernimus
3175 4346 3235 4403 in
3266 4347 3570 4404 charitate.
3606 4348 3710 4417 Qui
3744 4360 3881 4409 vero,

2260 4439 2340 4494 ait
2369 4436 2704 4509 Apostolus,
2736 4436 2990 4493 habuerit
3014 4437 3381 4493 substantiam
3407 4436 3680 4506 mundi,et
3706 4432 3882 4492 viderit

499 4522 744 4588 Domine,
776 4523 832 4577 ei
854 4521 980 4576 nihi
1006 4520 1172 4577 odisti
1199 4537 1386 4577 eorum
1416 4539 1533 4596 quae
1588 4526 1787 4595 fecisti.
1842 4526 1997 4582 Nihil
2055 4545 2150 4584 ve-
2184 4539 2229 4605 D
2257 4530 2489 4600 fratrem
2518 4542 2683 4582 suum
2709 4541 2918 4582 necesse
2944 4525 3161 4591 habere.
3188 4530 3240 4582 et
3267 4527 3529 4583 clauserit
3565 4529 3769 4583 viscera
3792 4536 3884 4578 sua

501 4609 644 4665 rius.
678 4609 803 4664 Non
838 4610 960 4664 odit
989 4609 1279 4666 Dominus
1304 4611 1461 4683 quod
1489 4612 1546 4666 in
1580 4616 1634 4668 te
1664 4613 1820 4681 fecit,
1872 4615 1974 4670 sed
2028 4616 2152 4673 odit

502 4696 657 4769 quod
681 4701 741 4751 tu
769 4696 893 4769 ipse
913 4696 971 4752 in
998 4698 1083 4754 tui
1108 4698 1297 4771 ipsius
1320 4700 1726 4772 praeiudicium
1749 4702 1920 4771 facis;
1946 4707 2001 4759 et
2023 4704 2150 4761 ideo

543 4828 753 4911 .(45511)
780 4833 913 4911 giae
956 4830 1124 4911 lectio
1152 4833 1462 4911 antiquam
1491 4834 1825 4911 versipnern
1871 4835 2007 4891 libri
2039 4840 2149 4911 To-

496 4900 607 4976 bias
660 4900 743 4976 εις
784 4900 978 4976 Greco
999 4900 1443 4976 Lexhibetfquae
1471 4923 1505 4961 a
1533 4906 1595 4961 P.
1629 4904 1894 4967 Sabatier
1910 4924 1981 4968 ex
1999 4910 2153 4968 codi-

500 4973 668 5047 cibus
700 4973 875 5045 Regio
907 4978 963 5029 et
991 4973 1478 5047 Sangermanensi
1511 4977 1668 5033 edita
1696 4986 1806 5035 est.
1838 4984 1911 5036 At
1944 4999 2007 5037 ex
2042 4984 2148 5038 du-

498 5043 635 5132 plici
657 5043 826 5132 testu
860 5043 1380 5132 unum-Ratberius
1400 5050 1975 5132 compegit.Verb_um
2001 5048 2151 5132 ibam

499 5117 755 5193 sumpsit
784 5132 852 5170 ex
879 5132 1006 5193 cap.
1042 5117 1093 5184 Ι,
1126 5134 1275 5193 vers.
1309 5120 1495 5193 6,7ubi
1529 5117 1796 5193 legitur:
1830 5124 1937 5193 Ego
1965 5129 2150 5181 autem

498 5186 645 5267 solus
702 5186 852 5241 ibam
909 5186 1198 5260 aliquoties
1243 5191 1304 5267 in
1350 5186 1692 5267 Hierusalem
1715 5186 1922 5267 diebus
1949 5197 2144 5266 festis;

499 5256 724 5332 reliqua
779 5273 929 5332 vero
973 5256 1040 5314 ei:
1095 5276 1221 5332 cap.
1273 5265 1327 5329 2,
1363 5279 1510 5319 vers.
1546 5264 1595 5328 1,
1629 5263 1728 5318 ubi
1759 5256 2006 5320 habetur
2039 5282 2050 5322 :
2084 5256 2149 5322 In

497 5330 847 5410 Pentecosten
873 5329 960 5410 die
983 5333 1122 5410 festo
1152 5329 1357 5410 nostra,
1390 5335 1487 5405 qui
1517 5338 1595 5410 est
1638 5338 1855 5391 sanctus
1885 5352 1937 5410 _a
1982 5339 2145 5410 septi-

497 5402 728 5482 manis;
759 5416 887 5482 qum
918 5402 1168 5482 totidem
1186 5404 1376 5460 verbis
1396 5402 1738 5482 recitantur
1793 5402 2145 5482 a_Lucife_ro

499 5471 828 5528 Calaritano
858 5471 917 5529 in
948 5471 1098 5528 libro
1127 5475 1201 5530 De
1228 5491 1339 5530 non
1392 5475 1660 5536 parcendo
1713 5478 1775 5531 in
1831 5477 2004 5534 Deum
2058 5480 2146 5536 de-

500 5543 888 5626 linquentibus.
924 5544 1068 5626 \fide
1115 5543 1405 5626 tomum!
1462 5547 1789 5626 Sibligrum
1841 5565 2144 5626 sacrorum

497 5614 688 5678 latina
718 5615 1004 5676 versionis
1032 5616 1284 5693 antiqua:
1314 5618 1578 5691 ejusdem
1608 5619 1670 5677 P.
1700 5620 1965 5680 Sabatier
1992 5628 2140 5696 part.

2258 4617 2325 4673 ab
2355 4633 2435 4686 eo,
2466 4616 2729 4688 quomodo
2770 4615 3012 4671 charitas
3056 4616 3154 4672 Dei
3179 4624 3367 4671 manet
3396 4616 3457 4671 in
3476 4631 3537 4673 eo
3556 4620 3584 4671 .9
3612 4616 3779 4688 (Joan.
3807 4626 3883 4679 ιιι,

2260 4704 2371 4777 l7.)
2402 4704 2566 4771 Quod
2596 4720 2731 4760 cum
2762 4703 2844 4759 ita
2874 4703 2970 4773 sit,
3004 4704 3269 4777 probatio
3299 4704 3523 4777 absque
3557 4704 3732 4761 dubio
3758 4700 3885 4759 cha-

2258 4837 2887 4993 f’(f585g5).7.43verbium
2921 4910 3383 4993 irrationabiliter
3426 4927 3543 4993 quo
3583 4927 3774 4993 _sensu
3826 4922 3887 4993 ex

2260 4980 2519 5056 Eutherii
2546 4985 2737 5056 mente
2765 4981 2839 5036 sit
2864 4980 3290 5056 accipiendum,
3318 4980 3735 5056 explicavimus
3775 4981 3883 5036 not.

2255 5054 2374 5126 723A
2391 5052 2449 5126 in
2481 5050 2829 5126 opusculum
2861 5053 2935 5126 De
2956 5050 3181 5126 proprio
3210 5054 3388 5126 lapsu.

2330 5123 2375 5193 (l
2387 5122 2782 5194 556)’Canitur
2800 5123 2859 5178 in
2882 5122 3123 5194 introitu
3146 5122 3341 5180 missas
3360 5124 3516 5182 feriae
3547 5126 3583 5181 4
3607 5125 3881 5194 Cinctum,

2258 5198 2315 5322 et
2340 5190 2646 5322 ggmptum
2670 5199 2760 5251 est
2793 5210 2860 5250 ex
2890 5193 3039 5252 libro
3072 5196 3381 5269 Sapientiae
3411 5213 3540 5270 cap.
3571 5214 3652 5266 xx,
3677 5190 3885 5252 vers.2t

2258 5283 2286 5322 e
2418 5309 2431 5321 .

2255 5283 2314 5323 ΘΙ.
2341 5283 2431 5322 κθ.

2328 5338 2507 5414 (1557)
2539 5337 2823 5414 Construe
2848 5353 2886 5414 εΔ
2901 5337 3036 5414 Cum
3062 5346 3247 5414 autem
3270 5341 3535 5414 possessio
3568 5342 3689 5414 ipsa
3712 5332 3881 5414 chari-

2255 5402 2382 5485 tatis
2399 5402 2821 5485 _sil'_conjeetura
2848 5408 3088 5481 Spiritus
3108 5402 3414 5485 ‘(vide'lieet
3442 5402 3879 5485 cum'possessio

2254 5479 2557 5556 charitatis
2587 5479 2662 5556 sit
2692 5479 2949 5556 signum,
2970 5479 3292 5556 quodquis
3313 5479 3880 5556 Spiritum-sanctum

2254 5551 2484 5623 habeat)
2514 5552 2699 5610 eodem
2721 5551 2967 5627 Apostolo
2989 5551 3220 5625 dicente,
3254 5551 3364 5614 etc.
