4064 6174
136 376 215 411 ’ν
302 375 422 436 ’149

1816 363 2283 438 SEBMONES.

3667 382 3795 448 750

304 508 498 569 ritatis
525 501 813 563 exhibitio
842 504 932 561 est
962 505 1028 560 ut
1060 499 1141 559 ait
1173 500 1518 578 Gregorius,
1571 502 1789 576 operis;
1823 502 1999 559 oxhi-
2028 503 2086 573 Α
2113 512 2195 563 est
2219 509 2577 584 dilectione],
2610 512 2709 568 sed
2743 512 2876 570 odio
2907 512 3166 586 illorum,
3201 533 3331 589 qua:
3364 514 3556 574 nollet
3582 519 3794 579 audire

306 598 449 655 bitio
478 613 617 651 vero
644 594 840 668 operis
878 597 967 650 est
1023 593 1284 667 Spiritus
1334 593 1526 650 sancti
1578 592 1999 661 monstratrix,

307 703 481 762 quem
513 683 693 740 hodie
722 683 782 738 in
796 680 1075 756 apostolis
1101 682 1466 755 accepimus,
1486 682 1733 738 utestin
1759 681 2002 754 psalmo

306 778 387 834 ita
417 777 760 831 cantatum:
806 771 1105 828 Ascendens
1151 773 1215 827 in
1246 773 1429 826 altum
1484 772 1775 841 captivam
1835 771 2005 826 (licvit

305 864 682 937 captivitatem
736 860 911 932 (Psal.
969 877 1140 929 van,
1214 859 1321 931 19),
1384 859 1445 913 id
1476 861 1571 913 est
1628 858 2003 930 captivatam

305 953 608 1028 quondam
641 968 675 1006 a
702 949 937 1007 diabolo
967 953 1231 1006 nostram
1263 964 1400 1004 cum
1458 945 1668 1002 anima
1702 963 1959 1003 carnem
1987 964 2001 1017 ;

303 1043 453 1101 dedit
479 1041 626 1098 dona
673 1038 990 1095 hominibus
1036 1039 1251 1111 (Ephes.
1286 1054 1365 1102 xv,
1418 1034 1476 1106 8)
1535 1033 1598 1089 id
1627 1037 1725 1089 est
1789 1035 2001 1106 (1558),

307 1131 668 1190 charismata
695 1127 892 1184 sancti
923 1126 1201 1200 apostolis
1231 1124 1407 1181 hodie
1424 1122 1719 1195 Spiritus,
1738 1123 2005 1195 quicum

307 1221 477 1276 Patre
505 1220 564 1275 et
592 1216 803 1273 eodem
834 1213 1056 1287 Spiritu
1085 1217 1174 1270 est
1200 1228 1303 1286 per
1344 1208 1570 1268 saecula
1610 1208 1999 1269 benedictus.

306 1311 514 1366 Amen.

948 1391 1194 1449 SERMO
1235 1390 1330 1446 Χι.

671 1482 757 1539 DE
799 1496 985 1538 MARIA
1022 1498 1090 1536 ετ
1127 1496 1362 1536 MARTHA
1403 1477 1622 1550 (1559).

384 1581 432 1633 1.
468 1572 788 1632 Reminisci
802 1571 1035 1627 utinam
1052 1566 1475 1642 dignaremini,
1497 1566 1738 1636 fratres,
1761 1572 1994 1641 praeter-

306 1668 391 1723 ita
415 1667 633 1723 sancta:
663 1661 767 1718 Dei
799 1658 1108 1734 genitricis
1137 1657 1332 1714 Mariae
1366 1654 1747 1713 solemnitate
1788 1658 1844 1712 in
1869 1658 1989 1714 oris

310 1754 500 1813 nostri
530 1749 886 1824 obsequium
914 1751 1111 1805 vestro
1161 1745 1514 1818 persolvisse
1564 1744 1833 1820 collegio,
1867 1763 1985 1819 quo

309 1862 378 1902 ex
407 1839 744 1915 evangelica
770 1837 1025 1895 lectione
1059 1839 1552 1901 monstraremus,
1608 1851 1728 1890 non
1782 1835 1984 1891 minus

310 1935 494 1991 beatae
524 1930 627 1987 Dei
658 1926 938 1986 Genitrici
966 1925 1118 1980 illud
1151 1924 1478 1989 convenire,
1515 1924 1673 1995 quod
1706 1924 1758 1978 ei
1782 1923 1863 1979 ita
1892 1929 1984 1981 est

310 2020 606 2096 prolatum
636 2018 695 2072 in
724 2018 877 2072 ﬁne:
912 2015 1094 2071 Maria
1122 2014 1386 2085 optimam
1412 2015 1630 2084 partem
1655 2013 1767 2067 sibi
1813 2014 1985 2083 elegit

313 2128 430 2185 quae
458 2125 571 2165 non
599 2108 892 2179 auferetur
919 2104 988 2160 ab
1018 2119 1087 2160 ea
1107 2119 1132 2188 ,ί
1159 2118 1337 2173 quam
1354 2100 1427 2170 ei,
1461 2101 1557 2157 cui
1589 2101 1699 2157 hoc
1720 2118 1830 2157 vox
1850 2100 1982 2175 ipsa

313 2196 680 2274 deprompsit
709 2192 1036 2252 Dominica.
1070 2191 1337 2263 Cumque
1378 2206 1447 2246 ex
1476 2190 1681 2246 eadem
1730 2207 1978 2264 evange-

314 2290 434 2346 lica
454 2283 1110 2344 serielectionisvestraa
1130 2278 1650 2335 ﬁliationisnostrae
1666 2278 1975 2349 facundiae,

316 2378 472 2451 quod
503 2375 652 2433 637
691 2371 903 2445 potuit,
936 2367 1518 2443 protulissetinopia;
1553 2367 1723 2438 quasi
1747 2366 1828 2422 nil
1849 2384 1978 2440 pro-

313 2468 499 2524 latum
533 2464 745 2520 fuisset
761 2459 1007 2527 austeri,
1035 2459 1118 2514 ita
1138 2457 1527 2513 incommotos
1556 2472 1678 2525 vos,
1708 2456 1853 2527 proh
1872 2471 1973 2512 ne-

313 2555 439 2612 fas!
500 2567 731 2619 omnes,
788 2546 1178 2605 consideratis
1246 2544 1637 2616 quorumdam
1710 2544 1975 2602 vultibus

305 2644 447 2701 vidi.
480 2640 641 2699 Nihil
671 2639 795 2695 illic
812 2638 1209 2709 lacrymarum
1234 2637 1323 2689 est
1349 2634 1567 2698 visum,
1591 2631 1753 2688 nulla
1775 2634 1971 2707 suspi-

308 2734 416 2801 ria,
448 2735 758 2806 pectorum
793 2724 1058 2783 contusio
1092 2723 1291 2780 sonuit
1321 2721 1505 2778 nulla.
1537 2721 1860 2778 Verissime
1881 2739 1972 2807 veg

306 2840 442 2880 rum
470 2826 615 2876 tunc
648 2815 922 2874 consistit
950 2814 1095 2881 fore,
1128 2812 1286 2885 quod
1302 2809 1967 2884 Augustinumlegimus

302 2930 422 2969 non
454 2907 640 2967 semel
667 2904 918 2962 dixisse:
957 2902 1097 2976 quia
1148 2899 1419 2957 videlicet
1477 2901 1598 2956 Nisi
1655 2899 1849 2955 ardeat
1874 2902 1970 2973 qui

305 3002 487 3068 docet,
517 2995 817 3055 accendere
845 2991 1156 3049 auditorem
1186 2990 1401 3044 nimiae
1447 2990 1625 3044 valet:
1668 2988 1969 3061 simulque

304 3091 449 3147 illuc
478 3089 626 3144 dum
656 3081 1183 3142 consideravimus.
1215 3094 1322 3134 nos
1342 3095 1459 3135 non
1478 3077 1734 3134 multum
1756 3078 1964 3146 amari,

306 3185 366 3237 et
390 3180 465 3236 ob
496 3178 608 3233 hoc
635 3170 940 3246 vilipendi,
974 3169 1123 3225 illud
1145 3166 1522 3224 verissimum
1545 3166 1965 3239 perpendimus

2113 595 2237 652 ullo
2269 600 2468 655 modo.
2505 600 2550 655 Ο
2582 603 2779 655 autem
2841 602 2941 674 qui
2998 604 3147 661 tales
3179 608 3240 662 in
3276 606 3449 663 vobis
3504 607 3794 681 existunt,

2114 684 2340 742 utinam
2372 692 2498 743 tam
2527 689 2788 761 captiose
2817 689 3193 751 intenderent
3222 695 3383 752 seria
3412 711 3599 768 quam
3632 698 3801 757 avide

2114 788 2149 827 a
2180 774 2351 831 nobis
2383 775 2617 847 prolata
2642 777 2977 850 intendunt,
3030 800 3146 839 non
3189 785 3368 841 modo
3428 784 3669 843 inutilia
3694 790 3799 847 sed

2114 860 2290 921 etiam
2321 864 2521 950 noxia;
2557 869 2615 921 et
2644 868 2767 923 tam
2799 871 3137 929 animarum
3165 890 3417 930 suarum
3437 875 3797 950 profectum,

2114 964 2292 1043 quam
2325 949 2568 1043 illarum
2602 952 2938 1043 intendunt,
2973 960 3116 1017 dum
3158 962 3549 1022 conniventes
3591 949 3797 1043 utique

2112 1036 2231 1093 illis
2258 1037 2592 1111 loquimur,
2626 1041 2913 1103 damnum
2929 1048 2943 1103 ι

2184 1129 2379 1217 2.7Sed
2403 1129 2545 1199 jam
2602 1147 2760 1189 nunc
2815 1136 3154 1208 dicendum,
3206 1141 3351 1213 quid
3386 1159 3423 1199 a
3453 1144 3628 1201 nobis
3656 1146 3792 1217 ,illic

2112 1215 2289 1307 fuerit
2317 1217 2581 1307 dictum.
2614 1219 2690 1276 Ut
2719 1227 2855 1280 ante
2885 1243 2991 1282 nos
3040 1227 3254 1301 saepius
3301 1230 3420 1286 fuit
3469 1215 3790 1307 prolatum,

2110 1304 2225 1360 duo
2255 1305 2315 1360 in
2349 1305 2458 1362 his
2487 1306 2721 1367 duabus
2742 1315 3026 1371 matronis
3052 1315 3307 1373 diximus
3325 1318 3566 1387 vivendi
3577 1304 3792 1395 genera

2108 1392 2442 1483 designata.
2485 1394 2703 1467 Unum,
2753 1403 2906 1474 quod
2948 1404 3021 1459 ab
3066 1409 3198 1461 actu
3244 1405 3467 1463 dicitur
3488 1392 3785 1483 πραξιτικὴν,

2105 1480 2215 1537 hoc
2236 1486 2324 1537 est
2384 1485 2667 1555 actuale;
2731 1489 3003 1559 alterum,
3069 1494 3225 1564 quod
3257 1511 3291 1548 a
3322 1495 3481 1566 visu,
3531 1480 3628 1554 vel
3668 1480 3782 1558 otio

2102 1579 2339 1643 θεωρικὴν
2371 1572 2526 1642 [otio
2555 1577 2783 1644 scilicet,
2807 1595 2911 1648 quo
2941 1582 3062 1651 quis
3091 1582 3386 1650 spectando
3416 1587 3668 1657 otiatur],
3718 1588 3778 1645 id

2099 1664 2190 1716 est
2219 1661 2750 1733 contemplativum
2779 1672 3036 1723 vocatur.
3071 1668 3365 1726 Nimirum
3398 1674 3559 1729 enim
3602 1691 3774 1732 nemo

2096 1747 2355 1821 amplius
2388 1750 2653 1809 videnda
2684 1755 2933 1811 interius
2963 1761 3295 1829 exaggerat,
3331 1775 3513 1831 quam
3564 1762 3666 1833 qui
3697 1763 3771 1819 ab

2097 1854 2270 1911 opere
2300 1838 2569 1911 amplius
2600 1846 2811 1898 cessat.
2846 1844 3032 1915 (I560)
3061 1843 3178 1899 Hos
3209 1848 3410 1902 autem
3443 1850 3592 1905 duos
3615 1838 3767 1906 ritus

2093 1927 2323 1982 vivendi
2357 1944 2499 1983 cum
2530 1933 2754 1986 veteres
2786 1935 3026 1986 secutus
3058 1933 3208 1988 duas
3228 1933 3338 1990 has
3363 1935 3565 1993 beatas
3586 1937 3767 2011 signi-

2091 2017 2265 2072 ﬁcare
2297 2016 2585 2073 dixissem
2618 2035 2869 2087 sorores;
2903 2019 3098 2075 innuit
3127 2020 3362 2079 illarum
3394 2025 3620 2082 devotio
3665 2043 3763 2083 ve-

2090 2104 2397 2161 rissimum
2422 2105 2567 2173 fore,
2601 2124 2739 2163 cum
2768 2124 2889 2164 una
2905 2112 3178 2180 satagere,
3210 2109 3269 2165 id
3292 2115 3383 2168 est
3412 2115 3649 2171 studere
3668 2113 3759 2171 vel

2089 2192 2354 2250 laborare
2375 2194 2538 2251 dicta
2569 2195 2647 2250 sit
2673 2197 2822 2251 circa
2849 2200 3110 2268 [requens
3137 2199 3539 2269 ministerium,
3573 2202 3632 2258 id
3664 2205 3757 2260 est

2089 2299 2205 2337 non
2233 2283 2391 2353 quod
2417 2286 2563 2338 tunc
2595 2282 2875 2355 primitus
2892 2284 3220 2356 incoeperit,
3238 2288 3340 2343 sed
3354 2290 3756 2346 actuandifre-

2088 2370 2329 2443 quentia
2354 2371 2416 2425 in
2449 2388 2677 2428 morem
2709 2373 3074 2441 converterit;
3122 2373 3355 2430 scilicet
3385 2380 3451 2431 ut
3478 2376 3751 2449 Domino,

2086 2460 2170 2515 uti
2202 2458 2560 2515 multimode
2590 2462 2824 2528 iecerat,
2857 2461 2928 2516 de
2957 2478 3067 2517 sua
3087 2462 3433 2519 facultatula
3457 2464 3753 2527 ministra-

2084 2552 2192 2604 ret:
2228 2546 2416 2603 altera
2447 2549 2700 2620 pedibus
2713 2549 2970 2606 assidere
2991 2550 3220 2606 Domini
3247 2551 3529 2610 maluisse
3550 2570 3749 2611 narre-

2080 2642 2196 2703 tur,
2230 2654 2347 2692 non
2380 2636 2489 2691 illa
2519 2637 2815 2693 otiositate
2842 2642 3059 2709 tamen,
3086 2655 3214 2711 quae
3244 2639 3489 2698 inimica
3510 2646 3600 2698 est
3622 2643 3747 2698 ani-

2081 2742 2210 2794 mze,
2244 2725 2349 2780 sed
2380 2724 2510 2796 illa,
2543 2726 2615 2781 de
2646 2743 2763 2798 qua
2791 2726 3005 2783 clamat
3023 2744 3127 2799 per
3147 2727 3519 2786 Psalmistam
3542 2729 3743 2786 Domi-

2078 2832 2192 2870 nus
2224 2814 2389 2886 ipse:
2435 2816 2627 2871 Vacate
2655 2824 2706 2871 et
2751 2816 2941 2882 videte,
2988 2818 3251 2889 quoniam
3295 2834 3391 2889 ego
3434 2834 3554 2874 sum
3600 2822 3741 2875 Deus

2077 2905 2186 2973 (Ps.
2214 2919 2343 2969 xcv,
2383 2905 2498 2972 ll);
2532 2902 2736 2959 sedula
2789 2921 2923 2962 vero
2949 2908 3005 2961 et
3033 2905 3177 2975 haec,
3223 2908 3289 2961 ut
3316 2905 3421 2963 illa
3467 2907 3528 2963 in
3558 2907 3738 2963 mini-

2076 2992 2339 3055 strando,
2367 2978 2531 3048 638
2558 2991 2639 3048 ita
2665 2993 2725 3049 in
2750 2993 3076 3065 audiendis,
3092 3010 3221 3067 qua;
3250 2995 3432 3051 deore
3462 2998 3735 3069 procede-

2075 3082 2219 3136 bant
2247 3079 2584 3136 Dominico.
2622 3082 2689 3136 Et
2745 3098 2943 3138 revera
2999 3098 3171 3139 nemo
3201 3082 3262 3138 in
3316 3083 3574 3141 Ecclesia
3622 3084 3740 3143 nisi

2081 3169 2203 3224 haec
2233 3168 2349 3223 duo
2381 3169 2528 3241 agit,
2559 3187 2693 3225 cum
2717 3172 2871 3243 quod
2901 3172 3073 3227 debet
3103 3171 3290 3228 facere
3341 3171 3496 3228 facit.
3524 3172 3736 3231 Nullus

462 3235 765 3337 Gregorii;
794 3235 1032 3333 Difﬁcile
1060 3265 1158 3327 est,
1184 3264 1246 3312 ut
1273 3258 1521 3328 quamvis
1535 3235 1683 3312 recta
1707 3254 1972 3326 praedicet
2001 3235 2045 3304 C
2083 3258 2178 3313 hic
2209 3235 2616 3315 ῐοτηίεθῖίόηίε
2644 3235 2808 3315 locis
2838 3259 3196 3317 adulterium
3240 3259 3443 3333 procul
3490 3261 3742 3318 ebriosi_

307 3360 515 3422 doctor,
545 3355 644 3427 qui
671 3366 784 3409 non
804 3357 1049 3417 amatur,
1083 3346 1317 3402 libenter
1344 3344 1609 3400 audiatur
1636 3362 1650 3411 ;
1674 3344 1969 3414 itemque:

310 3448 486 3520 Cujus
533 3445 651 3501 vita
703 3440 1021 3511 despicitur,
1083 3438 1254 3491 restat
1295 3442 1354 3490 ut
1381 3442 1433 3490 et
1472 3432 1793 3506 praedicatio
1843 3448 1975 3488 con-

309 3538 620 3595 temnatur.
654 3529 758 3587 Isti
791 3531 1049 3585 attamen
1081 3527 1292 3580 nostrae
1319 3522 1567 3595 querelae
1587 3521 1732 3577 illud
1752 3520 1822 3575 ad
1846 3537 1977 3592 pro-

312 3626 558 3701 phetam
590 3620 763 3693 longe
795 3616 1065 3690 quamvis
1094 3611 1612 3701 incompatibiliter
1639 3609 1861 3701 dictum
1890 3609 1975 3665 vi-

310 3697 521 3772 dimus
578 3707 915 3767 convenire:
976 3706 1178 3760 Domus
1229 3702 1398 3758 Israel
1437 3700 1633 3757 nolunt
1678 3697 1873 3754 audire
1902 3702 1973 3768 te,

307 3806 459 3878 quia
484 3802 684 3858 nolunt
714 3796 916 3853 audire
938 3809 1027 3849 me
1071 3791 1285 3865 (Επειδὴ.
1339 3807 1423 3857 III,
1454 3790 1545 3860 7):
1598 3791 1657 3844 et
1686 3786 1832 3842 illud
1865 3787 1976 3843 Do-

308 3892 505 3951 mini:
535 3889 597 3945 Si
643 3900 947 3943 sermonem
998 3897 1181 3937 meum
1236 3885 1607 3943 servaverunt,
1663 3883 1714 3931 et
1740 3879 1980 3931 vestrum

306 3980 616 4041 servabunt
671 3977 849 4044 (Joan.
910 3989 1005 4040 xv,
1038 3970 1150 4039 20),
1207 3973 1337 4036 Nos,
1395 3966 1570 4023 etiam
1629 3963 1709 4019 ait
1755 3963 1872 4030 ille,
1904 3965 1977 4020 ad

310 4072 494 4144 cujus
524 4062 973 4123 aestimationem
1017 4075 1132 4115 non
1164 4070 1480 4129 possumus
1533 4053 1810 4127 aspirare,
1856 4069 1975 4124 nos,

311 4162 594 4233 inquam,
627 4154 730 4219 ait,
762 4150 896 4224 quid
924 4154 1141 4206 sumus?
1174 4163 1272 4203 nec
1299 4153 1488 4203 contra
1510 4160 1609 4204 nos
1628 4149 1706 4200 est
1725 4159 1981 4199 murmur

311 4253 592 4317 vestrum,
649 4242 740 4298 sed
797 4243 990 4297 contra
1045 4237 1345 4293 Dominum
1397 4233 1592 4306 (Exod.
1654 4248 1767 4301 xvr,
1814 4234 1868 4298 7,
1900 4234 1977 4301 8).

312 4339 475 4395 Cum
508 4333 667 4390 enim
698 4332 760 4387 in
782 4326 1137 4394 innumeris,
1170 4324 1316 4397 proh
1348 4322 1540 4380 dolor!
1576 4321 1764 4379 simus
1788 4336 1980 4393 repre-

313 4422 676 4489 hensibiles;
709 4420 850 4476 dum
882 4433 1000 4473 non
1031 4415 1326 4486 vituperat
1372 4410 1506 4484 quis
1534 4413 1811 4479 vestrum,
1855 4427 1981 4482 qua:

316 4515 568 4572 fuerant
591 4511 725 4583 jure
755 4509 816 4563 in
847 4504 1019 4562 nobis
1049 4503 1362 4575 carpenda,
1388 4501 1490 4557 sed
1512 4498 1697 4572 carpit
1708 4500 1843 4569 jure
1864 4498 1983 4555 lau-

2079 3350 2171 3402 tas
2201 3344 2393 3416 longe,
2431 3345 2660 3402 falsitas
2693 3363 3010 3419 nusquam,
3037 3350 3115 3416 et,
3149 3364 3220 3403 ne
3250 3349 3311 3404 in
3332 3338 3745 3406 inﬁnitumho—

2082 3438 2205 3491 stra
2230 3433 2510 3506 procedat
2539 3433 2776 3504 locutio,
2801 3435 2993 3491 omnis
3023 3453 3057 3491 a
3075 3435 3293 3492 talibus
3315 3437 3480 3493 abest
3500 3454 3741 3509 prorsus

2082 3520 2357 3595 nequitia:
2377 3520 2704 3592 plenitudo.
2723 3523 2834 3578 Sed
2859 3540 3045 3579 unum
3072 3524 3473 3592 saecularibus,
3490 3524 3740 3582 alterum

2083 3609 2354 3683 congruit
2378 3608 2767 3681 spiritalibus:
2800 3627 2983 3666 unum
3017 3609 3156 3680 illis,
3182 3612 3436 3683 quisunt
3454 3612 3737 3670 audituri:

2085 3724 2113 3750 ‹‹
2146 3698 2372 3765 Venite,
2405 3698 2699 3754 benedicti
2730 3698 2918 3755 Patris
2952 3700 3087 3768 mei,
3130 3699 3410 3774 percipite
3466 3717 3737 3774 regnum,

2084 3788 2239 3861 quod
2270 3784 2435 3843 vobis
2463 3790 2735 3858 paratum
2768 3792 2859 3843 est
2891 3788 2962 3844 ab
2995 3788 3221 3861 origine
3269 3789 3476 3845 mundi
3525 3790 3735 3861 (Matth.

2083 3894 2212 3943 xxv,
2243 3875 2392 3947 3/1),»
2427 3874 2527 3946 qui
2547 3875 2783 3942 esurivi,
2802 3875 2977 3942 sitivi,
3001 3875 3215 3949 hospes
3235 3877 3739 3946 fuit,infirmus,et

2083 3966 2144 4021 in
2177 3979 2409 4021 carcere
2438 3962 2520 4035 (in
2550 3964 2836 4021 membris
2865 3968 3065 4021 tamen
3097 3965 3220 4021 haec
3246 3966 3447 4022 omnia
3477 3967 3738 4037 meis),et

2085 4053 2304 4113 similia
2334 4052 2523 4109 multa
2551 4069 2887 4125 perpessus,
2921 4058 2978 4110 et
3006 4071 3041 4110 a
3068 4053 3232 4111 vobis
3255 4072 3401 4111 sum
3425 4055 3734 4114 relevatus:

2086 4144 2336 4202 alterum
2368 4141 2471 4209 eis,
2506 4141 2605 4213 qui
2618 4143 2747 4213 jam
2770 4142 2831 4198 in
2850 4142 2996 4214 ipsis
3027 4146 3232 4199 etcum
3259 4144 3406 4216 ipsis
3427 4142 3740 4202 audierunt

2087 4232 2394 4307 apostolis:
2434 4251 2463 4284 α
2490 4233 2675 4286 Amen
2704 4231 2835 4287 dico
2865 4230 3052 4301 vobis,
3085 4231 3243 4304 quod
3287 4249 3413 4300 vos,
3447 4232 3547 4303 qui
3597 4232 3739 4288 reli-

2089 4322 2301 4397 quistis
2331 4319 2548 4387 omnia,
2582 4323 2639 4374 et
2668 4321 2853 4375 secuti
2877 4320 3023 4376 estis
3052 4336 3166 4388 me,
3186 4319 3247 4374 in
3280 4319 3737 4392 regeneratione,

2090 4428 2223 4468 cum
2255 4408 2470 4465 sederit
2493 4405 2674 4462 Filius
2706 4406 2964 4462 hominis
2993 4406 3052 4461 in
3077 4407 3213 4462 sede
3235 4406 3562 4478 majestatis
3593 4424 3740 4478 suae,

2090 4498 2369 4558 sedebitis
2400 4500 2458 4552 et
2485 4512 2587 4551 vos
2636 4511 2815 4567 super
2844 4495 3014 4551 sedes
3047 4494 3358 4551 duodecim
3401 4495 3737 4565 judicantes

315 4603 550 4671 danda;
584 4599 793 4672 probat
822 4612 886 4653 se
913 4594 1025 4651 hoc
1055 4608 1225 4666 agere
1257 4608 1372 4648 non
1396 4588 1641 4661 justitiae
1667 4588 1878 4645 dilecto
1909 4589 1990 4661 [id
2015 4604 2065 4669 D
2098 4587 2405 4647 duodecim
2436 4585 2627 4641 tribus
2658 4582 2836 4640 Israel
2866 4583 3084 4656 (Matth.
3112 4600 3226 4652 xxx,
3255 4582 3368 4655 28).
3402 4605 3431 4633 ››

395 4767 593 4844 (1550)
624 4766 683 4844 Id
712 4773 789 4822 est
814 4763 1106 4844 Christus
1148 4761 1474 4844 ascendens
1511 4758 1982 4844 _in_altumud‘ed.zt

318 4829 498 4901 hodie
523 4829 861 4895 charismata
890 4835 1129 4907 Spiritus
1158 4835 1339 4907 sancti
1366 4832 1646 4903 apostolis,
1678 4832 1775 4902 qui
1800 4829 1982 4903 (Chri-

318 4916 488 4982 stus)
516 4911 829 4984 cumfatre
857 4904 1121 4963 et’eodem
1151 4904 1379 4976 Spiritu,
1415 4907 1528 4984 etc;
1574 4972 1587 4984 ἱ
1674 4972 1685 4984 .

292 5024 297 5029 .
400 4972 596 5058 (1559)
628 4980 793 5058 Hunc
824 4993 1055 5058 quoque
1073 4972 1465 5058 sermonemf
1487 4972 1767 5057 Fulcuino
1791 4972 1989 5058 lauda-

294 5024 297 5029 μ
400 4983 793 5108 (1559))Hunc
824 4993 1055 5051 quoque
1073 4991 1401 5059 sermonem
1433 4991 1465 5028 a
1488 4983 1767 5057 r'ulcuino
1792 4983 1986 5029 lauda-

294 5062 469 5115 tum
506 5071 575 5109 su
602 5124 614 5126 _
648 5050 817 5126 titulo
848 5051 946 5105 De.
978 5050 1268 5126 festivitate
1298 5046 1378 5126 S._
1402 5044 1612 5126 Maria},
1659 5061 1762 5126 qui
1804 5044 1986 5099 Evan-

324 5128 565 5202 gelium
592 5116 1187 5202 festi-Assumptionis
1217 5117 1479 5202 ejusdem
1512 5116 1769 5196 Yirginis
1816 5131 1989 5202 ςξρρ..

326 5186 448 5261 nit,
484 5214 554 5254 ex
580 5211 693 5249 ms.
727 5186 995 5248 Lobiensi
1028 5186 1797 5261 accepei'atgAcheriuscum
1820 5186 1990 5261 titulo

726 5240 1549 5333 uti'inrlirisingensi
1580 5257 1754 5333 etiam
1795 5257 1993 5333 codice

326 5337 709 5405 inscribitur,
740 5327 952 5408 exque
982 5332 1150 5388 illum
1196 5327 1658 5408 nuncu'primum
1707 5327 1993 5408 in_l_ucem

330 5400 721 5488 proferimus.
751 5400 871 5488 Hic:
885 5409 1080 5462 autem
1105 5418 1294 5488 sermo
1312 5400 1518 5483 Ott’one
1538 5400 1561 5456 Ι
1581 5401 1705 5482 jam
1721 5400 1794 5488 ad
1816 5400 1995 5488 itnpe:

331 5471 507 5541 rium
538 5482 804 5553 provecto
834 5477 1015 5550 (hunc
1043 5474 1198 5530 enim
1217 5472 1460 5530 Caesaris
1474 5471 1711 5527 nomine
1728 5471 1997 5543 designat

331 5570 492 5613 num
504 5549 897 5624 .74)_habitum
910 5545 1377 5624 fuisseannp‘iltiti
1392 5548 1521 5624 post
1534 5544 1747 5624 festum
1761 5544 1997 5624 Assum-

330 5575 517 5613 num.
546 5575 595 5624 ιι)
631 5575 894 5606 ιιιιυιιυιιι
911 5575 1254 5602 ιυιδδιταιιιιυ
1274 5575 1377 5626 ξιυυ
1392 5575 1747 5626 μυςυιῠῠι-υιιξ
1761 5575 1994 5624 ηῨδυιιι·

335 5623 571 5687 ntionis
600 5622 664 5679 B.
698 5621 773 5677 M.
807 5623 927 5677 not.
968 5619 1103 5675 1017
1132 5618 1189 5672 in
1220 5616 1593 5687 Itinerarium
1615 5629 1994 5687 conjecimus.

389 5712 475 5759 uo
509 5693 745 5775 quidem
773 5696 1031 5771 tempore
1052 5704 1187 5750 cum
1213 5686 1527 5758 tumultus,
1561 5684 1752 5764 quiin
1783 5684 1998 5747 Bethe-

2092 4762 2246 4817 rium
2273 4757 2585 4828 eruperant
2615 4768 2767 4828 anpo
2799 4751 3169 4828 praecedenti,
3198 4751 3392 4828 adhuc
3418 4759 3739 4827 serperent:

2095 4831 2308 4888 idcirco
2340 4823 2505 4895 num.
2562 4828 2631 4880 1:
2678 4823 3177 4898 Consideravimus,
3230 4825 3445 4898 inquit,
3502 4823 3601 4883 nos
3628 4843 3742 4884 non

2093 4904 2329 4959 multum
2359 4898 2538 4955 amari
2568 4904 2625 4969 et
2646 4896 2709 4969 ob
2740 4895 2848 4969 hoc
2878 4895 3181 4969 vilipendt:
3216 4899 3274 4969 et
3305 4895 3422 4969 alia
3463 4898 3740 4969 deinceps

2096 4974 2361 5046 ejusdem
2382 4965 3207 5046 temporisindiciainsPergit:
3222 4966 3432 5023 Confer
3443 4972 3561 5046 not.
3582 4965 3740 5025 1029.

2098 5036 2161 5102 Id
2193 5048 2387 5100 autem
2418 5036 2801 5113 conﬁrmatur
2830 5036 3019 5113 multo
3032 5036 3237 5113 magis
3268 5055 3336 5113 ex
3363 5039 3567 5113 ordine
3597 5057 3742 5113 opu-

2099 5116 2420 5181 sculorum,
2472 5127 2600 5182 quae
2617 5108 2702 5182 in
2739 5107 2968 5182 seriem
2998 5107 3473 5182 chronologicam
3523 5107 3741 5168 descri-

2099 5189 2321 5244 buntur
2352 5178 2415 5239 in
2443 5178 2555 5237 nis.
2616 5178 3003 5250 Frisingensi:
3065 5178 3341 5236 lbienifn
3395 5181 3492 5237 hic
3549 5199 3744 5239 sermo

2101 5259 2408 5316 exhibetur
2440 5257 2570 5327 post
2600 5249 2970 5327 Synodicam,
3002 5267 3129 5322 quae
3151 5252 3450 5327 editafuit
3478 5252 3539 5308 in
3592 5254 3744 5317 Qua-

2103 5320 2457 5403 drageﬁsima'
2491 5320 2803 5403 anni‘966.
2835 5320 2980 5377 Vide
3010 5320 3129 5379 not.
3164 5325 3297 5379 1429
3327 5323 3386 5380 in
3418 5339 3749 5381 sermonem

2103 5408 2126 5457 Ι
2158 5393 2244 5457 (ιε
2261 5393 2735 5468 Quadragesima.

2177 5463 2361 5542 (1500)
2404 5463 2741 5542 ῨΟοῖνιβῐΓυςδι
2805 5463 2941 5519 Cum
2999 5473 3185 5542 autem
3239 5468 3450 5542 secutus
3498 5469 3745 5542 veteres,

2105 5535 2369 5601 divissem
2397 5541 2495 5617 has
2516 5537 2652 5617 duas
2677 5536 2862 5617 heatas
2886 5551 3099 5617 sorores
3128 5539 3448 5617 signiﬁcare
3490 5536 3596 5617 hos.
3621 5535 3755 5590 duos

2105 5617 2245 5674 ritus
2276 5608 2530 5673 vivendi;
2560 5607 2767 5666 devotio
2796 5608 3027 5664 illarum
3067 5609 3255 5667 innuit
3280 5607 3340 5663 id
3396 5607 3752 5666 verissimum

2104 5690 2225 5764 fore
2255 5685 2342 5769 (id
2373 5685 2466 5744 est
2494 5681 2650 5754 esse),
2679 5694 2803 5740 cum
2831 5694 2966 5752 una,
2989 5681 3096 5741 etc.
