4058 6170
344 380 464 446 ’783

1829 386 2273 459 SERMONES.

3632 394 3751 461 754

341 532 473 575 cum
507 515 744 592 penitus
792 532 963 576 cerno
1008 534 1273 592 aversos;
1307 538 1413 580 nec
1461 523 1780 583 monachos
1832 544 1995 586 meos
2026 533 2076 598 Α
2100 531 2203 602 jus
2229 526 2435 586 mundi
2467 525 2644 587 habet
2672 525 2731 585 in
2753 526 2924 587 nobis
2944 527 3165 601 multa;
3200 524 3301 587 sed
3322 531 3520 587 tamen
3552 530 3757 586 mortis

339 606 776 681 contemplandi
806 609 1118 668 Dominum
1150 628 1347 669 amore
1376 628 1411 669 a
1438 614 1631 671 saeculi
1666 615 1821 681 840
1851 617 1992 675 acti-

336 697 451 754 bus
481 712 545 753 se
574 697 761 753 facere
792 697 1010 755 alienos
1032 699 1178 757 velle
1206 700 1326 757 ullo
1360 704 1534 760 modo
1564 704 1645 761 ita
1675 709 1847 763 tenus
1876 723 1997 763 cer-

335 802 433 854 no,
467 788 535 840 ut
582 785 825 858 insuper
870 787 1069 859 istum,
1099 790 1192 845 cui
1243 796 1530 859 astamus,
1580 794 1990 852 anachoretam

332 874 674 932 transitoria
702 876 1065 933 considerem
1098 895 1212 935 non
1242 881 1475 952 penitus
1506 883 1807 939 abdicasse
1840 901 1854 938 :
1888 885 1989 940 ubi

333 964 649 1029 Martham,
676 962 777 1019 ubi
808 981 1066 1023 sororem
1091 970 1218 1039 ejus
1250 969 1519 1038 Mariam,
1544 972 1642 1028 ubi
1678 973 1863 1045 Liam,
1887 973 1989 1029 ubi

334 1053 520 1121 miser
546 1051 735 1107 habeo
771 1051 1103 1126 Rachelem,
1128 1073 1263 1113 cum
1294 1074 1327 1113 a
1356 1074 1449 1114 me
1481 1060 1885 1118 infelicissimo
1916 1064 1988 1120 de

330 1141 497 1199 vobis
527 1141 801 1198 omnibus
831 1144 1226 1215 requisiturus
1254 1147 1314 1202 in
1346 1148 1439 1203 die
1454 1149 1663 1223 judicii
1693 1152 1770 1206 sit
1790 1151 1985 1207 Domi-

334 1248 468 1298 nus,
493 1233 692 1302 utpote
712 1230 782 1286 de
802 1233 1135 1289 commissis
1158 1235 1386 1304 ovibus,
1409 1238 1733 1297 rationem?
1759 1240 1866 1296 Ubi
1889 1240 1986 1297 ille

333 1323 631 1393 postremo
660 1317 723 1374 in
765 1319 859 1375 his
886 1320 1113 1378 aedibus
1158 1323 1373 1379 diaboli
1419 1331 1509 1383 est
1556 1328 1983 1400 supplantator,

334 1408 436 1485 qui
464 1409 606 1463 dum
656 1423 857 1475 unam,
890 1408 948 1464 id
980 1415 1072 1466 est
1119 1412 1650 1485 contemplativam,
1671 1416 1984 1486 desiderat,

333 1500 614 1570 utrasque
635 1494 896 1567 sortitur,
918 1499 1004 1555 sic
1022 1499 1254 1558 Christo
1280 1502 1669 1561 ministrando
1693 1505 1986 1563 transiens

328 1601 437 1657 per
464 1586 620 1643 bona
645 1587 1015 1659 temporalia,
1040 1592 1106 1645 ut
1136 1606 1251 1646 non
1283 1591 1515 1649 amittat
1544 1594 1800 1653 aeterna?

395 1675 453 1729 5.
484 1675 734 1731 Austera
780 1675 1032 1732 nimium
1081 1677 1223 1746 haec,
1257 1682 1431 1752 atque
1460 1696 1495 1736 a
1533 1682 1701 1739 nobis
1748 1682 1985 1745 inventa

324 1761 763 1819 cavillatoribus
809 1762 996 1832 (1569)
1046 1770 1309 1837 possent,
1340 1769 1442 1839 qui
1488 1768 1739 1825 nimium
1789 1772 1981 1827 abun-

2106 622 2319 675 nostrte
2349 622 2610 693 tempore
2632 619 2761 692 jam
2782 636 2889 679 nos
2919 636 3122 695 rapere
3144 637 3258 677 non
3283 617 3455 684 valet,
3471 618 3609 691 quia
3630 619 3757 691 ejus

2103 708 2368 763 membra
2389 708 2573 764 effecti
2592 725 2819 777 sumus,
2836 709 2895 763 in
2914 726 3028 782 quo
3048 726 3161 766 non
3178 710 3354 765 habet
3370 708 3754 781 quidquam.»

2102 796 2265 853 Istud
2277 799 2294 854 (
2305 798 2319 853 Ι
2330 798 2604 866 570)dum
2618 797 2779 853 Pauli
2795 802 3133 870 putaveram
3146 797 3596 871 deceptissimus
3610 796 3755 852 mihi

2099 902 2215 941 non
2249 887 2475 942 modice
2518 886 2846 960 suffragari,
2882 903 3016 943 cum
3050 888 3238 960 magis
3290 886 3387 942 ille
3434 887 3545 944 hoc
3591 887 3663 942 de
3694 904 3757 943 se

2099 975 2340 1048 suisque
2363 976 2578 1031 diceret
2598 975 2927 1043 similibus;
2952 975 3053 1031 sed
3074 976 3215 1031 dum
3243 976 3550 1048 sequentia
3570 975 3756 1046 (1574)

2096 1063 2231 1138 legi,
2253 1064 2405 1119 idem
2430 1063 2575 1119 mihi
2598 1064 2860 1137 contigit,
2877 1064 3034 1138 quod
3056 1064 3201 1121 solet
3224 1080 3376 1138 saepe
3397 1065 3753 1136 contingere.

2096 1153 2242 1209 Nam
2277 1169 2411 1209 cum
2445 1153 2618 1210 audio
2636 1153 2903 1223 gaudium
2930 1170 3040 1209 esse
3070 1156 3125 1209 in
3154 1155 3286 1210 caelo
3306 1170 3470 1226 super
3495 1169 3601 1209 uno
3627 1169 3754 1224 pec-

2093 1247 2466 1313 catore,quam
2485 1259 2652 1314 supra
2676 1244 2977 1313 nonaginta
2998 1258 3189 1298 novem
3199 1244 3370 1315 justis
3385 1244 3537 1311 (Luc.
3558 1260 3649 1309 xv,
3673 1243 3749 1311 7);

2095 1332 2143 1387 si
2172 1332 2432 1387 absolute
2462 1331 2593 1401 hoc,
2626 1334 2690 1386 ut
2718 1330 2813 1386 hic
2843 1335 2933 1389 est
2968 1331 3245 1402 positum,
3280 1330 3516 1399 diceret,
3552 1331 3623 1385 ad
3656 1346 3748 1385 me

2095 1423 2362 1491 putarem
2395 1418 2613 1491 aliquid
2645 1419 2937 1492 pertinere
2965 1436 2977 1473 :
3004 1419 3105 1475 sed
3128 1419 3270 1474 dum
3294 1418 3457 1475 addit
3480 1419 3748 1492 paeniten-

2095 1508 2234 1562 tiam
2263 1511 2455 1576 agente
2485 1510 2771 1579 quantum
2793 1507 3029 1580 nigrum
3052 1508 3121 1563 ad
3150 1508 3491 1573 candidum,
3513 1510 3747 1562 tantum

2095 1595 2204 1652 hoc
2235 1597 2479 1651 attinere
2519 1596 2591 1651 ad
2636 1611 2729 1651 me
2776 1611 2950 1651 cerno
2993 1594 3392 1668 pmnitentiam
3442 1612 3746 1667 nunquam

2093 1689 2384 1758 agentem,
2411 1700 2758 1757 semperque
2788 1684 3123 1756 pceniteuda
3166 1688 3601 1740 coacervantem
3633 1682 3748 1738 mi-

2091 1772 2323 1829 sellum.
2350 1773 2433 1828 Ita
2452 1777 2510 1828 et
2530 1771 2625 1827 hic
2646 1772 2786 1827 dum
2810 1772 2965 1828 idem
2987 1772 3164 1829 infert
3184 1772 3595 1829 sanctissimus
3618 1772 3749 1827 doc-

324 1851 487 1958 dant,
537 1850 755 1951 nostris
796 1849 999 1958 videri,
1048 1852 1517 1958 n‘isif‘austeriora
1552 1873 1621 1914 ex
1669 1858 1841 1915 dictis
1873 1860 1975 1916 ho-
2006 1890 2057 1958 Β
2090 1865 2202 1926 tor,
2225 1864 2282 1916 et
2309 1859 2453 1915 dicit
2484 1876 2498 1915 :
2533 1860 2633 1915 Sed
2670 1859 2803 1935 quid
2834 1859 3072 1931 prodest,
3100 1862 3151 1915 si
3178 1860 3285 1932 ﬁde
3316 1860 3409 1915 illi
3426 1859 3743 1931 jungimur,

324 1938 418 1997 die
452 1939 785 1996 hausissem
831 1939 1113 2013 Gregorii.
1149 1941 1354 2009 Qualia
1400 1960 1534 2001 vero
1566 1946 1685 2003 sint
1730 1952 1790 2004 et
1842 1948 1975 2018 ista,

323 2031 384 2087 et
409 2027 513 2085 illa
558 2026 785 2085 utinam
817 2044 1027 2095 sensus
1058 2031 1242 2087 nostri
1282 2048 1488 2105 capere
1537 2040 1711 2107 atque
1758 2037 1976 2094 discer-

322 2130 461 2172 nere
508 2113 731 2171 utiliter
773 2114 1056 2173 valuisset
1086 2117 1321 2176 duritia.
1354 2119 1464 2176 Ubi
1503 2123 1659 2179 enim
1718 2124 1816 2181 ille
1871 2142 1975 2183 no-

320 2209 505 2264 stram
536 2205 822 2262 denotans
862 2205 944 2261 ait
986 2206 1304 2280 cohortem,
1338 2226 1472 2266 cum
1523 2217 1758 2286 repente
1786 2214 1978 2271 conati

316 2295 643 2352 fuissemus
691 2294 897 2352 docere
943 2312 1071 2370 qua:
1120 2298 1309 2371 magis
1356 2300 1755 2373 meditatione,
1798 2320 1977 2379 quam

317 2400 492 2457 opere
523 2383 957 2455 didicissemus,
990 2389 1047 2442 et
1094 2386 1203 2451 hoc
1248 2403 1417 2462 agere
1465 2390 1847 2462 opitulatione
1895 2392 1977 2449 al-

318 2473 506 2530 terius
537 2472 857 2546 cujuslibet
898 2475 1283 2547 gestiremus;
1330 2476 1648 2536 incidimus
1701 2480 1760 2537 in
1811 2479 1978 2537 illum

316 2562 392 2618 de
434 2559 746 2634 Evangelio
790 2560 980 2634 ipsius
1030 2577 1384 2630 sermonem,
1424 2565 1525 2620 ubi
1573 2566 1699 2622 visa
1747 2566 1980 2626 civitate

317 2649 671 2718 Jerusalem,
702 2650 954 2706 refertur
996 2650 1281 2707 Dominus
1333 2653 1561 2710 flevisse
1607 2660 1783 2727 atque
1829 2656 1978 2713 exci-

320 2740 489 2796 dium
522 2736 683 2795 illius
725 2738 1103 2796 denuntiasse
1136 2755 1150 2795 :
1182 2756 1357 2811 quem
1390 2741 1476 2798 sic
1526 2758 1642 2799 non
1690 2744 1847 2818 piget
1892 2750 1979 2800 to-

321 2828 455 2886 tum
509 2842 869 2901 percurrere,
924 2832 990 2884 ut
1042 2828 1245 2885 valens
1303 2831 1541 2887 omnino
1601 2833 1976 2905 perpendere,

324 2922 527 2974 utrum
556 2915 640 2972 illi
688 2915 1012 2989 lugendum
1044 2916 1120 2973 sit
1144 2933 1345 2986 necne,
1374 2920 1543 2976 nobis
1571 2921 1801 2982 desinat
1847 2939 1978 2978 suc-

316 3004 969 3065 censere.Considerata
989 3021 1200 3080 nempe
1231 3023 1336 3081 ego
1366 3013 1486 3065 tota
1517 3011 1806 3067 sermonis
1827 3011 1978 3083 ejus-

321 3095 459 3151 dem
491 3093 662 3165 serie,
684 3094 826 3150 dum
873 3093 1009 3167 plus
1038 3111 1165 3151 eam
1198 3097 1560 3172 contemplor
1589 3098 1765 3168 aloes,
1799 3117 1978 3174 quam

321 3183 519 3241 mellis
548 3183 786 3249 habere,
810 3183 954 3256 coepi
1003 3188 1288 3257 satagere,
1311 3203 1384 3242 an
1417 3187 1497 3243 ibi
1529 3187 1726 3262 aliqua
1773 3205 1977 3246 conso-

2088 1953 2138 2005 et
2169 1951 2236 2004 ab
2259 1966 2319 2005 eo
2337 1948 2582 2004 moribus
2603 1948 3015 2021 disjungimur?
3032 1950 3234 2018 (Gneo.
3256 1948 3355 2004 ubi
3372 1964 3561 2019 supra,
3585 1966 3641 2001 η.
3665 1948 3747 2017 9.)

2087 2037 2216 2109 Ipse
2246 2037 2403 2093 enim
2435 2036 2578 2093 dicit
2604 2053 2617 2091 :
2643 2036 2760 2092 Non
2790 2038 2969 2092 omnis
2998 2037 3097 2110 qui
3122 2036 3258 2092 dicit
3286 2035 3465 2092 mihi:
3494 2037 3742 2103 Domine,

2086 2127 2330 2183 Domine.
2363 2126 2593 2182 intrabit
2642 2128 2699 2180 in
2750 2143 2981 2198 regnum
3008 2126 3300 2187 caelorum;
3328 2125 3420 2181 sed
3468 2126 3565 2197 qui
3610 2126 3746 2195 facit

2085 2216 2422 2272 voluntatem
2467 2216 2650 2271 Patris
2677 2216 2806 2285 mei,
2834 2216 2932 2288 qui
2973 2215 3036 2270 in
3066 2215 3215 2270 caelis
3242 2217 3341 2281 est,
3374 2214 3487 2286 ipse
3515 2212 3746 2267 intrabit

2087 2307 2150 2360 in
2178 2321 2408 2378 regnum
2449 2305 2706 2359 calorum
2735 2302 2945 2374 (Matth.
2967 2319 3064 2372 vn,
3086 2302 3213 2375 21);
3247 2319 3281 2357 a
3311 2318 3427 2359 non
3467 2302 3604 2372 jure
3635 2317 3744 2373 pa—

2086 2393 2273 2449 vendo
2302 2409 2397 2448 me
2428 2408 2669 2464 prorsus
2698 2395 3040 2446 extraneum
3071 2406 3245 2446 cerno
3274 2390 3481 2462 (4572).

2158 2484 2212 2537 6.
2236 2481 2370 2545 Quae
2402 2484 2490 2537 est
2520 2485 2715 2535 autem
2758 2478 3032 2535 voluntas
3060 2477 3271 2545 Patris,
3297 2477 3411 2533 nisi
3461 2476 3617 2549 quod
3645 2480 3746 2531 aut

2090 2570 2455 2635 Martha,aut
2484 2567 2733 2627 faciebat
2754 2584 2920 2624 soror
2940 2566 3130 2640 ipsius
3159 2566 3381 2623 Maria?
3404 2565 3495 2620 Nil
3528 2565 3745 2638 quippe

2091 2659 2259 2715 nobis
2276 2656 2433 2715 aliud
2451 2656 2808 2730 praecipitur,
2825 2653 2940 2711 nisi
2959 2657 3023 2711 ut
3038 2658 3140 2709 aut
3160 2653 3567 2709 ministremus
3586 2652 3746 2710 Chri-

2088 2752 2178 2805 sto
2196 2748 2253 2802 in
2276 2746 2557 2803 membris
2576 2745 2783 2818 ipsius,
2801 2748 2902 2803 aut
2918 2743 3284 2801 assideamus
3297 2742 3524 2800 Christo
3541 2741 3601 2798 in
3613 2759 3748 2798 con-

2088 2835 2427 2909 templanda
2456 2834 2752 2890 voluntate
2783 2833 2991 2906 ipsius.
3014 2832 3153 2888 Inde
3182 2830 3399 2905 aliquid
3426 2830 3476 2888 si
3498 2830 3745 2903 neglexi-

2088 2944 2243 2995 mus,
2261 2924 2650 2997 suspiremus,
2670 2922 3045 2996 plangamus,
3065 2925 3299 2995 pectora
3315 2923 3516 2979 nostra
3538 2920 3744 2977 tunda-

2089 3031 2242 3083 mus,
2273 3012 2675 3087 paenitentiam
2718 3028 2985 3087 agamus,
3019 3011 3296 3083 frequens
3342 3009 3742 3066 ministerium

2088 3102 2320 3163 Domini
2350 3106 2453 3157 aut
2481 3105 2834 3174 repetamus,
2863 3103 2964 3155 aut
2992 3103 3266 3156 vacantes
3294 3097 3659 3154 orationibus
3686 3100 3745 3152 et

2089 3190 2396 3248 desideriis
2412 3189 2765 3258 coelestibus,
2782 3206 2817 3243 a
2835 3188 3085 3263 pedibus
3103 3187 3343 3260 benigni
3364 3187 3395 3242 ,Ι
3403 3202 3540 3242 esus
3561 3185 3747 3241 nulla-

322 3272 466 3330 latio
518 3271 766 3329 inveniri
816 3272 1051 3343 valeret,
1095 3290 1224 3347 quae
1271 3260 1643 3333 titubantem,
1668 3278 1977 3334 formidine
2007 3260 2053 3332 (ἶ
2089 3284 2261 3339 tenus
2284 3260 2853 3344 divellamur,donec
2870 3277 2939 3333 ad
2964 3277 3109 3331 illud
3139 3292 3345 3344 unum,
3370 3275 3526 3347 quod
3550 3274 3743 3330 solum

323 3360 595 3435 quamvis
624 3360 841 3428 inutili,
873 3361 1013 3435 quia
1039 3361 1563 3433 inconvertibilem,
1594 3365 1858 3421 animum
1890 3384 1977 3423 re-

325 3450 565 3509 foveret.
584 3449 811 3524 Quippe
841 3467 975 3507 cum
1006 3452 1403 3524 pervenissem
1429 3453 1501 3509 ad
1527 3453 1694 3509 illum
1724 3458 1978 3511 tremen-

325 3539 642 3598 dissimum
664 3537 877 3608 locum,
893 3539 993 3596 ubi
1016 3540 1267 3597 habetur
1289 3539 1371 3597 ita
1390 3541 1753 3617 descriptum
1777 3542 1979 3615 (Cane.

327 3629 435 3686 lib.
468 3646 512 3685 ιι
544 3630 603 3685 in
630 3629 841 3700 Evang.
872 3630 1034 3686 hom.
1066 3629 1156 3701 39,
1187 3646 1247 3685 n.
1280 3632 1336 3701 8)
1364 3649 1377 3688 :
1407 3657 1428 3685 ι
1462 3630 1625 3688 Unde
1658 3633 1984 3689 curandum

328 3719 501 3776 nobis
530 3720 640 3787 est,
656 3723 715 3775 et
738 3732 873 3775 cum
909 3718 1141 3791 magnis
1168 3718 1428 3792 quotidie
1459 3721 1694 3776 fletibus
1724 3721 1985 3794 cogitan-

329 3809 499 3876 dum,
517 3824 694 3880 quam
714 3823 973 3874 severus,
989 3824 1166 3880 quam
1190 3807 1357 3873 liber,
1381 3824 1558 3882 quam
1580 3809 1859 3867 terribilis
1882 3826 1991 3867 sua

332 3898 394 3953 in
426 3894 597 3952 nobis
627 3912 804 3968 Opera
833 3896 1137 3969 requirens
1168 3897 1226 3952 in
1272 3898 1365 3954 die
1395 3898 1579 3954 nostri
1611 3899 1799 3955 exitus
1828 3900 1989 3974 prin-

333 4002 473 4058 eeps
494 3984 700 4040 mundi
728 3984 911 4057 hujus
941 3984 1135 4041 veniet
1150 3987 1329 4055 (Joan.
1352 4003 1467 4059 xw,
1489 3988 1602 4058 30),
1629 3988 1679 4044 si
1710 3988 1885 4045 etiam
1917 3990 1990 4045 ad

334 4073 655 4133 Dominum
686 4089 862 4131 carne
902 4074 1249 4131 morientem
1280 4076 1457 4145 venit,
1489 4080 1546 4134 et
1577 4076 1635 4133 in
1667 4077 1765 4135 illo
1814 4094 1990 4135 suum

335 4161 562 4236 ahquid
594 4162 884 4237 quaesivit,
916 4162 976 4218 in
1012 4179 1128 4238 quo
1172 4162 1432 4221 invenire
1475 4165 1557 4220 nil
1603 4167 1809 4239 potuit.
1844 4167 1992 4232 Quid

335 4253 546 4325 itaque
576 4267 685 4307 nos
733 4251 935 4307 miseri
966 4246 1200 4319 dicturi,
1223 4252 1366 4325 quid
1415 4254 1599 4309 acturi
1632 4270 1860 4322 sumus,
1894 4255 1993 4326 qui

337 4340 653 4397 innumera
687 4338 845 4396 mala
874 4339 1323 4398 commisimus?
1354 4341 1501 4408 Quid
1545 4341 1862 4416 requirenti
1893 4343 1997 4398 ad-

336 4428 616 4499 versario,
648 4433 706 4485 et
736 4427 926 4485 multa
970 4445 1080 4484 sua
1126 4428 1186 4484 in
1237 4429 1409 4484 nobis
1458 4429 1774 4485 invenienti
1824 4446 2001 4502 opera

340 4518 628 4584 dicemus,
645 4517 757 4573 nisi
776 4516 968 4574 solum
989 4515 1143 4588 quod
1166 4516 1337 4572 nobis
1353 4520 1443 4573 est
1462 4521 1684 4572 certum
1708 4517 1999 4590 refugium

350 4612 409 4665 et
438 4604 627 4663 solida
657 4621 815 4679 spes,
847 4604 987 4678 quia
1018 4621 1200 4694 unum
1226 4620 1361 4661 cum
1392 4603 1655 4694 illofacti
1690 4622 1919 4676 sumus,
1941 4605 2002 4662 in
2032 4624 2082 4694 Β

342 4714 463 4772 quo
482 4694 843 4768 princepshu
843 4694 945 4767 jus
963 4693 1169 4749 mundi
1183 4697 1237 4750 et
1254 4710 1427 4750 suum
1446 4693 1667 4767 aliquid
1682 4694 2004 4767 requisivit,

342 4791 403 4845 et
430 4783 692 4841 invenire
714 4782 965 4853 minime
986 4782 1214 4855 potuit?
1237 4782 1518 4855 quoniam
1545 4782 1705 4840 solus
1736 4788 1826 4839 est
1852 4785 2005 4840 inter

345 4879 614 4933 mortuos
660 4872 812 4929 liber
838 4872 1007 4946 (Psal.
1034 4873 1377 4942 mxvn,5).
1404 4873 1475 4928 Et
1521 4889 1555 4928 a
1596 4872 1817 4945 peccati
1851 4874 1999 4929 641

342 4965 475 5038 jam
504 4961 742 5020 servitio
773 4961 962 5018 veraci
1005 4959 1273 5018 libertate
1303 4960 1607 5028 solvimur,
1632 4960 1772 5034 quia
1799 4962 1873 5032 ei,
1906 4961 2009 5034 qui

345 5067 484 5112 vero
512 5054 619 5108 est
666 5050 838 5118 liber,
878 5049 1139 5108 unimur.
1165 5052 1402 5106 Constat
1448 5049 1626 5118 enim,
1650 5066 1754 5107 nec
1799 5067 2012 5124 negare

352 5138 806 5218 possumus,sed
826 5139 1108 5197 veraciter
1136 5139 1436 5197 fatendum
1458 5138 1598 5212 quia
1618 5139 1888 5213 princeps
1908 5140 2015 5197 hu-

430 5244 619 5323 (1569)
641 5247 753 5323 Eos
784 5246 1145 5323 cavillatores
1176 5246 1438 5323 respicit,
1457 5261 1708 5323 quorum
1739 5248 2019 5323 morosio-

358 5317 455 5401 ιζεέ
485 5320 551 5401 _e_t-
573 5317 972 5401 c'alumniosas
1000 5319 1061 5374 in
1092 5334 1154 5401 se
1185 5317 1587 5401 accusationes
1616 5317 1927 5401 descripsit
1954 5318 2015 5373 in

354 5392 658 5462 Qualitatis
686 5392 997 5463 conjectura
1023 5389 1194 5463 paulo
1216 5394 1351 5446 ante
1380 5388 1706 5458 lucubrata,
1734 5388 2014 5446 nimirum

351 5461 596 5521 ineunte
632 5461 791 5520 anno
817 5461 950 5517 966.

422 5533 614 5611 (i579)
641 5532 791 5590 Istud
816 5532 1004 5611 Pquli,
1039 5531 1265 5611 scilicet
1311 5531 1540 5611 dictum
1581 5548 1616 5586 a
1645 5530 1835 5611 _P§ulo
1874 5547 2017 5604 apo-

352 5601 507 5664 stolo
535 5601 705 5663 Rom.
738 5621 839 5673 xu,
867 5605 925 5672 Δ,
950 5605 1014 5661 5:
1047 5608 1108 5660 et
1134 5604 1158 5660 Ι
1184 5608 1311 5661 Cor.
1340 5620 1443 5670 xu,
1475 5604 1572 5670 13;
1604 5606 1663 5658 et
1692 5601 2014 5674 Ephesfiv,

349 5679 445 5766 ιϐ,
478 5677 580 5735 ubi
631 5693 739 5734 nos
791 5672 994 5734 omnes
1022 5675 1237 5734 Christi
1293 5674 1499 5749 capitis
1559 5672 1824 5730 membra
1881 5672 2011 5731 esse

2086 3372 2176 3425 est
2204 3367 2621 3432 necessarium,
2646 3365 3074 3438 perveniamus,
3093 3364 3202 3420 hoc
3222 3368 3314 3419 est
3333 3363 3627 3431 eumdem,
3643 3361 3744 3435 qui

2090 3456 2259 3531 nobis
2311 3454 2474 3510 solus
2520 3453 2756 3518 sufficit,
2803 3453 3137 3508 Dominum.
3173 3451 3325 3507 Dicis
3376 3454 3612 3506 econtra
3641 3449 3744 3521 (sic

2091 3545 2248 3602 enim
2281 3548 2369 3599 est
2398 3541 2760 3598 consuetudo
2785 3539 3077 3596 dicta......
3102 3538 3383 3609 humana)
3408 3553 3423 3591 :
3448 3537 3606 3592 Licet
3627 3554 3742 3591 non

2092 3637 2257 3691 tanta
2282 3634 2501 3704 quanta
2530 3629 2711 3687 debeo
2760 3627 2970 3683 faciam
3013 3629 3189 3696 bena,
3228 3625 3376 3683 facio
3430 3624 3661 3696 aliqua;
3693 3626 3752 3680 et

2095 3722 2345 3795 perfecte
2370 3719 2429 3773 in
2457 3717 2642 3775 Deum
2672 3716 2935 3783 credens,
2960 3720 3128 3790 spero
3156 3732 3283 3789 qua:
3309 3713 3596 3773 Dominus
3626 3711 3753 3769 suis

2098 3809 2370 3867 ﬁdelibus
2402 3805 2673 3880 praecepit
2703 3807 3013 3880 speranda.
3047 3805 3091 3863 Ο
3124 3805 3351 3861 utinam
3385 3803 3508 3860 haec
3538 3803 3653 3858 duo
3687 3802 3753 3856 fi-

2099 3898 2293 3953 derem
2324 3912 2403 3965 re,
2430 3894 2638 3950 fratres
2663 3895 2748 3966 υἱ,
2773 3897 2848 3961 te,
2878 3894 3091 3966 frater],
3116 3891 3361 3949 habere!
3392 3893 3597 3949 Certus
3626 3907 3760 3964 pro-

2101 3986 2245 4043 fecto
2277 3985 2347 4041 de
2370 3989 2472 4041 tua
2492 3996 2683 4041 essem
2715 3981 2922 4049 salute,
2945 3981 3215 4038 videlicet
3242 3985 3307 4037 ut
3332 3980 3392 4036 in
3415 3981 3601 4037 Deum
3632 3994 3758 4053 per-
3804 4014 3811 4017 ‹

2102 4075 2247 4132 fecte
2304 4074 2590 4141 crederes,
2614 4077 2673 4130 et
2713 4071 2812 4129 illa
2854 4071 3286 4140 tantummodo,
3311 4087 3439 4144 quaa
3486 4069 3763 4143 praecepit

2103 4164 2411 4237 speranda,
2441 4178 2727 4235 sperares.
2757 4160 2925 4216 Dicit-
2952 4177 3084 4217 vero
3118 4159 3470 4216 Psalmista:
3501 4158 3671 4229 Spera
3702 4158 3759 4211 in

2104 4254 2331 4310 Domino
2363 4251 2533 4322 (Psal.
2556 4266 2748 4317 xxxvr,
2772 4249 2848 4322 3).
2875 4248 3234 4321 Respondes,
3259 4262 3449 4320 spero.
3474 4247 3579 4299 Fac
3609 4244 3762 4297 boni-

2107 4346 2273 4398 tatem
2299 4339 2506 4411 (Ibid.),
2532 4338 2629 4393 sed
2660 4336 2802 4391 dicit
2832 4336 2948 4391 ille.
2978 4334 3038 4389 Si
3071 4350 3207 4407 ergo
3240 4348 3443 4406 speras
3474 4331 3534 4385 in
3566 4329 3763 4385 Domi-

2107 4446 2205 4495 no,
2231 4442 2480 4501 suggero
2506 4443 2518 4480 :
2542 4426 2646 4479 Fac
2686 4424 3000 4489 bonitatem,
3025 4426 3082 4479 et
3112 4437 3226 4476 non
3260 4417 3511 4474 inaniter
3537 4433 3760 4489 speras,

2108 4514 2403 4589 promitto.
2437 4513 2673 4568 Dicente
2720 4510 2876 4566 enim
2914 4509 3128 4567 Jacobo
3163 4524 3176 4562 :
3211 4506 3351 4576 Quid
3375 4505 3612 4579 prodest,
3643 4506 3762 4576 fra-

2114 4613 2241 4673 tres,
2264 4605 2312 4658 si
2340 4602 2503 4674 [idem
2522 4602 2644 4672 quis
2666 4600 2883 4665 habeat,
2905 4614 3065 4671 opera
3088 4611 3211 4653 vero
3230 4612 3341 4651 non
3370 4595 3598 4652 habeat?
3612 4596 3763 4650 Nun-

2116 4695 2246 4767 quid
2271 4693 2469 4766 poterit
2500 4691 2615 4747 sola
2652 4689 2783 4762 ﬁdes
2821 4688 3035 4744 satvare
3074 4690 3233 4742 eum?
3260 4688 3395 4757 (Jac.
3419 4699 3482 4752 ιι,
3506 4682 3618 4756 44.)
3643 4683 3769 4739 Una

2112 4782 2238 4845 sola
2267 4780 2457 4838 audiri
2488 4779 2570 4835 ita
2597 4781 2789 4852 potest
2837 4775 3146 4833 sententia.
3178 4774 3236 4831 Si
3280 4774 3531 4848 perfecte
3580 4771 3767 4827 credis

2114 4874 2175 4929 in
2205 4872 2410 4937 Deum,
2432 4873 2489 4925 et
2520 4867 2677 4924 aliud
2704 4883 2817 4923 non
2839 4881 3063 4938 speras,
3079 4880 3257 4938 quam
3280 4861 3436 4937 quod
3456 4861 3552 4918 ille
3569 4866 3624 4917 te
3646 4876 3773 4933 spe-

2117 4978 2246 5020 rare
2276 4958 2567 5034 praecepit,
2590 4955 2856 5014 videlicet
2875 4955 2924 5011 si
2946 4971 3123 5030 opera
3150 4953 3331 5010 habes
3351 4953 3534 5021 bona;
3567 4965 3771 5005 conse-

2119 5054 2365 5125 quenter
2390 5049 2461 5104 de
2505 5045 2997 5115 remuneratione,
3022 5043 3072 5101 si
3104 5043 3186 5100 ita
3215 5046 3412 5099 tamen
3443 5055 3774 5114 persevera-

2119 5140 2293 5207 veris,
2324 5153 2441 5194 nou
2473 5136 2627 5193 042
2656 5139 2745 5191 est
2794 5133 2902 5191 tibi
2955 5148 3104 5207 opus
3153 5132 3423 5189 dubitare
3475 5132 3774 5204 perpetua.

2124 5249 2350 5391 ᾶοὸιὲἑῆ
2392 5314 2705 5391 Sequentia,
2734 5312 2793 5391 id
2819 5316 2909 5368 est
2937 5310 3058 5379 illa,
3082 5310 3297 5391 queis.
3324 5306 3638 5391 Cregorius
3661 5308 3782 5391 Ista-

2125 5380 2231 5446 tim
2265 5393 2396 5461 post
2426 5380 2752 5461 recitatum,
2779 5382 2973 5461 locum
3004 5380 3283 5461 _subji_cit,
3311 5384 3368 5461 et
3413 5380 3492 5461 ab
3512 5454 3521 5461 _
3545 5380 3781 5434 auctore

2124 5453 2470 5584 post'pauca
2499 5455 2837 5512 subduntur
2867 5470 2881 5510 :
2914 5454 3019 5512 Sed
3048 5453 3180 5528 quid
3204 5453 3443 5526 prodest,
3474 5454 3582 5508 ete.

2198 5530 2292 5584 (l5
2327 5531 2385 5584 2)
2416 5531 2697 5583 Construe
2730 5545 2742 5582 :
2773 5528 2944 5584 Cerno
2990 5543 3077 5582 me
3129 5541 3351 5584 prorsus
3398 5530 3582 5579 extran

2198 5528 2385 5605 “5772)
2416 5531 2697 5605 C9nstrue
2730 5545 2750 5605 :_
2773 5528 2944 5605 Cerno
2964 5543 3077 5605 _me
3124 5541 3351 5605 prorsus
3398 5530 3783 5605 extraneumia

2126 5592 2237 5660 non
2263 5592 2508 5683 pavendo
2526 5600 2659 5672 jure
2687 5616 2704 5653 :
2738 5598 2796 5655 id
2827 5603 2918 5655 est
2952 5598 3087 5669 jure
3118 5592 3261 5653 inihi
3294 5592 3621 5652 timendum
3653 5602 3781 5644 esse

2127 5688 2439 5747 perspicw.
