4026 6182
356 338 477 406 755
956 334 1332 403 RATHERII
1374 333 1614 401 EPISC.
1660 333 1955 400 VERON.
2002 329 2179 397 OPP.
2224 331 2429 396 PARS
2474 330 2580 396 Ill.
2613 365 2692 378 —-
2721 322 3162 397 SERMONES.
3608 331 3708 396 756

358 475 492 542 Quae
510 474 646 530 sunt
664 474 857 530 autem
874 473 1030 531 bona
1045 489 1238 547 opera,
1254 473 1366 529 nisi
1386 472 1482 527 illa
1502 488 1626 544 quae
1645 487 1712 526 ex
1728 468 2007 525 charitate
2039 467 2094 534 Α
2121 466 2414 523 voluntate
2446 467 2707 534 aberant,
2740 466 2871 523 odio
2898 464 3337 532 surdescebant,
3362 463 3492 522 dum
3518 464 3583 523 iis
3608 483 3713 540 qua:

354 563 718 637 procedunt:
743 580 924 634 quam
972 562 1155 618 solam
1190 563 1237 618 si
1271 579 1385 616 non
1414 561 1615 627 babes,
1648 576 1753 613 nec
1785 557 1844 611 in
1876 556 2009 627 ﬁde,
2119 554 2467 611 dicebantur
2510 555 2836 612 consentire
2886 554 3181 612 nolebant.
3214 554 3375 620 Quod
3416 554 3515 611 etsi
3557 556 3718 612 admi-

357 651 486 709 dico
509 651 641 723 tibi,
663 651 951 719 conﬁdas;
976 667 1081 707 nec
1104 651 1257 723 quod
1283 648 1407 706 suis
1441 648 1710 721 promisit
1731 646 2013 703 Dominus
2122 644 2327 713 randa,
2353 645 2507 701 643
2535 643 3031 716 amplectenda,et
3051 643 3427 717 gloriﬁcanda
3444 648 3525 701 est
3542 644 3725 717 patien-

356 740 652 809 ﬁdelibus,
677 757 898 813 speres.
938 741 1092 795 Fides
1121 740 1278 795 enim
1327 741 1377 793 si
1427 755 1536 793 non
1586 737 1780 792 habent
1827 751 2011 807 Opera,
2121 733 2215 788 tiae
2270 732 2686 805 longanimitas
2749 733 2879 803 Dei,
2928 733 3234 788 tremenda
3288 736 3477 788 tamen
3529 738 3726 806 propter

357 838 580 887 mortua
601 837 680 885 est
702 830 763 885 in
782 830 1064 901 semetipsa
1085 829 1225 901 (Jac.
1250 846 1311 895 ιι,
1337 829 1453 896 17);
1479 831 1534 882 et
1559 844 1570 881 :
1598 826 1722 897 Spes
1751 840 1855 880 non
1888 840 2013 879 con-
2125 820 2293 890 illud,
2313 822 2466 893 quod
2493 822 2563 878 de
2589 838 2657 877 ea
2679 821 2821 876 dicit
2844 819 3179 894 Apostolus,
3204 837 3310 877 nec
3339 821 3621 888 irritanda,
3639 839 3726 878 nec

358 918 567 993 fundit,
600 918 733 990 quia
760 917 1002 973 charitas
1046 919 1156 973 Dei
1183 916 1384 988 (li/fusa
1412 919 1487 971 est
1533 916 1591 969 in
1638 913 1889 970 cordibus
1918 927 2014 966 no-
2126 911 2194 966 ad
2230 910 2593 966 iracundiam
2623 910 3006 982 provocanda,
3031 910 3291 983 roganda
3309 926 3437 966 vero
3465 914 3519 966 et
3543 909 3725 983 impor-

358 1010 493 1065 stris
515 1023 617 1079 per
643 1007 914 1079 Spiritum
941 1011 1207 1072 sanctum,
1232 1006 1326 1077 qui
1355 1005 1511 1059 datus
1550 1012 1624 1058 est
1654 1003 1809 1059 nobis
1840 1001 2014 1071 (Rom.
2124 999 2437 1055 tunissime
2468 998 2854 1073 supplicanda
2878 1018 2890 1055 :
2920 1016 2989 1055 ex
3019 1015 3081 1054 se
3110 1015 3364 1072 namque
3392 999 3612 1055 metitur
3637 1004 3729 1054 Uo-

361 1114 418 1165 v,
440 1096 518 1164 5).
543 1096 604 1151 Si
636 1112 772 1168 ergo
802 1094 1150 1150 charitatem
1183 1093 1242 1148 in
1279 1094 1450 1149 corde
1482 1108 1597 1147 non
1626 1092 1828 1158 habes,
1854 1105 2016 1162 spem
2128 1088 2272 1144 mini
2304 1088 2474 1155 iram,
2503 1088 2603 1160 qui
2634 1093 2944 1161 postquam
2977 1105 3114 1144 eum
3143 1088 3481 1161 gravissime
3508 1088 3729 1155 offendit,

362 1184 651 1242 inutiliter
680 1183 885 1239 habes.
919 1183 978 1238 Si
1025 1182 1308 1254 Spiritum
1348 1185 1618 1237 sanctum
1669 1196 1784 1235 non
1814 1178 2016 1244 babes,

365 1272 581 1330 Christi
602 1289 719 1328 non
741 1288 831 1339 es;
857 1270 1069 1327 dicitur
1087 1270 1244 1326 enim
1269 1287 1281 1325 :
1305 1271 1369 1325 Si
1387 1271 1509 1341 quis
1528 1269 1796 1341 Spiritum
1817 1266 2023 1323 Christi

366 1376 482 1418 non
511 1359 690 1427 habbt,
725 1359 815 1415 hic
841 1375 953 1415 non
981 1362 1058 1415 est
1087 1361 1200 1431 ejus
1229 1361 1401 1427 (Rom.
1426 1374 1545 1425 VIII,
1577 1357 1651 1429 9).
1677 1359 1860 1422 Quam
1886 1371 2020 1410 vero

368 1448 547 1505 habet
570 1464 711 1521 erga
750 1447 1065 1502 Dominum
1098 1446 1306 1502 saltem
1347 1462 1502 1501 nunc
1543 1444 1823 1517 temporis
1849 1443 2022 1515 quili-

367 1537 469 1594 bet
499 1537 862 1604 cbaritatem,
888 1551 1022 1591 cum
1069 1551 1141 1590 ne
1191 1535 1382 1590 dicam
1414 1533 1675 1606 diligere,
1709 1532 1915 1589 saltem
1947 1532 2020 1587 ti-

368 1641 528 1683 mere
577 1642 712 1681 eum
761 1623 1101 1679 nullatenus
1148 1624 1445 1696 probetur,
1472 1623 1612 1678 dum
1643 1639 1709 1678 eo
1739 1624 2024 1694 praesente

370 1732 490 1773 non
520 1714 688 1771 timet
718 1711 1073 1769 adulterium
1107 1715 1195 1781 (ut
1224 1712 1333 1767 hoc
1377 1712 1569 1767 solum
1600 1729 1669 1767 ex
1696 1710 2025 1767 innumeris

2128 1181 2194 1232 ut
2223 1194 2328 1232 nos
2360 1176 2559 1232 miseri
2586 1194 2758 1250 sape,
2784 1178 2953 1232 timet
2982 1178 3055 1232 ad
3086 1176 3256 1233 illum
3287 1176 3628 1233 laudandum
3656 1194 3732 1232 ac-

2129 1266 2331 1321 cedere
2355 1283 2367 1319 :
2393 1265 2596 1338 procul
2628 1265 2805 1321 dubio
2834 1266 2990 1321 enim
3020 1265 3102 1322 ita
3131 1269 3188 1322 et
3214 1265 3340 1338 ipse
3369 1266 3738 1339 dedignaretur

2130 1355 2201 1410 ab
2232 1371 2318 1421 eo,
2344 1355 2442 1427 qui
2473 1370 2607 1410 eum
2635 1354 3098 1424 dehonestasset,
3122 1356 3327 1411 eadem
3357 1354 3498 1411 hora
3523 1354 3737 1411 laudari.

2129 1444 2237 1498 Sed
2274 1460 2390 1498 non
2422 1443 2754 1498 faciendum
2806 1444 3014 1499 suadet
3044 1442 3143 1515 qui
3193 1443 3453 1500 dicit:Si
3478 1444 3743 1500 ascenderit

2129 1549 2293 1604 super
2322 1540 2372 1588 te
2399 1534 2625 1604 spiritus
2661 1539 2978 1603 potestatem
3021 1533 3269 1589 habentis
3299 1532 3488 1605 (Eccle.
3525 1550 3576 1601 x,
3601 1532 3667 1603 4),
3694 1532 3742 1587 id

2133 1626 2221 1678 est
2243 1619 2460 1677 ille’Dei
2484 1623 2697 1694 [supple
2719 1621 2963 1695 spiritus
2986 1621 3221 1690 malus],
3241 1622 3340 1694 qui
3366 1622 3588 1678 Saulem
3606 1638 3746 1677 vexa-

2130 1711 2233 1766 bat
2272 1711 2320 1783 (I
2351 1712 2480 1780 Reg.
2513 1728 2675 1777 xvm,
2711 1712 2823 1780 10),
2874 1709 3321 1783 praevalescente
3367 1710 3620 1767 videlicet
3658 1711 3745 1766 tibi

372 1801 689 1877 proferam)
710 1802 1081 1875 perpetrare?
1109 1802 1167 1857 Si
1199 1800 1354 1857 enim
1378 1804 1726 1872 praesentem
1749 1816 1884 1855 eum
1907 1815 2024 1855 non
2054 1832 2104 1898 B
2132 1798 2319 1872 ipsius
2346 1815 2533 1871 usque
2558 1799 2630 1855 ad
2662 1799 3029 1855 mortiferum
3052 1815 3407 1856 consensum
3428 1799 3748 1856 calidissima

375 1892 581 1960 credit,
605 1891 897 1964 quomodo
950 1890 1010 1945 in
1054 1905 1186 1953 eum
1245 1891 1462 1944 nedum
1513 1888 1704 1943 dicam
1754 1887 2025 1959 perfecte,

374 1981 587 2038 saltem
616 1978 1049 2052 aliquantulum
1086 1978 1308 2033 credit?
1331 1978 1390 2034 Si
1421 1981 1617 2033 autem
1666 1977 1775 2033 hoc
1823 1974 2026 2043 credit,

376 2084 572 2125 nonne
606 2066 852 2124 Domino
881 2065 1187 2139 perspicue
1230 2065 1463 2122 rebellis
1509 2065 1724 2134 existit,
1749 2065 1809 2119 in
1860 2065 2029 2135 cujus

379 2159 697 2229 conspectu
740 2157 1071 2228 perpetrare
1122 2159 1243 2210 tam
1275 2154 1427 2210 fceda
1474 2154 1653 2209 miser
1681 2157 1738 2209 et
1768 2153 1858 2209 sui
1883 2152 2031 2208 inte-

380 2249 643 2318 remptor
683 2244 871 2317 ipsius
901 2241 1242 2316 praesumit?
1278 2242 1426 2311 Quid
1478 2242 1551 2298 ad
1601 2242 1711 2298 hoc
1762 2246 2032 2298 nostrum

386 2334 605 2407 aliquis
637 2332 813 2389 dicit?
834 2332 1006 2401 Perit,
1034 2332 1182 2401 dico,
1207 2332 1383 2405 perit;
1420 2333 1489 2387 ad
1516 2331 1644 2403 ejus
1675 2330 1830 2387 illico
1856 2331 2031 2387 mise-

384 2423 700 2480 ricordiam
727 2437 860 2478 vere
897 2420 1227 2494 pcenitendo
1262 2420 1375 2475 nisi
1419 2421 1566 2476 forte
1609 2419 1889 2493 confugit.
1925 2419 2033 2475 Re-

384 2511 643 2570 centiora
670 2511 828 2568 enim
859 2510 1035 2567 citius
1065 2525 1241 2582 quam
1273 2510 1590 2565 vetustiora
1617 2508 1861 2565 vulnera
1891 2525 2035 2565 usus

383 2600 553 2659 docet
580 2599 792 2668 curari,
812 2598 969 2672 quod
997 2599 1239 2654 innuere
1260 2597 1484 2655 scilicet
1504 2599 1710 2671 probat
1731 2598 1831 2671 qui
1855 2597 2030 2653 dicit:

381 2690 476 2748 Sol
502 2707 616 2748 non
642 2688 852 2746 occidat
879 2704 1044 2760 super
1080 2686 1431 2744 iracundiam
1460 2694 1697 2743 vestram
1721 2688 1932 2759 (Ephes.
1956 2704 2031 2755 ιν,

381 2779 494 2851 26).
521 2778 647 2834 Mea
676 2777 823 2832 forte
859 2776 982 2831 hanc
1009 2792 1138 2847 qua
1182 2775 1337 2831 dicat
1376 2775 1663 2831 existere?
1694 2775 1828 2839 Quae
1857 2775 2034 2831 Jacob

383 2866 527 2923 dicit
555 2869 611 2922 et
638 2863 878 2931 Paulus,
914 2868 1073 2933 sunt,
1106 2863 1458 2931 charissimi,
1493 2863 1660 2920 mea?

451 2958 508 3011 7.
540 2953 654 3010 Sed
684 2969 757 3009 ne
783 2952 933 3008 forte
961 2953 1034 3008 ad
1082 2950 1548 3024 desperationem
1578 2969 1671 3008 me
1694 2969 1798 3009 vos
1828 2952 2036 3009 dicatis

383 3043 531 3102 velle
559 3040 924 3115 compellere,
949 3042 1134 3097 fateor
1163 3042 1318 3113 quod
1350 3058 1464 3097 non
1498 3040 1687 3097 solum
1721 3041 2031 3109 Martbam,

2137 1888 2540 1961 suggestione;
2583 1889 2760 1945 locum
2807 1897 2958 1944 tuum
2988 1904 3059 1943 ne
3086 1888 3364 1946 dimiseris
3411 1889 3748 1962 (Eccle.x,i);

2137 1977 2196 2032 id
2223 1981 2313 2033 est
2357 1975 2527 2032 illum
2580 1980 2799 2033 statum
2843 1976 3147 2043 bonitatis,
3178 1977 3239 2032 in
3270 1995 3388 2050 quo
3439 1983 3573 2034 tunc
3623 1993 3748 2044 eras,

2140 2066 2374 2138 quando
2406 2066 2465 2121 in
2518 2066 2745 2123 facinus
2797 2065 2962 2136 illud,
2986 2066 3142 2138 quod
3173 2065 3269 2123 ille
3319 2066 3428 2122 tibi
3474 2065 3749 2140 suggessit,

2140 2154 2472 2224 decideras;
2504 2172 2576 2211 ne
2605 2154 2925 2228 relinquas,
2958 2154 3327 2228 subjungens
3365 2172 3614 2225 causam,
3640 2154 3754 2227 quia

2139 2246 2373 2314 curatio,
2404 2243 2619 2316 inquit,
2641 2244 2701 2299 id
2735 2247 2825 2300 est
2849 2243 3192 2317 paenitentia
3209 2243 3299 2300 vel
3330 2245 3433 2301 Dei
3462 2242 3752 2309 clementia,

2140 2348 2349 2389 cessare
2375 2335 2541 2404 faciet
2568 2333 2766 2389 delicta
2803 2333 3008 2407 (Ibid).
3044 2332 3207 2388 Unde
3235 2337 3293 2389 et
3338 2334 3562 2408 egregie
3586 2334 3754 2405 Augu-

2142 2420 2356 2488 stinus,
2375 2425 2441 2477 ut
2466 2421 2850 2495 Augustinus,
2868 2422 3086 2489 omnia,
3114 2422 3216 2491 ait,
3241 2439 3375 2495 quas
3404 2422 3664 2478 timentur
3681 2436 3756 2476 ra-

2141 2510 2502 2566 tionabiliter
2520 2510 2907 2568 declinantur.
2924 2515 3077 2568 Deus
3099 2515 3295 2566 autem
3317 2511 3478 2568 solus
3495 2512 3572 2567 ita
3585 2511 3759 2566 timen‘

2143 2599 2255 2655 dus
2276 2603 2384 2668 est,
2409 2604 2476 2655 ut
2505 2600 2578 2655 ab
2608 2599 2737 2672 ipso
2759 2600 2833 2655 ad
2863 2599 3062 2672 ipsum
3083 2599 3477 2673 confugiatur.
3500 2601 3578 2656 Ex
3603 2599 3761 2654 infan-

2143 2686 2372 2743 tissimo
2393 2704 2526 2745 vero
2548 2687 2862 2743 Dominum
2889 2686 3147 2757 metitur,
3163 2687 3264 2760 qui
3289 2690 3464 2761 putat
3488 2705 3610 2745 eum
3640 2687 3758 2743 adeo

2143 2776 2330 2849 pium,
2353 2780 2419 2832 ut
2447 2793 2564 2833 non
2595 2780 2760 2833 curet
2785 2779 3075 2848 quantum
3103 2793 3138 2832 a
3167 2776 3378 2849 quovis
3408 2776 3654 2844 laedatur,
3674 2772 3756 2831 sed

2145 2864 2366 2938 absque
2396 2866 2795 2923 satisfactione
2822 2864 3021 2921 debita
3049 2882 3164 2921 non
3194 2863 3397 2922 solum
3424 2865 3658 2932 veniam,
3677 2861 3760 2919 sed

2145 2953 2321 3011 etiam
2351 2953 2591 3028 praemia
2628 2953 2940 3010 immeritis
2976 2952 3280 3026 largiatur.
3315 2955 3378 3010 Si
3410 2956 3574 3035 enim.
3588 2954 3660 3009 ita
3683 2967 3760 3007 es-

2146 3046 2252 3108 set,
2277 3046 2597 3100 amatorem
2625 3041 2766 3098 mali
2804 3042 3121 3098 Dominum
3163 3042 3419 3100 existere
3443 3042 3653 3119 opinari
3678 3040 3763 3097 ha

386 3134 491 3190 sed
523 3131 698 3189 etiam
729 3148 858 3203 qua:
885 3130 1168 3203 optimam
1199 3129 1375 3203 elegit
1404 3133 1653 3203 partem,
1676 3130 1726 3186 si
1750 3130 1948 3201 vultis,
1982 3133 2040 3187 et
2079 3200 2109 3206 _
2148 3148 2265 3202 mo,
2299 3131 2445 3189 falso
2476 3132 2631 3200 licet,
2661 3131 2896 3188 valeret.
2929 3133 3003 3187 At
3024 3132 3258 3203 justum
3289 3131 3634 3206 injustitiam
3657 3128 3764 3186 dili-

386 3200 856 3296 quandocunque
879 3200 1077 3285 vultis,
1098 3200 1317 3275 imitari
1346 3200 1550 3275 valetis
1580 3236 1715 3275 cum
1746 3200 2036 3292 adjutorio
2067 3200 2111 3269 α
2148 3200 2284 3293 gere
2313 3238 2429 3277 non
2461 3221 2731 3293 sequitur
2758 3235 2950 3293 posse.

383 3310 489 3369 Dei
510 3309 775 3367 Mariam.
796 3307 902 3364 Illa
925 3306 1082 3363 enim
1114 3306 1305 3380 qualis
1327 3307 1501 3364 fuerit
1521 3312 1709 3378 antea,
1734 3309 1962 3382 sapitis,
1986 3308 2037 3365 si

383 3403 586 3458 tamen
629 3397 914 3471 sapienda
942 3396 1294 3469 cognoscitis
1329 3412 1341 3452 :
1378 3396 1569 3468 qualis
1610 3414 1743 3453 vero
1774 3401 1908 3471 post
1935 3396 2036 3454 Dei

384 3485 849 3549 misericordiam
882 3484 1036 3541 facta
1064 3483 1160 3553 sit,
1185 3500 1520 3557 agnoscere,
1539 3485 1587 3541 si
1618 3485 1779 3554 libet,
1800 3485 2034 3557 valetis;

383 3592 574 3651 neque
595 3577 667 3633 de
684 3572 851 3631 vehis
876 3573 933 3630 id
960 3590 1192 3647 quoque
1214 3574 1339 3630 ﬁeri
1365 3592 1535 3647 posse
1554 3576 1863 3649 desperare
1884 3593 2034 3649 quo-

383 3666 796 3737 modocunque
820 3663 1065 3721 debetis.
1097 3664 1209 3720 Fac
1238 3663 1463 3736 itaque,
1487 3664 1637 3734 dico,
1672 3666 1829 3738 quod
1875 3665 2032 3738 fecit,

382 3758 440 3812 et
459 3764 631 3826 spera
653 3753 810 3826 quod
832 3752 1064 3808 meruit.
1086 3751 1199 3807 Oh!
1226 3769 1404 3825 quam
1421 3769 1554 3810 vero
1573 3752 1803 3810 nullum
1825 3754 2033 3811 talium

381 3858 637 3914 usquam
677 3845 945 3913 putarem
977 3839 1182 3911 (1573),
1208 3840 1723 3912 desperatissimus
1766 3843 2033 3915 gentium

380 3946 478 3988 me
507 3930 704 4003 ipsum
734 3928 1133 3997 considerans,
1161 3945 1310 3996 esse,
1344 3928 1393 3985 si
1426 3946 1541 3985 non
1568 3930 1925 4003 promissum
1955 3935 2036 3988 te-

382 4033 617 4075 nerem:
642 4019 774 4073 Ecce
802 4032 897 4086 ego
916 4017 1190 4072 vobiscum
1213 4034 1336 4073 sum
1366 4020 1617 4075 omnibus
1651 4019 1841 4075 diebus
1866 4037 2034 4092 usque

383 4107 455 4165 ad
499 4107 1023 4164 consummationem
1076 4107 1272 4164 saeculi
1308 4106 1513 4179 (Matth.
1556 4125 1752 4178 xxvm,
1803 4108 1926 4182 20)!
1967 4110 2031 4166 In

382 4195 599 4270 quibus
627 4194 786 4252 enim
816 4197 905 4250 est
930 4193 1258 4263 nobiscum,
1285 4195 1396 4250 nisi
1427 4196 1484 4251 in
1510 4195 1604 4267 iis,
1629 4213 1776 4269 quos
1807 4198 1877 4253 de
1907 4199 2032 4256 suis

379 4284 559 4342 habet
588 4282 939 4340 nobiscum?
964 4282 1021 4337 Si
1045 4300 1161 4338 non
1194 4288 1284 4339 est
1311 4284 1467 4339 enim
1500 4302 1731 4341 mecum
1765 4303 1870 4360 pro
1902 4304 2035 4344 mea

378 4372 766 4447 malignitate,
783 4375 872 4428 est
892 4387 1125 4427 mecum
1147 4388 1249 4444 pro
1271 4371 1429 4429 illius
1453 4374 1551 4447 qui
1572 4390 1799 4431 mecum
1823 4380 1912 4433 est
1936 4378 2034 4434 bo-

2214 3310 2683 3367 8.Consiliarium
2705 3309 2807 3365 sed
2829 3310 2900 3366 ad
2933 3308 3042 3365 hoc
3061 3308 3358 3368 habemus
3388 3309 3675 3385 perutilem
3695 3307 3760 3363 ita

2144 3398 2436 3456 dicentem
2463 3415 2476 3455 :
2500 3400 2575 3456 De
2597 3400 2897 3472 propitiato
2923 3405 3139 3471 peccato
3165 3400 3285 3457 noli
3317 3416 3434 3458 esse
3458 3402 3574 3458 sine
3598 3402 3721 3455 metu
3746 3412 3757 3451 :

2143 3492 2195 3544 et
2221 3505 2290 3546 ne
2317 3489 2549 3561 adjicias
2570 3496 2854 3561 peccatum
2878 3504 3051 3560 supra
3076 3496 3366 3560 peccatum
3393 3491 3604 3547 dicens:
3631 3488 3758 3545 Misso

2142 3578 2382 3635 ricordia
2408 3579 2509 3634 Dei
2535 3593 2736 3649 magna
2756 3581 2853 3645 est,
2876 3576 3250 3633 multitudinis
3274 3582 3616 3650 peccatorum
3642 3591 3759 3632 meo-

2141 3684 2267 3723 rum
2293 3666 2677 3723 miserebitur:
2699 3665 3077 3722 misericordia
3099 3667 3245 3743 enim
3275 3672 3335 3724 et
3362 3670 3455 3725 ira
3480 3670 3547 3725 ab
3575 3665 3760 3723 illocilo

2134 3757 2481 3829 proximat,
2513 3764 2565 3812 et
2594 3756 2656 3811 in
2680 3763 2980 3829 peccatores
3020 3758 3238 3828 respicit
3286 3758 3383 3815 ira
3426 3759 3578 3815 illius
3605 3753 3759 3830 (Eccli.

2139 3864 2194 3915 ν,
2217 3847 2351 3918 5-7).
2378 3845 2677 3917 Itemque:
2710 3846 2791 3900 Da
2824 3845 3261 3902 misericordiam
3298 3849 3476 3919 justo,
3505 3856 3643 3904 etne
3663 3857 3759 3899 sus-

2140 3937 2311 4007 cipias
2329 3938 2698 4007 peccatorem;
2739 3935 3003 4007 quoniam
3031 3941 3085 3991 et
3110 3935 3427 3994 Altissimus
3473 3935 3588 3993 odio
3630 3931 3760 3989 habet

2134 4032 2456 4096 peccatores,
2487 4031 2538 4080 et
2579 4025 2829 4079 misertus
2858 4026 2935 4079 est
2959 4023 3379 4095 pcenitentibus,
3410 4029 3465 4081 et
3497 4019 3757 4097 peccatori-

2143 4114 2239 4170 bus
2265 4112 2450 4170 reddet
2483 4111 2800 4179 vindictam,
2833 4112 3137 4168 custodiens
3165 4128 3251 4169 eos
3294 4115 3360 4169 in
3405 4114 3494 4170 die
3536 4109 3757 4168 vindictae

2141 4202 2328 4275 (Eccli.
2350 4220 2447 4271 xu,
2470 4202 2525 4269 3,
2547 4201 3004 4272 4).Rursumque
3027 4217 3040 4257 :
3063 4202 3301 4273 Benefae
3349 4202 3567 4267 humili,
3596 4209 3643 4256 et
3667 4212 3755 4252 non

2138 4292 2350 4348 dederis
2380 4292 2581 4363 impio;
2605 4290 2835 4363 prohibe
2857 4307 3029 4362 panes
3060 4290 3149 4346 illi
3175 4290 3324 4360 dari,
3351 4309 3423 4349 ne
3455 4294 3511 4348 in
3539 4288 3660 4363 ipsis
3674 4301 3753 4360 po-

2140 4382 2343 4437 tentior
2372 4383 2425 4435 te
2452 4381 2559 4445 sit;
2587 4396 2721 4435 nam
2740 4377 2984 4452 duplicia
3004 4380 3157 4435 mala
3184 4380 3434 4439 invenies
3462 4382 3519 4437 in
3537 4378 3754 4436 omnibus

377 4464 581 4520 nitate.
614 4462 709 4520 Sic
735 4461 893 4518 enim
918 4461 1191 4534 promisit
1220 4462 1465 4519 dicendo
1498 4480 1511 4518 :
1550 4464 1650 4521 Ubi
1677 4465 1782 4521 duo
1812 4467 1895 4523 vel
1925 4476 2032 4525 tres
2141 4470 2317 4538 bonis,
2338 4470 2600 4541 quoniam
2629 4472 2679 4523 et
2707 4469 3017 4524 Altissimus
3045 4468 3168 4525 odio
3203 4469 3369 4527 habet
3393 4473 3697 4544 peccatores,
3715 4469 3756 4519 et

374 4553 689 4624 congregati
714 4552 926 4624 fuerint
961 4552 1021 4606 in
1067 4554 1289 4608 nomine
1319 4567 1455 4622 meo,
1489 4553 1568 4608 ibi
1611 4571 1733 4610 sum
1764 4557 1825 4610 in
1850 4556 2028 4615 medio
2056 4572 2104 4638 Β
2132 4559 2319 4630 impiis
2340 4557 2523 4614 reddet
2544 4556 2845 4613 vindictam
2862 4557 3044 4627 (Ibid.,
3066 4557 3120 4628 6,
3138 4559 3213 4630 7).
3235 4558 3279 4615 Ο
3303 4575 3486 4632 quam
3506 4573 3632 4631 ergo
3650 4553 3755 4612 sine

375 4656 564 4698 eorum
609 4640 812 4711 (Matth.
845 4657 1004 4704 xvm,
1028 4640 1139 4713 20).
1165 4641 1327 4706 Quod
1374 4642 1601 4698 utinam
1650 4647 1708 4699 et
1753 4644 2020 4703 diabolus
2130 4652 2291 4704 metu
2312 4651 2578 4720 peccator
2600 4646 2771 4703 debet
2795 4646 3040 4703 existere
3062 4647 3269 4721 (1674),
3294 4647 3346 4705 si
3378 4649 3462 4705 ita
3488 4651 3597 4714 est,
3624 4643 3752 4701 644

375 4745 495 4786 non
525 4727 813 4799 potuisset
850 4727 922 4783 de
963 4728 1089 4784 suis
1133 4729 1439 4786 nobiscum
1469 4732 1840 4790 versantibus
1871 4734 2025 4792 dice-
2131 4736 2219 4793 vel
2250 4737 2321 4793 ad
2357 4735 2654 4792 modicum
2701 4734 2923 4807 nullus,
2956 4736 3175 4792 nedum
3224 4738 3414 4794 nostri
3461 4730 3752 4795 consimilis

374 4834 467 4887 re;
499 4815 755 4890 profecto
786 4815 943 4872 enim
974 4816 1121 4872 nulli
1155 4822 1423 4875 nostrum
1455 4821 1800 4892 probaretur
1827 4822 2024 4880 Domi-
2133 4824 2315 4882 ullust
2363 4825 2671 4898 Sapientiae
2721 4825 2820 4881 sed
2854 4824 3284 4896 particulariter
3328 4825 3503 4894 libro,
3526 4823 3617 4898 qui
3660 4821 3752 4877 hoc

374 4922 520 4964 num
550 4903 770 4961 dixisse
794 4921 806 4961 :
833 4906 1123 4976 Propterea
1150 4922 1238 4963 vos
1267 4922 1374 4962 non
1405 4908 1630 4977 auditis,
1664 4912 1795 4980 quia
1821 4928 1890 4967 ex
1918 4913 2024 4971 Deo
2133 4918 2329 4970 cantat
2347 4914 2495 4987 ipse,
2512 4913 2830 4969 videndum
2852 4913 2924 4982 ei,
2944 4912 2993 4970 si
3016 4912 3203 4986 possit
3229 4913 3631 4988 aliquid,quod
3652 4924 3751 4966 non

374 5012 484 5053 non
514 4997 642 5051 estis
666 4993 851 5066 (Joan.
874 5010 993 5063 VIII,
1028 4995 1118 5066 47)
1143 5011 1155 5051 :
1184 4999 1240 5051 et
1269 4996 1471 5068 utique
1500 4996 1587 5051 illi
1620 5016 1806 5071 neque
1836 5002 2020 5072 surdi,
2132 5004 2209 5059 sit
2238 5004 2617 5070 credendum,
2640 5003 2871 5058 inesse:
2902 5002 3035 5075 Ipsa
3057 5020 3189 5060 vero
3210 5007 3299 5060 est
3320 5001 3750 5077 Sapientia,que

372 5101 563 5159 neque
612 5082 885 5139 absentes
930 5087 1118 5151 erant,
1151 5084 1368 5156 quibus
1399 5084 1506 5141 hoc
1538 5085 1870 5161 dicebatur;
1920 5092 2022 5148 sed
2130 5091 2190 5147 in
2221 5091 2529 5165 Evangelio
2580 5091 2722 5146 dicit
2753 5108 2766 5146 :
2807 5093 2915 5163 Ego
2951 5108 3075 5148 sum
3112 5096 3314 5149 veritas
3349 5095 3526 5163 (Joan.
3552 5086 3749 5157 mali);

444 5189 629 5270 (1_5'_73)
657 5192 937 5270 Construe
969 5207 982 5246 :
1021 5191 1216 5270 Verum
1260 5207 1354 5262 ego
1395 5192 1748 5270 stultissimus
1774 5198 2022 5270 gentium
2123 5201 2292 5270 possit
2319 5200 2492 5255 inesse
2542 5198 2779 5269 aliquid,
2814 5198 2953 5269 quod
3003 5198 3333 5256 credendum
3379 5216 3492 5256 non
3529 5199 3618 5254 sit.
3646 5196 3749 5270 Ipsa

368 5261 716 5343 considerans
743 5263 1033 5343 meipsum,
1065 5263 1186 5343 oh!_
1208 5279 1373 5334 quam
1402 5268 1658 5343 putarem
1686 5261 1904 5321 nullum
1934 5276 2020 5323 ta-
2123 5261 2252 5325 vero
2309 5275 2385 5324 est
2419 5261 2742 5343 Sapientia,
2777 5261 2900 5339 quae
2949 5270 3084 5326 dicit
3138 5273 3201 5326 in
3256 5272 3549 5343 Evangelia
3588 5286 3607 5325 :
3650 5261 3749 5335 E80

370 5335 926 5423 (inmissenusquum,
952 5335 1002 5390 si
1018 5350 1142 5423 (non.
1167 5338 1403 5423 tenerem
1430 5337 1781 5423 promissum,
1816 5344 1950 5423 etc.“
2128 5357 2259 5423 sum
2315 5335 2556 5423 veritas;
2606 5335 2836 5423 cumque
2881 5356 3191 5423 concessum
3233 5335 3431 5423 [κανεῖ
3461 5358 3569 5398 non
3595 5348 3746 5423 f0?“

440 5405 626 5495 (
655 5403 1315 5495 Qppstrue'ita‘est,
1332 5403 1444 5495 oh
1479 5424 1642 5495 quam
1672 5403 2018 5495 ergo'null‘us
2127 5413 2300 5495 inesse
2323 5415 2376 5468 ei
2401 5403 2560 5495 libro
2604 5403 2836 5495 aliquid,
2869 5413 3009 5495 quod
3036 5403 3365 5495 credentium
3406 5429 3533 5495 non.
3555 5403 3640 5495 sit,
3671 5407 3747 5495 inf

360 5475 627 5556 peccator,
651 5475 852 5556 nedum
883 5476 1032 5556 ullus
1073 5476 1247 5556 nostri
1289 5475 1612 5556 consimilis,
1634 5475 2017 5556 veladmodi-
2123 5485 2284 5555 ferat,
2314 5484 2444 5554 quid
2470 5487 2644 5555 potest
2672 5475 2946 5539 contraire
2986 5487 3205 5541 veritati
3246 5489 3433 5556 tantae.
3466 5484 3616 5556 Dicat
3638 5491 3746 5556 vero

365 5547 503 5621 cum
517 5547 671 5601 debet
690 5549 936 5621 existere
962 5547 1081 5621 sine
1123 5554 1271 5621 metu
1288 5552 1307 5601 !
1354 5547 1455 5603 Sed
1497 5547 1911 5621 particulariter
1936 5555 2016 5609 vi-

690 5550 936 5629 _existefe
962 5550 1081 5629 sine
1123 5552 1307 5629 metu!
1354 5550 1463 5629 Sed.
1497 5553 1911 5629 particulariter
1936 5555 2016 5609 vi-
2123 5550 2378 5629 quilibet,
2432 5550 2620 5610 utrum
2668 5557 2899 5611 eristere
2963 5558 3131 5628 possit
3181 5555 3397 5629 aliquid
3457 5550 3746 5610 mirabilius

365 5618 601 5677 dendum
646 5617 718 5683 ei,
750 5619 800 5672 si
830 5617 967 5672 libro
1016 5618 1332 5687 Sapientiae,
1366 5622 1463 5689 qui
1497 5617 1621 5693 ipse
1666 5623 1764 5680 hoc
1809 5629 2011 5694 cantat,

2124 5627 2293 5683 dictu.
