4064 6174
442 326 567 387 779

774 321 1336 385 LIUTPRANDUS
1381 320 1936 383 CREMONENSIS
1982 318 2436 381 EPISCOPUS.
2469 350 2548 363 --
2575 318 2895 379 NOTI'I‘IA
2938 315 3144 380 HIST.
3190 315 3287 379 ET
3327 314 3510 380 BIBL.

3681 322 3780 384 780

441 457 598 521 folio,
629 453 782 528 typis
809 454 1207 525 Ascensianis,
1242 455 1517 511 omnibus
1546 452 1773 511 lacunis
1804 457 1862 508 et
1891 454 2092 525 dcpra-
2120 453 2175 520 Α
2206 450 2470 507 Ramirez
2500 451 2572 506 de
2598 451 2783 506 Prado
2822 449 2881 505 in
2914 448 3167 507 editione
3198 449 3441 524 Operam
3471 448 3781 524 Liudprandi

436 545 585 601 vatis
616 544 834 601 codicis
880 545 1319 602 Gemblacensis
1367 542 1713 600 lectionibus
1744 541 2083 615 conspicua,

439 633 655 706 quibus
667 634 854 690 editor
866 636 1203 706 conjectura
1218 652 1325 691 sua
1336 633 1644 690 subvenire
1658 647 2084 704 nonnunquam

422 721 597 779 haud
629 722 952 792 infeliciter,
973 725 1187 797 sacpius
1207 740 1362 790 vero,
1383 726 1448 779 ut
1477 739 1580 796 pro
1610 721 1893 795 singulari
1920 720 2089 776 Liud-

440 811 650 884 prandi
711 811 1002 868 scribendi
1068 812 1293 869 ratione
1349 812 1506 868 haud
1555 810 1728 868 aliter
1763 810 2085 883 exspectari

441 902 667 971 poterat
717 902 959 957 adversa
990 902 1225 959 fortuna
1254 902 1514 958 tentavit.

511 990 566 1061 6)
598 994 654 1044 C.
685 990 879 1062 regius
905 991 1256 1047 Parisiensis
1284 1010 1340 1046 n.
1370 992 1532 1061 5922,
1557 991 1829 1055 membr.,
1863 1006 2090 1045 senex”

440 1077 501 1132 in
533 1076 845 1134 Germania
863 1083 1156 1146 exaratus,
1181 1078 1389 1136 sacculo
1409 1096 1502 1144 xv,
1536 1079 1676 1134 liber
1705 1081 1889 1134 sancte
1926 1078 2094 1133 Maria

439 1168 674 1239 virginis
722 1169 781 1222 in
833 1168 1120 1239 Otterburg
1184 1168 1495 1237 Magzmtine
1551 1168 1779 1223 diocesis
1835 1166 2093 1238 Gregorii

443 1255 805 1312 Turonensis
844 1256 1101 1312 historia:
1132 1257 1271 1313 eccl.
1316 1256 1496 1313 libros
1542 1261 1661 1313 tres
1705 1256 1929 1329 priores
1958 1273 2094 1313 cum

442 1343 611 1400 initio
643 1346 988 1417 quarti,tum
1012 1345 1330 1419 Reginonis
1354 1345 1681 1402 Chronicon
1706 1346 1930 1417 absque
1959 1362 2093 1401 con-

444 1432 874 1491 tinuationibus
894 1435 1129 1505 praebet,
1163 1435 1256 1490 cui
1288 1436 1726 1506 Antapodoseos
1767 1434 1868 1488 lib.
1898 1452 1937 1502 ι,
1965 1452 2015 1490 c.
2041 1435 2099 1488 5-

450 1522 509 1576 11
540 1540 553 1591 ;
581 1537 660 1591 v1,
689 1523 745 1590 5,
800 1540 986 1596 usque
1029 1525 1250 1580 arbores
1299 1524 1692 1593 subvehuntur,
1742 1541 1820 1589 vr,
1855 1524 1908 1593 8,
1957 1523 2012 1591 9,
2042 1526 2100 1578 et

447 1609 712 1666 Historias
743 1610 971 1669 Ottonis
1012 1629 1140 1684 cap.
1184 1612 1274 1679 15,
1306 1612 1442 1668 inde
1471 1613 1544 1668 ab
1574 1614 1670 1669 His
1720 1611 1881 1668 dictis
1912 1628 2099 1685 usque

448 1715 575 1772 cap.
604 1700 695 1767 20,
729 1701 794 1755 ob
842 1700 1197 1757 elemosinam
1236 1702 1462 1758 adnexa
1500 1705 1659 1758 sunt.
1694 1702 1829 1766 Quae
1860 1701 2099 1774 quidem

449 1805 610 1861 aeque
635 1781 722 1845 ac.
1589 1847 1594 1852 .

515 1880 574 1947 7)
604 1878 665 1933 C.
716 1878 1106 1935 Bruxellensis
1155 1879 1341 1935 chart.
1376 1881 1435 1936 in
1486 1879 1583 1935 fol.
1619 1896 1749 1936 saec.
1794 1896 1907 1947 xw,
1960 1878 2098 1935 olim

448 1966 681 2022 Antonii
705 1967 879 2023 Cauci
912 1967 1332 2040 archiepiscopi
1364 1967 1758 2040 Coripbensis,
1792 1972 1867 2023 et.

521 2055 578 2121 8)
610 2055 670 2109 C.
719 2055 1144 2112 Ambrosianus
1193 2056 1376 2113 chart.
1433 2074 1563 2113 saac.
1595 2074 1708 2124 xw,
1759 2058 1859 2128 qui
1890 2056 2098 2113 iisdem

451 2143 647 2201 verbis
682 2161 748 2200 ac
778 2144 1042 2200 edtiones
1072 2145 1309 2214 desinit,
1347 2145 1428 2201 ita
1458 2150 1794 2218 comparata
1815 2150 2000 2213 erant,
2033 2150 2103 2202 ut

452 2233 525 2289 iis
556 2233 615 2288 in
648 2250 795 2289 nova
820 2233 1073 2291 editione
1104 2235 1344 2291 omnino
1377 2252 1482 2291 nos
1512 2251 1709 2307 carere
1738 2251 1908 2307 posse
1939 2234 2102 2290 intel-

453 2319 713 2393 ligerem.
1596 2306 1604 2323 ’

524 2409 669 2464 Liud
679 2412 883 2483 prandi
898 2411 1155 2467 historiae
1168 2412 1478 2468 undecimo
1491 2417 1547 2468 et
1559 2412 1904 2469 duodecimo
1920 2430 2097 2469 saecu-

448 2498 505 2555 lo
518 2499 590 2554 ab
604 2499 899 2557 historicis
916 2502 972 2557 in
994 2518 1138 2558 usus
1155 2519 1295 2558 suos
1307 2518 1595 2558 conversae
1613 2503 1849 2570 sunt,ab
1867 2507 2104 2559 auctore

449 2588 594 2643 Vita:
625 2589 811 2644 sancti
861 2590 1103 2646 Gerardi
1144 2591 1497 2658 Broniensis,
1541 2591 1885 2647 Ekkehardo
1917 2591 2101 2647 Urau-

452 2676 659 2749 giensi,
683 2677 1037 2750 chronologo
1070 2680 1352 2745 Farfensi,
1384 2683 1441 2734 et
1488 2680 1787 2751 Sigeberto
1828 2680 2104 2737 Gembla-

454 2766 611 2821 censi
637 2783 650 2833 ;
684 2766 896 2822 saeculo
926 2784 1028 2822 xm
1060 2768 1131 2822 ab
1161 2766 1425 2823 Alberico
1456 2769 1665 2823 Trium
1689 2768 1962 2824 Fontium
1987 2784 2107 2824 mo-

455 2853 643 2909 nacho
669 2872 682 2921 ;
704 2855 913 2910 saeculo
944 2872 1040 2911 xxv
1067 2856 1139 2910 ab
1173 2855 1418 2911 Henrico
1441 2856 1512 2911 de
1541 2856 1864 2925 Hervodia;
1896 2856 2105 2913 saeculo

455 2960 528 2997 xv
578 2959 612 2995 a
658 2941 978 2998 Trilhemio
1009 2943 1222 2999 abbate
1259 2944 1730 3016 Spanheimensi.
1778 2944 2104 3002 Editionem

455 3030 802 3104 principem,
836 3035 902 3087 ut
928 3048 1107 3103 supra
1130 3033 1607 3102 memoravimus,
1640 3050 1794 3090 anno
1818 3034 1954 3089 1514
1984 3034 2107 3090 vul-

457 3124 674 3192 gatam,
726 3120 1044 3193 Hervagius
1092 3119 1152 3176 in
1179 3120 1433 3177 editione
1484 3122 1801 3178 Basileensi
1836 3140 1930 3177 an.
1967 3124 2107 3179 1532

422 3196 428 3204 ’
459 3208 713 3280 repetiit,
743 3192 1003 3265 adhibito
1028 3213 1226 3267 tamen
1250 3210 1452 3283 paucis
1478 3211 1539 3266 in
1560 3211 1704 3268 locis
1734 3212 1916 3268 codici
1938 3212 2101 3269 bona:
2132 3192 2176 3260 C-

462 3301 631 3364 not.e,
665 3299 836 3369 cujus
866 3298 1142 3355 lectiones
1160 3301 1218 3355 in
1237 3303 1396 3356 textu
1421 3302 1493 3355 ab
1519 3301 1656 3356 inde
1674 3308 2100 3359 remanserunt.

459 3387 605 3443 Nam
638 3386 850 3443 librum
887 3388 1277 3445 Basileensem
1310 3390 1565 3446 universi
1598 3394 1801 3463 postea
1829 3392 2103 3461 editores,

458 3477 668 3537 Justus
696 3478 998 3535 Reuberus
1022 3478 1080 3534 in
1107 3479 1209 3537 SS.
1234 3496 1309 3536 an
1336 3480 1476 3535 1584
1494 3483 1551 3536 et
1580 3479 1741 3550 1519,
1761 3480 2107 3538 Laurentius

2128 1826 2178 1892 B

2193 538 2621 613 Antvierpiensi
2640 556 2734 595 an.
2758 538 3214 607 16110,Chesnius
3237 544 3375 596 tom.
3395 539 3465 595 III
3485 540 3577 597 SS.
3597 542 3786 599 Franci-

2199 645 2401 684 corum
2433 646 2528 685 an.
2572 629 2732 695 1641,
2762 629 3022 685 Joannes
3050 630 3109 684 in
3140 646 3286 686 nova
3316 628 3551 686 editione
3578 630 3789 703 Scripto-

2205 735 2338 774 rum
2363 718 2612 774 Reuberi
2639 734 2735 773 an.
2762 717 2925 785 1726,
2965 720 3024 774 et
3053 718 3403 775 mutariorus
3430 718 3583 774 annis
3610 720 3726 775 1723
3746 738 3794 792 et

2199 807 2341 863 1726
2368 807 2469 864 SS.
2504 806 2656 874 Ital.,
2688 810 2833 862 tom.
2853 810 2931 875 II,
2962 811 3395 880 expresserunt,
3417 807 3524 862 nisi
3544 808 3678 880 quod
3698 809 3795 865 Mu-

2199 895 2706 965 ratorium,allatis
2726 900 2868 951 tom.
2883 896 2931 951 II
2950 897 3013 952 B.
3032 896 3257 969 aliquot
3278 894 3531 953 codicum
3546 895 3794 953 Vindobo-

2200 985 2475 1041 nensium
2495 985 2565 1041 3a
2596 985 2756 1040 et3c'
2788 983 3159 1054 lectionibus,
3186 986 3387 1042 tertias
3416 985 3796 1057 quodammodo

2203 1073 2395 1147 operis
2425 1089 2596 1137 curas
2627 1073 2957 1129 admovisse
2987 1072 3180 1130 dicere
3212 1073 3429 1147 possis.

2274 1162 2408 1218 Jam
2439 1162 2553 1218 tria
2581 1166 2713 1235 post
2738 1160 2956 1219 saecula
2976 1179 3125 1219 nova
3154 1161 3328 1219 editio
3360 1162 3428 1218 ad
3453 1179 3693 1220 normam
3719 1181 3800 1220 au-

2206 1251 2477 1326 tographi
2545 1250 2834 1319 instituta,
2901 1254 3187 1324 quantum
3241 1269 3275 1308 a
3322 1251 3552 1324 reliquis
3593 1251 3802 1318 differat,

2211 1345 2433 1413 quanto
2453 1340 2710 1396 histories
2737 1340 3043 1396 commodo
3057 1341 3185 1412 jam
3207 1341 3463 1413 prodeat,
3485 1356 3648 1413 penes
3667 1340 3796 1397 lecto

2208 1447 2300 1486 res
2321 1429 2618 1502 judicium
2650 1433 2794 1486 esto.
2841 1428 3225 1502 Amplissima
3268 1429 3578 1486 lectionum
3624 1434 3801 1501 segete,

2209 1536 2410 1592 quam,
2445 1522 2761 1591 antequam
2785 1518 3218 1592 autographum
3240 1518 3311 1575 ad
3343 1535 3550 1575 manus
3575 1518 3805 1586 venisset,

2210 1626 2279 1666 ex
2308 1608 2610 1665 codicibus
2640 1606 3139 1678 Bruxellensibus,
3166 1607 3624 1665 Londinensibus
3649 1612 3699 1663 et
3714 1609 3807 1662 Au-

2210 1697 2441 1755 striacis
2475 1696 2843 1771 collegeram,
2873 1698 3078 1767 recisa,
3109 1714 3208 1755 eas
3234 1700 3462 1754 tantum
3492 1697 3679 1754 afferre
3708 1694 3808 1769 pla-

2212 1786 2516 1854 cuit,unde
2541 1786 2802 1844 diversas
2814 1785 3078 1843 codicum
3092 1782 3311 1844 classes
3332 1801 3631 1860 agnoscere
3649 1785 3807 1841 datur.

2212 1877 2369 1931 Idem
2387 1876 2448 1931 in
2466 1875 2930 1948 corruptissimis
2950 1875 3275 1932 editionum
3299 1875 3634 1933 lectionibus
3651 1874 3813 1930 obser-

2210 1964 2356 2021 vavi.
2388 1967 2543 2021 Auro
2575 1965 2733 2022 enim
2763 1964 3083 2038 purissimo
3112 1965 3373 2034 decocto,
3407 1965 3645 2023 scoriam
3673 1962 3811 2020 relin-

2214 2069 2390 2126 quere
2418 2052 2688 2110 delectat.

2286 2142 2616 2215 Legationis
2646 2141 2911 2198 libellum
2945 2158 2980 2198 a
3003 2141 3232 2199 Canisio
3263 2159 3386 2199 una
3413 2159 3542 2199 cum
3570 2139 3814 2198 chronicis

2211 2231 2463 2289 Victoris
2493 2233 2914 2289 Tunnunensis
2937 2236 2993 2288 et
3021 2232 3268 2289 Joannis
3289 2231 3646 2291 Biclariensis
3664 2229 3817 2303 lngo]-

2214 2321 2387 2379 stadii
2419 2340 2472 2378 a.
2506 2322 2644 2377 1600
2674 2322 2828 2378 ἱιι-4ο
2870 2322 3131 2394 primum
3157 2322 3514 2396 evulgatum,
3543 2320 3768 2393 indeque
3791 2335 3818 2374 a

2214 2411 2460 2467 Baronio
2489 2412 2560 2467 ad
2593 2428 2688 2468 an.
2711 2410 3177 2479 968,Muratorio
3209 2411 3312 2468 SS.
3342 2412 3436 2477 lI.,
3457 2415 3513 2467 et
3538 2407 3811 2466 Niebuhrio

2214 2517 2343 2557 meo
2368 2504 2512 2557 tom.
2536 2501 2612 2556 XI
2636 2501 2733 2557 SS.
2762 2499 3002 2574 Byzant,
3027 2500 3361 2572 repetitum,
3378 2501 3502 2572 jam
3519 2499 3663 2556 edita
3679 2499 3821 2553 Anta-

2215 2590 2416 2662 podosi
2450 2593 2508 2645 et
2535 2589 2791 2645 Historia
2816 2589 3045 2645 Ottonis
3078 2588 3438 2662 Liudprandi
3459 2585 3728 2646 scribendi
3745 2602 3819 2641 ra-

2213 2679 2432 2735 tionem
2463 2681 2520 2734 et
2548 2682 2812 2734 textuum
2843 2677 3280 2751 corruptionem
3302 2678 3540 2751 experti,
3576 2677 3820 2733 intactum

2215 2766 2565 2840 relinquere,
2596 2767 2731 2824 licet
2759 2767 2957 2824 codice
2985 2766 3158 2823 unico
3184 2767 3513 2824 Trevirensi
3540 2763 3820 2839 deperdito,

2216 2856 2379 2912 nefas
2408 2856 2706 2925 duximus,
2738 2860 2914 2929 atque
2945 2872 3119 2929 opere
3158 2860 3432 2930 suscepto
3460 2859 3653 2929 praeter
3687 2865 3821 2926 spem

2216 2946 2433 3001 factum
2459 2950 2569 3014 est,
2603 2949 2670 3001 ut
2685 2944 2828 3001 locis
2851 2944 3156 3002 nonnullis
3175 2945 3377 3018 magni
3400 2942 3666 3001 momenti
3689 2955 3826 2997 sana-

2215 3034 2671 3091 tumlectoribus
2685 3033 3217 3107 proponerejliceat.
3238 3033 3607 3107 Legationem
3629 3030 3824 3086 «livore

2213 3127 2270 3179 et
2298 3124 2429 3180 odio
2460 3123 2692 3196 plenam
2723 3140 2925 3180 verum
2957 3123 3047 3179 sic
3081 3140 3318 3197 quoque
3350 3124 3421 3179 ad
3454 3138 3639 3179 rerum
3665 3115 3826 3190 cogni-

2214 3212 2433 3269 tionem
2456 3211 2834 3269 utilissimam
2861 3235 2889 3263 »
2915 3211 3273 3270 Niebuhrius
3305 3204 3829 3286 pradicat;et1.iud-

2215 3302 2425 3375 prandi
2475 3302 2537 3357 in
2586 3319 2655 3359 ea
2700 3303 2964 3359 animum
2996 3302 3214 3375 vigoris
3260 3307 3321 3358 et
3372 3298 3698 3375 eloquentia":
3737 3289 3830 3351 sibi

2218 3396 2430 3464 parata:
2456 3391 2680 3465 apicem
2713 3392 2999 3465 attigisse,
3032 3408 3229 3448 rerum
3261 3409 3468 3449 earum
3500 3384 3729 3447 studiosi
3748 3384 3828 3457 ju-

2219 3482 2518 3538 dicabant.
