4014 6186
243 327 367 398 789
1230 336 1846 402 ANTAPODOSEOS
1888 340 2095 404 LIBRI
2140 341 2314 406 SEX.
2345 376 2425 391 -
2451 343 2599 408 LIB.
2645 343 2693 408 I.
3536 345 3656 411 790

239 439 387 554 λοσίᾴ
412 485 564 541 αὐτοῦ
595 494 666 537 en
695 476 738 534 ti
769 470 1126 535 ecbmalosia
1153 473 1314 543 aute,
1342 473 1401 530 id
1432 476 1520 531 est
1550 472 1611 530 in
1642 473 1896 549 peregri-
1923 473 1979 543 A
2008 481 2098 538 21.
2131 479 2391 546 Qualiter
2418 481 2479 538 in
2510 479 2704 538 duello
2736 479 3154 555 Langobardus
3185 479 3530 554 Bagoarium
3556 498 3652 538 oc-

242 570 481 627 natione
509 571 638 642 ejus
667 570 711 639 ³,
743 568 815 624 ad
847 565 1311 636 Recemundum,
1339 563 1631 637 Hispaniae
1661 566 1893 637 provin-
2076 569 2300 628 ciderit.

240 659 337 716 tim
370 659 745 715 Liberritanze
775 656 1035 714 ecclesiae
1065 654 1428 727 episcopum,
1461 654 1674 710 editus.
2002 663 2092 716 22,
2123 660 2201 717 De
2231 660 2475 718 Amuli‘o
2515 676 2669 734 rege,
2705 662 2829 733 qui,
2864 659 3143 717 invitante
3190 661 3559 733 Berengario,
3592 659 3651 715 in

247 751 294 804 1.
327 748 350 783 ³
378 746 801 804 Prohcemium.
2075 750 2300 806 Italiam
2329 752 2507 807 venit.

234 838 294 893 2.
326 837 407 893 De
437 836 676 893 castello
709 835 1027 891 Fraxineto
1056 834 1079 868 ⁴
1108 837 1166 889 et
1198 833 1316 888 situ
1348 834 1497 903 ejus.
2002 840 2089 895 23.
2126 841 2289 906 Quod
2315 841 2503 897 isdem
2529 840 2813 896 Arnulfus
2842 840 3194 913 Pergamum
3227 837 3528 912 ceperit,et
3557 854 3651 893 co-

234 927 294 983 3.
328 925 586 991 Qualiter
607 923 874 981 Saraceni
908 922 1281 979 Fraxinetum
1313 922 1478 994 prius
1508 922 1702 994 adepti
1752 923 1888 978 sint.
2074 930 2273 985 mitem
2302 930 2680 986 Ambrosium
2713 929 3103 1003 suspenderit.

238 1017 294 1083 4,
327 1014 584 1080 Qualiter
610 1014 831 1070 invidia
862 1010 1309 1069 Provincialium
1332 1015 1390 1066 et
1418 1010 1563 1084 ipsis
1594 1010 1889 1068 invitanti-
1999 1020 2089 1074 24.
2124 1018 2205 1074 De
2234 1018 2772 1075 Mediolanensibus
2802 1023 2861 1074 et
2888 1018 3292 1091 Papiensibus,
3319 1015 3418 1088 qui
3452 1016 3524 1070 ad
3555 1016 3654 1070 Ar-

311 1105 423 1161 bus
452 1103 725 1160 Saraceni
757 1101 1120 1159 Provinciam
1151 1099 1600 1156 devastaverint.
2071 1107 2304 1163 null‘um
2336 1112 2637 1164 venerunt.

232 1195 293 1260 5,
325 1194 464 1259 Quis
494 1194 814 1266 imperator
841 1195 969 1247 tum
1009 1190 1211 1247 Grecis
1257 1194 1501 1262 prmerat
1548 1190 1647 1261 qui
1679 1189 1887 1262 Bulga-
1998 1199 2086 1253 25.
2124 1202 2199 1252 De
2232 1199 2368 1270 fuga
2396 1197 2669 1252 Widonis
2701 1197 2773 1252 ob
2803 1196 3133 1251 Arnull‘um.

310 1282 433 1353 riis,
467 1282 784 1354 Bagoariis,
820 1280 1084 1347 Francis,
1113 1279 1466 1347 Saxonibus,
1500 1278 1886 1347 Suevis,ltali-
1997 1289 2086 1342 26,
2119 1286 2526 1342 Exhortatoria
2555 1284 2771 1341 locutio
2801 1284 3029 1340 Arnum
3061 1285 3133 1339 ad
3168 1300 3451 1357 pugnam.

308 1371 413 1439 cis,
446 1388 613 1445 reges
644 1374 951 1445 praeerant,
980 1368 1071 1426 vel
1097 1369 1233 1442 quis
1251 1369 1434 1424 Rome
1455 1384 1609 1440 papa
1636 1367 1889 1424 babeba-
1995 1377 2085 1430 27.
2121 1374 2381 1439 Qualiter
2410 1374 2594 1429 Roma
2624 1374 2917 1430 Leoniana
2938 1372 3016 1429 sit
3045 1376 3234 1445 capta.

310 1466 426 1517 tur.
1997 1464 2086 1520 28.
2120 1464 2281 1530 Quod
2311 1463 2592 1519 Arnulfus
2622 1466 2858 1535 propter
2886 1462 3231 1518 Formosum
3256 1477 3468 1535 papam
3502 1460 3651 1515 mul-

306 1551 360 1605 6.
394 1549 508 1606 Cur
540 1551 651 1607 Leo
672 1549 995 1622 imperator
1023 1548 1101 1604 sit
1127 1544 1885 1620 Porphyrogenitusdictus.
2068 1557 2161 1609 tos
2194 1553 2588 1608 Romanorum
2622 1550 2907 1607 decollare
2936 1550 3229 1623 praecepit.

224 1640 292 1695 7.
325 1639 406 1695 De
434 1640 609 1695 domo
639 1639 957 1712 Porphyra,
993 1637 1126 1711 quis
1156 1653 1286 1693 eam
1316 1634 1689 1701 edificaverit,
1995 1643 2085 1698 29.
2119 1642 2236 1698 Cur
2260 1644 2414 1698 esset
2444 1639 2754 1697 inimicitia
2781 1639 2935 1696 inter
2964 1640 3308 1696 Formosum
3347 1643 3405 1695 et
3431 1639 3642 1695 Roma-

225 1728 291 1783 8.
318 1728 396 1784 De
424 1728 763 1801 genealogis
803 1726 1023 1796 Basilii,
1055 1730 1113 1783 et
1143 1724 1400 1798 qualiter
1430 1723 1754 1796 imperator
1782 1723 1884 1779 Mi-
2068 1748 2196 1787 nos.

307 1816 475 1913 chael
507 1818 567 1913 in
598 1817 977 1913 palatiqeum
997 1813 1312 1913 receperit.
1457 1905 1466 1913 .
1546 1900 1558 1913 .
1686 1904 1695 1913 ‘
1917 1847 1963 1913 Β
1994 1821 2083 1876 30.
2116 1821 2197 1877 De
2227 1821 2448 1913 Sergio-
2476 1836 2647 1892 papa,
2694 1818 2794 1891 qui
2842 1820 3187 1875 Formosum
3244 1819 3314 1874 de
3372 1815 3641 1890 sepulcro

222 1906 289 1961 9.
326 1910 406 1961 De
437 1906 776 1962 inﬁrmitate
804 1903 1147 1961 Michahelis
1174 1903 1197 1938 ⁸
1225 1900 1618 1974 imperatoris,
1649 1904 1705 1956 et
1734 1917 1885 1972 qua-
1918 1900 1961 1913 “’
2058 1908 2242 1980 jussit
2268 1907 2571 1964 extrahere
2601 1911 3018 1979 mortuumque
3047 1908 3354 1979 deponere.

306 1991 442 2049 liter
471 2010 506 2047 a
536 1992 748 2049 Basilio
780 1993 857 2049 sit
888 1992 1251 2058 interfectus,
1280 1994 1337 2046 et
1396 1990 1519 2064 ipse
1570 1990 1888 2062 imperator
1993 1997 2082 2054 3|,
2116 1997 2198 2053 De
2228 2013 2468 2070 corpore
2499 1996 2761 2052 Formosi
2816 2013 2850 2051 α
2898 1996 3099 2068 sergio
3147 1996 3205 2050 in
3258 1995 3476 2050 ﬂumen
3509 2009 3642 2066 pro-

307 2081 567 2138 eﬂ‘ectus.
2056 2086 2234 2158 jecto,
2269 2089 2445 2158 atque
2473 2102 2506 2141 a
2535 2083 2927 2157 piscatoribus
2964 2084 3218 2151 invento,
3250 2087 3308 2140 et
3337 2084 3410 2139 ab
3439 2082 3644 2155 imagi-

233 2170 325 2227 10.
358 2169 439 2226 De
469 2185 535 2225 eo
569 2170 724 2242 quod
758 2170 1010 2226 Basilius
1052 2169 1110 2224 in
1156 2169 1380 2225 somnis
1431 2166 1738 2224 dominum
1778 2183 1880 2221 no-
2066 2175 2243 2232 nibus
2274 2178 2614 2232 sanctorum
2646 2172 2915 2230 salutato.

305 2263 498 2315 atrum
538 2259 742 2316 Jesum
791 2258 1091 2315 Christum
1151 2274 1214 2315 se
1270 2255 1741 2329 interpellantem
1782 2272 1885 2328 pro
1993 2266 2081 2320 32.
2117 2264 2375 2332 Qualiter
2416 2262 2695 2319 Arnulfus
2746 2266 3006 2319 castrum
3054 2261 3335 2318 vocabulo
3380 2262 3641 2316 Firmum

304 2352 492 2405 morte
509 2348 851 2405 Michahelis
875 2347 1041 2412 vidit,
1075 2351 1131 2404 et
1161 2348 1233 2403 de
1263 2345 1574 2404 elimosina
1603 2360 1781 2416 quam
1814 2344 1889 2400 is-
2028 2345 2037 2357 '
2066 2352 2377 2419 obsederit,
2410 2356 2468 2408 et
2515 2369 2550 2408 θ,
2590 2350 2859 2408 Widonis
2911 2367 3087 2407 uxore
3140 2350 3508 2406 mortiferum
3538 2366 3642 2421 po-

307 2436 443 2492 dem
473 2435 729 2493 Basitius
758 2437 911 2493 fecit.
2064 2447 2191 2497 tum
2223 2440 2529 2514 acceperit.

230 2525 325 2580 41.
360 2523 619 2589 Qualiter
649 2526 761 2581 Leo
791 2525 1109 2599 imperator
1138 2543 1172 2581 a
1202 2525 1327 2580 suis
1345 2522 1423 2579 sit
1448 2527 1623 2578 noctu
1655 2524 1884 2593 captus,
1991 2531 2080 2586 33,
2115 2530 2195 2586 De
2224 2528 2458 2584 malicia
2488 2544 2666 2601 quam
2696 2527 2921 2584 Amulli
2954 2526 3221 2583 homines
3253 2528 3528 2582 fecerant.

308 2616 371 2669 et
397 2630 513 2669 non
544 2613 781 2686 agnitus
810 2614 1075 2671 custodie
1102 2615 1124 2649 ⁶
1154 2612 1404 2669 traditus
1430 2614 1605 2683 atque
1638 2608 1887 2683 flagella-
1994 2620 2083 2675 34.
2116 2619 2196 2674 De
2217 2618 2409 2673 reditu
2439 2616 2662 2673 Arnulfi
2695 2621 2752 2673 et
2780 2616 3189 2689 prosecutione
3216 2615 3510 2670 Widonis.

309 2704 428 2769 tus,
461 2706 517 2758 et
541 2702 792 2775 qualiter
819 2708 1017 2759 custos
1045 2701 1296 2759 carceris
1323 2717 1458 2758 eum
1488 2698 1801 2766 dimiserit,
1832 2702 1888 2753 et
1997 2708 2084 2764 35,
2117 2707 2279 2772 Quod
2310 2704 2496 2761 Italici
2528 2706 2599 2761 de
2639 2705 2882 2761 Arnulfo
2938 2721 3056 2760 non
3116 2704 3418 2773 curabant,
3482 2706 3540 2760 et
3572 2703 3644 2759 de

310 2791 467 2862 quod
496 2790 624 2864 ipse
655 2793 974 2866 imperator
1004 2809 1066 2849 se
1098 2808 1214 2847 non
1246 2788 1606 2863 ﬂagellantcs
1638 2785 1885 2861 '.ﬂ&gel-
2064 2795 2343 2852 Anscario
2374 2794 2711 2851 marchione
2744 2794 2845 2867 qui
2875 2794 2934 2849 in
2962 2792 3246 2866 Eporegia
3272 2792 3543 2849 latitavit.

310 2878 535 2947 laverit,
570 2884 627 2936 et
656 2879 1019 2955 ﬂagellantes
1050 2879 1438 2936 honoraverit.
1994 2886 2083 2943 36.
2120 2888 2198 2940 De
2229 2883 2383 2955 turpi
2416 2887 2602 2939 morte
2631 2882 2851 2938 Arnulﬁ
2883 2883 3058 2955 regis.

235 2968 329 3025 12.
366 2968 442 3024 De
469 2971 689 3042 optimo
719 2969 859 3025 ludo
891 2986 1066 3042 quem
1098 2970 1287 3026 isdem
1321 2969 1430 3023 Leo
1460 2966 1778 3038 imperator
1803 2964 1885 3019 ΥΒ·
1993 2974 2083 3030 37.
2117 2973 2198 3030 De
2229 2976 2414 3028 morte
2441 2971 2713 3029 Widonis
2743 2971 2915 3045 regis,
2949 2974 3007 3027 et
3034 2970 3316 3027 electione
3347 2969 3643 3027 Lamberti

306 3057 408 3126 cit,
440 3057 512 3114 de
540 3058 969 3116 dormientibus
999 3064 1056 3115 et
1088 3057 1348 3114 nummis
1384 3055 1597 3112 aureis.
2065 3064 2194 3134 ejus
2227 3061 2353 3130 ﬁlii,
2390 3062 2490 3134 qui
2523 3064 2611 3117 est
2641 3077 2741 3116 rex
2761 3060 3141 3116 constitutuS.

234 3147 323 3202 l3.
358 3145 473 3202 Cur
498 3147 778 3205 Arnulfus
803 3165 902 3204 rex
934 3147 1129 3205 clusas
1158 3146 1413 3219 fregerit,
1440 3149 1497 3201 et
1529 3142 1885 3217 llungarios8
1926 3215 1958 3223 _
1996 3153 2085 3208 38,
2116 3156 2190 3207 De
2217 3150 2553 3223 expulsione
2593 3149 2885 3206 Lamberti
2917 3153 2975 3206 et
3030 3148 3390 3205 revocatione
3440 3149 3645 3205 Beren-

309 3235 467 3292 exire
497 3237 849 3309 permiserit.
1917 3215 1960 3283 (ἶ
2069 3240 2237 3313 garii.

239 3326 327 3381 14.
363 3324 443 3381 De
469 3327 715 3383 Widone
744 3331 801 3384 et
830 3327 1198 3400 Berengario,
1234 3325 1334 3397 qui
1376 3324 1713 3395 juramento
1746 3320 1889 3377 ami-
1998 3329 2086 3384 39.
2119 3333 2200 3384 De
2249 3327 2610 3399 Maginl‘redo
2668 3327 2900 3394 comite,
2933 3326 3034 3397 qui
3093 3325 3416 3383 decollatus
3475 3331 3565 3383 est
3615 3344 3649 3381 a

301 3415 502 3481 citiam
526 3422 905 3478 ﬁrmaverunt
948 3432 1123 3489 quam
1159 3432 1275 3470 non
1330 3412 1801 3477 observaverunt,
1834 3411 1893 3463 et
2070 3418 2375 3472 Lamberto
2402 3415 2474 3470 ob
2508 3413 2905 3470 rebellionem,
3610 3473 3636 3488 ί

313 3519 471 3593 quod
500 3508 845 3587 hujusmodi
872 3505 1130 3564 amicitia
1160 3500 1376 3559 servari
1412 3517 1526 3555 non
1560 3497 1765 3593 possit.
2000 3508 2089 3561 40.
2124 3507 2168 3541 ¹⁰
2197 3506 2276 3561 Dc
2306 3504 2613 3593 Adclberto
2673 3502 3009 3593 marcbione
3065 3506 3243 3574 atque
3301 3502 3650 3575 lldeprando

241 3586 351 3670 15..
373 3611 448 3666 De
477 3599 824 3675 Berengario
855 3596 915 3652 in
948 3593 1116 3650 Italia
1144 3593 1273 3665 post
1305 3594 1551 3646 mortem
1578 3586 1769 3643 Kamii
1803 3602 1891 3641 I‘e-
2074 3593 2304 3661 comite,
2340 3592 2438 3664 qui
2469 3595 2671 3647 contra
2701 3591 3079 3648 Lambertum
3109 3594 3386 3647 venerant
3415 3596 3481 3646 ut
3510 3608 3651 3664 pug-

316 3716 388 3774 ge
418 3693 759 3753 constituto.
930 3773 940 3774 7
1069 3770 1084 3774 _
1174 3769 1219 3774 η
1283 3767 1295 3774 .
1422 3765 1435 3774 _
1552 3765 1589 3774 _
1739 3763 1750 3774 '
1853 3763 1886 3774 Π
2054 3685 2300 3774 Ϋηεξτθηι,

245 3763 353 3847 ιθῗ
367 3783 626 3855 Qualiter
651 3777 825 3835 Wido
855 3773 1027 3846 culpa
1053 3767 1298 3843 dapil‘eri
1349 3765 1439 3823 sui
1485 3783 1518 3820 a
1552 3763 1786 3820 Francis
1818 3763 1896 3819 sit
2004 3773 2093 3828 4t,
2126 3771 2206 3827 De
2236 3787 2303 3826 eo
2335 3770 2492 3842 quod
2526 3768 2872 3824 Lambertus
2903 3784 3002 3824 rex
3050 3770 3223 3824 noctu
3270 3785 3446 3841 super
3474 3769 3653 3826 Αάρι..

319 3872 683 3950 repudiatus.
1177 3947 1214 3950 __
2078 3861 2308 3950 bertum
2332 3862 2506 3950 atque
2534 3857 2948 3950 Ildeprandum
2980 3857 3150 3950 irruit
3180 3858 3243 3925 υ,
3272 3856 3510 3914 illorum
3542 3857 3650 3913 mi-

247 3969 338 4024 1⁷·
374 3945 452 4021 ὁθ
481 3960 670 4019 redit“
699 3953 971 4013 Widonis
1000 3951 1060 4005 in
1091 3947 1276 4005 Italia-
2076 3949 2210 4005 lites
2237 3948 2471 4015 occidit,
2503 3963 2718 4019 eosque
2746 3946 2907 4003 vivos
2936 3945 3107 4019 cepit.

248 4057 339 4112 18.
372 4054 453 4111 De
482 4058 681 4124 pugna
712 4046 864 4100 inter
893 4039 1200 4096 Widonem
1233 4039 1410 4107 atque
1461 4029 1895 4124 Berengariurn.
2008 4040 2098 4094 42.
2132 4036 2389 4104 Qualiter
2419 4034 2764 4091 Lambertus
2814 4033 2875 4091 in
2927 4035 3186 4091 Marinco
3218 4036 3259 4070 ¹²
3309 4036 3382 4091 ab
3413 4036 3657 4110 Hugone

254 4144 339 4200 19-
372 4143 453 4199 De
478 4118 597 4197 {illa
621 4137 835 4192 iterum
878 4131 1030 4187 inter
1060 4145 1159 4185 θοε
1207 4141 1405 4200 Pugna
1460 4124 1519 4177 9t
1564 4118 1898 4192 Βθνθηεανίί
2080 4126 2427 4200 Maginlredi
2458 4123 2576 4181 ﬁlio
2608 4124 2685 4179 sit
2714 4124 2788 4179 ob
2820 4124 3139 4181 vindictam
3191 4124 3375 4197 patris
3404 4126 3655 4182 occisus.

323 4232 484 4304 fuga.
2010 4217 2097 4272 43.
2131 4216 2294 4280 Quod
2318 4213 2702 4304 Berengarius
2733 4218 2865 4286 post
2896 4214 3187 4270 Lamberti
3235 4218 3480 4271 mortem
3513 4215 3661 4270 bene

245 4323 342 4381 20.
372 4302 454 4377 ὗε
485 4316 604 4373 filio
634 4311 858 4371 Arnulfi
906 4306 1277 4373 Zentebaldo,
1337 4323 1511 4379 quem
1555 4307 1614 4361 in
1672 4304 1901 4360 Italiam
2083 4321 2330 4377 regnum
2363 4302 2635 4359 obtinuit.

325 4425 432 4482 pro
454 4401 789 4476 Berengarii
818 4402 840 4437 ⁹
869 4397 1085 4457 auxilio
1117 4396 1294 4452 misit.

2012 4394 2103 4447 44.
2139 4394 2290 4448 Laus
2321 4390 2616 4447 Lamberti
2647 4392 2689 4424 ¹³
2720 4390 2892 4463 regis.

1298 4607 1706 4697 INCIPIT
1766 4608 2094 4695 LIBER
2149 4605 2616 4695 PRIMUS.

330 4832 382 4885 1.
417 4823 750 4882 Reverendo
777 4820 1083 4890 tociusque
1113 4813 1444 4872 sanctitatis
1476 4812 1668 4886 pleno,
1697 4813 1913 4868 domno
1942 4816 1990 4879 D
2019 4814 2205 4877 tuam,
2234 4812 2396 4881 pater
2426 4808 2757 4873 karissime,
2791 4807 3015 4875 distuli,
3049 4825 3166 4881 qua
3202 4808 3382 4864 totius
3427 4810 3669 4882 Europae

261 4914 635 4975 Recemundo
669 4913 732 4980 ιδ,
758 4906 1134 4965 Liberritanae
1163 4902 1418 4960 ecclesia:
1448 4900 1914 4975 episcopo,Liut-
2023 4916 2118 4955 me
2148 4898 2567 4970 imperatorum
2599 4913 2921 4969 regumque
2951 4899 3124 4964 facta,
3156 4898 3309 4953 sicut
3336 4898 3408 4964 is,
3429 4899 3528 4970 qui
3557 4916 3670 4955 non

262 4997 940 5081 prandus‘5,'l‘icinensis
959 4991 1368 5060 ecclesiae,suis
1388 5008 1502 5047 non
1526 4989 1915 5058 meritis,levi-
2026 4989 2229 5045 auditu
2243 4987 2460 5044 dubius
2474 4988 2570 5044 sed
2580 4986 2799 5043 visione
2810 4990 3247 5059 certus,ponere
3260 5004 3384 5043 com
3394 4987 3671 5060 pcllebas.

266 5075 377 5163 tes,
409 5094 683 5151 salutem.
717 5086 958 5145 Biennio
989 5080 1207 5156 ingenii
1268 5079 1550 5153 parvitate
1577 5079 1917 5152 petitionem
2029 5078 2124 5133 Hae
2157 5077 2450 5150 siquidem
2482 5094 2574 5132 res
2605 5075 2893 5145 animum,
2928 5092 3001 5131 ne
3032 5076 3090 5131 id
3118 5075 3455 5149 inciperem,
3490 5077 3677 5133 deter-

1650 5221 1889 5276 VARI/E
1928 5219 2321 5276 LECTIONES

410 5352 587 5424 eujus
618 5350 669 5424 1,
700 5348 722 5382 ³
752 5350 1144 5424 ατςῳηωξιᾳγη
1171 5339 1317 5422 deest
1347 5339 1401 5394 3.
1479 5338 1502 5371 ‘
1532 5338 1999 5424 fra‘xanetoconz.
2035 5335 2654 5424 ΐνξξίηεῐρμρωξδεαηιςζ
2681 5334 2735 5391 1.
2792 5336 2814 5370 ⁸
2846 5332 3156 5419 mihahelis
3174 5336 3212 5424 1
3300 5336 3334 5424 θ’
3353 5335 3600 5424 custidie

267 5425 290 5460 "
313 5405 535 5482 vomit);
555 5421 760 5482 scripta
787 5405 850 5472 ἱῆ
879 5415 931 5471 1.
1010 5415 1030 5449 ⁸
1062 5411 1388 5482 hungarius
1417 5426 1581 5482 corr,
1610 5407 1931 5482 hungarios
1962 5409 2037 5482 4η
2094 5410 2115 5443 ⁹
2143 5405 2526 5482 bercngarij.
2606 5406 2648 5441 ¹⁰
2692 5424 2975 5482 ηαηιθνιιξ
3003 5408 3335 5482 ρηξὶεδαδιει
3365 5409 3424 5463 in
3454 5410 3688 5482 quatuor

270 5476 842 5568 seqvacntibasiittcra
868 5491 921 5568 Ἐς
950 5476 1234 5568 antisse]:
1309 5481 1532 5568 ‘1"ir‘uit
1563 5480 1613 5538 l.
1692 5476 2189 5568 ‘fjmarico‘lny’i’
2210 5476 2492 5568 lapitbertri‘
2511 5480 3036 5568 .scrib‘it
3127 5496 3180 5535 a.
3230 5476 3303 5568 7'“
3331 5476 3686 5568 regemundo

267 5549 485 5646 5.3a.
564 5565 610 5646 ξε
638 5559 988 5646 liuprandus
1103 5557 1241 5646 [lino
1269 5562 1321 5612 et
1348 5555 1573 5611 lectione
1593 5551 1806 5625 oppido
1835 5568 1954 5624 cap.
1982 5553 2162 5615 tertio,
2195 5549 2428 5605 codicem
2459 5549 2492 5604 3
2521 5565 2591 5604 ex
2619 5549 2800 5607 codice
2826 5551 2879 5608 1.
2932 5549 3173 5607 nondum
3213 5552 3364 5607 omni
3388 5549 3543 5622 parte
3562 5564 3688 5637 ⁸εον-

272 5643 416 5701 recto
432 5636 680 5711 ﬂuxisse,
709 5628 949 5691 indicari
975 5628 1210 5687 videtur.
