4058 6170
171 329 287 392 793

1138 327 1752 392 ANTAPODOSEOS
1794 326 2006 390 LIBRI
2051 323 2222 389 SEX.
2255 357 2335 374 --
2359 325 2509 390 LIB.
2551 326 2604 390 Ι.

3453 324 3573 390 ’194

167 463 349 536 hujus
396 465 562 534 pater
591 461 692 534 qui
737 475 893 520 nunc
944 476 1134 537 usque
1163 466 1432 537 superest
1474 466 1532 519 et
1573 461 1816 519 feliciter
1843 461 2116 531 A'forma
2141 464 2347 534 praeter
2374 466 2596 518 ceteros
2625 458 2880 536 egregia,
2911 458 3281 534 accitumque
3309 467 3395 519 τόν
3420 471 3572 534 ὴγου.

165 556 372 626 regnat
419 551 532 623 (53)
577 551 1216 625 Constantinopolitane
1277 552 1528 609 civitatis
1579 553 1816 625 regebat

163 641 502 716 imperium.
523 641 757 698 Simeon
773 641 936 698 fortis
954 641 1200 698 bellator
1239 640 1529 714 Bulgariis
1548 645 1811 714 praeerat,

161 731 543 801 Christianus,
574 730 674 786 sed
705 730 911 786 vicinis
939 731 1133 786 Grecis
1180 731 1347 786 valde
1379 730 1655 786 inimicus
1687 731 1810 801 (An.

156 819 440 891 883-927).
475 818 862 890 Ungariorum
892 836 1053 893 gens,
1079 821 1250 892 cujus
1282 836 1486 875 omnes
1520 836 1685 891 poene
1711 837 1812 875 na-

161 909 354 966 tiones
385 911 618 979 experte
669 913 810 963 sunt
840 908 1124 976 sevitiam,
1179 925 1304 980 quae
1350 908 1665 964 miserante
1696 908 1814 963 Deo

161 995 585 1054 sanctissimi”
631 1000 808 1068 atque
857 996 1228 1054 invictissimi
1287 998 1442 1070 regis
1503 996 1813 1053 OTTONIS

163 1086 442 1160 potentia,
465 1089 532 1139 ut
550 1083 728 1140 latius
749 1083 958 1140 dicturi
983 1103 1192 1142 sumus
1209 1085 1424 1142 mutire
1442 1087 1486 1121 ’3
1509 1103 1622 1141 non
1643 1087 1816 1140 audet

164 1175 460 1243 exterrita,
475 1173 644 1230 nobis
666 1174 942 1230 omnibus
960 1180 1098 1232 tunc
1127 1175 1408 1248 temporis
1431 1176 1753 1232 habebatur
1773 1177 1818 1211 ²⁴

163 1266 390 1338 ignota.
425 1262 789 1329 Quibusdam
823 1281 1077 1336 namque
1098 1264 1464 1320 difficillimis
1495 1269 1764 1336 separata
1785 1283 1819 1320 a

163 1353 339 1410 nobis
355 1357 482 1409 erat
510 1352 1074 1424 interpositionibus,
1107 1369 1256 1425 quas
1281 1353 1476 1408 clusas
1491 1354 1534 1388 ’5
1555 1353 1822 1408 nominat

163 1441 399 1513 vulgus,
431 1445 496 1496 ut
518 1456 706 1512 neque
737 1442 807 1496 ad
831 1441 1216 1497 meridianam
1240 1458 1427 1514 neque
1451 1443 1522 1497 ad
1553 1441 1818 1497 occiden-

161 1530 341 1586 talem
361 1530 595 1602 plagam
623 1529 869 1585 exeundi
890 1530 1164 1586 habuerit
1192 1530 1551 1587 facultatem.
1579 1531 1701 1602 (An.
1719 1532 1824 1586 887

165 1620 290 1673 Dec.
324 1618 431 1672 900
453 1619 612 1690 Aug.)
660 1619 766 1674 Per
795 1619 951 1674 idem
994 1624 1226 1691 tempus
1257 1620 1538 1675 Arnulfus
1587 1637 1684 1674 rex
1716 1637 1824 1691 po—

161 1705 565 1773 tentissimus,
588 1708 862 1762 defuncto
889 1708 1098 1763 Karolo
1115 1709 1470 1779 praenomine
1491 1709 1662 1764 Calvo
1685 1709 1740 1780 (5
1753 1711 1820 1776 ’1),

1923 547 2090 624 μένόν,
2124 555 2223 607 ton
2256 551 2594 624 igumenon,
2622 551 2680 606 id
2712 554 2801 607 est
2829 551 3122 618 abbatem,
3158 551 3401 624 rogavit,
3425 555 3490 608 ut
3511 569 3573 609 se

1923 642 2167 697 donaret
2205 641 2312 696 hoc
2358 657 2577 712 puero;
2629 657 2804 712 quem
2853 640 3180 712 suscipiens
3225 640 3285 696 in
3336 642 3570 714 palatio,

1923 730 2269 786 cubicularii
2302 730 2539 786 donavit
2563 730 2773 786 officio.
2806 731 2988 785 Tante
3011 730 3261 802 denique
3281 735 3415 803 post
3435 748 3574 803 pau-

1922 818 2112 874 lulum
2162 819 2466 891 potestatis
2519 823 2607 875 est
2658 820 2867 888 factus,
2900 823 2967 874 ut
3016 818 3160 875 alter
3189 820 3260 876 ab
3295 820 3570 878 omnibus

1924 909 2241 980 imperator
2269 908 2348 964 sit
2375 908 2681 981 apellatus.

1994 997 2046 1052 9.
2066 997 2285 1053 Verum
2310 997 2447 1069 quia
2469 996 2838 1070 omnipotens
2859 997 3016 1054 Deus
3038 1015 3232 1056 servos
3255 1015 3394 1056 suos
3409 1001 3577 1072 justa

1921 1087 2119 1143 visitat
2148 1086 2242 1142 vul
2276 1103 2647 1158 quacumque
2679 1103 2946 1155 censura,
2973 1088 3128 1144 hunc
3161 1089 3577 1162 imperatorem

1926 1175 2314 1231 Michahelem
2334 1192 2489 1231 sanae
2513 1169 2726 1231 mentis
2758 1177 2830 1231 ad
2859 1179 3096 1248 tempus
3136 1193 3252 1233 non
3285 1193 3414 1234 esse
3444 1195 3578 1251 per-

1927 1264 2190 1332 miserat,
2224 1269 2291 1320 ut
2321 1281 2436 1337 quo
2467 1264 2624 1321 hunc
2650 1264 2886 1338 gravius
2926 1269 3215 1337 premeret
3244 1266 3303 1322 in
3336 1267 3578 1334 intimis,

1928 1369 1994 1408 eo
2026 1353 2462 1408 misericordius
2494 1357 2898 1410 remuneraret
2927 1353 2986 1410 in
3021 1355 3293 1410 summis.
3320 1356 3491 1423 Nam,
3517 1359 3584 1411 ut

1930 1442 2134 1505 fertur,
2151 1441 2328 1510 hujus
2354 1444 2614 1513 tempore
2638 1442 2932 1513 passionis
2954 1442 3272 1500 familiares
3294 1445 3470 1500 etiam
3495 1462 3585 1502 ca-

1932 1530 2076 1602 pitis
2099 1531 2360 1601 jusserat
2409 1529 2688 1585 damnare
2731 1530 3042 1586 sententia.
3075 1533 3231 1597 Quos
3261 1536 3457 1588 tamen
3509 1535 3582 1589 ad

1933 1635 2060 1675 sese
2090 1617 2321 1673 rediens
2353 1618 2461 1673 hoc
2492 1622 2658 1690 pacto
2690 1619 3042 1690 requirebat,
3073 1624 3141 1676 ut
3170 1620 3284 1676 nisi
3312 1637 3460 1694 quos
3483 1624 3586 1693 ju-

1932 1708 2133 1780 gulare
2157 1707 2419 1778 jusserat
2441 1708 2840 1773 redderentur,
2865 1709 2990 1780 pari
3012 1708 3124 1780 ipsi
3147 1710 3244 1781 qui
3266 1709 3376 1766 hoc
3395 1711 3590 1766 etfece-

162 1791 486 1865 Bagoariis,
524 1795 748 1862 Suevis,
783 1796 1021 1850 Francis
1069 1796 1404 1851 Teutonicis
1420 1798 1484 1861 ’5,
1519 1795 1820 1851 Lotharin-
1853 1838 1900 1902 B
1935 1800 2066 1850 rant
2087 1795 2375 1850 sententia
2400 1796 2841 1852 damnarentur.
2869 1797 3182 1870 Hocigitur
3201 1802 3419 1855 terrore
3442 1817 3590 1871 quos

166 1882 255 1902 με,
328 1881 759 1902 “Anan”---
808 1883 1316 1902 μςμεμηιΑἨη
1719 1887 1769 1902 η
1806 1884 1818 1902 ρ
1950 1886 1986 1902 ,Α
2050 1901 2054 1902 ,
2583 1901 2586 1902 ν
2703 1886 2716 1902 ι
2827 1889 2838 1902 .
2969 1886 3003 1902 η
3062 1886 3076 1902 ι
3258 1887 3273 1902 ι
3500 1889 3511 1899 ι

161 1882 278 1955 gis,
323 1881 764 1952 audacibusque
807 1883 1250 1953 principabatur
1274 1883 1316 1916 ³⁷
1361 1882 1819 1938 Saxonibusﬂui

159 1969 578 2036 Ceutebaldus,
612 1971 1059 2026 Maranavorum
1090 1972 1227 2036 dux,
1261 1969 1507 2027 viriliter
1537 1989 1822 2044 repugna-

160 2061 268 2116 bat
293 2060 417 2128 (An.
441 2059 723 2128 892-893).
754 2060 1142 2132 Borengarius
1174 2065 1231 2116 et
1250 2061 1419 2115 Wido
1440 2060 1823 2132 imperatores

158 2150 240 2207 ob
273 2164 518 2221 regnum
549 2147 814 2204 Italicum
844 2149 1333 2205 conflictabantur
1363 2151 1492 2221 (An.
1538 2151 1821 2220 888-894).

159 2240 485 2295 Formosus
515 2238 857 2294 Portuensis
903 2238 1153 2294 civitatis
1185 2238 1519 2312 episcopus,
1566 2240 1825 2295 Romane

159 2327 328 2384 sedis
357 2344 630 2384 summus
674 2332 732 2383 et
770 2327 1118 2384 universalis
1150 2345 1301 2400 papa
1345 2329 1670 2383 habebatur
1699 2330 1823 2399 (An.

159 2417 271 2472 89-1
308 2417 454 2488 Sept.
486 2417 574 2484 19,
623 2416 751 2484 896,
784 2417 959 2490 Apr.).
1013 2418 1124 2474 Sed
1171 2433 1350 2485 nunc,
1399 2417 1498 2488 qui
1530 2418 1640 2473 sub
1681 2433 1826 2472 uno-

161 2521 407 2578 quoque
439 2505 652 2561 horum
675 2510 905 2577 gestum
934 2506 1028 2574 sit,
1052 2509 1227 2578 prout
1256 2506 1489 2561 brevius
1511 2521 1830 2578 possumus

165 2594 561 2667 explicemus.
1807 2603 1810 2606 ’

245 2683 301 2736 6.
338 2683 460 2754 (An.
492 2683 780 2754 886-912.)
807 2684 918 2739 Leo
951 2683 1149 2756 igitur,
1177 2683 1494 2738 Grecorum
1527 2681 1833 2754 piissimus

165 2771 516 2843 imperator,
567 2772 735 2842 cujus
764 2789 944 2844 supra
992 2772 1239 2827 fecimus
1272 2772 1652 2841 mentionem,
1685 2771 1833 2826 Con-

166 2860 425 2916 stantini
470 2860 694 2916 scilicet
736 2860 916 2932 hujus
963 2859 1447 2932 Porphyrogeniti
1493 2863 1678 2930 pater,
1727 2876 1833 2914 un-

179 2947 368 3020 dique
398 2965 538 3020 pace
567 2949 765 3005 habita
783 2953 983 3005 sancte
1014 2953 1070 3004 et
1082 2950 1243 3020 juste
1260 2949 1574 3004 Grecorum
1602 2950 1838 3021 regebat

173 3037 525 3111 imperium.
540 3037 1101 3111 Porphyrogenitum
1119 3042 1314 3094 autem
1334 3055 1447 3094 non
1474 3039 1532 3092 in
1557 3055 1834 3110 purpura,

175 3129 288 3184 sed
319 3128 381 3184 in
413 3129 586 3184 domo
620 3145 732 3199 que
750 3128 1047 3199 Porphyra
1066 3127 1299 3194 dicitur,
1324 3132 1530 3182 natum
1554 3127 1840 3199 apello.Et

1933 1886 2213 1939 damnare
2227 1885 2506 1953 jusserat,
2529 1886 2938 1940 servabantur.
2969 1886 3078 1941 Sed
3101 1903 3235 1942 cum
3258 1887 3367 1943 hoc
3391 1889 3590 1960 sepius

1932 1976 1989 2028 et
2009 1973 2222 2028 iterum
2237 1971 2449 2026 Basilio
2471 1972 2701 2040 faceret,
2719 1973 3061 2044 hujusmodi
3077 1991 3109 2028 a
3129 1974 3241 2030 sibi
3261 1975 3587 2046 obsequen-

1934 2061 2112 2127 tibus,
2142 2077 2245 2132 pro
2279 2060 2462 2125 nefas,
2497 2060 2719 2133 accepit
2759 2061 3107 2117 consilium:
3145 2083 3172 2111 «
3205 2063 3287 2119 Ne
3317 2065 3461 2120 forte
3493 2065 3588 2120 in-

1935 2155 2079 2206 sana
2104 2149 2258 2222 regis
2296 2149 2487 2220 jussio
2520 2149 2835 2222 aliquando
2868 2166 2936 2206 ex
2981 2151 3273 2208 industria
3319 2170 3353 2208 a
3383 2157 3440 2208 te
3471 2170 3588 2209 non

1935 2239 2336 2311 diligentibus,
2359 2239 2540 2294 immo
2559 2239 2692 2294 odio
2710 2239 3082 2306 habentibus,
3101 2239 3437 2312 impleatur,
3453 2257 3590 2298 eum

1937 2333 2000 2384 tu
2035 2328 2229 2399 potius
2262 2328 2530 2396 occidito,
2587 2332 2762 2399 atque
2791 2327 3118 2399 imperialia
3145 2333 3376 2401 sceptra
3395 2329 3588 2385 susci-

1940 2417 2080 2489 pito.
2105 2437 2131 2466 »
2163 2417 2325 2480 Quod
2348 2416 2475 2472 sine
2500 2415 2800 2484 dilatione,
2825 2433 2960 2471 cum
2987 2421 3205 2472 terrore
3224 2418 3588 2490 compulsus,

1940 2509 2067 2559 tum
2096 2508 2153 2559 et
2191 2505 2472 2576 regnandi
2521 2505 2844 2576 cupiditate
2896 2505 3194 2576 deceptus,
3257 2505 3589 2578 complevit.

1943 2594 2060 2649 Hoc
2105 2593 2302 2665 itaque
2349 2593 2672 2661 interfecto,
2705 2595 2895 2649 factus
2942 2596 3032 2649 est
3062 2593 3382 2667 imperator
3426 2596 3592 2651 Basi-

1941 2681 2078 2738 lius.

2019 2774 2103 2826 10.
2138 2771 2260 2844 (An.
2293 2773 2576 2841 886-912).
2612 2771 2874 2844 Denique
2905 2788 3082 2844 parvo
3113 2776 3408 2830 transacto
3438 2778 3591 2832 tem-

1946 2877 2104 2932 pore,
2127 2860 2263 2916 huic
2294 2861 2570 2918 dominus
2594 2865 2791 2916 noster
2812 2861 2982 2916 Jesus
3012 2860 3278 2917 Christus
3307 2879 3410 2934 per
3426 2863 3595 2921 visio-

1947 2965 2080 3004 nem
2107 2949 2622 3022 apparuit,domini
2656 2949 2834 3022 hujus
2864 2949 3254 3022 imperatoris,
3297 2952 3468 3023 cujus
3497 2952 3593 3010 hic

1947 3037 2106 3094 necis
2135 3043 2337 3095 auctor
2366 3039 2656 3108 extiterat,
2705 3040 3000 3095 dexteram
3047 3043 3300 3108 tamens,
3340 3055 3594 3115 eumque

1948 3127 2030 3181 ita
2082 3128 2465 3183 conveniens:
2529 3135 2604 3183 ινα
2674 3136 2721 3183 τί
2768 3136 2965 3200 ἔσφαξας
3009 3139 3094 3184 τὸν
3151 3136 3393 3198 δεσπότην
3423 3131 3466 3166 ³⁸
3506 3137 3592 3189 σοῦ

177 3216 469 3290 quoniam
499 3232 592 3273 res
635 3217 919 3289 processit
949 3216 1010 3272 in
1039 3217 1322 3285 medium,
1374 3217 1514 3288 quid
1555 3217 1624 3272 de
1656 3216 1836 3288 hujus
1867 3203 1910 3270 C
1951 3216 2193 3288 βασιλέαῖ
2223 3239 2251 3266 ‹‹
2284 3217 2381 3271 ina
2410 3216 2452 3271 ti
2501 3216 2721 3271 esfases
2751 3220 2850 3270 ton
2882 3216 3150 3288 despotin
3196 3233 3265 3272 su
3311 3217 3530 3274 busilea
3561 3241 3590 3270 η

175 3306 664 3380 Porphyrogeniti
697 3304 894 3378 genesi
924 3305 1277 3376 audivimus,
1313 3306 1697 3378 proferamus.

245 3399 307 3452 7.
342 3394 761 3451 Constantinus
781 3395 1093 3467 imperator
1122 3399 1432 3468 angustus,
1448 3410 1518 3450 ex
1537 3395 1705 3466 cujus
1727 3411 1834 3449 no-

175 3487 343 3542 mine
358 3483 894 3556 Constantinopolis
909 3490 1001 3540 est
1021 3484 1227 3540 sortita
1245 3482 1592 3538 vocabulum
1609 3482 1833 3550 civitas,

173 3583 261 3632 τόυ
294 3582 432 3631 οἰκον
457 3582 652 3640 τούτον,
713 3577 814 3629 ton
863 3573 992 3629 icon
1041 3577 1269 3638 touton,
1331 3572 1387 3626 id
1449 3576 1538 3626 est
1593 3572 1835 3627 domum

176 3665 382 3735 istam,
413 3663 680 3718 edificare
704 3662 909 3735 jussit,
942 3663 1036 3718 cui
1070 3661 1367 3734 Porphyra
1407 3677 1620 3716 nomen
1671 3660 1836 3731 inpo-

177 3753 333 3820 suit;
353 3751 666 3824 voluitque
680 3767 1086 3808 successuram
1102 3749 1430 3806 nobilitatis
1442 3767 1560 3805 sua;
1573 3748 1834 3806 sobolem

173 3841 390 3898 isticin
420 3839 609 3896 lucem
638 3840 1331 3912 prodire,quatinus,qui
1365 3855 1470 3894 suo
1491 3855 1562 3894 ex
1591 3841 1835 3894 stemate

176 3933 583 4001 nascerentur,
604 3929 901 3985 luculenta
931 3929 1038 3984 hac
1070 3927 1416 4001 apellatione
1447 3927 1838 4000 Porphyroge-

177 4020 290 4076 niti
315 4019 671 4075 dicerentur.
695 4018 858 4074 Unde
877 4023 935 4074 et
955 4017 1112 4073 hunc
1136 4017 1603 4084 Constantinum,
1628 4015 1835 4071 Leonis

175 4107 556 4182 imperatoris
585 4105 870 4176 ﬁlium,ex
889 4108 1017 4179 ejus
1045 4107 1330 4179 sanguine
1344 4105 1611 4162 nonnulli
1633 4105 1837 4160 dicunt

175 4198 470 4271 originem
523 4198 755 4254 ducere.
812 4196 1042 4252 Veritas
1092 4200 1286 4252 autem
1335 4196 1413 4252 rei
1446 4195 1628 4267 hujus
1663 4195 1743 4250 ita
1773 4210 1835 4250 se

175 4287 380 4343 habet.

244 4378 304 4432 8.
325 4374 580 4431 Basilius
593 4374 914 4448 imperator
932 4379 1242 4448 angustus,
1269 4390 1411 4429 avus
1429 4374 1630 4445 hujus,
1655 4374 1837 4429 Mace-

174 4463 576 4520 doniabumili
599 4465 791 4521 fuerat
811 4465 1085 4537 prosapia
1101 4464 1406 4534 oriundus,
1422 4463 1836 4534 descenditque

1946 3306 2099 3377 quod
2135 3310 2259 3360 est:
2294 3309 2358 3359 ut
2387 3304 2528 3375 quid
2561 3303 2901 3359 interfecisti
2942 3305 3246 3360 dominum
3278 3310 3449 3362 tuum
3480 3308 3593 3363 im-

1947 3393 2312 3466 peratorem?
2345 3415 2374 3442 »
2424 3392 2873 3464 Expergefactus
2901 3391 3121 3464 itaque,
3152 3393 3300 3449 tanti
3330 3411 3392 3450 se
3427 3411 3592 3450 reum

1947 3482 2106 3537 novit
2137 3498 2265 3537 esse
2314 3485 2550 3547 reatus;
2584 3495 2832 3552 moxque
2882 3481 2954 3535 ad
2986 3497 3113 3536 sese
3161 3481 3416 3549 rediens,
3448 3483 3592 3554 quid

1947 3587 2124 3641 super
2153 3570 2260 3626 hoc
2291 3571 2504 3625 faceret
2530 3569 2842 3642 cogitabat.
2865 3569 3234 3625 Confortatns
3260 3569 3463 3640 itaque
3483 3570 3594 3626 hac

1893 3675 1896 3678 ’
1947 3658 2176 3714 Domini
2207 3658 2394 3713 nosrri
2428 3673 2530 3728 per
2561 3655 2904 3730 prophetam
2938 3655 3158 3712 salubri
3190 3659 3248 3711 et
3273 3672 3404 3712 vere
3431 3673 3594 3713 acce-

1947 3746 2153 3819 ptabili
2186 3745 2596 3819 promissione,
2631 3743 2770 3817 quia
2792 3765 2820 3794 «
2854 3744 2910 3799 in
2945 3760 3316 3817 quacumque
3337 3745 3439 3802 die
3470 3762 3598 3819 pec-

1946 3839 2106 3890 cator
2156 3833 2528 3906 ingemuerit,
2559 3832 2756 3888 salvus
2787 3833 2897 3888 erit
2934 3834 3148 3906 (Ezech.
3193 3834 3536 3907 xxxm,'12),
3560 3855 3590 3886 »

1946 3940 2078 3979 cum
2103 3923 2360 3978 lacrimis
2385 3926 2441 3977 et
2471 3921 2790 3995 gemitibus
2815 3938 2876 3977 se
2903 3926 3285 3994 peccatorem,
3307 3940 3370 3979 se
3401 3941 3592 3991 reum,

1947 4030 2008 4069 se
2029 4012 2335 4085 sanguinis
2358 4011 2686 4067 innocentis
2707 4012 3018 4067 etl‘usorem
3037 4028 3166 4068 esse
3183 4013 3592 4070 conﬁtebatur.

1945 4103 2102 4158 Bono
2116 4107 2308 4158 autem
2323 4101 2566 4158 consilio
2582 4106 2838 4172 accepto,
2853 4100 3074 4156 amicos
3093 4100 3204 4156 sibi
3228 4102 3299 4158 de
3314 4118 3596 4158 'mamona

1943 4188 2272 4262 iniquitatis
2289 4190 2574 4257 effecerat,
2590 4193 2656 4244 ut
2668 4205 2814 4260 quos
2840 4188 2934 4244 hic
2955 4187 3380 4260 temporalibus
3399 4189 3592 4246 subsi-

1945 4279 2058 4334 diis
2072 4277 2488 4346 consolaretur,
2504 4293 2706 4332 eorum
2724 4276 2996 4348 precibus
3011 4277 3083 4332 ab
3101 4281 3315 4331 aeterno
3328 4276 3592 4347 gehenne

1944 4366 2212 4423 incendio
2243 4365 2609 4420 liberaretur.
2638 4363 2989 4419 Frahricavit
3014 4366 3210 4418 autem
3231 4362 3510 4434 ρι’ωοὶωο
3536 4367 3594 4418 et

1947 4454 2200 4512 mirabili
2251 4468 2421 4525 opere
2463 4453 2629 4523 justa
2677 4451 2985 4524 palatium,
3037 4450 3318 4506 orientem
3359 4466 3591 4521 versus,

173 4553 747 4626 Constantinopolim
787 4564 876 4622 τῆς
906 4561 1160 4627 πτοχείας,
1221 4552 1296 4607 tis
1345 4552 1631 4624 ptochias,
1679 4551 1834 4623 quod
1864 4569 1912 4634 Β
1943 4544 2264 4602 aecclesiam
2295 4557 2472 4614 quam
2520 4541 2710 4634 Nean,
2745 4540 2856 4634 hoc
2885 4544 3241 4634 estnovum,
3265 4542 3496 4634 vocant,
3530 4556 3591 4594 1n

172 4647 264 4702 est
288 4643 672 4715 paupertatis,
697 4643 864 4715 jugo,
898 4647 964 4699 ut
993 4643 1228 4715 cuidam
1259 4640 1504 4698 serviret
1532 4641 1832 4712 igumeno,

172 4731 232 4788 id
261 4735 360 4788 est
385 4731 607 4788 abbati.
641 4731 828 4805 Igitur
876 4732 1195 4805 imperator
1223 4728 1512 4786 Michahel
1549 4728 1650 4801 qui
1690 4733 1832 4784 tunc

171 4819 466 4893 temporis
475 4825 616 4887 erat,
633 4837 772 4877 cum
791 4821 1072 4877 orationis
1089 4820 1306 4894 gratias
1319 4820 1391 4875 ad
1407 4817 1830 4891 monasterium

172 4910 426 4979 istud,in
446 4926 562 4982 quo
579 4909 673 4967 hic
696 4909 1094 4980 ministrabat,
1111 4907 1658 4978 descenderet,vidit
1672 4907 1831 4963 hunc

1943 4637 2160 4692 honore
2179 4635 2224 4669 ²⁹
2272 4631 2493 4688 summi
2545 4634 2601 4685 et
2631 4628 2860 4686 celestis
2915 4627 3124 4684 militie
3153 4626 3461 4700 principis,
3491 4639 3588 4683 ar-

1943 4723 2208 4797 changeli
2233 4719 2604 4789 Michahelis,
2637 4719 2738 4792 qui
2768 4719 2944 4775 Grece
2970 4715 3592 4790 archistratigosrapel-

1940 4813 2285 4958 ΙαἮῙῨΝυηο
2310 4902 2504 4956 autem
2520 4914 2635 4954 non
2657 4896 2855 4970 pigeat
2877 4893 3138 4952 libellulo
3151 4894 3291 4952 huic
3307 4911 3400 4952 res
3418 4895 3589 4979 duas,

1529 5057 1768 5116 νΑΒΙίΕ
1821 5053 2233 5116 LECTIONES.

241 5202 289 5236 ²²
315 5200 642 5258 sanctisimi
675 5202 730 5258 4.
805 5203 849 5237 ’³
880 5203 1125 5258 mutrice
1155 5203 1206 5257 1.
1245 5201 1472 5257 mittere
1502 5202 1536 5256 3
1567 5200 1805 5257 muttire
1833 5201 1887 5256 5.
1920 5196 2161 5254 muttire
2189 5209 2330 5271 conj.
2367 5191 2648 5271 mutires
2673 5208 2731 5271 _a.
2807 5191 2852 5225 ²⁴
2880 5187 3587 5271 b_ababaturcorr1'_habe-

167 5271 347 5345 batur
379 5275 429 5328 1.
507 5274 552 5308 ³⁵
578 5273 846 5330 clusuras
875 5275 898 5330 4
933 5294 944 5342 ;
971 5274 1060 5330 sed
1091 5276 1242 5344 infra
1273 5291 1399 5345 cap.
1424 5274 1511 5329 13.
1547 5271 1762 5328 clusas.
1839 5272 1883 5306 ²⁶
1914 5271 1952 5345 _f.
1980 5273 2020 5324 t.
2042 5284 2193 5345 'v‘ocﬁes
2221 5267 2558 5345 ca_lzwi'e33tes
2578 5264 2640 5316 in
2665 5265 2714 5316 1.
2736 5261 3284 5345 nec_distinguenda3.
3362 5261 3585 5334 "prin-

169 5342 405 5416 cipatur
429 5345 472 5401 Ι.
549 5345 593 5380 ⁸⁸
626 5370 701 5401 ινα
727 5369 775 5402 τι
804 5333 1002 5419 εσφαξες
1029 5370 1115 5403 τον
1145 5333 1219 5408 ὲες
1251 5333 1447 5401 desunt
1501 5346 1537 5399 5
1563 5346 1636 5399 58.
1667 5351 1862 5417 εσφαζες
1891 5342 2034 5398 deest
2062 5340 2097 5394 3
2121 5339 2210 5409 3a,
2244 5342 2354 5392 etc.
2429 5335 2474 5369 ²⁹
2505 5333 2802 5390 hononore
2834 5334 2887 5390 Ι.

1751 5494 1986 5552 ΝΟΤλΕ.

240 5603 360 5683 (5'3)
393 5610 550 5669 Obiit
581 5628 676 5670 an.
708 5611 834 5670 959.

2010 5608 2126 5682 (54)
2153 5604 2384 5664 Crasso.
