4064 6174
530 294 645 363 ’795

1487 290 1959 357 LIUTPRANDI
2002 288 2551 355 CREMONENSIS
2595 293 2968 358 EPISCOPI.
3764 306 3857 367 796

530 451 676 510 quas
700 429 966 505 ejusdem
988 426 1188 486 Basilii
1209 425 1390 495 filius,
1412 428 1772 484 memoratus
1795 425 1906 482 Leo
1929 424 2174 497 impera-
2199 421 2256 490 Α
2285 425 2443 484 Iesus
2465 445 2841 503 exeas,quam
2864 429 2922 486 id
2943 429 3285 503 percontari,
3306 432 3404 491 tibi
3428 435 3754 495 commodius
3771 447 3854 509 est,

530 529 621 580 tor
650 525 963 596 angustus,
997 517 1281 576 memoria
1329 517 1573 589 risuque
1603 516 1814 590 dignas
1845 515 1982 588 egit,
2017 515 2174 571 inse-

527 607 1319 680 rere.Constantinopolitana
1332 607 1628 678 urbs,qua3
1648 606 1811 678 prius
1824 605 2170 671 Bizantium,

528 721 675 759 nova
705 717 862 756 nunc
894 699 1106 755 dicitur
1130 700 1334 761 Roma,
1366 697 1518 751 inter
1549 695 1938 751 ferocissimas
1972 698 2174 766 gentes

529 796 618 849 est
651 790 988 848 constituta.
1015 787 1420 858 Habetquippe
1439 787 1508 841 ab
1524 784 1797 857 aquilone
1820 783 2170 856 Hungarios,

528 883 857 946 Pizenacos,
898 879 1209 943 Chazaros,
1233 876 1443 931 Rusios
1474 891 1623 946 quos
1655 874 1767 928 alio
1799 890 1904 928 nos
1936 872 2174 927 nomine

527 971 934 1027 Nordmannos
957 965 1344 1038 appellamus,
1369 968 1542 1034 atque
1561 947 1570 957 ’
1587 962 1889 1033 Bulgarios
1923 960 2168 1014 nimium

529 1061 640 1116 sibi
671 1058 894 1113 vicinos
920 1075 932 1120 ;
966 1056 1038 1110 ab
1070 1054 1290 1109 oriente
1321 1053 1544 1123 Bagdas
1574 1069 1587 1115 ;
1624 1052 1772 1105 inter
1806 1050 2089 1104 orientem
2118 1053 2174 1102 et

530 1148 832 1205 meridiem
855 1145 1060 1217 Egypti
1085 1143 1512 1212 Babilonizeque
1531 1142 1576 1174 ³ο
1602 1139 1853 1204 incolas;
1879 1156 1912 1193 a
1932 1137 2173 1192 meridie

523 1253 656 1292 vero
705 1235 959 1290 Africam
991 1232 1166 1286 habet
1215 1235 1270 1285 et
1320 1229 1679 1284 nominatam
1727 1226 1886 1282 illam
1921 1225 2170 1280 nimium

523 1327 774 1380 vicinam
809 1323 1038 1394 sibique
1070 1318 1417 1375 contrariam
1452 1316 1707 1371 insulam
1740 1319 1918 1370 Crete.
1964 1317 2170 1369 Caetera

523 1430 657 1470 vero
690 1430 816 1486 qua:
848 1415 986 1467 sunt
1007 1411 1118 1466 sub
1139 1410 1341 1464 eodem
1365 1407 1596 1462 climate
1628 1406 1914 1468 nationes,
1935 1403 2168 1458 Armeni

525 1503 767 1570 scilicet,
801 1503 1023 1567 Perses,
1057 1497 1312 1563 Chaldei,
1345 1496 1580 1568 Avasgi,
1630 1494 1767 1549 huic
1811 1492 2166 1548 deserviunt.

524 1592 734 1649 Incolae
765 1591 1016 1662 denique
1063 1587 1312 1643 civitatis
1361 1586 1561 1656 hujus,
1595 1584 1765 1638 sicut
1815 1585 2169 1638 memoratas

520 1685 722 1754 gentes
737 1678 1046 1734 divitiisita
1058 1676 1232 1732 etiam
1256 1671 1543 1746 sapientia
1565 1670 2020 1742 superexellunt.
2043 1669 2162 1722 Mo-

520 1769 602 1826 ris
627 1768 1055 1842 quippeeorum
1080 1769 1187 1832 est,
1204 1781 1276 1819 ne
1289 1762 1538 1819 avieinis
1551 1761 1826 1833 gentibus
1839 1759 2170 1856 obpriman-
2200 1796 2247 1859 B

517 1847 2073 1931 tur;singulisquibusquenoctibuspertotiuseivitatis
2093 1846 2176 1900 bi-

518 1941 1483 2017 vium,trivium,quadruviumque
1495 1942 1750 1995 armatos
1765 1937 1982 1992 milites
1995 1954 2173 1992 causa

521 2037 914 2096 custodienda
931 2030 1310 2102 civitatis,qui
1329 2047 1457 2085 eam
1473 2027 1798 2100 invigilant,
1816 2025 2170 2098 ponere.1"it-

522 2145 655 2202 que,
675 2130 740 2182 ut
756 2124 803 2182 si
817 2128 950 2197 post
969 2118 1383 2193 crepusculum
1401 2133 1758 2189 quemquam
1789 2114 2169 2170 deambulan-

522 2223 640 2276 tem
654 2217 848 2288 aliquo
866 2212 1140 2270 custodes
1154 2207 1520 2273 offenderint,
1538 2210 1743 2278 captus
1755 2207 2024 2276 protinus
2045 2221 2168 2258 ver-

520 2307 874 2376 beribusque
889 2318 1058 2358 cesus
1089 2298 1355 2355 custodia
1383 2295 1668 2368 pervigili,
1701 2293 2082 2365 compedibus
2113 2293 2168 2347 in

518 2411 745 2452 carcere
756 2387 1281 2461 strictus,usquein
1294 2386 1614 2443 crastinum
1629 2385 1698 2441 ad
1723 2383 2023 2456 publicum
2039 2400 2168 2455 pro-

518 2484 822 2542 ducendus
846 2484 1126 2538 servetur.
1146 2477 1262 2533 Hoc
1284 2476 1537 2548 denique
1554 2479 1718 2546 pacto
1745 2491 1856 2529 non
1883 2472 2074 2528 solum
2096 2473 2167 2527 ab

517 2575 811 2639 hostibus,
842 2586 1045 2626 verum
1093 2568 1267 2623 etiam
1301 2583 1334 2621 a
1365 2565 1692 2621 latronibus
1740 2563 1926 2618 inlesa
1964 2561 2168 2617 civitas

518 2663 866 2722 custoditur.
897 2661 1011 2715 Leo
1044 2658 1242 2729 itaque
1271 2656 1590 2728 imperator
1609 2656 1896 2726 augustas
1924 2651 2165 2722 vigilum

518 2754 694 2809 fidem
743 2746 1250 2816 constantiamque
1277 2743 1525 2815 probare
1554 2742 1775 2807 volens,
1826 2741 1988 2796 solus
2036 2743 2169 2811 post

518 2837 931 2912 crepusculum
954 2853 984 2890 e
1007 2833 1223 2906 palatio
1244 2832 1626 2897 descendens,
1660 2831 1729 2885 ad
1764 2829 2013 2902 primam
2039 2845 2164 2900 per-

520 2926 675 2984 venit
703 2923 1048 2982 custodiam.
1066 2922 1249 2986 Quem
1267 2923 1332 2974 ut
1360 2919 1564 2991 vigiles
1581 2919 1904 2991 fugientem
1921 2921 1978 2973 et
1999 2916 2167 2989 quasi

521 3020 680 3073 metu
701 3031 763 3071 se
793 3011 1186 3069 declinantem
1201 3008 1490 3075 viderunt,
1510 3007 2019 3078 comprehensum,
2037 3006 2169 3077 quis

520 3109 676 3163 esset
705 3119 891 3176 quove
941 3102 1226 3173 pergeret,
1256 3098 1706 3168 interrogarunt.
1742 3096 1870 3161 Qui,
1905 3113 1934 3150 e
1967 3093 2168 3150 multis

2288 518 2414 573 Non
2483 536 2645 590 aeque
2701 537 2826 586 VOS,
2859 532 2911 577 σὲ
2943 529 3005 585 εἷς
3037 522 3076 556 ³¹
3137 533 3228 590 τὴν
3259 531 3465 596 φιλάκην
3493 535 3569 580 καὶ
3593 534 3722 583 αὐτὸν
3745 538 3796 592 εἷς
3817 541 3858 587 τὸ

2283 617 2708 682 χρυσοτρίκλινον,
2753 627 2814 665 se
2841 612 2890 666 is
2921 612 3002 665 tin
3051 610 3247 666 ﬁlakin
3277 613 3349 667 ke
3393 617 3561 668 auton
3589 615 3635 670 is
3661 621 3712 671 to
3741 619 3857 674 chri-

2285 696 2645 764 sotriclinon,
2680 703 2735 754 te
2767 699 2825 754 in
2857 717 3102 764 carcere,
3136 706 3194 756 et
3242 700 3407 756 illum
3436 703 3492 757 in
3539 721 3751 761 aureum
3776 709 3857 763 tri-

2284 785 2547 853 clinium,
2583 787 2815 843 fortuna
2867 790 3032 844 fovet.
3089 789 3270 844 Parva
3300 796 3440 846 sunt
3473 791 3606 858 hrec,
3649 797 3857 864 graviora

2284 875 2573 929 addantur
2589 875 2838 939 vincula,
2874 894 2945 932 ne
2969 877 3043 933 sit
3069 880 3325 949 spatium
3351 881 3421 935 de
3449 880 3757 952 imperatore
3773 903 3862 940 me-

2283 963 2528 1017 ditandi.
2567 988 2593 1012 ››
2625 965 2726 1019 Cui
2763 989 2788 1014 ‹‹
2824 965 3052 1031 Desine,
3088 967 3298 1038 inquit,
3326 969 3524 1024 desine
3548 989 3560 1036 ;
3583 971 3694 1043 ipse
3739 975 3854 1029 enim

2283 1070 2413 1107 sum
2430 1054 2540 1109 Leo
2566 1054 2880 1126 imperator
2901 1057 3317 1129 augustus,qui
3337 1059 3408 1113 de
3433 1058 3616 1130 palatii
3633 1062 3856 1133 dignitate

2283 1159 2397 1196 non
2431 1142 2580 1197 bono
2611 1145 2804 1198 omine
2837 1145 3047 1215 prodii.
3084 1168 3110 1194 ››
3159 1146 3420 1202 Carceris
3468 1153 3649 1204 autem
3689 1155 3856 1221 custos,

2281 1247 2525 1302 sperans
2557 1249 2670 1285 non
2719 1249 2852 1287 vera
2883 1250 3010 1288 esse
3059 1251 3184 1305 qum
3235 1235 3495 1290 dixerat:
3545 1261 3570 1286 «
3602 1239 3758 1310 Egon,
3797 1243 3858 1294 in-

2281 1320 2429 1390 quit,
2462 1320 2758 1375 hominem
2791 1321 3092 1393 inpurum,
3124 1324 3278 1378 bona
3309 1342 3417 1380 sua
3447 1342 3574 1380 cum
3603 1329 3859 1384 meretrici-

2278 1409 2388 1463 bus
2411 1408 2888 1481 aliligurrientem
2918 1411 3325 1483 imperatorem
3349 1415 3614 1470 credam?
3633 1417 3858 1480 Quoniam

2278 1501 2456 1552 temet
2486 1502 2551 1552 tu
2584 1498 2885 1571 neglexisti
2918 1518 3021 1571 pro
3053 1505 3108 1556 te
3138 1517 3242 1574 ego
3277 1502 3571 1574 dispitiam
3609 1505 3856 1561 mathesin.

2279 1586 2434 1641 Mars
2458 1589 2741 1658 trigonus,
2768 1590 3058 1645 Saturnus
3081 1589 3365 1646 Venerem
3389 1593 3635 1663 respicit,
3653 1593 3864 1666 Juppiter

2278 1675 2619 1746 quadratus,
2674 1678 2997 1734 Mercurius
3049 1679 3155 1734 tibi
3207 1679 3413 1748 iratus,
3466 1681 3558 1736 Sol
3612 1683 3858 1748 rotundus,

2280 1767 2440 1819 Luna
2472 1765 2529 1819 in
2562 1766 2714 1821 saltu
2748 1771 2856 1833 est,
2891 1768 3045 1823 mala
3073 1772 3330 1824 Fortuna
3352 1774 3408 1824 te
3439 1771 3657 1842 premit.
3680 1793 3703 1820 »
3725 1773 3862 1844 Impe-

2285 1858 2441 1909 rator
2469 1871 2603 1909 vero
2630 1873 2688 1910 :«
2721 1856 2812 1924 Ut,
2843 1857 3056 1928 inquit,
3087 1874 3224 1912 vera
3247 1859 3460 1929 probes
3481 1875 3604 1915 esse
3620 1877 3731 1930 quae
3749 1861 3857 1927 dico,

2281 1941 2423 1996 dum
2456 1944 2801 1999 matutinale
2845 1945 3111 2001 dederint
3141 1947 3401 2017 signum,
3453 1950 3583 2004 ante
3610 1949 3743 2004 enim
3775 1966 3859 2004 non

2283 2031 2410 2085 ausi
2441 2050 2673 2100 sumus,
2707 2050 2935 2089 mecum
2967 2036 3036 2090 ad
3071 2035 3358 2106 palatium
3383 2036 3585 2108 potiori
3613 2054 3765 2109 quam
3784 2054 3861 2109 ego

2282 2121 2684 2177 descenderim
2727 2123 2920 2178 omine
2951 2124 3162 2179 venito.
3197 2125 3253 2180 Si
3287 2142 3383 2181 me
3425 2131 3488 2181 ut
3519 2126 3860 2199 imperatorem

2282 2227 2397 2265 non
2422 2211 2552 2266 istic
2575 2211 2749 2283 recipi
2771 2213 3003 2279 videris,
3029 2213 3433 2272 occidito.Non
3449 2215 3677 2271 minoris
3697 2216 3862 2287 quippe

2281 2299 2545 2355 criminis
2575 2301 2704 2355 erit.
2738 2318 2830 2356 me
2861 2301 3270 2374 imperatorem
3293 2303 3512 2360 dixisse
3542 2303 3588 2359 si
3619 2321 3718 2359 non
3745 2321 3859 2369 sum,

2282 2406 2459 2460 quam
2492 2389 2745 2461 aliquem
2768 2391 3067 2446 occidisse.
3103 2391 3162 2445 Si
3184 2408 3318 2446 vero
3352 2397 3409 2448 te
3438 2393 3508 2448 ob
3531 2393 3584 2448 id
3607 2392 3862 2464 maliquic-

2281 2494 2457 2548 quam
2492 2479 2610 2550 pati
2643 2479 2942 2545 formidas,
2993 2479 3113 2534 haec
3154 2480 3319 2536 fatiat
3351 2481 3493 2536 mihi
3540 2487 3679 2539 Deus
3703 2486 3750 2538 et
3772 2482 3861 2536 haec

2280 2567 2474 2635 addat,
2509 2568 2556 2622 si
2591 2585 2705 2623 non
2729 2568 2922 2639 potius
2948 2568 3254 2640 proemium
3278 2587 3458 2641 quam
3491 2587 3588 2643 pro
3616 2572 3712 2626 hac
3732 2587 3779 2626 re
3794 2587 3863 2625 su-

2281 2672 2404 2710 mes
2431 2655 2799 2727 supplitium.
2835 2679 2862 2707 »
2912 2657 3095 2728 Igitur
3123 2657 3404 2714 credulus
3434 2659 3668 2715 carceris
3709 2663 3861 2714 custos

2279 2745 2538 2811 effectus,
2567 2745 2724 2811 dato,
2758 2750 2822 2800 ut
2853 2745 3170 2816 imperator
3209 2747 3452 2813 dixerat,
3486 2746 3780 2803 matutinali
3805 2747 3860 2800 si-

2277 2849 2411 2904 gno,
2445 2849 2578 2888 eum
2611 2834 2680 2888 ad
2719 2833 3002 2905 palatium
3051 2851 3239 2906 usque
3288 2835 3613 2892 comitatur.
3655 2837 3863 2906 Cumque

2279 2922 2480 2977 eodem
2511 2922 2785 2988 venisset,
2837 2921 3186 2978 mirabiliter
3213 2923 3368 2979 sicut
3399 2943 3432 2979 a
3461 2941 3522 2980 se
3551 2923 3863 2980 noscentibus

2277 3014 2607 3078 susceptus,
2634 3011 2906 3066 comitem
2926 3028 3100 3067 suum
3123 3013 3519 3069 exanimatum
3542 3010 3862 3069 admiratione

2279 3099 2461 3154 nimia
2483 3099 2756 3155 reddidit.
2781 3100 2932 3156 Sane
2955 3100 3095 3155 dum
3119 3100 3438 3172 dignitaies
3459 3119 3648 3158 omnes
3670 3102 3782 3156 huic
3798 3117 3862 3155 oc-

520 3161 802 3250 unum‘se
833 3161 963 3247 esse
1013 3193 1069 3244 et
1109 3187 1357 3259 lupanar
1386 3189 1601 3258 petere,
1636 3186 1798 3240 dixit.
1851 3184 1956 3240 Cui
1988 3202 2159 3239 mox:
2197 3161 2240 3228 ί)
2279 3189 2582 3257 currere”,
2618 3188 2819 3243 laudes
2852 3189 3112 3256 reddere,
3165 3190 3432 3256 adorare,
3485 3207 3670 3247 soccos
3714 3190 3860 3244 detra-

520 3308 549 3335 ‹‹
581 3287 788 3340 Cesum
819 3285 875 3337 te
907 3279 1134 3343 acriter,
1169 3276 1462 3348 inquiunt,
1496 3274 1990 3347 compedibusque
2032 3274 2163 3329 stri-

517 3376 678 3429 ctum
711 3386 901 3442 usque
931 3369 991 3424 in
1041 3366 1364 3423 crastinum
1395 3364 1845 3420 reservabimus.
1882 3386 1910 3413 »
1942 3364 2164 3430 Quibus

512 3460 848 3535 respondit:
886 3479 915 3508 «
945 3469 1042 3526 Μὴ,
1072 3464 1295 3527 ἀδελφοῖ,
1328 3466 1415 3525 μὴ,
1451 3453 1526 3508 mi
1555 3453 1748 3521 adelli,
1783 3454 1860 3508 mi
1893 3454 2046 3525 quod
2081 3453 2165 3506 in-

507 3553 890 3624 terpretatur;
927 3561 1325 3618 nequaquam,
1359 3544 1591 3608 fratres,
1625 3559 1994 3614 nequaquam
2022 3559 2034 3596 :
2071 3561 2163 3597 ac-

507 3639 681 3713 cipite
711 3637 866 3711 quod
917 3639 1102 3708 porto,
1148 3631 1466 3706 permittite
1494 3632 1576 3687 ire
1633 3649 1748 3703 quo
1789 3629 1937 3685 volo.
1995 3652 2024 3679 »
2056 3631 2166 3693 Qui

509 3727 815 3786 duodecim
852 3723 1107 3796 acceptis
1129 3722 1483 3787 aureis,eum
1503 3720 1772 3793 protinus
1792 3720 2161 3776 dimiserunt.

511 3818 652 3872 Inde
681 3831 814 3870 vero
836 3813 1151 3880 transiens,
1182 3811 1254 3866 ad
1287 3809 1605 3865 secundam
1637 3809 1792 3864 venit
1813 3809 2162 3865 custodiam.

515 3905 640 3968 Quo
664 3900 1161 3975 quemadmodum
1184 3904 1240 3954 et
1269 3898 1328 3952 in
1352 3897 1543 3970 prima
1560 3901 1784 3968 captus,
1805 3897 2077 3969 datisque
2103 3899 2168 3953 10

512 3990 710 4049 aureis
740 3993 829 4046 est
850 3987 1242 4044 dimissus.Ad
1258 3985 1489 4041 tertiam
1505 3984 1713 4041 deinde
1726 3985 1866 4039 dum
1889 3986 2162 4054 venisset,

512 4085 603 4138 est
632 4083 881 4151 captus:
916 4092 1118 4131 verum
1150 4092 1268 4130 non
1312 4077 1379 4129 ut
1409 4073 1598 4145 primo
1630 4090 1694 4128 ac
1727 4074 1984 4129 secundo
2016 4074 2166 4131 datis

513 4168 709 4226 aureis
733 4171 824 4222 est
853 4163 1166 4232 dimissus;
1201 4163 1301 4219 sed
1325 4161 1534 4217 ablatis
1556 4162 1850 4233 omnibus,
1872 4164 2167 4235 compedi-

512 4261 740 4330 busque
771 4253 1026 4328 graviter
1059 4252 1321 4320 strictus,
1345 4251 1554 4322 pugois
1580 4250 1901 4323 flagrisque
1925 4252 2025 4307 diu
2050 4269 2171 4308 ver-

513 4350 776 4415 beratus,
809 4343 1081 4401 custodia
1111 4358 1300 4413 usque
1321 4340 1379 4395 in
1403 4341 1726 4396 crastinum
1759 4342 2168 4411 producendus

513 4440 797 4494 aervatur.
822 4433 925 4489 His
947 4433 1144 4504 itaque
1167 4429 1626 4496 discedentibus,
1654 4431 1956 4486 custodem
1990 4431 2172 4504 impe-

2275 3277 2431 3345 here,
2466 3276 2580 3332 alia
2607 3280 2782 3348 atque
2813 3276 2926 3333 alia
2956 3294 3058 3348 pro
3094 3295 3157 3332 se
3176 3295 3536 3352 quemquam
3568 3281 3730 3335 facere
3753 3293 3860 3332 con-

2275 3366 2674 3438 templaretur,
2703 3367 2884 3421 emori
2904 3367 2954 3422 ei
2977 3370 3116 3422 tunc
3138 3371 3314 3439 atque
3336 3369 3522 3426 vivere
3543 3370 3710 3426 satius
3725 3368 3854 3422 esset.

2275 3455 2378 3509 Cui
2411 3455 2762 3525 imperator:
2791 3478 2819 3505 «
2839 3455 3264 3528 Contemplare,
3293 3457 3503 3529 inquit,
3527 3473 3669 3513 nunc
3687 3454 3857 3511 mathe-

2277 3543 2366 3597 sin
2379 3547 2436 3598 et
2453 3543 2499 3597 si
2517 3559 2646 3598 vere
2669 3561 2783 3615 quo
2806 3543 2919 3598 huc
2941 3544 3242 3601 adveneris
3265 3547 3461 3602 omine
3483 3547 3855 3613 dixeris,veram

2276 3635 2331 3686 te
2346 3650 2416 3686 an
2424 3649 2496 3705 gu
2506 3633 2672 3686 randi
2690 3632 2992 3688 scientiam
3008 3633 3222 3690 habere
3235 3635 3528 3706 probabis.
3545 3636 3696 3691 Prius
3707 3637 3855 3689 tamen

2277 3737 2497 3791 quaeso,
2533 3721 2673 3791 quid
2707 3721 2892 3776 morbi
2928 3721 3022 3790 sit,
3058 3723 3344 3794 proferas,
3377 3726 3528 3797 quod
3557 3729 3610 3780 te
3637 3728 3740 3780 tam
3766 3717 3856 3792 palv

2277 3809 2466 3864 lidum
2507 3810 2783 3875 reddidit,
2818 3833 2846 3858 »
2878 3810 3018 3865 Cui:
3069 3811 3385 3868 Parcarum
3407 3815 3472 3881 ³³,
3521 3813 3659 3880 infit,
3689 3809 3859 3866 obtima

2278 3897 2441 3954 Cloto
2464 3899 2589 3970 jam
2613 3915 2747 3954 nere
2771 3898 3014 3967 desinit;
3042 3900 3315 3957 Lachesis
3346 3919 3479 3959 vero
3507 3903 3562 3958 in
3594 3894 3857 3972 torquendo

2279 3985 2544 4042 laborare
2574 3987 2828 4058 amplius
2881 4005 2995 4043 non
3048 3989 3229 4061 cupit,
3263 3991 3568 4048 sevissima
3592 3995 3761 4047 autem
3785 3985 3858 4039 ha-

2279 4092 2411 4129 rum
2442 4077 2687 4146 AtrOpos
2710 4075 2986 4132 articulos
3003 4077 3130 4148 jam
3153 4077 3213 4133 in
3235 4080 3531 4136 condilum
3551 4081 3654 4152 (55)
3674 4073 3860 4134 solam“

2279 4162 2508 4234 imperii
2541 4164 2625 4218 tui
2657 4166 3008 4221 sententiam
3039 4171 3325 4238 expectat,
3361 4173 3424 4224 ut
3453 4169 3548 4225 ﬁla
3575 4164 3860 4224 contraheus

2278 4257 2533 4324 rumpat.
2592 4253 2939 4310 Palliditatis
2981 4260 3177 4312 autem
3226 4257 3424 4314 vultus
3455 4259 3565 4314 mei
3603 4253 3858 4312 causaest.

2280 4341 2538 4398 animam
2567 4360 2601 4397 a
2629 4343 2816 4414 capite
2841 4344 3232 4414 descendisse,
3257 4363 3571 4419 secumque
3604 4347 3654 4400 in
3681 4338 3861 4398 inferio-

2280 4448 2402 4486 rem
2434 4432 2690 4503 corporis
2711 4437 2932 4503 partem
2957 4435 3302 4506 sanguinem
3325 4437 3672 4508 perduxisse.
3703 4456 3726 4482 ››
3747 4427 3859 4484 Sub—

513 4531 669 4583 rator
700 4525 772 4581 ad
805 4539 932 4580 sese
962 4519 1207 4577 carceris
1238 4535 1482 4575 vocans:
1515 4541 1542 4567 »
1600 4527 1722 4574 Φίλε
1755 4544 1868 4588 μου,
1925 4519 2017 4574 file
2046 4539 2168 4591 mu,
2203 4531 2248 4596 D
2281 4521 2477 4576 ridens
2509 4520 2688 4593 igitur
2717 4519 3066 4594 imperator:
3095 4546 3123 4573 «
3158 4524 3388 4596 Recipe,
3412 4525 3612 4597 inquit,
3634 4521 3860 4578 animam,

514 4616 669 4689 quod
700 4618 789 4671 est
841 4611 1029 4669 amice
1060 4610 1160 4678 mi,
1195 4608 1406 4681 inquit,
1458 4608 1708 4664 Leonem
1758 4608 2165 4679 imperatorem

515 4703 748 4761 nostin?
779 4733 844 4744 —
875 4700 1007 4767 Qui,
1034 4699 1182 4767 inﬁt,
1218 4713 1456 4754 noscere
1488 4697 1736 4768 possim,
1758 4713 1930 4768 quem
1957 4699 2170 4756 vidisse

516 4809 609 4848 me
627 4808 743 4847 non
763 4788 1171 4845 meminerim?
1195 4787 1277 4841 Ad
1306 4785 1607 4858 publicum
1627 4790 1937 4853 sane,'raro
1961 4806 2166 4859 quam-

517 4895 719 4952 quam,
751 4879 896 4932 dum
929 4875 1206 4948 procedit,
1231 4893 1264 4930 a
1285 4875 1475 4947 longe,
1501 4874 1904 4946 quia,propter
1922 4893 2165 4948 nequeo,

517 4985 652 5024 cum
685 4967 943 5032 intueor,
985 4963 1249 5019 mirabile
1295 4964 1577 5036 quiddam
1632 4967 1689 5018 et
1722 4980 1836 5018 non
1870 4964 2167 5021 hominem

517 5057 710 5113 videre
740 5055 956 5111 videor.
991 5053 1138 5109 Dare
1170 5056 1365 5108 autem
1397 5056 1454 5107 te
1479 5069 1738 5125 operam,
1773 5070 1888 5124 quo
1922 5053 2056 5109 hinc
2087 5055 2170 5110 in-

2280 4610 2489 4681 rec-ipe,
2505 4613 2715 4665 etcum
2739 4609 2846 4665 hac
2869 4609 3133 4668 bisbinas
3146 4610 3862 4669 aureorumlibrasadsume;

2280 4698 2425 4754 nulli
2457 4715 2587 4754 vero
2611 4699 2681 4754 de
2711 4715 2825 4765 me,
2860 4698 2974 4755 nisi
3003 4701 3324 4774 aufugisse,
3357 4702 3757 4775 respondeas.»
3793 4690 3864 4747 llis

2281 4788 2362 4843 ita
2391 4788 2592 4860 gestis,
2627 4787 2944 4860 imperator
2969 4788 3196 4862 vigiles,
3219 4791 3316 4863 qui
3341 4809 3403 4848 sc
3422 4797 3646 4865 captum
3671 4781 3863 4842 dimise-

2280 4881 2430 4948 rant,
2461 4877 2678 4949 quique
2708 4894 2922 4933 cmsum
2955 4879 3232 4935 custodia:
3281 4881 3684 4953 manciparant,
3712 4869 3864 4928 venit?

2279 4966 2553 5038 precepit.
2588 4966 2810 5029 Quibus
2836 4969 2893 5021 et
2915 4967 2998 5022 ait
3021 4984 3032 5022 :
3059 4991 3085 5018 ‹‹
3120 4969 3512 5042 Vigilantibus
3543 4968 3691 5024 vobis
3719 4962 3864 5018 custo-

2279 5055 2556 5126 diamque
2608 5054 2824 5110 civitati
2860 5056 3276 5130 praebentibus,
3308 5059 3586 5130 numquid
3618 5057 3752 5111 fures
3778 5045 3862 5103 ali-

1882 5196 2122 5252 vitam
2163 5197 2568 5253 LECTIONES.
3005 5272 3010 5277 λ

590 5316 636 5350 ³ο
663 5311 1108 5386 babilioniaeque
1138 5315 1164 5386 1
1198 5312 1289 5366 55.
1364 5311 1408 5345 ³¹
1438 5314 1495 5366 et
1526 5313 1575 5366 1.
1653 5312 1697 5344 ³³
1727 5326 1964 5367 occurre
1998 5314 2022 5366 1
2102 5316 2145 5348 ⁸³
2177 5330 2382 5386 parcar
2429 5329 2629 5370 earum
2663 5314 2688 5368 1
2745 5314 2807 5369 in
2835 5315 3043 5371 duabus
3075 5316 3254 5373 lineis.
3330 5319 3374 5352 3‘
3402 5312 3648 5374 articulis
3667 5311 3774 5382 jam
3799 5303 3861 5356 in-

521 5386 824 5444 conditum
855 5384 1040 5441 solam
1071 5385 1108 5440 5
1133 5385 1224 5440 5a.

2113 5480 2343 5538 NOT/E.

597 5583 708 5656 (55)
741 5582 803 5640 Id
835 5583 926 5638 est
956 5579 1232 5638 articulos
1265 5578 1482 5636 forﬁcis
1504 5579 1632 5649 jam
1663 5579 1721 5635 in
1753 5596 1931 5642 manu
1962 5584 2198 5642 curvata
2227 5580 2504 5653 (κόνδυλος)
2533 5584 2758 5638 tenens.
