4058 6170
199 286 320 388 τθέι

1177 323 1796 388 ANTAPODOSEOS
1843 323 2049 386 LIBRI
2093 321 2262 384 SEX.
2296 357 2372 368 —
2401 325 2546 386 LIB.
2593 326 2640 386 ῐ.

3488 327 3608 387 ’198

197 458 436 536 quando
468 455 882 530 adulterosque
914 457 1251 515 Oﬂeﬂditis‘?
1281 481 1309 510 »
1342 459 1448 526 Ουί
1481 457 1844 532 θυωῬΡωῐίο
1874 458 1931 525 Α
1962 471 2067 536 ret,
2100 480 2409 520 aureorum
2435 461 3154 521 numismatorumlibram
3172 462 3607 535 pectoriunius-

201 553 438 624 accepto
471 547 926 615 dimiserant,nil
949 565 1011 606 se
1030 549 1247 605 vidisse
1279 549 1756 622 responderant“
1777 551 1802 574 *
1837 568 1849 618 ;

199 642 303 715 qui
351 658 486 696 vero
537 655 750 694 caesum
803 638 970 694 illum
1010 639 1290 695 custodiae
1321 640 1746 711 manciparent,
1775 640 1855 695 ita

198 730 624 803 responderant
667 729 752 784 31‘:
805 751 832 776 ‹‹
884 729 1156 801 Prrecepit
1221 737 1447 786 δεσποτία
1492 741 1577 786 σοῦ
1634 738 1667 796 ἡ
1721 739 1849 799 ἅγια,

199 819 468 893 despotia
498 817 590 872 sui
622 817 772 888 agia,
808 817 860 872 id
897 821 986 873 est
1035 818 1355 874 dominatio
1385 822 1488 873 tua
1531 823 1753 885 sancta,
1787 823 1854 873 ut

203 907 473 980 sivigiles
487 910 618 979 post
639 906 1051 977 crepusculum
1071 924 1427 979 quemquam
1443 907 1640 980 aliquo
1659 909 1852 963 deam-

203 999 507 1054 bulantem
527 995 1153 1068 offenderent,captum
1170 996 1438 1068 protinus
1479 997 1848 1052 verberibus-

205 1104 318 1158 que
332 1102 544 1141 caesum
569 1078 1169 1141 custodimtraderent.
1206 1085 1567 1156 I‘uisitaque,
1593 1086 1853 1140 domina-

207 1181 299 1232 tor
319 1174 755 1241 sanctissime”,
782 1175 1151 1246 jussionibus
1171 1193 1278 1230 nos
1293 1174 1850 1246 parentes,hac,quae

207 1269 550 1337 praesentem
577 1251 1058 1335 prmcessitdiem,
1093 1270 1258 1320 nocte
1290 1265 1584 1336 quendam
1607 1263 1851 1334 lupana-

209 1355 298 1410 ria
319 1371 490 1427 percu
502 1359 753 1410 rrentem
777 1353 1854 1425 cepimus,ﬂagellavimus,carcerique

209 1443 554 1516 impositum
586 1443 829 1515 imperio
858 1449 956 1499 tuo
979 1448 1179 1499 sancto
1203 1443 1644 1515 producendum
1667 1459 1857 1498 serva-

207 1533 419 1587 vimus.
456 1554 483 1580 ››
516 1533 738 1596 Quibus
785 1532 1136 1604 imperator:
1175 1556 1202 1583 «
1236 1533 1380 1599 Cito,
1427 1533 1642 1604 inquit,
1695 1535 1758 1586 ut
1795 1530 1856 1585 in

206 1620 470 1675 medium
494 1622 869 1692 producatur,
904 1626 1160 1693 potestas
1183 1620 1542 1693 imperiimei
1569 1620 1742 1676 etiam
1775 1623 1856 1674 at-

203 1725 318 1780 que
348 1708 525 1764 etiam
550 1710 817 1781 imperat.
845 1733 871 1758 »
895 1711 1008 1765 Nec
1027 1727 1210 1775 mora,
1244 1709 1475 1764 vinctus
1497 1713 1559 1764 ut
1581 1710 1852 1775 ducatur,

203 1810 578 1879 percurrunt.
607 1810 787 1873 Quem
816 1808 957 1862 dum
971 1807 1270 1879 aufugisse
1293 1806 1853 1873 audirent,semivivi
1889 1831 1932 1894 Β

205 1897 280 1952 ad
329 1895 612 1968 palatium
657 1899 798 1952 sunt
842 1896 1074 1950 reversi.
1109 1896 1270 1959 Quod
1318 1913 1452 1950 cum
1484 1895 1860 1950 nuntiassent

201 1985 568 2058 imperatori,
599 2001 731 2040 mox
762 1985 1078 2056 imperator
1107 2001 1168 2038 se
1197 1988 1438 2039 exutum
1463 1984 1754 2055 nimisque
1784 1983 1858 2039 iis

200 2091 410 2130 cesum
461 2074 776 2129 ostendens
814 2091 827 2128 :
879 2095 906 2121 ››
951 2082 1116 2141 Δεύτε,
1165 2074 1357 2142 deute,
1404 2073 1460 2127 id
1512 2077 1600 2128 est
1645 2072 1855 2142 venite,

200 2162 423 2233 inquit,
456 2175 526 2234 μὴ
554 2171 862 2231 διληασέται,
890 2163 970 2216 mi
1002 2161 1470 2230 diliasete,nolite
1500 2162 1816 2217 formidare
1841 2181 1855 2229 ;

196 2253 335 2324 ipse
365 2269 471 2325 ego
501 2269 636 2307 sum
668 2269 843 2324 quem
876 2251 1538 2324 ﬂagellastis,quemque
1570 2269 1600 2308 e
1631 2269 1859 2307 carcere

198 2359 370 2396 nunc
400 2342 701 2413 aufugisse
731 2339 1044 2396 conﬁditis.
1069 2340 1199 2395 Scio
1232 2341 1388 2396 enim
1419 2344 1476 2395 et
1504 2357 1634 2395 vere
1667 2341 1859 2405 credo,

194 2431 367 2503 quod
400 2447 517 2486 non
548 2431 959 2503 imperatorem
1003 2430 1102 2484 sed
1154 2429 1525 2500 imperatoris
1556 2429 1862 2485 inimicum

194 2521 454 2576 tundere
495 2519 820 2592 cogitastis.
859 2519 973 2574 Hos
987 2518 1196 2589 quime
1219 2535 1332 2572 non
1353 2517 1862 2589 utimperatorem,

196 2609 310 2665 sed
331 2613 394 2665 ut
409 2608 698 2664 latronem
729 2608 963 2680 viteque
982 2624 1122 2662 meae
1141 2607 1542 2662 insidiatorem
1566 2606 1862 2676 dimisere,

200 2702 577 2753 mortetenus
607 2697 939 2753 verberatos
972 2696 1114 2751 urbe
1140 2695 1368 2768 expelli,
1415 2696 1704 2768 bonisque
1737 2713 1866 2752 om-

205 2788 392 2843 nibus
424 2786 660 2859 privari,
693 2802 823 2841 mea
854 2803 968 2841 non
1001 2785 1192 2840 solum
1241 2784 1420 2856 cupit,
1455 2801 1656 2840 verum
1687 2785 1864 2841 etiam

199 2876 383 2948 jubet
413 2875 750 2931 auctoritas.
783 2875 900 2929 Vos
948 2877 1141 2929 autem
1176 2874 1322 2929 meis
1348 2891 1463 2928 non
1515 2872 1728 2938 solum,
1763 2875 1864 2930 sed

211 2965 434 3020 horum
485 2964 662 3020 etiam
712 2980 1116 3035 perversorum
1164 2962 1381 3018 divitiis
1430 2963 1601 3018 dono.
1631 2985 1659 3013 »
1703 2965 1866 3029 Quod

213 3071 403 3127 quam
452 3055 767 3126 prudenter
797 3053 996 3125 egerit,
1027 3052 1347 3124 paternitas
1387 3056 1485 3107 tua
1515 3051 1576 3106 in
1609 3053 1718 3108 hoc
1749 3053 1869 3108 ani-

213 3144 580 3199 madvertere
610 3142 840 3214 poterit,
893 3142 1168 3213 quoniam
1204 3141 1391 3197 caeteri
1422 3143 1631 3196 extunc
1663 3142 1863 3197 civita-

213 3237 339 3288 tem
371 3230 823 3305 diligentissime
856 3231 1167 3297 custodire,
1197 3231 1352 3285 hunc
1369 3231 1863 3286 etiam‘absentem

212 3321 391 3394 quasi
423 3324 767 3392 prmsentem
799 3337 1051 3392 sperare.
1101 3320 1313 3390 Sicque
1346 3319 1564 3373 factum
1597 3324 1685 3375 est
1717 3325 1781 3375 ut
1810 3325 1868 3376 et

209 3411 536 3482 imperator
547 3409 800 3481 amplius
813 3410 885 3463 de
908 3408 1120 3480 palatio
1139 3412 1316 3463 noctu
1341 3424 1452 3461 non
1468 3407 1864 3476 descenderet,

211 3504 270 3555 et
302 3499 394 3554 sui
429 3499 626 3554 omnia
657 3497 901 3553 ﬁdeliter
931 3495 1314 3551 custodirent.

289 3590 378 3642 12.
430 3586 623 3642 Alium
669 3603 841 3658 quem
892 3585 1018 3657 ipse
1066 3584 1184 3656 egit
1220 3583 1448 3650 ludum,
1486 3583 1716 3640 silentio
1748 3585 1865 3658 tegi

211 3677 546 3734 absurdum
578 3692 706 3731 esse
735 3674 1012 3746 dijudico.
1038 3671 1748 3743 Constantinopolitanum
1773 3691 1870 3745 pa-

208 3766 427 3823 latium
456 3767 528 3822 ob
559 3763 930 3837 imperatoris
948 3762 1200 3819 salutem
1228 3761 1548 3817 multorum
1582 3761 1867 3834 praesidiis

210 3855 477 3912 militum
498 3853 845 3910 custoditur.
878 3851 1352 3907 Custodientibus
1366 3867 1500 3906 vero
1522 3851 1710 3906 victus
1731 3868 1864 3907 cen-

209 3961 440 4016 susque
451 3941 806 3999 cottidianus
825 3958 939 3997 non
958 3956 1171 4014 parvus
1184 3940 1598 4012 inpenditur”.
1613 3940 1867 4013 Contigit

210 4035 438 4106 itaque,
494 4036 558 4088 12
585 4035 718 4104 post
763 4031 1022 4103 corporis
1069 4029 1442 4084 refectionem
1490 4029 1550 4083 in
1591 4029 1716 4102 ipso
1750 4030 1863 4086 diei

207 4125 440 4180 fervore
469 4138 588 4177 una
614 4120 674 4176 in
706 4120 879 4176 domo
912 4117 1372 4191 quiescere.Mos
1395 4118 1648 4190 denique
1677 4119 1863 4192 impe-

210 4210 430 4269 ratoris
447 4213 590 4276 erat,
607 4207 832 4266 cunctis
846 4206 1287 4279 quiescentibus
1318 4210 1505 4261 totum
1527 4211 1862 4280 perreptare

208 4298 635 4374 palatium.Qui
666 4314 802 4354 cum
833 4297 1055 4360 eodem,
1090 4296 1184 4350 die
1217 4296 1472 4366 quadam
1507 4313 1622 4366 quo
1663 4299 1725 4350 12
1747 4313 1863 4351 me-

209 4389 426 4446 morati
456 4388 687 4445 lcsthmo
711 4387 824 4457 (56)
857 4400 984 4442 sese
1007 4383 1861 4455 dederant,pervenisset,ligno

210 4480 464 4546 modico,
499 4481 564 4534 ut
610 4493 726 4532 non
775 4473 1111 4540 incallidus,
1162 4473 1295 4528 ostii
1330 4472 1564 4544 pessulo
1606 4473 1860 4544 projecto

1965 559 2251 630 cujusque
2280 555 2551 629 apposuit
2568 557 2650 625 33;
2686 572 2933 628 moxque
2977 553 3127 610 clam
3159 571 3481 628 regressus,
3515 574 3608 613 os-

1963 648 2131 714 tium,
2183 651 2248 702 ut
2278 648 2442 720 prius
2486 648 2692 713 fuerat,
2727 645 2955 701 clausit.
2990 647 3067 702 Eo
3101 651 3296 703 autem
3328 647 3436 702 hoc
3469 648 3607 721 egit,

1963 737 2242 809 quatinus
2272 737 2468 792 exitati
2502 739 2611 808 (37)
2659 741 2715 791 et
2746 737 2816 792 de
2863 735 3026 791 lucro
3057 736 3511 808 gratularentur,
3543 755 3610 793 ac

1963 826 2212 899 qualiter
2233 827 2340 881 hoc
2371 826 2659 881 accideret
2689 843 2801 880 non
2837 825 3207 881 mediocriter
3229 826 3607 882 mirarentur.

1961 916 2221 987 Deuique
2254 916 2587 972 discedente
2618 915 2986 986 imperatore,
3022 915 3119 987 qui
3149 915 3289 988 vigil
3323 916 3486 972 solus
3511 934 3608 972 ex-

1961 1007 2159 1061 titerat
2207 1005 2482 1073 surrexit,
2527 1005 3064 1076 dormientiumque
3093 1023 3370 1061 nummos
3401 1025 3608 1063 aureos

1963 1096 2072 1150 sibi
2105 1096 2440 1166 adsumpsit
2492 1099 2665 1167 atque
2698 1095 2994 1166 reposuit;
3029 1099 3231 1165 postea
3262 1112 3394 1150 vero
3425 1096 3607 1166 quieti

1961 1201 2086 1239 sese
2109 1185 2300 1240 dedit.
2324 1183 2830 1255 Imperatorigitur
2862 1201 2964 1255 pro
2981 1183 3088 1238 hoc
3110 1184 3249 1238 ludo
3287 1185 3574 1239 sollicitus
3602 1229 3613 1252 ,

1963 1276 2097 1343 post
2126 1289 2337 1326 nonam
2372 1272 2574 1326 horam
2613 1270 2802 1326 12hos
2822 1288 2970 1342 quos
2994 1271 3427 1327 nominavimus
3443 1273 3512 1326 ad
3549 1290 3610 1328 se

1961 1358 2157 1414 venire
2199 1360 2489 1431 praecepit,
2545 1376 2760 1431 eosque
2817 1360 2900 1415 ita
2943 1361 3210 1415 convenit
3249 1378 3321 1414 :u
3357 1361 3416 1417 Si
3465 1362 3610 1416 forte

1963 1451 2224 1503 vestrum
2256 1448 2589 1519 quempiam
2621 1449 2836 1503 somnii
2867 1449 3011 1504 visio
3044 1449 3322 1505 deterruit
3341 1454 3444 1505 aut
3469 1450 3612 1505 hila—

1966 1554 2089 1592 rem
2123 1535 2392 1604 reddidit,
2426 1541 2492 1591 ut
2522 1538 2580 1591 in
2612 1536 2872 1592 medium
2897 1538 3150 1609 proferat
3176 1555 3305 1593 mea
3317 1539 3486 1608 jubet
3509 1557 3610 1595 au-

1965 1627 2241 1692 ctoritas;
2276 1643 2381 1681 nec
2414 1626 2610 1681 minus
2644 1625 2821 1681 etiam
2850 1625 2898 1680 si
2933 1626 3073 1698 quid
3106 1625 3378 1682 novitatis
3409 1644 3610 1699 exper-

1963 1715 2226 1786 gefactus
2258 1713 2573 1785 quisquam
2604 1714 2770 1781 vidit,
2809 1718 2871 1770 ut
2901 1715 3151 1787 detegat,
3180 1716 3446 1788 imperat.
3487 1739 3514 1766 »
3544 1717 3615 1772 Hi

1965 1803 2183 1875 itaque,
2210 1804 2710 1874 quemadmodum
2728 1803 3173 1870 nihilviderant,
3201 1805 3280 1860 nil
3312 1823 3374 1861 se
3399 1805 3618 1862 vidisse

1967 1892 2390 1963 responderant
2419 1893 2482 1946 3°.
2520 1892 2707 1964 Magis
2740 1897 2937 1948 autem
2970 1909 3148 1965 super
3176 1894 3284 1949 hoc
3319 1895 3614 1961 admirati,

2147 2026 2539 2076 Conticuere...
2572 2026 2868 2090 intentique
2898 2040 2995 2076 ora
3022 2027 3279 2078 tenebant
3307 2029 3428 2092 (58).

1969 2162 2224 2233 Sperans
2242 2159 2882 2232 igiturimperator,hos
2899 2178 3013 2216 non
3039 2162 3118 2216 rei
3143 2161 3375 2219 inscitia
3388 2165 3489 2219 sed
3505 2164 3618 2220 cal-

1968 2249 2193 2305 liditate
2225 2249 2424 2320 aliqua
2455 2249 2713 2318 reticere,
2738 2266 3056 2305 suscensus
3079 2251 3124 2284 ⁴⁰
3155 2255 3242 2306 est
3271 2255 3335 2306 ut
3365 2252 3465 2324 qui
3498 2270 3618 2308 ma-

1971 2339 2080 2411 gis,
2109 2336 2672 2409 cepitquenonnulla
2692 2336 2978 2391 terribilia
2995 2338 3370 2394 reticentibus
3384 2342 3620 2394 commi-

1974 2426 2121 2482 nari.
2174 2426 2336 2490 Quod
2380 2425 2481 2496 qui
2534 2424 2798 2480 omnium
2848 2425 3118 2480 conscius
3153 2431 3276 2480 erat
3299 2431 3365 2480 ut
3402 2427 3622 2482 audivit

1975 2513 2316 2586 hujusmodi
2349 2513 2681 2568 humillima
2701 2517 2758 2568 et
2788 2513 3036 2585 supplici
3060 2513 3619 2587 voceimperatorem

1975 2603 2280 2661 convenit:
2331 2627 2358 2653 ››
2389 2611 2672 2675 ψιλάθροπε
2700 2610 2916 2675 βεινιλεῦ,
2983 2601 3334 2676 filanthrope
3378 2605 3619 2672 vasileu,

1976 2694 2034 2749 id
2066 2699 2153 2750 est
2203 2691 2630 2748 humanissime
2679 2691 3015 2764 imperator,
3067 2691 3126 2746 hi
3173 2693 3315 2764 quid
3349 2694 3619 2764 viderint,

1976 2782 2209 2850 nescio;
2237 2798 2343 2854 ego
2381 2785 2572 2836 tamen
2607 2779 2967 2846 delectabile,
3002 2785 3176 2852 atque
3208 2781 3437 2838 utinam
3464 2785 3620 2855 quod

1975 2889 2232 2944 persaape
2263 2870 2407 2926 mihi
2441 2869 2820 2942 contingeret,
2847 2870 3144 2924 somnium
3175 2869 3314 2926 vidi.
3341 2871 3621 2928 Undecim

1977 2961 2069 3016 his
2100 2959 2393 3016 conservis
2426 2960 2572 3015 meis
2604 2959 2777 3014 hodie
2805 2975 2937 3015 vere
2969 2960 3068 3014 sed
3109 2960 3147 2994 "
3185 2977 3300 3016 non
3335 2966 3621 3034 oportune

1977 3049 2427 3118 dormientibus,
2459 3049 2621 3105 visus
2653 3066 2809 3116 sum,
2843 3049 3012 3120 quasi
3046 3067 3162 3104 non
3193 3049 3510 3117 dormiens,
3533 3051 3623 3106 vi-

1980 3139 2332 3212 gilare.Ecce
2354 3143 2550 3194 autem
2580 3139 2922 3208 magnitudo
2952 3138 3179 3210 imperii
3213 3139 3297 3194 tui
3331 3139 3498 3212 quasi
3530 3157 3624 3196 oc-

1980 3227 2132 3283 culte
2175 3229 2392 3282 ostium
2426 3244 2713 3296 reserans,
2748 3226 3198 3298 clanculumque
3230 3227 3516 3300 ingressa,
3550 3229 3623 3283 li-

1977 3318 2144 3372 bram
2169 3315 2296 3371 auri
2318 3316 2591 3386 adposuit
2621 3331 2802 3385 supra
2824 3318 3026 3386 pectus
3050 3315 3313 3371 omnium
3330 3321 3621 3373 nostrum.

1976 3407 2241 3476 Cumque
2269 3404 2581 3475 imperium
2615 3407 2782 3457 tuum
2816 3404 2982 3474 quasi
3016 3405 3627 3476 repedare,sotiosque

1978 3495 2085 3550 hac
2119 3493 2175 3547 in
2225 3493 2447 3547 visione
2497 3509 2796 3547 cernerem
2841 3492 3176 3557 dormitare,
3211 3494 3489 3548 continuo
3521 3511 3624 3549 ceu

1976 3581 2129 3637 lctus
2177 3595 2484 3652 exurgens,
2536 3579 2808 3634 undecim
2855 3579 3272 3634 dormientium
3312 3596 3624 3638 aureorum

1976 3671 2476 3726 numismatorum
2504 3668 2686 3723 libras
2720 3666 2846 3735 tuli,
2872 3684 3118 3739 meoque
3150 3667 3210 3722 in
3227 3668 3624 3740 marsupio,in

1976 3777 2092 3832 quo
2124 3777 2242 3815 una
2261 3761 2404 3826 erat,
2420 3757 2687 3830 apposui,
2709 3757 2988 3828 quatinus
3005 3755 3076 3812 ob
3099 3757 3623 3830 transgressionem

1976 3849 2257 3921 decalogi,
2290 3864 2362 3903 ne
2393 3846 2585 3903 solum
2611 3851 2809 3903 essent
2845 3850 2926 3913 11,
2959 3863 3160 3902 verum
3191 3847 3262 3903 ad
3279 3849 3622 3905 memoriam’

1975 3937 2375 4010 apostolorum
2425 3952 2556 3991 mea
2599 3953 2718 3991 una
2764 3934 3030 3992 adhibita
3067 3940 3267 3992 essent
3295 3942 3352 3993 et
3381 3937 3506 4010 ipse
3539 3942 3619 3995 12.

1972 4026 2132 4083 Visio
2161 4026 2304 4094 haec,
2354 4024 2670 4098 imperator
2715 4028 2995 4098 auguste,
3035 4025 3256 4082 bonum
3305 4027 3402 4096 sit,
3437 4045 3623 4100 usque

1975 4116 2146 4171 modo
2178 4131 2272 4171 me
2329 4132 2445 4170 non
2496 4114 2797 4183 deterruit,
2847 4115 2946 4170 sed
2991 4114 3238 4171 hilarem
3272 4116 3542 4172 reddidit.
3577 4119 3621 4174 Ο

1974 4204 2200 4259 utinam
2226 4202 2630 4275 interpretatio
2661 4201 2775 4258 alia
2807 4202 3052 4275 imperio
3093 4208 3192 4258 tuo
3224 4221 3340 4259 non
3373 4205 3618 4275 placeat.

1973 4294 2119 4348 Nam
2168 4298 2226 4348 et
2274 4309 2366 4347 me
2400 4302 2593 4361 μάντην
2621 4302 2705 4347 καὶ
2732 4299 3022 4362 ὀνιρόπολον
3054 4292 3280 4346 mantin
3327 4293 3396 4345 ke
3427 4293 3619 4346 oniro-

1972 4381 2168 4454 polon,
2222 4381 2279 4436 id
2330 4383 2420 4434 est
2450 4379 2713 4433 divinum
2740 4383 2798 4434 et
2828 4377 3040 4434 somnii
3071 4379 3455 4446 venditorem,
3489 4396 3617 4434 esse

1973 4469 2198 4542 liqnido
2249 4470 2425 4540 patet.
2461 4488 2489 4515 »
2535 4466 2637 4521 His
2669 4465 2907 4533 auditis,
2937 4482 3151 4538 magno
3183 4470 3273 4521 est
3302 4465 3620 4538 imperator

208 4567 578 4641 ingrediendi
629 4565 740 4623 sibi
791 4564 1017 4620 aditum
1065 4561 1334 4635 praebuit.
1397 4561 1675 4617 Undecim
1724 4579 1857 4618 vero
1887 4562 1934 4626 D
1966 4557 2251 4615 cachinno
2283 4556 2558 4621 inﬂatus;
2592 4571 2793 4609 verum
2825 4554 3198 4626 prudentiam
3231 4554 3410 4626 hujus
3442 4559 3616 4628 atque

207 4656 658 4723 dormientibus,
711 4658 778 4710 ut
824 4670 919 4710 ars
961 4656 1146 4708 artem
1205 4650 1429 4706 falleret
1475 4650 1858 4707 duodecimus

207 4744 452 4818 pervigil
501 4748 742 4802 stertere
807 4760 913 4798 ceu
959 4740 1258 4798 dormiens
1305 4744 1556 4812 ceperat,
1626 4743 1854 4796 contra-

205 4837 435 4908 ctisque
503 4834 563 4889 in
633 4833 840 4889 faciem
890 4830 1167 4898 brachiis,
1221 4833 1408 4886 totum
1457 4830 1611 4902 quod
1664 4829 1854 4902 impe-

204 4931 363 4981 rator
394 4925 607 4979 faceret
635 4919 1086 4994 diligentissime
1107 4918 1530 4974 considerabat.
1548 4920 1852 4991 Ingressus

204 5012 386 5086 igitur
415 5013 756 5085 imperator,
789 5012 931 5066 dum
963 5007 1292 5064 obdormire
1308 5012 1551 5063 cunctos
1566 5009 1854 5080 perspice-

1968 4645 2424 4706 sollicitudinem
2456 4643 2588 4716 plus
2618 4643 2967 4710 admiratus,
3000 4642 3433 4716 protinusinﬁt.
3453 4667 3480 4694 »
3502 4647 3617 4700 An-

1965 4738 2134 4795 tehac
2162 4747 2215 4793 σὲ
2271 4742 2382 4792 οὖτὲ
2414 4743 2605 4805 μάντην
2635 4745 2754 4790 οὼτε
2785 4741 3090 4805 όνιρόπολον,
3125 4749 3186 4788 sc
3237 4734 3279 4767 ⁴²
3311 4736 3407 4788 ute
3446 4750 3618 4790 man-

1964 4829 2048 4883 tin
2082 4830 2178 4882 ute
2209 4823 2572 4896 oniropolon,
2605 4822 2663 4878 id
2691 4826 2781 4878 est
2810 4827 2864 4878 te
2896 4839 3084 4894 neque
3117 4822 3377 4878 divinum
3428 4841 3617 4896 neque

1965 4916 2177 4972 somnii
2204 4914 2564 4970 venditorem
2595 4912 3135 4979 esse,audivi.IIanc
3167 4930 3298 4968 vero
3323 4929 3445 4968 rem
3462 4931 3617 4969 nunc

1961 5007 2043 5061 ita
2064 5010 2260 5078 aperte
2292 5002 2456 5072 dixti,
2493 5005 2558 5057 ut
2587 5001 2728 5057 nihil
2763 5001 3480 5058 circuitionisususesses.
3500 5003 3612 5058 Sed

1617 5151 1859 5208 VARle
1895 5147 2306 5206 LECTIONES.

277 5265 321 5299 3"
350 5264 372 5285 ⁶
414 5266 496 5319 ita
534 5265 584 5318 1.
661 5261 707 5296 ⁸⁵
735 5263 814 5316 ita
847 5261 898 5315 1.
973 5260 1018 5294 ³⁵
1049 5258 1390 5315 sanctisime
1426 5262 1471 5312 1.

208 5335 251 5370 ³³
282 5335 555 5408 adposuit
583 5351 724 5390 corr.
759 5331 1033 5405 apposuit
1065 5333 1112 5386 1.
1189 5331 1233 5365 39
1261 5332 1342 5386 ita
1374 5333 1419 5384 1.

1548 5259 1590 5292 ³⁷
1637 5259 1697 5314 C.
1746 5275 1799 5314 v.
1849 5275 1902 5313 ν.
1951 5274 2002 5312 c.
2059 5273 2108 5310 c.
2144 5272 2201 5309 n.
2231 5269 2287 5324 p.
2321 5251 2361 5306 i.
2391 5251 2646 5325 ιίθεαηιβ
2672 5252 2744 5306 5a
2771 5250 2867 5306 δα*
2896 5249 3096 5325 adsunt
3125 5253 3184 5325 in
3214 5251 3343 5325 edit.
3376 5253 3612 5325 Hervag.

1498 5329 1542 5363 ‘0
1572 5345 1890 5386 succensus
1922 5345 2064 5385 corr.
2098 5340 2418 5382 suscensus
2455 5325 2501 5376 1.

2579 5321 2619 5356 ⁴¹
2654 5325 2742 5378 set
2768 5339 2908 5379 corr.
2947 5323 3046 5378 sed
3080 5323 3130 5379 1.
3163 5324 3208 5357 ⁴²
3241 5324 3388 5380 deest
3422 5328 3469 5380 1.

1831 5454 2062 5511 NOT/E.

281 5559 389 5628 (56)
426 5559 485 5614 Id
516 5561 605 5614 est
622 5557 882 5628 sommo.

287 5560 371 5628 (56
426 5559 485 5614 Id
516 5561 605 5614 est
624 5559 882 5612 ’sommo.

287 5559 497 5706 (δὴ,Ιά
528 5633 617 5689 est
645 5625 894 5687 excitati.

2034 5548 2150 5619 (58)
2183 5546 2343 5619 Virg.
2372 5545 2500 5602 Ain.
2535 5561 2596 5615 II,
2637 5548 2682 5600 1.
