4056 6184
202 285 313 350 804
1165 285 1789 352 ANTAPODOSEOS
1835 280 2045 348 LIBRI
2093 285 2264 349 SEX.
2301 323 2377 334 —
2409 285 2554 352 LIB.
2602 288 2650 352 1.
3493 291 3612 354 802

202 437 332 479 esse
365 435 484 477 non
512 422 772 493 possent,
806 419 1108 478 Oddonem
1140 421 1368 479 cunctis
1391 419 1726 494 potentibus
1749 419 1860 475 ele-
1887 420 1941 486 Α
1971 418 2125 475 sicut
2156 421 2768 496 diximus,alterapars
2783 421 3029 480 alteram
3049 437 3380 480 nocerenon
3397 429 3614 495 posset;

199 514 434 585 gerunt.
468 510 678 566 Fertur
705 513 899 566 autem
931 510 1038 567 hac
1057 509 1360 568 occasione
1378 511 1629 566 Francos
1658 509 1856 566 Wido-
1962 510 2020 562 et
2049 508 2466 580 Bagoariorum
2482 529 2636 568 unus
2651 510 2894 568 cottidie
2911 511 3615 585 agminibusexprobrans

200 615 335 656 nem
366 615 563 672 regem
596 597 711 655 sibi
742 615 858 654 non
911 600 1334 672 adsumpsisse.
1395 598 1539 655 Nam
1581 599 1724 654 dum
1783 598 1852 652 ad
1965 597 2528 665 ltalorum,inbelles
2547 617 2646 657 eos
2669 605 2847 672 atque
2871 600 3409 673 equitandiiuscios
3423 599 3619 656 clami-

199 688 519 746 Metensem
550 702 836 744 venturus
866 693 1020 745 esset
1047 689 1272 757 urbem,
1303 706 1428 762 quae
1446 687 1858 762 potentissima
1963 686 2144 742 tabat.
2175 689 2260 743 Ad
2294 693 2676 762 augmentum
2705 691 2880 746 etiam
2899 689 3195 746 dedecoris
3209 706 3308 746 eos
3326 688 3620 762 interpre-

199 777 262 834 in
293 793 472 851 regno
501 775 756 833 Lotharii
774 775 970 845 claret,
993 777 1275 849 praemisit
1292 777 1640 849 dapiferum,
1657 792 1852 840 suum,
1966 775 2134 843 siliit,
2172 776 2521 850 hastamque
2545 779 2644 834 uni
2678 780 2748 835 de
2761 795 2940 835 manu
2959 777 3232 845 excussit,
3256 778 3453 851 sicque
3465 777 3619 834 letus

200 866 304 940 qui
336 865 616 922 alimenta
648 864 728 919 illi
763 881 922 922 more
947 865 1106 939 regio
1155 869 1524 938 praepararet.
1580 863 1857 920 Metensis
1966 864 2027 919 in
2059 881 2300 920 suorum
2315 872 2504 923 castra
2520 868 2834 940 repedavit.
2852 867 3156 924 Hubaldus
3185 867 3364 941 igitur
3381 867 3620 922 Bonefa-

199 972 340 1012 vero
368 953 680 1027 episcopus
713 954 824 1025 (60)
857 954 996 1010 dum
1015 953 1233 1010 cibaria
1252 954 1304 1009 ei
1330 952 1517 1009 multa
1533 953 1857 1009 secundum
1964 953 2030 1008 tii
2062 959 2246 1026 pater,
2279 955 2379 1026 qui
2412 961 2545 1028 post
2573 961 2837 1028 tempore
2870 961 3072 1012 nostro
3102 955 3542 1012 Camerinorum
3564 959 3621 1011 et

204 1046 564 1102 Francorum
585 1043 1067 1100 consuetudinem
1083 1041 1812 1113 ministraret,hujusmodi
1827 1058 1860 1095 a

205 1135 468 1208 dapifero
486 1147 769 1204 responsa
795 1133 1082 1205 suscepit:
1104 1155 1132 1182 ‹‹
1165 1132 1223 1186 Si
1255 1149 1472 1204 equum
1488 1132 1698 1188 saltem
1715 1129 1860 1185 mihi

206 1222 462 1288 dederis,
494 1220 706 1277 faciam
748 1223 815 1275 ut
842 1220 1022 1277 tercia
1053 1221 1282 1276 obsonii
1314 1221 1358 1256 ⁸⁵
1389 1220 1568 1291 hujus
1599 1218 1761 1290 parte
1786 1217 1863 1274 sit

208 1329 312 1369 rex
340 1310 511 1368 Wido
543 1313 932 1365 contentus.»
995 1308 1158 1373 Quod
1211 1309 1523 1381 episcopus
1575 1308 1858 1363 audiens:

210 1424 240 1452 «
276 1401 404 1456 Non
436 1399 617 1468 decet,
647 1397 1054 1470 inquit,ta1em
1075 1413 1254 1469 super
1274 1411 1864 1468 nosregnareregem,

211 1489 317 1560 qui
346 1489 545 1544 decem
571 1486 832 1560 dragmis
863 1486 976 1542 vile
1009 1487 1122 1543 sibi
1155 1487 1468 1542 obsonium
1501 1489 1806 1558 praeparat.
1839 1505 1866 1532 »

211 1577 425 1648 Sicque
459 1577 676 1632 factum
706 1581 795 1632 est
825 1580 892 1631 ut
917 1575 1230 1631 Widoncm
1279 1575 1631 1641 desererent,
1675 1572 1866 1628 Oddo-

210 1679 350 1720 nem
379 1669 576 1720 autem
607 1663 908 1736 eligerent.

281 1753 372 1808 47.
405 1753 762 1808 Francorum
790 1752 970 1826 igitur
997 1769 1112 1808 non
1128 1767 1336 1823 parum
1357 1750 1531 1805 Wido
1563 1750 1865 1822 perturba-

209 1848 310 1899 tus
356 1841 774 1914 legationibus,
838 1840 1140 1896 nonnullis
1190 1841 1364 1911 coepit
1415 1837 1868 1910 cogitationibus

211 1930 469 1999 estuari,
499 1934 618 1986 tam
631 1945 700 1985 ex
717 1929 916 1986 italico
928 1945 1108 2002 regno
1127 1927 1472 2000 Berengario
1483 1926 1870 1997 jurejurando

213 2021 528 2095 promisso,
549 2036 726 2092 quam
758 2037 824 2073 ex
845 2019 1194 2073 Francorum
1213 2017 1554 2089 praesertim,
1579 2015 1734 2086 quod
1759 2032 1870 2085 pzc-

213 2111 378 2166 nitus
403 2127 464 2166 se
480 2126 594 2165 non
619 2125 789 2182 posse
818 2109 1064 2164 sciverat
1083 2105 1350 2179 adipisci.
1374 2107 1531 2161 Inter
1561 2109 1873 2175 utramque

214 2206 414 2256 autem
449 2200 602 2255 hanc
628 2198 1056 2264 sistuationem,
1092 2195 1371 2268 quoniam
1406 2195 1757 2250 Francorum
1777 2210 1875 2246 rex

216 2304 349 2345 esse
378 2287 679 2359 nequibat,
741 2287 1008 2357 frangere
1056 2285 1211 2357 quod
1264 2281 1612 2354 Berengario
1666 2281 1880 2335 fecerat

212 2376 640 2452 jusjurandum
656 2373 1322 2444 deliberat;collectoque
1336 2376 1510 2444 prout
1521 2369 1710 2442 potuit
1723 2385 1879 2424 exer-

219 2465 343 2522 citu
369 2497 438 2506 -—
461 2469 718 2520 traxerat
745 2478 887 2519 sane
919 2468 976 2517 et
1004 2480 1038 2517 a
1060 2461 1296 2517 Francis
1315 2460 1610 2532 quandam
1629 2459 1879 2513 aflinita-

219 2554 300 2612 tis
331 2555 566 2623 lineam,
585 2585 653 2594 ——
671 2552 1018 2623 Italiamque
1035 2551 1258 2606 concite
1282 2542 1604 2620 ingressus,
1624 2548 1882 2602 Camme-

222 2645 387 2700 riuos
417 2647 597 2716 atque
648 2641 976 2714 Spoletinos
1033 2639 1384 2696 ﬁducialiter
1430 2641 1495 2691 ut
1525 2635 1881 2709 pr0piuquos

225 2733 372 2800 adit,
407 2731 741 2805 Berengarii
774 2732 948 2786 etiam
973 2729 1241 2801 partibus
1265 2729 1544 2793 faventes,
1577 2730 1641 2779 ut
1670 2723 1882 2778 infidos

225 2822 609 2896 pecuniarum
641 2820 830 2894 gratia
860 2817 1138 2890 adquirit;
1173 2817 1370 2888 itaque
1403 2811 1744 2886 Berengario
1764 2810 1883 2866 bel-

227 2911 352 2966 lum
387 2914 574 2982 parat.

297 3000 390 3054 48.
423 2997 617 3070 Copiis
671 2996 926 3068 denique
985 3000 1236 3066 utraque
1292 3009 1357 3048 ex
1391 2997 1552 3065 parte
1603 2987 1878 3053 collectis,

218 3091 398 3162 juxta
429 3087 669 3142 fluvium
700 3085 977 3150 Triviam,
1012 3084 1116 3156 qui
1148 3084 1412 3154 quinque
1446 3079 1735 3136 Placentia
1767 3075 1879 3130 mi-

1967 1041 2400 1113 Spolctinorum
2432 1045 2622 1099 extitit
2638 1045 2919 1110 marchio,
2936 1050 3099 1101 tantu
3111 1063 3164 1099 m
3180 1044 3372 1118 gentis
3389 1061 3622 1100 suamu-

1968 1131 2134 1202 piens
2163 1132 2417 1189 dedecus
2446 1133 2766 1199 vindicare,
2821 1133 3008 1205 clipeo
3039 1138 3296 1206 accepto,
3348 1132 3621 1206 prmdicto

1969 1237 2101 1274 mox
2131 1221 2361 1277 obviam
2385 1222 2664 1294 Bagoario
2681 1223 2889 1278 tendit.
2908 1223 2960 1278 Is
2979 1226 3172 1278 autem
3188 1223 3471 1294 triumphi
3485 1239 3623 1294 prai-

1969 1309 2122 1361 teriti
2159 1327 2270 1364 non
2304 1311 2493 1366 solum
2528 1329 2641 1366 non
2671 1312 3004 1376 immemor,
3025 1311 3125 1367 sed
3145 1328 3210 1367 eo
3242 1312 3432 1368 factus
3447 1311 3623 1367 auda-

1971 1396 2086 1450 tior
2115 1413 2217 1451 ceu
2249 1415 2278 1452 e
2298 1399 2674 1467 victoriajam
2691 1399 3118 1465 securus,hunc
3131 1404 3332 1456 contra
3352 1402 3624 1472 properat

1975 1483 2163 1540 laztus.
2198 1485 2476 1557 Cepitque
2507 1487 2831 1542 vertibilem
2856 1505 3075 1559 equum
3109 1489 3517 1560 modoimpetu
3538 1505 3627 1544 vc-

1977 1572 2233 1628 hementi
2267 1573 2579 1641 dimittere,
2606 1576 2826 1631 strictis
2853 1577 3027 1631 modo
3051 1577 3295 1632 habenis
3313 1576 3623 1632 retrahere.

1977 1662 2332 1717 Memoratus
2361 1679 2494 1718 vero
2510 1664 2813 1719 Hubaldus
2833 1669 2989 1720 recta
3007 1681 3067 1720 se
3091 1664 3241 1737 cepit
3257 1665 3432 1720 adire.
3461 1667 3630 1720 Cum-

1976 1766 2090 1820 que
2124 1750 2179 1804 in
2214 1767 2280 1806 eo
2311 1756 2487 1816 esset,
2521 1757 2585 1806 ut
2616 1752 2838 1807 mutuis
2873 1770 2998 1808 sese
3018 1752 3628 1824 vulneribusligerent,

1979 1853 2138 1892 more
2168 1837 2340 1905 solito
2359 1839 2677 1910 Bagoarius
2703 1856 2854 1911 equo
2870 1839 3067 1896 versili
3097 1841 3288 1897 varios
3301 1840 3630 1913 perplexas-

1981 1943 2092 1996 quc
2117 1943 2218 1998 per
2249 1927 2546 1982 anfractus
2579 1927 2732 1998 cepit
2759 1927 3106 1995 discurrere,
3141 1929 3422 1999 quatinus
3448 1929 3521 1982 iis
3539 1945 3629 1982 ar-

1981 2014 2276 2085 gumentis
2290 2015 2510 2069 I'Iubald
2524 2033 2617 2069 nm
2637 2016 3350 2087 possetdccipere.Verum
3374 2034 3504 2071 cum
3523 2016 3631 2072 hac

1983 2107 2104 2157 arte
2137 2108 2297 2174 terga
2327 2108 2591 2170 verteret,
2646 2109 2708 2158 ut
2741 2122 2874 2158 mox
2918 2103 3148 2159 rediens
3203 2105 3533 2161 Hubaldum
3563 2123 3631 2160 ex

1984 2191 2226 2245 adverso
2258 2196 2601 2261 percuteret,
2637 2209 2825 2262 equus
2857 2192 2949 2246 cui
3001 2193 3303 2247 Hubaldus
3338 2194 3633 2249 insederat

1982 2279 2356 2335 vehementer
2386 2279 2714 2334 calcaribus
2761 2280 3050 2345 tunditur,
3101 2286 3158 2334 et
3191 2299 3294 2352 per
3338 2282 3629 2354 scapulas,

1987 2372 2301 2438 antequam
2333 2367 2539 2423 reverti
2575 2368 2892 2439 Bagoarius
2937 2375 3152 2440 posset,
3203 2369 3406 2425 lancea
3435 2371 3505 2425 ad
3537 2386 3636 2424 cor

1990 2471 2177 2526 usque
2191 2457 2535 2526 perforatur.
2557 2455 3052 2527 Hubaldusigitur
3071 2457 3232 2511 freno
3252 2457 3632 2530 Bagoaricum

1990 2543 2316 2616 percipiens
2349 2560 2587 2616 equum,
2635 2545 2828 2614 ipsum
2881 2544 2938 2598 in
2974 2544 3165 2598 medio
3214 2545 3430 2600 fluvioli
3475 2546 3635 2603 alveo

1991 2638 2230 2688 exutum
2261 2632 2558 2687 hominem
2579 2631 2908 2704 dereliquit;
2933 2633 3132 2704 sicque
3149 2650 3388 2689 suorum
3408 2635 3634 2706 injuriae

1992 2721 2166 2787 ultor,
2201 2722 2269 2777 de
2301 2721 2598 2793 triumpho
2629 2722 2701 2777 ad
2733 2737 2872 2778 suos
2894 2721 3039 2776 redit
3067 2721 3324 2779 hilarior.
3357 2723 3473 2779 Hoc
3495 2741 3636 2780 sane

1992 2814 2208 2866 tactum
2241 2827 2353 2864 non
2383 2811 2735 2866 mediocrem
2769 2811 3069 2881 Bagoariis
3092 2814 3392 2881 terrorem,
3421 2813 3635 2869 Italicis

1990 2899 2285 2955 audatiam
2318 2899 2581 2955 contulit.
2618 2899 2765 2955 Inito
2796 2899 3066 2971 quippe"
3081 2900 3344 2972 Bagoarii
3367 2902 3632 2971 consilio,

1991 2987 2812 3060 nonnullisqueCentebaldus
2833 2989 3120 3045 aWidone
3145 2991 3372 3062 argenti
3385 2991 3636 3064 acceptis

1992 3077 2372 3150 ponderibus,
2407 3077 2464 3132 in
2499 3078 2732 3150 propria
2763 3077 3056 3134 remeavit.

226 3154 416 3234 Iiariis
447 3179 622 3246 extat,
656 3174 820 3231 civile
853 3154 1182 3246 praeparant
1213 3169 1452 3226 bellum.
1489 3169 1550 3224 In
1593 3184 1706 3238 quo
1740 3182 1871 3222 cum
1905 3154 1948 3221 C
2059 3169 2148 3220 22.
2186 3167 2369 3237 Igitur
2401 3166 2782 3239 Berengarius
2815 3166 2955 3221 dum
2979 3167 3080 3222 ubi
3113 3169 3511 3241 prosperasibi
3535 3170 3635 3226 ad-

227 3266 498 3341 partibus
529 3281 598 3320 ex
629 3264 894 3335 utrisque
926 3262 1204 3316 caderent
1249 3258 1442 3323 multi,
1491 3255 1881 3327 Berengarius

229 3357 434 3430 fugam
467 3354 655 3426 petiit,
689 3352 1056 3423 triumphum
1083 3349 1283 3403 Wtido
1298 3345 1566 3401 obtinuit.

303 3447 393 3502 49.
426 3445 542 3500 Nec
574 3436 1362 3509 mora,diebusinterpositis
1384 3432 1884 3507 paucis,multitu-

231 3536 370 3592 dine
400 3533 789 3606 Berengarius
807 3529 1070 3592 collecta,
1089 3527 1147 3582 in
1183 3526 1385 3580 Brixia:
1404 3517 1886 3578 latissimoscam-

233 3641 340 3696 pos
371 3622 607 3679 Widoni
626 3619 843 3676 bellum
862 3621 1150 3690 prcparat.
1183 3615 1437 3670 Ubicum
1471 3611 1883 3666 maximastra—

237 3730 338 3787 ges
372 3713 556 3777 ﬁeret,
581 3711 720 3781 fuga
749 3725 877 3764 sese
908 3704 1316 3777 Berengarius,
1350 3701 1634 3756 liberavit.

305 3804 397 3858 20.
429 3801 562 3856 Jam
593 3815 724 3855 vero
752 3793 1160 3868 Berengarius,
1193 3808 1326 3848 cum
1357 3789 1595 3845 Widoni
1617 3789 1886 3845 resistere

237 3892 546 3964 copiarum
562 3888 858 3962 paucitate
878 3883 1167 3956 nequiret,
1197 3879 1695 3954 potentissimum,
1711 3893 1882 3949 quem

236 3980 640 4054 praediximus,
671 3975 980 4032 Arnulfum
1011 3974 1053 4007 ⁵⁷
1086 3987 1280 4045 regem
1303 3969 1360 4024 in
1384 3967 1668 4024 auxilium
1701 3971 1882 4038 rogat,

239 4069 591 4142 promittens
621 4083 688 4122 se
715 4079 973 4135 suosque
1002 4063 1132 4134 ejus
1163 4057 1431 4132 potentia:
1461 4057 1799 4123 servituros,
1838 4055 1886 4110 si

205 4158 444 4222 virtutis
458 4173 578 4212 suae
591 4150 1288 4212 amminiculoWidonem
1300 4151 1601 4220 superaret
1615 4161 1885 4218 regnum-

224 4263 340 4320 que
377 4244 762 4302 sibiltalicum
807 4239 1351 4310 vendicareLHujus
1379 4236 1548 4309 plane
1570 4239 1744 4291 tantae
1758 4251 1887 4306 pro-

227 4334 539 4391 missionis
566 4331 758 4406 gratia
785 4330 1007 4386 accitus
1038 4345 1135 4384 rex
1165 4325 1465 4392 Arnulfus,
1498 4323 1683 4378 filium
1710 4339 1884 4378 suum

225 4424 676 4490 Centebaldum,
710 4437 884 4493 quem
917 4436 985 4474 ex
1014 4415 1342 4474 concubina
1360 4417 1664 4486 genuerat,
1693 4410 1884 4467 valido

224 4531 362 4571 cum
375 4512 630 4570 exercitu
652 4509 904 4582 hujusin
919 4505 1203 4564 auxilium
1231 4503 1447 4576 dirigit,
1485 4504 1882 4571 veneruntque
1913 4523 1960 4588 Β

221 4603 449 4678 pariter
477 4600 638 4658 omni
669 4601 778 4657 sub
810 4597 1106 4656 celeritate
1137 4593 1396 4666 Papiam.
1431 4591 1604 4645 Wido
1633 4589 1882 4678 veroita

222 4690 532 4749 ﬂuviolum
554 4689 897 4763 quiPapiam
912 4703 1028 4743 uno
1041 4685 1297 4742 exlatere
1314 4681 1501 4749 alluit,
1515 4677 1881 4736 Vernavola"8

224 4781 492 4848 nomine,
522 4783 645 4836 tam
677 4777 927 4836 sudibus
957 4791 1135 4848 quam
1159 4771 1410 4830 exercitu
1430 4768 1722 4826 munierat
1735 4785 1878 4840 qua-

222 4870 388 4928 tinus
420 4867 604 4926 altera
629 4867 898 4937 alteram,
930 4866 1058 4938 ipso
1089 4861 1280 4919 medio
1312 4860 1699 4927 discurrente,
1743 4874 1880 4930 pars

224 4963 457 5033 partem
489 4973 832 5030 oppugnare
865 4952 1155 5025 nequiret.

291 5047 386 5104 24.
423 5046 586 5103 Unus
618 5050 676 5103 et
703 5044 1024 5118 vigesimus
1057 5041 1183 5098 dies
1205 5040 1332 5111 jam
1355 5037 1690 5106 transierat,
1721 5053 1876 5107 cum,

1990 3255 2209 3310 versari
2243 3255 2615 3325 prospiceret,
2650 3271 2781 3308 cum
2809 3255 3158 3311 Centebaldo
3184 3257 3400 3326 pariter
3413 3257 3635 3314 Arnulfi

1995 3343 2146 3414 regis
2179 3343 2301 3397 adit
2319 3343 2657 3413 potentiam.
2679 3360 2854 3397 orans
2885 3360 2950 3398 ac
2966 3342 3266 3414 pollicens,
3285 3349 3348 3398 ut
3369 3345 3416 3400 si
3441 3345 3636 3416 ipsum

1993 3433 2060 3486 ad
2062 3433 2312 3501 juvaret,
2348 3447 2409 3484 se
2440 3435 2740 3500 totamque
2760 3430 3007 3501 Italiam,
3032 3435 3096 3486 ut
3113 3436 3244 3486 ante
3265 3431 3636 3503 promiserat,

1993 3520 2210 3574 dicioni
2233 3537 2351 3574 suae
2371 3523 2743 3590 supponeret.
2764 3519 2961 3574 Tanta":
2979 3519 3270 3590 siquidem
3289 3523 3353 3574 ut
3373 3520 3636 3590 praedixi-

1995 3625 2128 3664 mus
2161 3607 2570 3680 promissionis
2586 3607 2772 3680 gratia
2788 3607 3031 3675 excitus,
3052 3607 3232 3679 copiis
3250 3606 3508 3664 collectis
3521 3626 3637 3666 non

1995 3697 2279 3763 minimis,
2315 3696 2535 3752 Italiam
2569 3696 2692 3752 adit
2713 3697 2992 3766 (An.89/l).
3027 3695 3550 3768 CuiBerengarius,
3575 3702 3640 3754 ut

1996 3785 2405 3859 promissionis
2436 3804 2553 3842 sua:
2585 3786 2761 3841 ﬁdem
2775 3785 2957 3850 daret,
2976 3784 3338 3842 credulitatis
3354 3786 3638 3845 arrabone

1997 3876 2246 3949 clipeum
2278 3880 2489 3948 portat.

2065 3968 2153 4021 23.
2188 3967 2506 4036 Susceptus
2536 3964 2736 4036 itaque
2767 3982 2800 4019 a
2831 3963 3287 4036 Veronensibus,
3320 3966 3391 4020 ad
3431 3967 3635 4024 urbem
3715 3979 3718 3982 ‘

1995 4054 2382 4128 proficiscitur
2413 4054 2779 4126 Pergamum.
2815 4053 2921 4109 Ubi
2954 4054 3093 4108 dum
3140 4054 3481 4110 firmissima
3524 4055 3636 4112 loci

1996 4145 2321 4201 munitione
2345 4143 2569 4211 confisi,
2603 4143 2784 4198 immo
2800 4143 3044 4216 decepti,
3067 4143 3340 4200 homines
3363 4145 3415 4200 ei
3443 4162 3638 4201 occur-

1996 4251 2122 4289 rere
2153 4233 2393 4299 nollent,
2445 4236 2899 4288 castrametatus
2930 4234 2976 4268 ⁶⁰
3003 4231 3372 4300 eodem,belli
3404 4234 3635 4288 fortitu-

1995 4324 2130 4378 dine
2156 4323 2360 4377 urbem
2393 4321 2563 4392 cepit,
2589 4320 2848 4392 jugulat,
2881 4321 3138 4375 trucidat
3157 4320 3350 4390 (lam).
3375 4320 3636 4375 Civitatis

1994 4412 2169 4467 etiam
2183 4409 2831 4475 comitem,Ambrosius
2843 4408 3240 4474 nomine,cum
3257 4407 3635 4476 ense,balteo,

1996 4497 2592 4568 armillis,c~eterisque
2623 4495 3069 4568 pretiosissimis
3100 4495 3482 4563 indumentis,
3505 4512 3636 4552 sus-

1991 4587 2166 4661 pendi
2198 4591 2330 4642 ante
2361 4589 2524 4658 porte
2548 4585 2796 4656 januam
2837 4583 2994 4640 fecit.
3044 4583 3205 4648 Quod
3257 4583 3366 4656 (6i)
3418 4583 3635 4640 factum

1991 4677 2210 4734 caeteris
2233 4675 2507 4731 omnibus
2526 4674 2772 4730 urbibus
2787 4672 3132 4745 cunctisque
3144 4673 3510 4746 principibus
3525 4678 3637 4731 ter-

1990 4782 2181 4823 rorem
2212 4780 2456 4837 parvum
2471 4780 2586 4819 non
2610 4760 2823 4830 attulit;
2849 4761 3206 4834 quicumque
3217 4761 3327 4820 hoc
3349 4761 3632 4832 audierat,

1990 4861 2239 4928 utraque
2270 4853 2430 4910 auris
2461 4855 2590 4925 ejus
2620 4851 2927 4908 tinniebat.

2059 4947 2148 5001 5’1.
2184 4943 2645 5001 Mediolanenses
2667 4941 2776 5013 (62)
2793 4941 2971 5013 igitur
2983 4945 3157 5012 atque
3174 4941 3513 4999 Ticinenses
3525 4941 3634 4999 hac

1991 5037 2148 5092 fama
2177 5032 2490 5107 perterriti,
2523 5032 2652 5103 ejus
2684 5047 2798 5086 non
2831 5031 2988 5102 passi
3020 5034 3158 5088 sunt
3188 5030 3509 5103 prestolari
3531 5032 3634 5090 ad-

1681 5161 1920 5220 VARIB
1955 5158 2365 5219 LECTIONES.

295 5272 340 5307 ⁵⁸
371 5270 619 5328 obsonat
656 5273 700 5325 1.
734 5271 787 5324 2.
865 5267 908 5302 ⁸⁷
941 5262 1328 5323 arnull‘ull‘um
1360 5263 1412 5320 4.
1462 5261 1673 5318 duabus
1721 5261 1902 5319 linezs.
1979 5260 2023 5296 ⁸⁸
2073 5256 2455 5316 uernavolum
2483 5257 2520 5311 5
2567 5272 2620 5312 a.
2670 5256 2706 5310 5
2731 5254 2808 5313 a°.
2883 5255 2928 5291 5°
2958 5253 3132 5330 quipe
3160 5253 3213 5314 4.
3245 5254 3290 5294 ⁶⁰
3320 5260 3636 5336 οεδιηιωθτ

227 5342 372 5410 tatis
401 5346 427 5401 ι

321 5510 414 5570 60)
444 5512 615 5570 Tune
642 5510 1037 5570 Ruodbertus.

321 5516 396 5567 60
444 5516 615 5570 Tune
642 5516 1037 5570 Ruodbertus.

301 5516 415 5659 (613
446 5584 532 5642 Cf.
559 5585 710 5643 Ann.
743 5581 1085 5652 Fuldenses,
1119 5593 1216 5636 an.
1249 5576 1374 5638 894.

1686 5372 1716 5395 .
1757 5429 1974 5492 ΝΟΤιΕ

2028 5571 2034 5574 _
2061 5501 2173 5576 (62)
2202 5499 2284 5558 Cf.
2318 5497 2573 5558 eosdem.
