4058 6170
422 235 542 294 803
1388 221 1865 297 LIUTPRANDI
1909 229 2458 293 CREMONENSIS
2503 227 2879 289 EPISCOPI.
3715 219 3823 280 804

422 371 685 440 ventum,
715 383 919 424 verum
952 367 1256 442 prazmissa
1272 367 1580 440 legatione,
1605 364 1992 437 jussionisuaa
2006 380 2066 419 se
2095 365 2150 430 Α

421 457 927 529 obtemperaturos
958 457 1326 530 promittunt.
1361 457 1483 519 (An.
1507 455 1659 524 894.)
1680 454 1946 510 Ottoncm
1967 453 2070 508 ita-

423 548 856 618 que,Saxonum
872 547 1346 618 potentissimum
1361 547 1591 611 ducem,
1610 577 1674 585 —
1702 544 1881 614 hujus
1896 541 2070 614 61glo-

421 634 732 690 riosissimi
765 639 938 707 atque
971 634 1340 691 invictissimi
1361 632 1512 704 regis
1530 632 1891 702 Ottonis,qui
1912 648 2068 686 nunc

421 727 690 795 superest
717 727 774 779 et
795 723 1037 779 feliciter
1065 727 1289 796 regnat,
1309 725 1528 789 avus“,
1547 753 1616 762 —
1647 719 2067 776 Mediolanium

421 811 779 868 defensionis
801 813 988 884 gratia
1011 812 1226 885 dirigit;
1255 810 1546 882 rectaipse
1566 811 1836 865 Ticinum
1862 808 2060 864 tendit.

489 903 580 955 25.
614 901 787 957 Wido
818 901 1072 974 denique
1104 900 1584 973 hujusimpetum
1610 900 1756 954 ferre
1772 899 1944 953 63non
1971 913 2066 952 va-

311 1013 318 1018 ·
420 989 568 1058 lens,
597 989 970 1046 Camerinum
984 989 1401 1062 Spoletumque
1413 1005 1615 1044 versus
1630 988 1825 1060 fugere
1837 986 2064 1058 6"cepit.

420 1080 602 1143 Quem
636 1078 760 1135 sine
793 1079 1068 1134 dilatione
1099 1079 1309 1133 acriter
1331 1076 1793 1148 rexinsequitur,
1818 1075 1991 1130 urbes
2013 1078 2069 1128 et

419 1166 658 1222 castella
689 1168 889 1223 omnia
917 1167 1027 1221 sibi
1053 1168 1385 1222 resistentia
1409 1167 1460 1220 vi
1482 1164 1804 1221 debellans.
1829 1163 2066 1219 Nullum

420 1255 710 1326 siquidem
726 1256 913 1310 fuerat
926 1260 1183 1311 castrum
1200 1259 1410 1310 natura
1421 1255 1596 1309 etiam
1611 1253 1739 1325 ipsa
1751 1251 2064 1318 munitum,

419 1345 574 1415 quod
604 1343 800 1399 virtuti
830 1345 1006 1415 hujus
1037 1344 1245 1400 saltem
1277 1344 1546 1400 resistere
1575 1342 1894 1397 moliretur.
1921 1341 2068 1408 Quid

419 1437 613 1488 autem
647 1434 884 1500 mirum,
919 1450 1049 1489 cum
1084 1435 1211 1505 ipsa
1232 1433 1529 1489 civitatum
1555 1432 1820 1487 omnium
1846 1429 2066 1502 regina,

419 1537 634 1593 magna
664 1521 885 1578 scilicet
916 1523 1117 1590 Roma,
1142 1521 1320 1593 hujus
1354 1522 1640 1592 impetum
1672 1520 1819 1575 ferre
1862 1518 2068 1589 nequi-

415 1610 588 1665 verit?
619 1611 742 1681 (An.
776 1611 931 1674 896.)
962 1611 1266 1666 Enimvero
1294 1611 1434 1665 dum
1470 1627 1504 1663 a
1545 1607 1827 1664 Romanis
1876 1607 2069 1678 ingre-

2249 365 2337 419 29.
2374 364 2563 417 Causa
2594 365 2788 416 autem
2821 357 3140 415 simultatis
3174 355 3325 411 inter
3346 355 3692 411 Formosum
3728 371 3822 426 pa-

2179 471 2313 526 pam
2349 456 2403 508 et
2435 452 2728 507 Romanos
2759 449 2881 504 haec
2910 448 3046 503 fuit:
3082 444 3338 502 Formosi
3383 445 3690 500 decessore
3725 443 3826 498 de-

2179 545 2396 608 functo,
2430 540 2667 612 Sergius
2698 539 2938 611 quidam
2963 539 3235 592 Romanae
3262 533 3520 590 ecclesiae
3543 533 3826 588 diaconus

2177 635 2320 696 erat,
2348 648 2520 702 quem
2556 631 2951 684 Romanorum
2986 643 3122 698 pars
3152 625 3420 697 qumdam
3458 638 3675 694 papam
3716 621 3825 676 sibi

2176 721 2446 792 elegerat.
2476 718 2751 782 Quaadam
2770 733 2908 771 veao
2941 731 3076 786 pars
3090 731 3202 769 non
3222 712 3427 767 inﬁma
3457 711 3825 766 nominatum

2180 811 2546 875 Formosum,
2569 805 2906 861 Portucnsis
2929 801 3175 859 civitatis
3189 802 3553 874 episcopum,
3571 817 3676 872 pro
3697 816 3827 855 vera

2176 897 2456 969 religione
2467 896 2916 966 divinarumque
2929 891 3327 948 doctrinarum
3358 888 3604 946 scientia
3615 906 3826 961 papam

2177 987 2286 1044 sibi
2321 986 2445 1041 ﬁeri
2479 983 2809 1041 anhelabat.
2844 982 2988 1036 Nam
3020 982 3162 1036 dum
3193 981 3253 1034 in
3285 997 3349 1035 eo
3381 982 3556 1045 esset,
3594 983 3658 1033 ut
3697 977 3826 1033 Ser-

2177 1077 2310 1148 gius
2322 1073 2720 1146 apostolorum
2733 1071 2983 1128 vicarius
2997 1069 3253 1125 ordinari
3267 1068 3684 1135 debuisset,ea,
3701 1083 3825 1138 qua:

2179 1163 2438 1219 Formosi
2470 1163 2698 1219 favebat
2727 1161 3011 1233 partibus,
3037 1177 3173 1232 pars
3187 1157 3454 1230 Sergium
3480 1174 3595 1212 non
3615 1155 3831 1211 medio-

2177 1254 2259 1309 cri
2293 1271 2426 1308 cum
2458 1251 2714 1307 tumultu
2747 1254 2805 1304 et
2834 1249 3051 1320 injuria
3082 1248 3152 1302 ab
3167 1247 3335 1302 altari
3353 1245 3597 1318 expulit,
3622 1250 3677 1300 et
3703 1246 3830 1300 For-

2178 1359 2410 1398 mosum
2445 1357 2652 1414 papam
2681 1338 3001 1394 constituit.

2248 1432 2336 1485 30.
2371 1428 2792 1500 Descenditque
2823 1427 3062 1499 Sergius
3095 1426 3152 1480 in
3187 1424 3485 1494 Tusciam,
3532 1422 3820 1494 quatinus

2177 1519 2490 1585 Adelberti,
2526 1515 2915 1590 potentissimi
2941 1513 3318 1581 marchionis,
3353 1511 3566 1569 auxilio
3593 1512 3833 1582 juvare-

2178 1614 2294 1677 tur;
2329 1608 2483 1680 quod
2515 1611 2571 1662 et
2594 1607 2808 1662 factum
2827 1608 2936 1660 est.
2961 1605 3110 1659 Nam
3131 1604 3408 1658 Formoso
3427 1602 3726 1666 defuncto,
3753 1606 3834 1656 at-

415 1700 611 1755 diendi
642 1700 847 1756 urbem
880 1699 1016 1755 huic
1043 1699 1250 1755 ﬁdutia
1267 1703 1601 1770 negaretur,
1630 1699 1973 1752 convocatos
1995 1695 2066 1751 ad
2099 1733 2148 1798 B
2180 1714 2291 1770 que
2321 1695 2561 1753 Arnulfo
2593 1696 2653 1749 in
2675 1693 3191 1798 propriaextincto,
3212 1692 3262 1748 is
3283 1691 3386 1764 qui
3414 1694 3547 1790 post
3561 1691 3828 1748 Formosi

415 1804 541 1844 sese
572 1788 787 1845 milites
814 1789 894 1844 ita
925 1788 1193 1844 convenit
1219 1787 1442 1858 (Λρνὶι.)
1468 1803 1479 1840 :

1136 1877 1347 1932 Versus.

413 1967 503 2022 26.
538 1966 897 2037 Magnamini
930 1981 1197 2037 proceres
1228 1969 1285 2020 et
1313 1963 1453 2020 clari
1488 1965 1670 2019 Marte
1702 1961 1980 2027 secundo,

414 2057 593 2110 Arma
623 2054 840 2125 quibus
872 2053 1136 2109 studium
1167 2052 1323 2108 fulvo
1356 2052 1582 2107 radiare
1610 2050 1866 2118 metallo,

417 2142 740 2198 Romulidae
771 2143 922 2198 sueti
956 2142 1156 2198 vacuis
1188 2143 1340 2214 quod
1376 2142 1624 2197 condere
1650 2140 1918 2212 scriptis;

416 2229 640 2285 Sumite
668 2247 823 2285 nunc
856 2229 1104 2297 animos,
1136 2228 1302 2284 vobis
1333 2229 1494 2284 furor
1519 2244 1683 2284 arma
1731 2227 2060 2284 ministret!

414 2318 538 2374 Non
570 2318 882 2390 Pompeius
913 2319 1099 2383 adest,
1134 2335 1248 2373 non
1279 2317 1471 2373 Julius
1503 2316 1601 2372 ille
1631 2317 1859 2385 beatus,

414 2405 520 2468 Qui
555 2408 785 2461 nostros
815 2405 1045 2460 domuit
1074 2421 1319 2477 proavos
1350 2420 1627 2461 mucrone
1657 2405 1872 2460 feroces
1900 2422 1913 2471 ;

414 2493 632 2549 Indolis
663 2494 842 2565 hujus
859 2494 1015 2550 enim
1035 2510 1300 2550 summos
1313 2495 1358 2529 ⁸⁵
1376 2493 1616 2550 deduxit
1630 2495 1701 2549 ad
1723 2496 1907 2566 Argos
1929 2492 2062 2565 (63),

409 2582 659 2640 Protulit
688 2583 748 2638 in
778 2582 969 2638 lucem
1001 2599 1175 2653 quem
1196 2583 1310 2655 (64)
1335 2582 1838 2638 sanctaBritanica
1855 2586 2060 2639 mater.

415 2671 517 2726 His
546 2675 702 2728 torta
730 2671 993 2727 studium
1028 2671 1276 2743 pingues
1304 2676 1539 2743 captare
1565 2671 1779 2728 siluros

415 2759 689 2816 Cannabe
703 2761 770 2828 ⁸³,
799 2777 914 2817 non
944 2759 1162 2834 clipeos
1194 2760 1471 2817 manibus
1494 2765 1723 2833 gestare
1755 2759 2059 2816 micantes!

489 2851 576 2904 27.
607 2849 708 2905 His
737 2866 900 2906 eroes
929 2849 1101 2906 dictis
1135 2850 1364 2906 animos
1386 2850 1637 2917 accensi,
1667 2849 1846 2904 vitam
1869 2848 2061 2905 laudis

418 2937 692 2994 aviditate
724 2941 1167 3012 contempnunt.
1187 2937 1270 2994 Cli
1280 2938 1404 3010 peis
1418 2937 1669 3009 denique
1689 2936 2062 3010 cratibusque

416 3027 753 3085 catervatim
771 3027 978 3100 operti,
1001 3044 1201 3083 muros
1215 3027 1375 3084 adire
1395 3027 1772 3095 contendunt;
1807 3025 2063 3099 plurima

2179 1801 2381 1843 necem
2413 1783 2768 1842 constitutus
2796 1787 2883 1839 est
2912 1779 3243 1854 expellitur,
3275 1779 3632 1852 Sergiusque
3679 1795 3832 1852 papa

2179 1893 2282 1949 per
2307 1874 2684 1931 Adelbertum
2716 1871 3251 1937 constituitur.Quo
3283 1869 3833 1936 constituto,utim-

2176 1966 2308 2038 pius
2321 1963 2840 2035 doctrinarumque
2853 1964 3189 2018 sanctarum
3203 1960 3463 2032 ignarus,
3483 1958 3828 2015 Formosum

2176 2069 2205 2109 e
2236 2052 2503 2125 sepulcro
2532 2052 2833 2108 extrahere
2860 2053 3036 2122 atque
3059 2049 3118 2104 in
3143 2049 3340 2105 sedem
3373 2046 3828 2120 Romaniponti-

2180 2142 2388 2196 ﬁcatus
2401 2138 2863 2196 sacerdotalibus
2876 2136 3240 2194 vestimentis
3253 2136 3529 2192 indutum
3543 2134 3827 2192 collocare

2175 2230 2466 2302 praecepit.
2501 2227 2606 2284 Cui
2633 2232 2689 2283 et
2709 2229 2816 2284 ait:
2855 2250 2884 2278 «
2908 2225 3052 2282 Cum
3079 2225 3420 2282 Portucnsis
3436 2224 3827 2298 essesepisco—

2174 2335 2306 2390 pus,
2339 2335 2443 2372 cur
2469 2316 2810 2372 ambitionis
2840 2315 3052 2388 spiritu
3074 2315 3397 2371 Romanam
3429 2313 3826 2370 universalem

2174 2405 2473 2478 usurpasti
2487 2403 2716 2462 sedem?
2731 2428 2758 2454 ››
2772 2405 2873 2461 His
2885 2403 3150 2476 expletis,
3171 2403 3414 2460 sacratis
3438 2420 3576 2459 mox
3590 2407 3830 2458 exutum

2175 2495 2539 2552 vestimentis
2569 2495 2887 2566 digitisque
2917 2493 3110 2549 tribus
3153 2491 3422 2560 abscisis,
3474 2493 3536 2547 in
3569 2491 3828 2548 Tiberim

2167 2586 2392 2656 jactare
2422 2583 2714 2656 praecepit,
2741 2587 3101 2654 cunctosque
3115 2581 3398 2654 quosipse
3430 2581 3827 2651 ordinaverat,

2175 2674 2362 2746 gradu
2393 2672 2626 2745 proprio
2677 2671 2993 2744 depositos,
3035 2671 3248 2727 iterum
3297 2669 3610 2726 ordinavit.
3665 2670 3829 2736 Quod

2175 2778 2354 2834 quam
2383 2760 2534 2818 male
2565 2761 2768 2834 egerit,
2803 2764 2968 2833 pater
3014 2759 3407 2826 sanctissime,
3441 2758 3502 2814 in
3552 2758 3666 2815 hoc
3696 2759 3827 2814 ani-

2174 2851 2534 2906 madvertere
2561 2849 3083 2922 poteris,quoniam
3096 2848 3354 2920 ethi,qui
3375 2865 3410 2904 a
3437 2847 3469 2904 J
3476 2847 3595 2903 uda
3608 2848 3826 2903 domini

2171 2939 2356 2996 nostri
2386 2940 2525 2996 Jesu
2557 2938 2774 2994 Christi
2803 2939 3114 3011 proditore,
3147 2941 3280 2994 ante
3309 2937 3704 3009 proditionem
3736 2954 3830 2994 sa-

2177 3028 2360 3085 lutem
2392 3044 2495 3084 seu
2527 3027 2992 3084 benedictionem
3015 3025 3396 3100 apostolicam
3413 3030 3821 3099 perceperunt,

415 3116 592 3172 etiam
624 3115 912 3173 bellorum
944 3119 1292 3189 paraverant
1313 3116 1726 3183 instrumenta,
1761 3132 1895 3171 cum
1919 3115 2070 3171 inter
2098 3103 2141 3170 C
2177 3135 2244 3174 ea
2273 3121 2406 3190 post
2436 3116 2821 3188 proditionem
2846 3115 3187 3188 propriique
3213 3115 3472 3188 corporis
3496 3115 3826 3187 suspensio-

415 3204 950 3278 agendum,populo
965 3204 1684 3277 considerante,contingit
1696 3204 2064 3276 lepusculum

412 3293 667 3350 clamore
698 3295 747 3366 ej
759 3312 826 3350 us
839 3294 1181 3351 exterritum
1200 3294 1406 3349 urbem
1425 3309 1629 3349 versus
1647 3293 1866 3365 fugere.
1881 3293 2065 3358 Quem

418 3383 558 3439 dum
590 3383 896 3452 exercitus,
929 3386 994 3438 ut
1023 3381 1610 3450 adsolet,vehementi
1630 3383 2067 3455 impctuseque-

416 3476 596 3540 retur,
630 3473 877 3530 Romani
909 3476 1180 3546 putantes
1211 3471 1736 3545 seimpugnari,de
1754 3488 1922 3529 muro
1939 3489 2067 3528 sese

415 3562 918 3635 projiciunt.Quod
941 3561 1194 3636 populus
1207 3577 1474 3631 cernens,
1494 3561 1862 3634 sagmatibus
1877 3561 2067 3618 sellis-

415 3667 530 3725 que
560 3653 775 3724 quibus
792 3651 958 3723 equis
977 3651 1312 3708 insederant
1323 3652 1494 3722 juxta
1511 3667 1746 3706 murum
1767 3650 2067 3722 projectis,

415 3757 519 3812 per
547 3756 750 3796 eorum
781 3756 1052 3796 acervum
1083 3756 1322 3796 murum
1353 3740 1700 3797 ascendunt.
1745 3739 1885 3794 Pars
1935 3755 2068 3794 vero

416 3827 614 3899 populi
646 3829 921 3900 quedam,
945 3833 1181 3900 accepta
1197 3845 1331 3884 mox
1344 3829 1508 3884 trabe
1525 3827 1953 3900 quinquaginta
1968 3844 2067 3898 pe-

417 3916 560 3970 dum
600 3932 842 3989 procera
882 3914 1270 3988 longitudine,
1306 3921 1536 3988 portam
1563 3915 1921 3988 quatiunt,et
1958 3917 2069 3972 Ro-

418 4020 577 4059 mam
589 4019 768 4076 quam
783 4003 1136 4060 Leonianam
1153 4004 1441 4073 dicunt,in
1455 4022 1571 4077 qua
1582 4004 1890 4061 beatiPetri
1905 4022 2071 4078 apos-

417 4091 672 4149 tolorum
703 4093 983 4166 principis
1014 4092 1352 4166 pretiosum
1384 4111 1594 4167 corpus
1625 4093 1959 4166 quiescit,vi
1981 4111 2073 4150 ca-

417 4181 604 4255 piunt.
639 4181 825 4238 Ceteri
855 4198 988 4238 vero
1021 4182 1122 4254 qui
1154 4186 1319 4239 trans
1351 4183 1606 4240 Tiberim
1641 4187 1829 4250 erant,
1859 4183 1968 4240 hoc
1997 4185 2066 4240 ti-

419 4287 580 4328 more
609 4270 916 4344 compulsi,
951 4271 1132 4344 hujus
1161 4271 1490 4329 dominatui
1522 4271 1672 4328 colla
1692 4273 2067 4330 submittunt.

485 4362 576 4415 28.
610 4359 726 4416 Hoc
755 4360 867 4433 (65)
900 4361 959 4416 in
991 4361 1574 4433 temporeFormosus
1592 4379 1743 4434 papa
1759 4361 2072 4435 religiosis-

2176 3223 2310 3262 nem
2343 3205 2585 3262 minime
2615 3209 2754 3262 sunt
2783 3204 3014 3277 privati,
3047 3205 3160 3261 nisi
3192 3220 3340 3276 quos
3370 3203 3645 3277 improba
3683 3203 3822 3260 forte

2177 3296 2537 3353 defmdarunt
2567 3295 2804 3368 flagitia.
2838 3293 3168 3350 Benedictio
3183 3293 3476 3365 siquidem
3502 3309 3633 3366 qua:
3656 3293 3822 3350 mini-

2175 3384 2528 3442 strisChristi
2560 3383 3063 3456 impenditur,non
3082 3399 3332 3455 pereum
3353 3381 3819 3454 quividetur,sed

2177 3475 2276 3547 qui
2308 3491 2423 3530 non
2436 3473 2684 3540 videtur,
2710 3472 3072 3529 sacerdotem
3090 3471 3440 3527 infunditur.
3454 3471 3660 3544 Neque
3672 3472 3818 3528 enim

2177 3563 2276 3637 qui
2308 3564 2461 3636 rigat
2475 3567 2564 3619 est
2581 3561 2825 3634 aliquid,
2848 3577 3037 3634 neque
3068 3560 3170 3632 qui
3200 3559 3450 3633 plantat,
3479 3561 3815 3633 sed,quiin-

2177 3657 2538 3709 crementum
2572 3652 2690 3717 dat,
2724 3651 2877 3707 Deus
2907 3649 2952 3722 (ι
2982 3651 3102 3706 Cor.
3137 3665 3221 3718 III,
3251 3650 3330 3721 7).

2247 3742 2338 3799 3|.
2372 3744 2609 3809 Quanta:
2641 3743 2838 3797 autem
2869 3743 3022 3796 esset
3054 3738 3442 3809 auctoritatis,
3477 3744 3814 3811 quantaeque

2179 3830 2476 3903 religionis
2509 3847 2660 3902 papa
2690 3828 3004 3884 Formosus
3022 3827 3217 3896 fuerit,
3241 3826 3376 3883 hinc
3398 3826 3675 3900 colligere
3696 3843 3814 3901 pos-

2179 3937 2404 3985 sumus,
2435 3919 2713 3992 quoniam
2767 3918 2909 3973 dum
2941 3935 2974 3972 a
3003 3916 3396 3989 piscatoribus
3449 3917 3813 3988 postmodum

2178 4013 2333 4065 esset
2363 4008 2633 4064 inventus
2680 4011 2856 4080 atque
2906 4007 2976 4062 ad
3008 4005 3162 4062 beati
3214 4005 3367 4061 Petri
3417 4006 3809 4077 apostolorum

2179 4096 2461 4171 principis
2492 4095 2797 4152 ecclesiam
2830 4095 3188 4168 deportatus,
3211 4097 3552 4150 sanctorum
3575 4095 3816 4167 quedam

2181 4186 2468 4260 imagines
2498 4186 2655 4242 hunc
2678 4185 2738 4240 in
2761 4183 2950 4241 loculo
2968 4183 3226 4257 positum
3243 4182 3593 4240 veneraliter
3616 4183 3816 4240 saluta-

2181 4280 2336 4332 runt.
2370 4277 2489 4333 Hoc
2520 4289 2776 4346 namque
2807 4291 2840 4328 a
2870 4271 3330 4345 religiosissimis
3359 4273 3636 4329 Romane
3667 4271 3815 4328 urbis

2180 4366 2320 4422 viris
2345 4380 2585 4439 persepe
2608 4363 2821 4420 audivi.
2841 4363 2974 4432 Sed,
3004 4361 3098 4418 his
3111 4361 3432 4431 ommissis,
3456 4363 3530 4420 ad
3555 4360 3813 4420 narrandi

418 4449 606 4506 simus
637 4467 670 4505 a
697 4449 975 4506 Romanis
1000 4449 1374 4506 vehementer
1404 4450 1794 4519 aﬂictabatur,
1819 4451 1990 4523 cujus
2012 4457 2069 4509 et
2098 4476 2146 4541 D
2181 4455 2445 4512 ordinem
2472 4454 2801 4521 redeamus,

416 4537 650 4593 hortatu
684 4537 928 4593 Romam
970 4553 1069 4592 rex
1099 4536 1379 4594 Arnulfus
1413 4539 1741 4594 advenerat.
1778 4539 1840 4594 In
1895 4541 2066 4612 cujus

419 4627 710 4698 ingressu,
743 4621 1076 4682 ulciscendo
1106 4643 1268 4699 papae
1303 4627 1599 4698 injuriam,
1626 4628 1840 4684 multos
1859 4629 2068 4686 Roma-

419 4731 628 4769 norum
661 4715 953 4788 principes
976 4716 1204 4772 obviam
1233 4715 1344 4772 sibi
1376 4721 1752 4789 properantes
1780 4717 2067 4775 decollare

420 4803 709 4876 praecepit.

2247 4546 2336 4601 32.
2373 4545 2490 4600 Rex
2519 4541 2799 4598 Arnulfus
2836 4540 3109 4598 desiderii
3154 4542 3248 4596 sui
3297 4558 3541 4614 compos
3571 4544 3812 4606 effectus,

2179 4633 2450 4708 persequi
2485 4631 2789 4690 Widonem
2817 4632 2929 4703 (66)
2963 4648 3076 4686 non
3107 4630 3300 4699 desiit,
3354 4631 3756 4704 profectusque
3772 4629 3815 4663 ⁸⁷

2177 4723 2574 4787 Camerinum,
2656 4724 2914 4777 castrum
2982 4719 3265 4775 vocabulo
3322 4724 3380 4776 et
3433 4725 3648 4778 natura
3703 4719 3809 4777 Fir-

2178 4828 2342 4868 mum
2373 4812 2510 4883 (67),
2545 4811 2604 4866 in
2637 4807 3034 4882 quoWidonis
3052 4825 3194 4865 uxor
3209 4812 3351 4877 erat,
3377 4808 3810 4880 obsedit(Maio).

1841 4941 2082 5004 VARl/E
2109 4945 2499 5004 LECTIONES

488 5053 530 5090 ⁶¹
579 5054 759 5128 hujus
935 5056 982 5092 ⁶²
1029 5058 1108 5111 ita
1158 5058 1202 5110 l.
1245 5058 1301 5110 2.
1376 5055 1422 5091 ⁸³
1467 5056 1584 5111 fere
1633 5059 1678 5112 t.
1755 5059 1801 5094 ⁶⁴
1850 5060 1984 5133 fuge
2039 5067 2086 5120 1.
2163 5065 2207 5101 ⁶⁶
2255 5079 2457 5121 sumos
2494 5065 2540 5118 ι.
2618 5061 2708 5116 hic
2737 5076 2920 5118 versus
2948 5059 3092 5118 deest
3119 5063 3176 5120 2.
3250 5059 3294 5098 ⁵⁷
3325 5062 3732 5135 profectusque
3758 5059 3807 5117 l.

1957 5188 2170 5248 NOT/E

443 5278 448 5282 ⁶
488 5299 600 5373 (63)
633 5295 696 5374 lu
727 5297 1030 5374 Graeciam,
1061 5292 1648 5374 Constantinopolim.

489 5370 1053 5446 (64)_Consta_ntinu_s
1083 5373 1329 5446 Magnus
1362 5370 1698 5445 imperator,
1717 5376 1930 5430 sancta:
1957 5375 2066 5432 Ile-

423 5438 566 5504 lenaa
598 5440 944 5498 Britannicae
975 5442 1153 5502 filius.

491 5513 602 5593 (65)
633 5514 767 5583 Qum
798 5521 1148 5593 sequuntur,
1181 5535 1215 5576 a
1235 5516 1540 5576 collectore
1555 5512 1811 5577 historias
1837 5520 2068 5594 pontiﬁ-

2170 5325 2304 5365 cum
2333 5307 2726 5364 Romanorum
2743 5303 2854 5360 sub
2883 5303 3030 5378 falso
3045 5305 3404 5378 Liudprandi
3425 5305 3657 5366 nomine
3679 5300 3793 5358 vul-

2177 5386 2321 5454 gate
2354 5381 2412 5435 in
2446 5380 2722 5454 Formoso
2748 5376 3044 5454 exscripta
3066 5376 3224 5434 sunt.

2249 5454 2356 5524 (66)
2385 5451 2559 5524 Wido
2580 5453 2714 5524 an_te
2748 5449 2992 5508 Romam
3024 5454 3253 5524 captam
3284 5451 3593 5510 defunctus
3613 5450 3738 5506 erat.

2249 5521 2386 5602 (67).
2419 5521 2600 5582 Hodie
2631 5522 2835 5585 Termo.
