  <div class='ocr_page' id='page_1' title='image "/cluster/home/n/w/nwhite01/storage/ocr_20150623/136/hvd.32044054759964/410.png"; bbox 0 0 4064 6174; ppageno 0'>
   <div class='ocr_carea' id='block_1_1' title="bbox 176 289 291 354">
    <p class='ocr_par' dir='ltr' id='par_1_1' title="bbox 176 289 291 354">
     <span class='ocr_line' id='line_1_1' title="bbox 176 289 291 354; baseline -0.043 0"><span class='ocrx_word' id='word_1_1' title='bbox 176 289 291 354; x_wconf 78' lang='lat'>805</span> 
     </span>
    </p>
   </div>
   <div class='ocr_carea' id='block_1_2' title="bbox 1163 281 2637 348">
    <p class='ocr_par' dir='ltr' id='par_1_2' title="bbox 1163 281 2637 348">
     <span class='ocr_line' id='line_1_2' title="bbox 1163 281 2637 348; baseline -0.002 -1"><span class='ocrx_word' id='word_1_2' title='bbox 1163 283 1784 348; x_wconf 82' lang='lat' dir='ltr'>ANTAPODOSEOS</span> <span class='ocrx_word' id='word_1_3' title='bbox 1828 283 2034 347; x_wconf 78' lang='lat' dir='ltr'>LIBRI</span> <span class='ocrx_word' id='word_1_4' title='bbox 2081 281 2253 346; x_wconf 85' lang='lat' dir='ltr'>SEX.</span> <span class='ocrx_word' id='word_1_5' title='bbox 2290 319 2367 328; x_wconf 94' lang='lat'><strong>—</strong></span> <span class='ocrx_word' id='word_1_6' title='bbox 2397 285 2543 345; x_wconf 86' lang='lat' dir='ltr'>LIB.</span> <span class='ocrx_word' id='word_1_7' title='bbox 2592 285 2637 344; x_wconf 84' lang='grc' dir='ltr'><strong>Ι.</strong></span> 
     </span>
    </p>
   </div>
   <div class='ocr_carea' id='block_1_3' title="bbox 3493 293 3611 359">
    <p class='ocr_par' dir='ltr' id='par_1_3' title="bbox 3493 293 3611 359">
     <span class='ocr_line' id='line_1_3' title="bbox 3493 293 3611 359; baseline -0.034 0"><span class='ocrx_word' id='word_1_8' title='bbox 3493 293 3611 359; x_wconf 82' lang='grc'>806</span> 
     </span>
    </p>
   </div>
   <div class='ocr_carea' id='block_1_4' title="bbox 175 417 3607 501">
    <p class='ocr_par' dir='ltr' id='par_1_4' title="bbox 175 417 3607 501">
     <span class='ocr_line' id='line_1_4' title="bbox 175 417 3607 501; baseline 0.001 -20"><span class='ocrx_word' id='word_1_9' title='bbox 175 423 349 482; x_wconf 88' lang='lat' dir='ltr'>Wido</span> <span class='ocrx_word' id='word_1_10' title='bbox 381 424 579 476; x_wconf 90' lang='lat' dir='ltr'>autem</span> <span class='ocrx_word' id='word_1_11' title='bbox 601 420 663 475; x_wconf 93' lang='lat' dir='ltr'><strong>in</strong></span> <span class='ocrx_word' id='word_1_12' title='bbox 689 420 937 478; x_wconf 86' lang='lat' dir='ltr'>incertis</span> <span class='ocrx_word' id='word_1_13' title='bbox 959 418 1307 478; x_wconf 86' lang='lat' dir='ltr'>latuitlocis.</span> <span class='ocrx_word' id='word_1_14' title='bbox 1330 419 1512 491; x_wconf 88' lang='lat' dir='ltr'>Igitur</span> <span class='ocrx_word' id='word_1_15' title='bbox 1529 420 1831 492; x_wconf 59' lang='lat' dir='ltr'>praefatum</span> <span class='ocrx_word' id='word_1_16' title='bbox 1863 421 1914 486; x_wconf 81' lang='grc' dir='ltr'><strong>Α</strong></span> <span class='ocrx_word' id='word_1_17' title='bbox 1946 417 2168 473; x_wconf 81' lang='lat' dir='ltr'>Arnulﬁ</span> <span class='ocrx_word' id='word_1_18' title='bbox 2192 419 2344 492; x_wconf 80' lang='lat' dir='ltr'>regis</span> <span class='ocrx_word' id='word_1_19' title='bbox 2364 418 2737 492; x_wconf 73' lang='lat' dir='ltr'>prmsentiam</span> <span class='ocrx_word' id='word_1_20' title='bbox 2754 423 3020 480; x_wconf 88' lang='lat' dir='ltr'>tenuerat</span> <span class='ocrx_word' id='word_1_21' title='bbox 3042 423 3137 480; x_wconf 83' lang='lat' dir='ltr'>alii</span> <span class='ocrx_word' id='word_1_22' title='bbox 3161 426 3394 497; x_wconf 90' lang='lat' dir='ltr'>tradita,</span> <span class='ocrx_word' id='word_1_23' title='bbox 3416 428 3607 501; x_wconf 90' lang='lat' dir='ltr'>fugiit,</span> 
     </span>
    </p>
   </div>
   <div class='ocr_carea' id='block_1_5' title="bbox 172 504 1831 580">
    <p class='ocr_par' dir='ltr' id='par_1_5' title="bbox 172 504 1831 580">
     <span class='ocr_line' id='line_1_5' title="bbox 172 504 1831 580; baseline -0.004 -10"><span class='ocrx_word' id='word_1_24' title='bbox 172 518 456 580; x_wconf 89' lang='lat' dir='ltr'>castrum,</span> <span class='ocrx_word' id='word_1_25' title='bbox 490 509 732 566; x_wconf 81' lang='lat' dir='ltr'>nomine</span> <span class='ocrx_word' id='word_1_26' title='bbox 764 514 825 566; x_wconf 88' lang='lat' dir='ltr'>ct</span> <span class='ocrx_word' id='word_1_27' title='bbox 857 514 1068 566; x_wconf 88' lang='lat' dir='ltr'>natura</span> <span class='ocrx_word' id='word_1_28' title='bbox 1101 510 1382 576; x_wconf 84' lang='lat' dir='ltr'>Firmum,</span> <span class='ocrx_word' id='word_1_29' title='bbox 1414 508 1560 563; x_wconf 89' lang='lat' dir='ltr'>vallo</span> <span class='ocrx_word' id='word_1_30' title='bbox 1583 504 1831 563; x_wconf 78' lang='lat' dir='ltr'>cireum-</span> 
     </span>
    </p>
   </div>
   <div class='ocr_carea' id='block_1_6' title="bbox 176 597 1836 669">
    <p class='ocr_par' dir='ltr' id='par_1_6' title="bbox 176 597 1836 669">
     <span class='ocr_line' id='line_1_6' title="bbox 176 597 1836 669; baseline -0.004 -11"><span class='ocrx_word' id='word_1_31' title='bbox 176 605 368 669; x_wconf 85' lang='lat' dir='ltr'>:latur,</span> <span class='ocrx_word' id='word_1_32' title='bbox 403 599 602 655; x_wconf 83' lang='lat' dir='ltr'>omnia</span> <span class='ocrx_word' id='word_1_33' title='bbox 625 599 921 655; x_wconf 91' lang='lat' dir='ltr'>bellorum</span> <span class='ocrx_word' id='word_1_34' title='bbox 954 600 1369 662; x_wconf 87' lang='lat' dir='ltr'>instrumenta,</span> <span class='ocrx_word' id='word_1_35' title='bbox 1432 597 1649 668; x_wconf 88' lang='lat' dir='ltr'>quibus</span> <span class='ocrx_word' id='word_1_36' title='bbox 1707 598 1836 669; x_wconf 90' lang='lat' dir='ltr'>capi</span> 
     </span>
    </p>
   </div>
   <div class='ocr_carea' id='block_1_7' title="bbox 174 687 1834 766">
    <p class='ocr_par' dir='ltr' id='par_1_7' title="bbox 174 687 1834 766">
     <span class='ocr_line' id='line_1_7' title="bbox 174 687 1834 766; baseline -0.005 -18"><span class='ocrx_word' id='word_1_37' title='bbox 174 692 386 766; x_wconf 83' lang='lat' dir='ltr'>possit,</span> <span class='ocrx_word' id='word_1_38' title='bbox 418 693 704 762; x_wconf 80' lang='lat' dir='ltr'>parantur</span> <span class='ocrx_word' id='word_1_39' title='bbox 732 690 798 743; x_wconf 67' lang='grc'><strong>⁵⁸.</strong></span> <span class='ocrx_word' id='word_1_40' title='bbox 826 689 1090 760; x_wconf 85' lang='lat' dir='ltr'>Cumque</span> <span class='ocrx_word' id='word_1_41' title='bbox 1121 687 1388 742; x_wconf 83' lang='lat' dir='ltr'>Widonis</span> <span class='ocrx_word' id='word_1_42' title='bbox 1422 704 1566 742; x_wconf 81' lang='lat' dir='ltr'><strong>uxor</strong></span> <span class='ocrx_word' id='word_1_43' title='bbox 1603 687 1834 758; x_wconf 85' lang='lat' dir='ltr'>magnis</span> 
     </span>
    </p>
   </div>
   <div class='ocr_carea' id='block_1_8' title="bbox 177 775 1834 852">
    <p class='ocr_par' dir='ltr' id='par_1_8' title="bbox 177 775 1834 852">
     <span class='ocr_line' id='line_1_8' title="bbox 177 775 1834 852; baseline -0.004 -16"><span class='ocrx_word' id='word_1_44' title='bbox 177 781 443 852; x_wconf 88' lang='lat' dir='ltr'>undique</span> <span class='ocrx_word' id='word_1_45' title='bbox 476 778 771 850; x_wconf 90' lang='lat' dir='ltr'>angustiis</span> <span class='ocrx_word' id='word_1_46' title='bbox 800 782 1185 850; x_wconf 81' lang='lat' dir='ltr'>premeretur,</span> <span class='ocrx_word' id='word_1_47' title='bbox 1210 780 1265 832; x_wconf 89' lang='lat' dir='ltr'>et</span> <span class='ocrx_word' id='word_1_48' title='bbox 1295 775 1728 847; x_wconf 86' lang='lat' dir='ltr'>evadendispes</span> <span class='ocrx_word' id='word_1_49' title='bbox 1751 775 1834 830; x_wconf 87' lang='lat' dir='ltr'>illi</span> 
     </span>
    </p>
   </div>
   <div class='ocr_carea' id='block_1_9' title="bbox 177 865 1834 939">
    <p class='ocr_par' dir='ltr' id='par_1_9' title="bbox 177 865 1834 939">
     <span class='ocr_line' id='line_1_9' title="bbox 177 865 1834 939; baseline -0.004 -12"><span class='ocrx_word' id='word_1_50' title='bbox 177 868 535 927; x_wconf 89' lang='lat' dir='ltr'>omnimodis</span> <span class='ocrx_word' id='word_1_51' title='bbox 571 872 906 939; x_wconf 73' lang='lat' dir='ltr'>negaretur,</span> <span class='ocrx_word' id='word_1_52' title='bbox 936 883 1144 922; x_wconf 81' lang='lat' dir='ltr'>causas</span> <span class='ocrx_word' id='word_1_53' title='bbox 1176 865 1380 920; x_wconf 90' lang='lat' dir='ltr'>mortis</span> <span class='ocrx_word' id='word_1_54' title='bbox 1412 865 1578 936; x_wconf 73' lang='lat' dir='ltr'>regia:</span> <span class='ocrx_word' id='word_1_55' title='bbox 1636 865 1834 937; x_wconf 88' lang='lat' dir='ltr'>vippe-</span> 
     </span>
    </p>
   </div>
   <div class='ocr_carea' id='block_1_10' title="bbox 180 954 1837 1030">
    <p class='ocr_par' dir='ltr' id='par_1_10' title="bbox 180 954 1837 1030">
     <span class='ocr_line' id='line_1_10' title="bbox 180 954 1837 1030; baseline -0.004 -15"><span class='ocrx_word' id='word_1_56' title='bbox 180 961 310 1015; x_wconf 88' lang='lat' dir='ltr'>rina</span> <span class='ocrx_word' id='word_1_57' title='bbox 337 958 494 1030; x_wconf 81' lang='lat' dir='ltr'><strong>cepit</strong></span> <span class='ocrx_word' id='word_1_58' title='bbox 521 955 842 1011; x_wconf 77' lang='lat' dir='ltr'>calliditate</span> <span class='ocrx_word' id='word_1_59' title='bbox 864 955 1182 1027; x_wconf 82' lang='lat' dir='ltr'><strong>exquirere.</strong></span> <span class='ocrx_word' id='word_1_60' title='bbox 1202 954 1463 1010; x_wconf 87' lang='lat' dir='ltr'>Accitum</span> <span class='ocrx_word' id='word_1_61' title='bbox 1493 970 1748 1025; x_wconf 84' lang='lat' dir='ltr'>namque</span> <span class='ocrx_word' id='word_1_62' title='bbox 1765 954 1837 1008; x_wconf 89' lang='lat' dir='ltr'>ad</span> 
     </span>
    </p>
   </div>
   <div class='ocr_carea' id='block_1_11' title="bbox 183 1041 1839 1120">
    <p class='ocr_par' dir='ltr' id='par_1_11' title="bbox 183 1041 1839 1120">
     <span class='ocr_line' id='line_1_11' title="bbox 183 1041 1839 1120; baseline -0.004 -16"><span class='ocrx_word' id='word_1_63' title='bbox 183 1067 240 1105; x_wconf 86' lang='lat' dir='ltr'>se</span> <span class='ocrx_word' id='word_1_64' title='bbox 265 1047 570 1120; x_wconf 83' lang='lat' dir='ltr'>quendam</span> <span class='ocrx_word' id='word_1_65' title='bbox 595 1043 824 1100; x_wconf 82' lang='lat' dir='ltr'>Arnulfi</span> <span class='ocrx_word' id='word_1_66' title='bbox 858 1044 1011 1116; x_wconf 85' lang='lat' dir='ltr'>regis</span> <span class='ocrx_word' id='word_1_67' title='bbox 1032 1041 1584 1112; x_wconf 89' lang='lat' dir='ltr'>familiarissimum,</span> <span class='ocrx_word' id='word_1_68' title='bbox 1608 1042 1839 1113; x_wconf 85' lang='lat' dir='ltr'>magnis</span> 
     </span>
    </p>
   </div>
   <div class='ocr_carea' id='block_1_12' title="bbox 181 1133 1839 1206">
    <p class='ocr_par' dir='ltr' id='par_1_12' title="bbox 181 1133 1839 1206">
     <span class='ocr_line' id='line_1_12' title="bbox 181 1133 1839 1206; baseline -0.005 -12"><span class='ocrx_word' id='word_1_69' title='bbox 181 1155 313 1195; x_wconf 87' lang='lat' dir='ltr'>eum</span> <span class='ocrx_word' id='word_1_70' title='bbox 350 1135 702 1191; x_wconf 88' lang='lat' dir='ltr'>muneribus</span> <span class='ocrx_word' id='word_1_71' title='bbox 728 1137 913 1206; x_wconf 81' lang='lat' dir='ltr'>rogat,</span> <span class='ocrx_word' id='word_1_72' title='bbox 948 1137 1013 1188; x_wconf 88' lang='lat' dir='ltr'>ut</span> <span class='ocrx_word' id='word_1_73' title='bbox 1043 1149 1105 1188; x_wconf 92' lang='lat' dir='ltr'>se</span> <span class='ocrx_word' id='word_1_74' title='bbox 1137 1133 1390 1203; x_wconf 82' lang='lat' dir='ltr'>adjuvet.</span> <span class='ocrx_word' id='word_1_75' title='bbox 1419 1133 1526 1197; x_wconf 88' lang='lat' dir='ltr'>Qui</span> <span class='ocrx_word' id='word_1_76' title='bbox 1585 1148 1718 1186; x_wconf 90' lang='lat' dir='ltr'>cum</span> <span class='ocrx_word' id='word_1_77' title='bbox 1779 1149 1839 1186; x_wconf 90' lang='lat' dir='ltr'>se</span> 
     </span>
    </p>
   </div>
   <div class='ocr_carea' id='block_1_13' title="bbox 182 1220 1842 1296">
    <p class='ocr_par' dir='ltr' id='par_1_13' title="bbox 182 1220 1842 1296">
     <span class='ocr_line' id='line_1_13' title="bbox 182 1220 1842 1296; baseline -0.005 -13"><span class='ocrx_word' id='word_1_78' title='bbox 182 1245 292 1283; x_wconf 85' lang='lat' dir='ltr'>non</span> <span class='ocrx_word' id='word_1_79' title='bbox 327 1225 503 1280; x_wconf 83' lang='lat' dir='ltr'><strong>aliter</strong></span> <span class='ocrx_word' id='word_1_80' title='bbox 534 1239 704 1296; x_wconf 89' lang='lat' dir='ltr'>posse</span> <span class='ocrx_word' id='word_1_81' title='bbox 738 1225 1072 1290; x_wconf 82' lang='lat' dir='ltr'><strong>testaretur,</strong></span> <span class='ocrx_word' id='word_1_82' title='bbox 1105 1221 1218 1275; x_wconf 92' lang='lat' dir='ltr'>nisi</span> <span class='ocrx_word' id='word_1_83' title='bbox 1265 1221 1555 1276; x_wconf 86' lang='lat' dir='ltr'>civitatem</span> <span class='ocrx_word' id='word_1_84' title='bbox 1615 1220 1842 1275; x_wconf 88' lang='lat' dir='ltr'>domini</span> 
     </span>
    </p>
   </div>
   <div class='ocr_carea' id='block_1_14' title="bbox 179 1307 1841 1380">
    <p class='ocr_par' dir='ltr' id='par_1_14' title="bbox 179 1307 1841 1380">
     <span class='ocr_line' id='line_1_14' title="bbox 179 1307 1841 1380; baseline -0.006 -8"><span class='ocrx_word' id='word_1_85' title='bbox 179 1317 260 1372; x_wconf 90' lang='lat' dir='ltr'>sui</span> <span class='ocrx_word' id='word_1_86' title='bbox 279 1311 801 1376; x_wconf 89' lang='lat' dir='ltr'>traderetdicioni,</span> <span class='ocrx_word' id='word_1_87' title='bbox 828 1310 932 1364; x_wconf 87' lang='lat' dir='ltr'>illa</span> <span class='ocrx_word' id='word_1_88' title='bbox 948 1310 1124 1365; x_wconf 90' lang='lat' dir='ltr'><strong>etiam</strong></span> <span class='ocrx_word' id='word_1_89' title='bbox 1151 1314 1326 1380; x_wconf 87' lang='lat' dir='ltr'>atque</span> <span class='ocrx_word' id='word_1_90' title='bbox 1353 1309 1528 1364; x_wconf 90' lang='lat' dir='ltr'>etiam</span> <span class='ocrx_word' id='word_1_91' title='bbox 1552 1307 1679 1363; x_wconf 91' lang='lat' dir='ltr'><strong>auri</strong></span> <span class='ocrx_word' id='word_1_92' title='bbox 1703 1326 1841 1380; x_wconf 91' lang='lat' dir='ltr'>pon-</span> 
     </span>
    </p>
   </div>
   <div class='ocr_carea' id='block_1_15' title="bbox 180 1397 1843 1472">
    <p class='ocr_par' dir='ltr' id='par_1_15' title="bbox 180 1397 1843 1472">
     <span class='ocr_line' id='line_1_15' title="bbox 180 1397 1843 1472; baseline -0.006 -11"><span class='ocrx_word' id='word_1_93' title='bbox 180 1407 308 1461; x_wconf 89' lang='lat' dir='ltr'><strong>dera</strong></span> <span class='ocrx_word' id='word_1_94' title='bbox 345 1420 473 1458; x_wconf 91' lang='lat' dir='ltr'>non</span> <span class='ocrx_word' id='word_1_95' title='bbox 507 1400 694 1456; x_wconf 91' lang='lat' dir='ltr'>solum</span> <span class='ocrx_word' id='word_1_96' title='bbox 725 1399 1035 1472; x_wconf 90' lang='lat' dir='ltr'>pollicens,</span> <span class='ocrx_word' id='word_1_97' title='bbox 1064 1416 1263 1454; x_wconf 91' lang='lat' dir='ltr'>verum</span> <span class='ocrx_word' id='word_1_98' title='bbox 1297 1400 1471 1453; x_wconf 89' lang='lat' dir='ltr'>etiam</span> <span class='ocrx_word' id='word_1_99' title='bbox 1504 1397 1560 1452; x_wconf 90' lang='lat' dir='ltr'>in</span> <span class='ocrx_word' id='word_1_100' title='bbox 1595 1415 1843 1469; x_wconf 69' lang='lat' dir='ltr'>przcsen-</span> 
     </span>
    </p>
   </div>
   <div class='ocr_carea' id='block_1_16' title="bbox 181 1485 1842 1560">
    <p class='ocr_par' dir='ltr' id='par_1_16' title="bbox 181 1485 1842 1560">
     <span class='ocr_line' id='line_1_16' title="bbox 181 1485 1842 1560; baseline -0.007 -10"><span class='ocrx_word' id='word_1_101' title='bbox 181 1496 394 1550; x_wconf 88' lang='lat' dir='ltr'>tiarum</span> <span class='ocrx_word' id='word_1_102' title='bbox 430 1490 715 1556; x_wconf 89' lang='lat' dir='ltr'>tribuens,</span> <span class='ocrx_word' id='word_1_103' title='bbox 749 1492 899 1556; x_wconf 87' lang='lat' dir='ltr'>orat,</span> <span class='ocrx_word' id='word_1_104' title='bbox 933 1493 997 1543; x_wconf 90' lang='lat' dir='ltr'>ut</span> <span class='ocrx_word' id='word_1_105' title='bbox 1027 1487 1236 1560; x_wconf 90' lang='lat' dir='ltr'>poculo</span> <span class='ocrx_word' id='word_1_106' title='bbox 1269 1487 1523 1558; x_wconf 90' lang='lat' dir='ltr'>quodam</span> <span class='ocrx_word' id='word_1_107' title='bbox 1548 1486 1620 1540; x_wconf 90' lang='lat' dir='ltr'>ab</span> <span class='ocrx_word' id='word_1_108' title='bbox 1642 1504 1710 1541; x_wconf 89' lang='lat' dir='ltr'>ca</span> <span class='ocrx_word' id='word_1_109' title='bbox 1730 1485 1842 1540; x_wconf 89' lang='lat' dir='ltr'>sibi</span> 
     </span>
    </p>
   </div>
   <div class='ocr_carea' id='block_1_17' title="bbox 182 1576 1842 1649">
    <p class='ocr_par' dir='ltr' id='par_1_17' title="bbox 182 1576 1842 1649">
     <span class='ocr_line' id='line_1_17' title="bbox 182 1576 1842 1649; baseline -0.007 -10"><span class='ocrx_word' id='word_1_110' title='bbox 182 1583 392 1640; x_wconf 87' lang='lat' dir='ltr'>collato</span> <span class='ocrx_word' id='word_1_111' title='bbox 429 1579 733 1636; x_wconf 90' lang='lat' dir='ltr'>dominum</span> <span class='ocrx_word' id='word_1_112' title='bbox 771 1593 950 1634; x_wconf 91' lang='lat' dir='ltr'>suum</span> <span class='ocrx_word' id='word_1_113' title='bbox 983 1593 1177 1649; x_wconf 88' lang='lat' dir='ltr'>regem</span> <span class='ocrx_word' id='word_1_114' title='bbox 1210 1579 1435 1648; x_wconf 83' lang='lat' dir='ltr'>potaret</span> <span class='ocrx_word' id='word_1_115' title='bbox 1468 1594 1480 1643; x_wconf 89' lang='lat'>;</span> <span class='ocrx_word' id='word_1_116' title='bbox 1516 1576 1672 1646; x_wconf 89' lang='lat' dir='ltr'>quod</span> <span class='ocrx_word' id='word_1_117' title='bbox 1727 1591 1842 1629; x_wconf 90' lang='lat' dir='ltr'>non</span> 
     </span>
    </p>
   </div>
   <div class='ocr_carea' id='block_1_18' title="bbox 182 1661 1845 1742">
    <p class='ocr_par' dir='ltr' id='par_1_18' title="bbox 182 1661 1845 1742">
     <span class='ocr_line' id='line_1_18' title="bbox 182 1661 1845 1742; baseline -0.007 -13"><span class='ocrx_word' id='word_1_118' title='bbox 182 1670 386 1728; x_wconf 87' lang='lat' dir='ltr'>mortis</span> <span class='ocrx_word' id='word_1_119' title='bbox 415 1666 745 1742; x_wconf 88' lang='lat' dir='ltr'>periculum</span> <span class='ocrx_word' id='word_1_120' title='bbox 777 1667 967 1735; x_wconf 90' lang='lat' dir='ltr'>daret,</span> <span class='ocrx_word' id='word_1_121' title='bbox 993 1666 1094 1722; x_wconf 91' lang='lat' dir='ltr'>sed</span> <span class='ocrx_word' id='word_1_122' title='bbox 1128 1663 1342 1720; x_wconf 89' lang='lat' dir='ltr'>mentis</span> <span class='ocrx_word' id='word_1_123' title='bbox 1377 1663 1660 1719; x_wconf 85' lang='lat' dir='ltr'><strong>feritatem</strong></span> <span class='ocrx_word' id='word_1_124' title='bbox 1695 1661 1845 1718; x_wconf 91' lang='lat' dir='ltr'>mul-</span> 
     </span>
    </p>
   </div>
   <div class='ocr_carea' id='block_1_19' title="bbox 182 1752 1840 1824">
    <p class='ocr_par' dir='ltr' id='par_1_19' title="bbox 182 1752 1840 1824">
     <span class='ocr_line' id='line_1_19' title="bbox 182 1752 1840 1824; baseline -0.008 -5"><span class='ocrx_word' id='word_1_125' title='bbox 182 1766 349 1819; x_wconf 87' lang='lat' dir='ltr'>ceret.</span> <span class='ocrx_word' id='word_1_126' title='bbox 388 1760 531 1824; x_wconf 73' lang='lat' dir='ltr'>Qua:</span> <span class='ocrx_word' id='word_1_127' title='bbox 557 1757 746 1824; x_wconf 89' lang='lat' dir='ltr'>etiam,</span> <span class='ocrx_word' id='word_1_128' title='bbox 791 1755 922 1812; x_wconf 85' lang='lat' dir='ltr'>suis</span> <span class='ocrx_word' id='word_1_129' title='bbox 953 1759 1019 1811; x_wconf 88' lang='lat' dir='ltr'>ut</span> <span class='ocrx_word' id='word_1_130' title='bbox 1074 1755 1249 1810; x_wconf 84' lang='lat' dir='ltr'>fidem</span> <span class='ocrx_word' id='word_1_131' title='bbox 1310 1753 1482 1808; x_wconf 91' lang='lat' dir='ltr'>dictis</span> <span class='ocrx_word' id='word_1_132' title='bbox 1536 1752 1840 1824; x_wconf 84' lang='lat' dir='ltr'>praeberet,</span> 
     </span>
    </p>
   </div>
   <div class='ocr_carea' id='block_1_20' title="bbox 183 1843 1846 1920">
    <p class='ocr_par' dir='ltr' id='par_1_20' title="bbox 183 1843 1846 1920">
     <span class='ocr_line' id='line_1_20' title="bbox 183 1843 1846 1920; baseline -0.008 -12"><span class='ocrx_word' id='word_1_133' title='bbox 183 1856 307 1908; x_wconf 85' lang='lat' dir='ltr'><strong>ante</strong></span> <span class='ocrx_word' id='word_1_134' title='bbox 340 1848 443 1906; x_wconf 90' lang='lat' dir='ltr'>sui</span> <span class='ocrx_word' id='word_1_135' title='bbox 473 1847 654 1920; x_wconf 88' lang='lat' dir='ltr'>ipsius</span> <span class='ocrx_word' id='word_1_136' title='bbox 681 1845 1062 1918; x_wconf 85' lang='lat' dir='ltr'>praesentiam</span> <span class='ocrx_word' id='word_1_137' title='bbox 1085 1843 1195 1899; x_wconf 88' lang='lat' dir='ltr'>hoc</span> <span class='ocrx_word' id='word_1_138' title='bbox 1215 1858 1398 1898; x_wconf 92' lang='lat' dir='ltr'>unum</span> <span class='ocrx_word' id='word_1_139' title='bbox 1421 1857 1663 1897; x_wconf 89' lang='lat' dir='ltr'>suorum</span> <span class='ocrx_word' id='word_1_140' title='bbox 1684 1844 1846 1913; x_wconf 87' lang='lat' dir='ltr'><strong>potat</strong></span> 
     </span>
    </p>
   </div>
   <div class='ocr_carea' id='block_1_21' title="bbox 183 1930 1844 2008">
    <p class='ocr_par' dir='ltr' id='par_1_21' title="bbox 183 1930 1844 2008">
     <span class='ocr_line' id='line_1_21' title="bbox 183 1930 1844 2008; baseline -0.008 -11"><span class='ocrx_word' id='word_1_141' title='bbox 183 1954 524 2005; x_wconf 88' lang='lat' dir='ltr'>servorum;</span> <span class='ocrx_word' id='word_1_142' title='bbox 556 1935 650 2008; x_wconf 90' lang='lat' dir='ltr'>qui</span> <span class='ocrx_word' id='word_1_143' title='bbox 677 1935 862 1991; x_wconf 90' lang='lat' dir='ltr'>unius</span> <span class='ocrx_word' id='word_1_144' title='bbox 896 1933 1050 1989; x_wconf 72' lang='lat' dir='ltr'>hora:</span> <span class='ocrx_word' id='word_1_145' title='bbox 1079 1932 1267 2004; x_wconf 89' lang='lat' dir='ltr'>spatio</span> <span class='ocrx_word' id='word_1_146' title='bbox 1295 1930 1632 2002; x_wconf 90' lang='lat' dir='ltr'>conspectui</span> <span class='ocrx_word' id='word_1_147' title='bbox 1665 1930 1844 2001; x_wconf 87' lang='lat' dir='ltr'><strong>hujus</strong></span> 
     </span>
    </p>
   </div>
   <div class='ocr_carea' id='block_1_22' title="bbox 184 2018 1849 2094">
    <p class='ocr_par' dir='ltr' id='par_1_22' title="bbox 184 2018 1849 2094">
     <span class='ocr_line' id='line_1_22' title="bbox 184 2018 1849 2094; baseline -0.008 -8"><span class='ocrx_word' id='word_1_148' title='bbox 184 2031 452 2094; x_wconf 85' lang='lat' dir='ltr'>adstans,</span> <span class='ocrx_word' id='word_1_149' title='bbox 484 2042 656 2082; x_wconf 91' lang='lat' dir='ltr'>sanus</span> <span class='ocrx_word' id='word_1_150' title='bbox 681 2023 994 2079; x_wconf 85' lang='lat' dir='ltr'>abscessit.</span> <span class='ocrx_word' id='word_1_151' title='bbox 1024 2021 1242 2076; x_wconf 91' lang='lat' dir='ltr'><strong>Verum</strong></span> <span class='ocrx_word' id='word_1_152' title='bbox 1289 2018 1604 2074; x_wconf 87' lang='lat' dir='ltr'>veridicam</span> <span class='ocrx_word' id='word_1_153' title='bbox 1665 2019 1849 2073; x_wconf 90' lang='lat' dir='ltr'>Maro-</span> 
     </span>
    </p>
   </div>
   <div class='ocr_carea' id='block_1_23' title="bbox 184 2108 1848 2189">
    <p class='ocr_par' dir='ltr' id='par_1_23' title="bbox 184 2108 1848 2189">
     <span class='ocr_line' id='line_1_23' title="bbox 184 2108 1848 2189; baseline -0.007 -15"><span class='ocrx_word' id='word_1_154' title='bbox 184 2119 266 2174; x_wconf 88' lang='lat' dir='ltr'>nis</span> <span class='ocrx_word' id='word_1_155' title='bbox 296 2117 447 2189; x_wconf 89' lang='lat'>(68),</span> <span class='ocrx_word' id='word_1_156' title='bbox 482 2115 736 2187; x_wconf 86' lang='lat' dir='ltr'>inquam,</span> <span class='ocrx_word' id='word_1_157' title='bbox 769 2111 938 2167; x_wconf 89' lang='lat' dir='ltr'>illius</span> <span class='ocrx_word' id='word_1_158' title='bbox 970 2110 1324 2166; x_wconf 90' lang='lat' dir='ltr'>sententiam</span> <span class='ocrx_word' id='word_1_159' title='bbox 1351 2108 1408 2163; x_wconf 92' lang='lat' dir='ltr'>in</span> <span class='ocrx_word' id='word_1_160' title='bbox 1437 2108 1695 2163; x_wconf 89' lang='lat' dir='ltr'>medium</span> <span class='ocrx_word' id='word_1_161' title='bbox 1720 2123 1848 2179; x_wconf 86' lang='lat' dir='ltr'>pro-</span> 
     </span>
    </p>
   </div>
   <div class='ocr_carea' id='block_1_24' title="bbox 187 2210 487 2264">
    <p class='ocr_par' dir='ltr' id='par_1_24' title="bbox 187 2210 487 2264">
     <span class='ocr_line' id='line_1_24' title="bbox 187 2210 487 2264; baseline -0.017 0"><span class='ocrx_word' id='word_1_162' title='bbox 187 2210 453 2264; x_wconf 84' lang='lat' dir='ltr'>feramus</span> <span class='ocrx_word' id='word_1_163' title='bbox 475 2221 487 2259; x_wconf 92' lang='lat'>:</span> 
     </span>
    </p>
   </div>
   <div class='ocr_carea' id='block_1_25' title="bbox 247 2286 1821 2354">
    <p class='ocr_par' dir='ltr' id='par_1_25' title="bbox 247 2286 1821 2354">
     <span class='ocr_line' id='line_1_25' title="bbox 247 2286 1821 2354; baseline -0.008 -8"><span class='ocrx_word' id='word_1_164' title='bbox 247 2295 384 2347; x_wconf 84' lang='lat' dir='ltr'>Auri</span> <span class='ocrx_word' id='word_1_165' title='bbox 418 2307 570 2343; x_wconf 86' lang='lat' dir='ltr'>sacra</span> <span class='ocrx_word' id='word_1_166' title='bbox 598 2295 778 2352; x_wconf 83' lang='lat' dir='ltr'>fames,</span> <span class='ocrx_word' id='word_1_167' title='bbox 811 2289 945 2354; x_wconf 87' lang='lat' dir='ltr'>quid</span> <span class='ocrx_word' id='word_1_168' title='bbox 976 2302 1085 2339; x_wconf 86' lang='lat' dir='ltr'>non</span> <span class='ocrx_word' id='word_1_169' title='bbox 1117 2286 1362 2337; x_wconf 85' lang='lat' dir='ltr'>mortalia</span> <span class='ocrx_word' id='word_1_170' title='bbox 1401 2289 1618 2350; x_wconf 86' lang='lat' dir='ltr'>pectora</span> <span class='ocrx_word' id='word_1_171' title='bbox 1637 2286 1821 2349; x_wconf 80' lang='lat' dir='ltr'>cogis?</span> 
     </span>
    </p>
   </div>
   <div class='ocr_carea' id='block_1_26' title="bbox 187 2367 1852 2448">
    <p class='ocr_par' dir='ltr' id='par_1_26' title="bbox 187 2367 1852 2448">
     <span class='ocr_line' id='line_1_26' title="bbox 187 2367 1852 2448; baseline -0.007 -16"><span class='ocrx_word' id='word_1_172' title='bbox 187 2379 509 2448; x_wconf 82' lang='lat' dir='ltr'>Sumptum</span> <span class='ocrx_word' id='word_1_173' title='bbox 534 2389 781 2445; x_wconf 88' lang='lat' dir='ltr'>namque</span> <span class='ocrx_word' id='word_1_174' title='bbox 803 2369 999 2426; x_wconf 72' lang='lat' dir='ltr'>lmtale</span> <span class='ocrx_word' id='word_1_175' title='bbox 1020 2367 1296 2441; x_wconf 90' lang='lat' dir='ltr'>poculum</span> <span class='ocrx_word' id='word_1_176' title='bbox 1314 2370 1563 2427; x_wconf 87' lang='lat' dir='ltr'>festinus</span> <span class='ocrx_word' id='word_1_177' title='bbox 1581 2369 1698 2440; x_wconf 91' lang='lat' dir='ltr'>regi</span> <span class='ocrx_word' id='word_1_178' title='bbox 1725 2384 1852 2439; x_wconf 90' lang='lat' dir='ltr'>pro-</span> 
     </span>
    </p>
   </div>
   <div class='ocr_carea' id='block_1_27' title="bbox 186 2457 1852 2538">
    <p class='ocr_par' dir='ltr' id='par_1_27' title="bbox 186 2457 1852 2538">
     <span class='ocr_line' id='line_1_27' title="bbox 186 2457 1852 2538; baseline -0.007 -17"><span class='ocrx_word' id='word_1_179' title='bbox 186 2468 373 2538; x_wconf 79' lang='lat' dir='ltr'>pinat.</span> <span class='ocrx_word' id='word_1_180' title='bbox 408 2464 532 2527; x_wconf 83' lang='lat' dir='ltr'>Quo</span> <span class='ocrx_word' id='word_1_181' title='bbox 558 2463 788 2533; x_wconf 81' lang='lat' dir='ltr'>accepto</span> <span class='ocrx_word' id='word_1_182' title='bbox 821 2463 990 2515; x_wconf 86' lang='lat' dir='ltr'>tanta</span> <span class='ocrx_word' id='word_1_183' title='bbox 1021 2459 1176 2513; x_wconf 89' lang='lat' dir='ltr'>hunc</span> <span class='ocrx_word' id='word_1_184' title='bbox 1201 2459 1506 2514; x_wconf 81' lang='lat' dir='ltr'>confestim</span> <span class='ocrx_word' id='word_1_185' title='bbox 1534 2457 1723 2513; x_wconf 87' lang='lat' dir='ltr'>somni</span> <span class='ocrx_word' id='word_1_186' title='bbox 1742 2457 1852 2511; x_wconf 87' lang='lat' dir='ltr'>vir-</span> 
     </span>
    </p>
   </div>
   <div class='ocr_carea' id='block_1_28' title="bbox 186 2547 1850 2623">
    <p class='ocr_par' dir='ltr' id='par_1_28' title="bbox 186 2547 1850 2623">
     <span class='ocr_line' id='line_1_28' title="bbox 186 2547 1850 2623; baseline -0.006 -14"><span class='ocrx_word' id='word_1_187' title='bbox 186 2564 273 2610; x_wconf 89' lang='lat' dir='ltr'>tus</span> <span class='ocrx_word' id='word_1_188' title='bbox 302 2551 554 2618; x_wconf 83' lang='lat' dir='ltr'>invasit,</span> <span class='ocrx_word' id='word_1_189' title='bbox 587 2552 867 2623; x_wconf 87' lang='lat' dir='ltr'>quatinus</span> <span class='ocrx_word' id='word_1_190' title='bbox 897 2547 1090 2603; x_wconf 89' lang='lat' dir='ltr'>tocius</span> <span class='ocrx_word' id='word_1_191' title='bbox 1107 2548 1395 2602; x_wconf 87' lang='lat' dir='ltr'>exercitus</span> <span class='ocrx_word' id='word_1_192' title='bbox 1415 2547 1694 2618; x_wconf 89' lang='lat' dir='ltr'>strepitus</span> <span class='ocrx_word' id='word_1_193' title='bbox 1713 2561 1850 2600; x_wconf 90' lang='lat' dir='ltr'>eum</span> 
     </span>
    </p>
   </div>
   <div class='ocr_carea' id='block_1_29' title="bbox 186 2633 1848 2712">
    <p class='ocr_par' dir='ltr' id='par_1_29' title="bbox 186 2633 1848 2712">
     <span class='ocr_line' id='line_1_29' title="bbox 186 2633 1848 2712; baseline -0.007 -14"><span class='ocrx_word' id='word_1_194' title='bbox 186 2641 387 2698; x_wconf 83' lang='lat' dir='ltr'>triduo</span> <span class='ocrx_word' id='word_1_195' title='bbox 413 2638 685 2712; x_wconf 89' lang='lat' dir='ltr'>evigilare</span> <span class='ocrx_word' id='word_1_196' title='bbox 717 2637 1006 2709; x_wconf 87' lang='lat' dir='ltr'>nequiret.</span> <span class='ocrx_word' id='word_1_197' title='bbox 1042 2636 1248 2691; x_wconf 88' lang='lat' dir='ltr'><strong>Fertur</strong></span> <span class='ocrx_word' id='word_1_198' title='bbox 1291 2640 1508 2703; x_wconf 90' lang='lat' dir='ltr'>autem,</span> <span class='ocrx_word' id='word_1_199' title='bbox 1567 2633 1848 2705; x_wconf 90' lang='lat' dir='ltr'>quoniam</span> 
     </span>
    </p>
   </div>
   <div class='ocr_carea' id='block_1_30' title="bbox 188 2724 1850 2796">
    <p class='ocr_par' dir='ltr' id='par_1_30' title="bbox 188 2724 1850 2796">
     <span class='ocr_line' id='line_1_30' title="bbox 188 2724 1850 2796; baseline -0.007 -10"><span class='ocrx_word' id='word_1_200' title='bbox 188 2733 330 2787; x_wconf 80' lang='lat' dir='ltr'>dum</span> <span class='ocrx_word' id='word_1_201' title='bbox 366 2726 686 2785; x_wconf 78' lang='lat' dir='ltr'>familiares</span> <span class='ocrx_word' id='word_1_202' title='bbox 718 2727 876 2783; x_wconf 91' lang='lat' dir='ltr'>hunc</span> <span class='ocrx_word' id='word_1_203' title='bbox 909 2726 1086 2780; x_wconf 92' lang='lat' dir='ltr'>modo</span> <span class='ocrx_word' id='word_1_204' title='bbox 1133 2725 1402 2796; x_wconf 87' lang='lat' dir='ltr'>strepitu,</span> <span class='ocrx_word' id='word_1_205' title='bbox 1465 2724 1636 2779; x_wconf 93' lang='lat' dir='ltr'>modo</span> <span class='ocrx_word' id='word_1_206' title='bbox 1691 2727 1850 2777; x_wconf 87' lang='lat' dir='ltr'>tactu</span> 
     </span>
    </p>
   </div>
   <div class='ocr_carea' id='block_1_31' title="bbox 189 2811 1850 2893">
    <p class='ocr_par' dir='ltr' id='par_1_31' title="bbox 189 2811 1850 2893">
     <span class='ocr_line' id='line_1_31' title="bbox 189 2811 1850 2893; baseline -0.006 -19"><span class='ocrx_word' id='word_1_207' title='bbox 189 2821 611 2893; x_wconf 88' lang='lat' dir='ltr'>inquietarent,</span> <span class='ocrx_word' id='word_1_208' title='bbox 645 2816 860 2889; x_wconf 91' lang='lat' dir='ltr'>apertis</span> <span class='ocrx_word' id='word_1_209' title='bbox 905 2813 1092 2870; x_wconf 91' lang='lat' dir='ltr'>oculis</span> <span class='ocrx_word' id='word_1_210' title='bbox 1143 2812 1224 2867; x_wconf 92' lang='lat' dir='ltr'>nil</span> <span class='ocrx_word' id='word_1_211' title='bbox 1257 2814 1491 2880; x_wconf 90' lang='lat' dir='ltr'>sentire,</span> <span class='ocrx_word' id='word_1_212' title='bbox 1554 2811 1634 2866; x_wconf 93' lang='lat' dir='ltr'>nil</span> <span class='ocrx_word' id='word_1_213' title='bbox 1692 2811 1850 2882; x_wconf 89' lang='lat' dir='ltr'>loqui</span> 
     </span>
    </p>
   </div>
   <div class='ocr_carea' id='block_1_32' title="bbox 191 2899 1850 2981">
    <p class='ocr_par' dir='ltr' id='par_1_32' title="bbox 191 2899 1850 2981">
     <span class='ocr_line' id='line_1_32' title="bbox 191 2899 1850 2981; baseline -0.009 -16"><span class='ocrx_word' id='word_1_214' title='bbox 191 2926 356 2981; x_wconf 87' lang='lat' dir='ltr'>posse</span> <span class='ocrx_word' id='word_1_215' title='bbox 389 2907 666 2980; x_wconf 82' lang='lat' dir='ltr'>perfecte.</span> <span class='ocrx_word' id='word_1_216' title='bbox 690 2905 925 2961; x_wconf 76' lang='lat' dir='ltr'>Positus</span> <span class='ocrx_word' id='word_1_217' title='bbox 949 2907 1145 2958; x_wconf 89' lang='lat' dir='ltr'>tamen</span> <span class='ocrx_word' id='word_1_218' title='bbox 1170 2901 1228 2956; x_wconf 90' lang='lat' dir='ltr'>in</span> <span class='ocrx_word' id='word_1_219' title='bbox 1253 2903 1466 2958; x_wconf 90' lang='lat' dir='ltr'>mentis</span> <span class='ocrx_word' id='word_1_220' title='bbox 1488 2917 1690 2956; x_wconf 82' lang='lat' dir='ltr'>exessu</span> <span class='ocrx_word' id='word_1_221' title='bbox 1716 2899 1850 2970; x_wconf 95' lang='lat'>(69),</span> 
     </span>
    </p>
   </div>
   <div class='ocr_carea' id='block_1_33' title="bbox 193 2989 1857 3070">
    <p class='ocr_par' dir='ltr' id='par_1_33' title="bbox 193 2989 1857 3070">
     <span class='ocr_line' id='line_1_33' title="bbox 193 2989 1857 3070; baseline -0.007 -16"><span class='ocrx_word' id='word_1_222' title='bbox 193 2999 486 3070; x_wconf 88' lang='lat' dir='ltr'>mugitum</span> <span class='ocrx_word' id='word_1_223' title='bbox 521 2995 781 3062; x_wconf 90' lang='lat' dir='ltr'>reddere,</span> <span class='ocrx_word' id='word_1_224' title='bbox 813 3011 928 3048; x_wconf 92' lang='lat' dir='ltr'>non</span> <span class='ocrx_word' id='word_1_225' title='bbox 963 2992 1139 3047; x_wconf 91' lang='lat' dir='ltr'>verba</span> <span class='ocrx_word' id='word_1_226' title='bbox 1169 2991 1357 3060; x_wconf 89' lang='lat' dir='ltr'>edere,</span> <span class='ocrx_word' id='word_1_227' title='bbox 1391 2990 1713 3046; x_wconf 87' lang='lat' dir='ltr'>videbatur.</span> <span class='ocrx_word' id='word_1_228' title='bbox 1744 2989 1857 3042; x_wconf 89' lang='lat' dir='ltr'>Hu-</span> 
     </span>
    </p>
   </div>
   <div class='ocr_carea' id='block_1_34' title="bbox 187 3077 1853 3159">
    <p class='ocr_par' dir='ltr' id='par_1_34' title="bbox 187 3077 1853 3159">
     <span class='ocr_line' id='line_1_34' title="bbox 187 3077 1853 3159; baseline -0.005 -18"><span class='ocrx_word' id='word_1_229' title='bbox 187 3089 278 3159; x_wconf 86' lang='lat' dir='ltr'>jus</span> <span class='ocrx_word' id='word_1_230' title='bbox 307 3085 535 3159; x_wconf 89' lang='lat' dir='ltr'>quippe</span> <span class='ocrx_word' id='word_1_231' title='bbox 565 3083 647 3138; x_wconf 91' lang='lat' dir='ltr'>rei</span> <span class='ocrx_word' id='word_1_232' title='bbox 682 3083 840 3138; x_wconf 90' lang='lat' dir='ltr'>accio</span> <span class='ocrx_word' id='word_1_233' title='bbox 871 3081 1150 3153; x_wconf 84' lang='lat' dir='ltr'>repedare</span> <span class='ocrx_word' id='word_1_234' title='bbox 1181 3097 1384 3136; x_wconf 90' lang='lat' dir='ltr'>omnes</span> <span class='ocrx_word' id='word_1_235' title='bbox 1415 3077 1715 3150; x_wconf 86' lang='lat' dir='ltr'>compulit,</span> <span class='ocrx_word' id='word_1_236' title='bbox 1737 3095 1853 3132; x_wconf 92' lang='lat' dir='ltr'>non</span> 
     </span>
    </p>
   </div>
   <div class='ocr_carea' id='block_1_35' title="bbox 201 3193 1083 3250">
    <p class='ocr_par' dir='ltr' id='par_1_35' title="bbox 201 3193 1083 3250">
     <span class='ocr_line' id='line_1_35' title="bbox 201 3193 1083 3250; baseline 0 -19"><span class='ocrx_word' id='word_1_237' title='bbox 201 3193 483 3250; x_wconf 86' lang='lat' dir='ltr'>pugnare.</span> <span class='ocrx_word' id='word_1_238' title='bbox 1077 3228 1083 3231; x_wconf 89' lang='lat'>..</span> 
     </span>
    </p>
   </div>
   <div class='ocr_carea' id='block_1_36' title="bbox 260 3254 1856 3330">
    <p class='ocr_par' dir='ltr' id='par_1_36' title="bbox 260 3254 1856 3330">
     <span class='ocr_line' id='line_1_36' title="bbox 260 3254 1856 3330; baseline -0.007 -9"><span class='ocrx_word' id='word_1_239' title='bbox 260 3267 348 3321; x_wconf 89' lang='lat'>33.</span> <span class='ocrx_word' id='word_1_240' title='bbox 385 3254 575 3319; x_wconf 76' lang='lat' dir='ltr'>Gredo</span> <span class='ocrx_word' id='word_1_241' title='bbox 609 3267 828 3330; x_wconf 88' lang='lat' dir='ltr'><strong>autem,</strong></span> <span class='ocrx_word' id='word_1_242' title='bbox 861 3259 1178 3316; x_wconf 87' lang='lat' dir='ltr'>Arnulfum</span> <span class='ocrx_word' id='word_1_243' title='bbox 1212 3274 1408 3329; x_wconf 86' lang='lat' dir='ltr'>regem</span> <span class='ocrx_word' id='word_1_244' title='bbox 1463 3259 1622 3329; x_wconf 89' lang='lat' dir='ltr'>justa</span> <span class='ocrx_word' id='word_1_245' title='bbox 1671 3256 1856 3312; x_wconf 89' lang='lat' dir='ltr'>severi</span> 
     </span>
    </p>
   </div>
   <div class='ocr_carea' id='block_1_37' title="bbox 193 3346 1855 3426">
    <p class='ocr_par' dir='ltr' id='par_1_37' title="bbox 193 3346 1855 3426">
     <span class='ocr_line' id='line_1_37' title="bbox 193 3346 1855 3426; baseline -0.007 -16"><span class='ocrx_word' id='word_1_246' title='bbox 193 3354 412 3426; x_wconf 88' lang='lat' dir='ltr'>judicis</span> <span class='ocrx_word' id='word_1_247' title='bbox 445 3351 788 3423; x_wconf 89' lang='lat' dir='ltr'>hujusmodi</span> <span class='ocrx_word' id='word_1_248' title='bbox 815 3354 1036 3423; x_wconf 89' lang='lat' dir='ltr'>pestem</span> <span class='ocrx_word' id='word_1_249' title='bbox 1065 3348 1386 3403; x_wconf 87' lang='lat' dir='ltr'>incurrisse</span> <span class='ocrx_word' id='word_1_250' title='bbox 1433 3363 1699 3402; x_wconf 89' lang='lat' dir='ltr'>censura.</span> <span class='ocrx_word' id='word_1_251' title='bbox 1755 3346 1855 3400; x_wconf 88' lang='lat' dir='ltr'>Se-</span> 
     </span>
    </p>
   </div>
   <div class='ocr_carea' id='block_1_38' title="bbox 197 3433 1856 3510">
    <p class='ocr_par' dir='ltr' id='par_1_38' title="bbox 197 3433 1856 3510">
     <span class='ocr_line' id='line_1_38' title="bbox 197 3433 1856 3510; baseline -0.007 -11"><span class='ocrx_word' id='word_1_252' title='bbox 197 3443 398 3498; x_wconf 72' lang='lat' dir='ltr'>cunda:</span> <span class='ocrx_word' id='word_1_253' title='bbox 423 3440 583 3497; x_wconf 92' lang='lat' dir='ltr'>enim</span> <span class='ocrx_word' id='word_1_254' title='bbox 604 3456 695 3494; x_wconf 91' lang='lat' dir='ltr'>res</span> <span class='ocrx_word' id='word_1_255' title='bbox 718 3440 861 3494; x_wconf 91' lang='lat' dir='ltr'>dum</span> <span class='ocrx_word' id='word_1_256' title='bbox 885 3437 1201 3510; x_wconf 90' lang='lat' dir='ltr'>imperium</span> <span class='ocrx_word' id='word_1_257' title='bbox 1223 3436 1402 3507; x_wconf 79' lang='lat' dir='ltr'>huius</span> <span class='ocrx_word' id='word_1_258' title='bbox 1431 3435 1632 3491; x_wconf 87' lang='lat' dir='ltr'>ubiubi</span> <span class='ocrx_word' id='word_1_259' title='bbox 1656 3433 1856 3505; x_wconf 87' lang='lat' dir='ltr'>magni</span> 
     </span>
    </p>
   </div>
   <div class='ocr_carea' id='block_1_39' title="bbox 196 3521 1855 3598">
    <p class='ocr_par' dir='ltr' id='par_1_39' title="bbox 196 3521 1855 3598">
     <span class='ocr_line' id='line_1_39' title="bbox 196 3521 1855 3598; baseline -0.004 -13"><span class='ocrx_word' id='word_1_260' title='bbox 196 3532 470 3598; x_wconf 84' lang='lat' dir='ltr'>facerent,</span> <span class='ocrx_word' id='word_1_261' title='bbox 502 3528 710 3586; x_wconf 88' lang='lat' dir='ltr'>virtuti</span> <span class='ocrx_word' id='word_1_262' title='bbox 747 3545 864 3582; x_wconf 64' lang='lat' dir='ltr'>sua:</span> <span class='ocrx_word' id='word_1_263' title='bbox 897 3530 1110 3582; x_wconf 84' lang='lat' dir='ltr'>cuncta</span> <span class='ocrx_word' id='word_1_264' title='bbox 1138 3525 1368 3591; x_wconf 81' lang='lat' dir='ltr'>tribuit,</span> <span class='ocrx_word' id='word_1_265' title='bbox 1415 3541 1530 3579; x_wconf 88' lang='lat' dir='ltr'>non</span> <span class='ocrx_word' id='word_1_266' title='bbox 1591 3521 1855 3578; x_wconf 90' lang='lat' dir='ltr'>debitum</span> 
     </span>
    </p>
   </div>
   <div class='ocr_carea' id='block_1_40' title="bbox 196 3610 1856 3694">
    <p class='ocr_par' dir='ltr' id='par_1_40' title="bbox 196 3610 1856 3694">
     <span class='ocr_line' id='line_1_40' title="bbox 196 3610 1856 3694; baseline -0.007 -18"><span class='ocrx_word' id='word_1_267' title='bbox 196 3618 585 3694; x_wconf 85' lang='lat' dir='ltr'>omnipotenti</span> <span class='ocrx_word' id='word_1_268' title='bbox 621 3617 732 3673; x_wconf 88' lang='lat' dir='ltr'>Deo</span> <span class='ocrx_word' id='word_1_269' title='bbox 766 3616 1048 3671; x_wconf 89' lang='lat' dir='ltr'>honorem</span> <span class='ocrx_word' id='word_1_270' title='bbox 1083 3613 1357 3670; x_wconf 91' lang='lat' dir='ltr'>reddidit.</span> <span class='ocrx_word' id='word_1_271' title='bbox 1387 3613 1726 3669; x_wconf 87' lang='lat' dir='ltr'>Sacerdotes</span> <span class='ocrx_word' id='word_1_272' title='bbox 1755 3610 1856 3666; x_wconf 89' lang='lat' dir='ltr'>Dei</span> 
     </span>
    </p>
   </div>
   <div class='ocr_carea' id='block_1_41' title="bbox 192 3700 1856 3776">
    <p class='ocr_par' dir='ltr' id='par_1_41' title="bbox 192 3700 1856 3776">
     <span class='ocr_line' id='line_1_41' title="bbox 192 3700 1856 3776; baseline -0.006 -12"><span class='ocrx_word' id='word_1_273' title='bbox 192 3709 362 3766; x_wconf 87' lang='lat' dir='ltr'>vincti</span> <span class='ocrx_word' id='word_1_274' title='bbox 393 3707 808 3770; x_wconf 86' lang='lat' dir='ltr'>trahebantur,</span> <span class='ocrx_word' id='word_1_275' title='bbox 841 3721 1019 3760; x_wconf 61' lang='lat' dir='ltr'>sacris</span> <span class='ocrx_word' id='word_1_276' title='bbox 1048 3702 1309 3776; x_wconf 77' lang='lat' dir='ltr'>virgines</span> <span class='ocrx_word' id='word_1_277' title='bbox 1339 3702 1395 3756; x_wconf 88' lang='lat' dir='ltr'>vi</span> <span class='ocrx_word' id='word_1_278' title='bbox 1443 3700 1856 3775; x_wconf 85' lang='lat' dir='ltr'>opprimeban-</span> 
     </span>
    </p>
   </div>
   <div class='ocr_carea' id='block_1_42' title="bbox 193 3788 1855 3871">
    <p class='ocr_par' dir='ltr' id='par_1_42' title="bbox 193 3788 1855 3871">
     <span class='ocr_line' id='line_1_42' title="bbox 193 3788 1855 3871; baseline -0.005 -18"><span class='ocrx_word' id='word_1_279' title='bbox 193 3803 302 3871; x_wconf 87' lang='lat' dir='ltr'>tur,</span> <span class='ocrx_word' id='word_1_280' title='bbox 333 3798 672 3870; x_wconf 75' lang='lat' dir='ltr'>conjugata:</span> <span class='ocrx_word' id='word_1_281' title='bbox 701 3793 1093 3851; x_wconf 88' lang='lat' dir='ltr'>violabantur.</span> <span class='ocrx_word' id='word_1_282' title='bbox 1144 3791 1345 3862; x_wconf 91' lang='lat' dir='ltr'>Neque</span> <span class='ocrx_word' id='word_1_283' title='bbox 1386 3790 1542 3847; x_wconf 89' lang='lat' dir='ltr'>enim</span> <span class='ocrx_word' id='word_1_284' title='bbox 1601 3788 1855 3846; x_wconf 73' lang='lat' dir='ltr'>ecclesiae</span> 
     </span>
    </p>
   </div>
   <div class='ocr_carea' id='block_1_43' title="bbox 191 3879 1856 3962">
    <p class='ocr_par' dir='ltr' id='par_1_43' title="bbox 191 3879 1856 3962">
     <span class='ocr_line' id='line_1_43' title="bbox 191 3879 1856 3962; baseline -0.007 -18"><span class='ocrx_word' id='word_1_285' title='bbox 191 3887 673 3962; x_wconf 77' lang='lat' dir='ltr'>confugientibus</span> <span class='ocrx_word' id='word_1_286' title='bbox 704 3886 973 3957; x_wconf 89' lang='lat' dir='ltr'>poterant</span> <span class='ocrx_word' id='word_1_287' title='bbox 989 3898 1119 3939; x_wconf 91' lang='lat' dir='ltr'>esse</span> <span class='ocrx_word' id='word_1_288' title='bbox 1136 3879 1385 3953; x_wconf 84' lang='lat' dir='ltr'>asylum.</span> <span class='ocrx_word' id='word_1_289' title='bbox 1407 3881 1470 3936; x_wconf 92' lang='lat' dir='ltr'>In</span> <span class='ocrx_word' id='word_1_290' title='bbox 1487 3880 1580 3936; x_wconf 86' lang='lat' dir='ltr'>his</span> <span class='ocrx_word' id='word_1_291' title='bbox 1602 3895 1856 3951; x_wconf 89' lang='lat' dir='ltr'>namque</span> 
     </span>
    </p>
   </div>
   <div class='ocr_carea' id='block_1_44' title="bbox 195 3967 1853 4046">
    <p class='ocr_par' dir='ltr' id='par_1_44' title="bbox 195 3967 1853 4046">
     <span class='ocr_line' id='line_1_44' title="bbox 195 3967 1853 4046; baseline -0.005 -14"><span class='ocrx_word' id='word_1_292' title='bbox 195 3975 511 4034; x_wconf 88' lang='lat' dir='ltr'>simbolam</span> <span class='ocrx_word' id='word_1_293' title='bbox 545 3975 862 4040; x_wconf 86' lang='lat' dir='ltr'>faciebant,</span> <span class='ocrx_word' id='word_1_294' title='bbox 885 3969 1315 4046; x_wconf 89' lang='lat' dir='ltr'>gestusturpis,</span> <span class='ocrx_word' id='word_1_295' title='bbox 1349 3974 1557 4026; x_wconf 88' lang='lat' dir='ltr'>cantus</span> <span class='ocrx_word' id='word_1_296' title='bbox 1578 3967 1853 4036; x_wconf 78' lang='lat' dir='ltr'>ludicras,</span> 
     </span>
    </p>
   </div>
   <div class='ocr_carea' id='block_1_45' title="bbox 198 4057 1856 4131">
    <p class='ocr_par' dir='ltr' id='par_1_45' title="bbox 198 4057 1856 4131">
     <span class='ocr_line' id='line_1_45' title="bbox 198 4057 1856 4131; baseline -0.005 -9"><span class='ocrx_word' id='word_1_297' title='bbox 198 4066 671 4124; x_wconf 87' lang='lat' dir='ltr'>dibachationes.</span> <span class='ocrx_word' id='word_1_298' title='bbox 702 4064 813 4119; x_wconf 89' lang='lat' dir='ltr'>Sed</span> <span class='ocrx_word' id='word_1_299' title='bbox 845 4067 902 4119; x_wconf 91' lang='lat' dir='ltr'>et</span> <span class='ocrx_word' id='word_1_300' title='bbox 927 4061 1205 4118; x_wconf 91' lang='lat' dir='ltr'>mulieres</span> <span class='ocrx_word' id='word_1_301' title='bbox 1235 4059 1438 4116; x_wconf 89' lang='lat' dir='ltr'>eodem</span> <span class='ocrx_word' id='word_1_302' title='bbox 1472 4057 1725 4131; x_wconf 91' lang='lat' dir='ltr'>publice,</span> <span class='ocrx_word' id='word_1_303' title='bbox 1753 4074 1856 4129; x_wconf 92' lang='lat' dir='ltr'>pro</span> 
     </span>
    </p>
   </div>
   <div class='ocr_carea' id='block_1_46' title="bbox 193 4153 938 4228">
    <p class='ocr_par' dir='ltr' id='par_1_46' title="bbox 193 4153 938 4228">
     <span class='ocr_line' id='line_1_46' title="bbox 193 4153 938 4228; baseline -0.005 -17"><span class='ocrx_word' id='word_1_304' title='bbox 193 4156 374 4224; x_wconf 83' lang='lat' dir='ltr'>nefas,</span> <span class='ocrx_word' id='word_1_305' title='bbox 409 4153 938 4228; x_wconf 89' lang='lat' dir='ltr'>prostituebantur.</span> 
     </span>
    </p>
   </div>
   <div class='ocr_carea' id='block_1_47' title="bbox 259 4235 1854 4315">
    <p class='ocr_par' dir='ltr' id='par_1_47' title="bbox 259 4235 1854 4315">
     <span class='ocr_line' id='line_1_47' title="bbox 259 4235 1854 4315; baseline -0.004 -16"><span class='ocrx_word' id='word_1_306' title='bbox 259 4245 349 4301; x_wconf 77' lang='grc'>34.</span> <span class='ocrx_word' id='word_1_307' title='bbox 386 4243 661 4315; x_wconf 87' lang='lat' dir='ltr'>Denique</span> <span class='ocrx_word' id='word_1_308' title='bbox 693 4243 1034 4298; x_wconf 89' lang='lat' dir='ltr'>redeuntem</span> <span class='ocrx_word' id='word_1_309' title='bbox 1069 4253 1265 4310; x_wconf 85' lang='lat' dir='ltr'>regem</span> <span class='ocrx_word' id='word_1_310' title='bbox 1297 4252 1512 4310; x_wconf 86' lang='lat' dir='ltr'>magna</span> <span class='ocrx_word' id='word_1_311' title='bbox 1544 4252 1678 4292; x_wconf 91' lang='lat' dir='ltr'>cum</span> <span class='ocrx_word' id='word_1_312' title='bbox 1699 4235 1854 4292; x_wconf 90' lang='lat' dir='ltr'>vale-</span> 
     </span>
    </p>
   </div>
   <div class='ocr_carea' id='block_1_48' title="bbox 192 4326 1853 4403">
    <p class='ocr_par' dir='ltr' id='par_1_48' title="bbox 192 4326 1853 4403">
     <span class='ocr_line' id='line_1_48' title="bbox 192 4326 1853 4403; baseline -0.005 -15"><span class='ocrx_word' id='word_1_313' title='bbox 192 4334 398 4390; x_wconf 87' lang='lat' dir='ltr'>tudine</span> <span class='ocrx_word' id='word_1_314' title='bbox 428 4331 746 4389; x_wconf 87' lang='lat' dir='ltr'>Arnulfum</span> <span class='ocrx_word' id='word_1_315' title='bbox 793 4329 1036 4403; x_wconf 87' lang='lat' dir='ltr'>palatim</span> <span class='ocrx_word' id='word_1_316' title='bbox 1084 4345 1184 4383; x_wconf 86' lang='lat' dir='ltr'>rex</span> <span class='ocrx_word' id='word_1_317' title='bbox 1239 4327 1412 4382; x_wconf 85' lang='lat' dir='ltr'>Wido</span> <span class='ocrx_word' id='word_1_318' title='bbox 1461 4326 1853 4399; x_wconf 90' lang='lat' dir='ltr'>persequitur.</span> 
     </span>
    </p>
   </div>
   <div class='ocr_carea' id='block_1_49' title="bbox 195 4415 1852 4496">
    <p class='ocr_par' dir='ltr' id='par_1_49' title="bbox 195 4415 1852 4496">
     <span class='ocr_line' id='line_1_49' title="bbox 195 4415 1852 4496; baseline -0.005 -19"><span class='ocrx_word' id='word_1_319' title='bbox 195 4421 459 4496; x_wconf 89' lang='lat' dir='ltr'>Cumque</span> <span class='ocrx_word' id='word_1_320' title='bbox 491 4420 777 4477; x_wconf 85' lang='lat' dir='ltr'>Arnulfus</span> <span class='ocrx_word' id='word_1_321' title='bbox 809 4418 1096 4475; x_wconf 91' lang='lat' dir='ltr'>Bardonis</span> <span class='ocrx_word' id='word_1_322' title='bbox 1129 4420 1388 4472; x_wconf 89' lang='lat' dir='ltr'>montem</span> <span class='ocrx_word' id='word_1_323' title='bbox 1421 4415 1852 4481; x_wconf 89' lang='lat' dir='ltr'>conscenderet,</span> 
     </span>
    </p>
   </div>
   <div class='ocr_carea' id='block_1_50' title="bbox 193 4503 1852 4578">
    <p class='ocr_par' dir='ltr' id='par_1_50' title="bbox 193 4503 1852 4578">
     <span class='ocr_line' id='line_1_50' title="bbox 193 4503 1852 4578; baseline -0.004 -11"><span class='ocrx_word' id='word_1_324' title='bbox 193 4511 298 4568; x_wconf 88' lang='lat' dir='ltr'>hoc</span> <span class='ocrx_word' id='word_1_325' title='bbox 315 4527 569 4569; x_wconf 89' lang='lat' dir='ltr'>suorum</span> <span class='ocrx_word' id='word_1_326' title='bbox 584 4509 827 4565; x_wconf 89' lang='lat' dir='ltr'>consilio</span> <span class='ocrx_word' id='word_1_327' title='bbox 842 4505 1125 4577; x_wconf 88' lang='lat' dir='ltr'>definivit,</span> <span class='ocrx_word' id='word_1_328' title='bbox 1141 4505 1421 4578; x_wconf 89' lang='lat' dir='ltr'>quatinus</span> <span class='ocrx_word' id='word_1_329' title='bbox 1438 4503 1852 4576; x_wconf 82' lang='lat' dir='ltr'>Berengarium</span> 
     </span>
    </p>
   </div>
   <div class='ocr_carea' id='block_1_51' title="bbox 194 4593 1850 4674">
    <p class='ocr_par' dir='ltr' id='par_1_51' title="bbox 194 4593 1850 4674">
     <span class='ocr_line' id='line_1_51' title="bbox 194 4593 1850 4674; baseline -0.004 -19"><span class='ocrx_word' id='word_1_330' title='bbox 194 4599 418 4658; x_wconf 88' lang='lat' dir='ltr'>lumine</span> <span class='ocrx_word' id='word_1_331' title='bbox 446 4601 724 4674; x_wconf 90' lang='lat' dir='ltr'>privaret,</span> <span class='ocrx_word' id='word_1_332' title='bbox 762 4597 962 4669; x_wconf 88' lang='lat' dir='ltr'>sicque</span> <span class='ocrx_word' id='word_1_333' title='bbox 993 4611 1237 4652; x_wconf 90' lang='lat' dir='ltr'>securus</span> <span class='ocrx_word' id='word_1_334' title='bbox 1270 4593 1494 4650; x_wconf 87' lang='lat' dir='ltr'>Italiam</span> <span class='ocrx_word' id='word_1_335' title='bbox 1545 4593 1850 4649; x_wconf 88' lang='lat' dir='ltr'>obtineret.</span> 
     </span>
    </p>
   </div>
   <div class='ocr_carea' id='block_1_52' title="bbox 194 4683 1852 4764">
    <p class='ocr_par' dir='ltr' id='par_1_52' title="bbox 194 4683 1852 4764">
     <span class='ocr_line' id='line_1_52' title="bbox 194 4683 1852 4764; baseline -0.004 -19"><span class='ocrx_word' id='word_1_336' title='bbox 194 4689 596 4764; x_wconf 90' lang='lat' dir='ltr'>Cognatorum</span> <span class='ocrx_word' id='word_1_337' title='bbox 627 4704 762 4745; x_wconf 88' lang='lat' dir='ltr'>vero</span> <span class='ocrx_word' id='word_1_338' title='bbox 790 4685 1126 4759; x_wconf 89' lang='lat' dir='ltr'>Berengarii</span> <span class='ocrx_word' id='word_1_339' title='bbox 1160 4701 1334 4750; x_wconf 86' lang='lat' dir='ltr'>unus,</span> <span class='ocrx_word' id='word_1_340' title='bbox 1368 4683 1466 4754; x_wconf 92' lang='lat' dir='ltr'>qui</span> <span class='ocrx_word' id='word_1_341' title='bbox 1500 4700 1613 4738; x_wconf 90' lang='lat' dir='ltr'>non</span> <span class='ocrx_word' id='word_1_342' title='bbox 1675 4699 1852 4755; x_wconf 88' lang='lat' dir='ltr'>parva</span> 
     </span>
    </p>
   </div>
   <div class='ocr_carea' id='block_1_53' title="bbox 192 4772 1853 4851">
    <p class='ocr_par' dir='ltr' id='par_1_53' title="bbox 192 4772 1853 4851">
     <span class='ocr_line' id='line_1_53' title="bbox 192 4772 1853 4851; baseline -0.004 -15"><span class='ocrx_word' id='word_1_343' title='bbox 192 4780 437 4836; x_wconf 78' lang='lat' dir='ltr'>Arnulfo</span> <span class='ocrx_word' id='word_1_344' title='bbox 472 4778 597 4851; x_wconf 87' lang='lat' dir='ltr'>regi</span> <span class='ocrx_word' id='word_1_345' title='bbox 625 4775 1047 4833; x_wconf 80' lang='lat' dir='ltr'>familiaritatis</span> <span class='ocrx_word' id='word_1_346' title='bbox 1077 4772 1266 4846; x_wconf 89' lang='lat' dir='ltr'>gratia</span> <span class='ocrx_word' id='word_1_347' title='bbox 1296 4772 1619 4842; x_wconf 87' lang='lat' dir='ltr'>inherebat,</span> <span class='ocrx_word' id='word_1_348' title='bbox 1640 4772 1853 4844; x_wconf 89' lang='lat' dir='ltr'>hujus-</span> 
     </span>
    </p>
   </div>
   <div class='ocr_carea' id='block_1_54' title="bbox 193 4862 1851 4937">
    <p class='ocr_par' dir='ltr' id='par_1_54' title="bbox 193 4862 1851 4937">
     <span class='ocr_line' id='line_1_54' title="bbox 193 4862 1851 4937; baseline -0.004 -14"><span class='ocrx_word' id='word_1_349' title='bbox 193 4870 346 4925; x_wconf 89' lang='lat' dir='ltr'>modi</span> <span class='ocrx_word' id='word_1_350' title='bbox 371 4866 694 4925; x_wconf 87' lang='lat' dir='ltr'>consilium</span> <span class='ocrx_word' id='word_1_351' title='bbox 719 4870 782 4921; x_wconf 90' lang='lat' dir='ltr'>ut</span> <span class='ocrx_word' id='word_1_352' title='bbox 799 4863 1055 4937; x_wconf 86' lang='lat' dir='ltr'>agnovit,</span> <span class='ocrx_word' id='word_1_353' title='bbox 1080 4863 1302 4934; x_wconf 87' lang='lat' dir='ltr'>absque</span> <span class='ocrx_word' id='word_1_354' title='bbox 1325 4878 1486 4916; x_wconf 91' lang='lat' dir='ltr'>mora</span> <span class='ocrx_word' id='word_1_355' title='bbox 1504 4862 1851 4935; x_wconf 91' lang='lat' dir='ltr'>Berengario</span> 
     </span>
    </p>
   </div>
   <div class='ocr_carea' id='block_1_55' title="bbox 196 4951 1852 5030">
    <p class='ocr_par' dir='ltr' id='par_1_55' title="bbox 196 4951 1852 5030">
     <span class='ocr_line' id='line_1_55' title="bbox 196 4951 1852 5030; baseline -0.004 -16"><span class='ocrx_word' id='word_1_356' title='bbox 196 4957 495 5030; x_wconf 82' lang='lat' dir='ltr'>patelecit.</span> <span class='ocrx_word' id='word_1_357' title='bbox 530 4956 641 5024; x_wconf 87' lang='lat' dir='ltr'>Qui</span> <span class='ocrx_word' id='word_1_358' title='bbox 673 4971 808 5012; x_wconf 78' lang='lat' dir='ltr'>mox</span> <span class='ocrx_word' id='word_1_359' title='bbox 844 4957 905 5010; x_wconf 90' lang='lat' dir='ltr'>ut</span> <span class='ocrx_word' id='word_1_360' title='bbox 926 4952 1130 5022; x_wconf 89' lang='lat' dir='ltr'>sensit,</span> <span class='ocrx_word' id='word_1_361' title='bbox 1182 4951 1423 5008; x_wconf 90' lang='lat' dir='ltr'>lucerna</span> <span class='ocrx_word' id='word_1_362' title='bbox 1482 4968 1659 5022; x_wconf 89' lang='lat' dir='ltr'>quam</span> <span class='ocrx_word' id='word_1_363' title='bbox 1718 4955 1852 5008; x_wconf 88' lang='lat' dir='ltr'>ante</span> 
     </span>
    </p>
   </div>
   <div class='ocr_carea' id='block_1_56' title="bbox 1947 507 2944 580">
    <p class='ocr_par' dir='ltr' id='par_1_56' title="bbox 1947 507 2944 580">
     <span class='ocr_line' id='line_1_56' title="bbox 1947 507 2944 580; baseline 0.005 -17"><span class='ocrx_word' id='word_1_364' title='bbox 1947 511 2122 578; x_wconf 84' lang='lat' dir='ltr'>atque</span> <span class='ocrx_word' id='word_1_365' title='bbox 2149 512 2442 564; x_wconf 86' lang='lat' dir='ltr'>Veronam</span> <span class='ocrx_word' id='word_1_366' title='bbox 2476 507 2739 580; x_wconf 86' lang='lat' dir='ltr'>percitus</span> <span class='ocrx_word' id='word_1_367' title='bbox 2764 513 2944 568; x_wconf 88' lang='lat' dir='ltr'>venit.</span> 
     </span>
    </p>
   </div>
   <div class='ocr_carea' id='block_1_57' title="bbox 2014 598 3613 678">
    <p class='ocr_par' dir='ltr' id='par_1_57' title="bbox 2014 598 3613 678">
     <span class='ocr_line' id='line_1_57' title="bbox 2014 598 3613 678; baseline 0.008 -28"><span class='ocrx_word' id='word_1_368' title='bbox 2014 598 2105 650; x_wconf 71' lang='lat' dir='ltr'>3b.</span> <span class='ocrx_word' id='word_1_369' title='bbox 2141 598 2358 652; x_wconf 90' lang='lat' dir='ltr'>Omnes</span> <span class='ocrx_word' id='word_1_370' title='bbox 2390 601 2607 652; x_wconf 79' lang='lat' dir='ltr'>extunc</span> <span class='ocrx_word' id='word_1_371' title='bbox 2637 599 2945 658; x_wconf 86' lang='lat' dir='ltr'>Italicnses</span> <span class='ocrx_word' id='word_1_372' title='bbox 2974 604 3287 660; x_wconf 82' lang='lat' dir='ltr'>Arnulfum</span> <span class='ocrx_word' id='word_1_373' title='bbox 3309 607 3613 678; x_wconf 84' lang='lat' dir='ltr'>ﬂoccipcn-</span> 
     </span>
    </p>
   </div>
   <div class='ocr_carea' id='block_1_58' title="bbox 1945 685 3608 764">
    <p class='ocr_par' dir='ltr' id='par_1_58' title="bbox 1945 685 3608 764">
     <span class='ocr_line' id='line_1_58' title="bbox 1945 685 3608 764; baseline 0.007 -23"><span class='ocrx_word' id='word_1_374' title='bbox 1945 687 2101 753; x_wconf 88' lang='lat' dir='ltr'>dere,</span> <span class='ocrx_word' id='word_1_375' title='bbox 2133 685 2333 741; x_wconf 89' lang='lat' dir='ltr'>nichili</span> <span class='ocrx_word' id='word_1_376' title='bbox 2367 686 2606 740; x_wconf 82' lang='lat' dir='ltr'>habere.</span> <span class='ocrx_word' id='word_1_377' title='bbox 2641 687 2805 744; x_wconf 84' lang='lat' dir='ltr'>Unde</span> <span class='ocrx_word' id='word_1_378' title='bbox 2851 708 2985 747; x_wconf 91' lang='lat' dir='ltr'>cum</span> <span class='ocrx_word' id='word_1_379' title='bbox 3042 692 3311 750; x_wconf 90' lang='lat' dir='ltr'>Ticinum</span> <span class='ocrx_word' id='word_1_380' title='bbox 3366 697 3608 764; x_wconf 90' lang='lat' dir='ltr'>veniret,</span> 
     </span>
    </p>
   </div>
   <div class='ocr_carea' id='block_1_59' title="bbox 1947 775 3613 857">
    <p class='ocr_par' dir='ltr' id='par_1_59' title="bbox 1947 775 3613 857">
     <span class='ocr_line' id='line_1_59' title="bbox 1947 775 3613 857; baseline 0.007 -27"><span class='ocrx_word' id='word_1_381' title='bbox 1947 792 2062 830; x_wconf 90' lang='lat' dir='ltr'>non</span> <span class='ocrx_word' id='word_1_382' title='bbox 2089 775 2318 830; x_wconf 86' lang='lat' dir='ltr'>modica</span> <span class='ocrx_word' id='word_1_383' title='bbox 2348 775 2526 829; x_wconf 91' lang='lat' dir='ltr'>horta</span> <span class='ocrx_word' id='word_1_384' title='bbox 2557 780 2644 830; x_wconf 89' lang='lat' dir='ltr'>est</span> <span class='ocrx_word' id='word_1_385' title='bbox 2677 776 2734 831; x_wconf 93' lang='lat' dir='ltr'>in</span> <span class='ocrx_word' id='word_1_386' title='bbox 2769 778 2999 836; x_wconf 88' lang='lat' dir='ltr'>civitate</span> <span class='ocrx_word' id='word_1_387' title='bbox 3031 782 3248 838; x_wconf 86' lang='lat' dir='ltr'>sedicio</span> <span class='ocrx_word' id='word_1_388' title='bbox 3275 802 3287 851; x_wconf 88' lang='lat'><strong>;</strong></span> <span class='ocrx_word' id='word_1_389' title='bbox 3333 787 3613 857; x_wconf 88' lang='lat' dir='ltr'>tantaque</span> 
     </span>
    </p>
   </div>
   <div class='ocr_carea' id='block_1_60' title="bbox 1947 862 3611 944">
    <p class='ocr_par' dir='ltr' id='par_1_60' title="bbox 1947 862 3611 944">
     <span class='ocr_line' id='line_1_60' title="bbox 1947 862 3611 944; baseline 0.008 -27"><span class='ocrx_word' id='word_1_390' title='bbox 1947 862 2074 918; x_wconf 86' lang='lat' dir='ltr'>istic</span> <span class='ocrx_word' id='word_1_391' title='bbox 2109 864 2399 919; x_wconf 85' lang='lat' dir='ltr'>exercitus</span> <span class='ocrx_word' id='word_1_392' title='bbox 2433 869 2665 936; x_wconf 86' lang='lat' dir='ltr'>strages</span> <span class='ocrx_word' id='word_1_393' title='bbox 2697 866 2848 922; x_wconf 90' lang='lat' dir='ltr'>facta</span> <span class='ocrx_word' id='word_1_394' title='bbox 2878 874 2985 936; x_wconf 88' lang='lat' dir='ltr'>est,</span> <span class='ocrx_word' id='word_1_395' title='bbox 3019 875 3084 925; x_wconf 92' lang='lat' dir='ltr'>ut</span> <span class='ocrx_word' id='word_1_396' title='bbox 3127 871 3307 944; x_wconf 89' lang='lat' dir='ltr'>cripte</span> <span class='ocrx_word' id='word_1_397' title='bbox 3338 874 3611 942; x_wconf 87' lang='lat' dir='ltr'>civitatis,</span> 
     </span>
    </p>
   </div>
   <div class='ocr_carea' id='block_1_61' title="bbox 1949 952 3613 1024">
    <p class='ocr_par' dir='ltr' id='par_1_61' title="bbox 1949 952 3613 1024">
     <span class='ocr_line' id='line_1_61' title="bbox 1949 952 3613 1024; baseline 0.008 -18"><span class='ocrx_word' id='word_1_398' title='bbox 1949 969 2094 1024; x_wconf 88' lang='lat' dir='ltr'>quas</span> <span class='ocrx_word' id='word_1_399' title='bbox 2118 952 2230 1007; x_wconf 88' lang='lat' dir='ltr'>alio</span> <span class='ocrx_word' id='word_1_400' title='bbox 2249 953 2492 1008; x_wconf 89' lang='lat' dir='ltr'>nomine</span> <span class='ocrx_word' id='word_1_401' title='bbox 2509 952 2739 1009; x_wconf 88' lang='lat' dir='ltr'>cloacas</span> <span class='ocrx_word' id='word_1_402' title='bbox 2752 956 2978 1023; x_wconf 87' lang='lat' dir='ltr'>dicunt,</span> <span class='ocrx_word' id='word_1_403' title='bbox 3001 959 3211 1015; x_wconf 92' lang='lat' dir='ltr'>horum</span> <span class='ocrx_word' id='word_1_404' title='bbox 3232 963 3613 1019; x_wconf 89' lang='lat' dir='ltr'>cadaveribus</span> 
     </span>
    </p>
   </div>
   <div class='ocr_carea' id='block_1_62' title="bbox 1949 1039 3615 1124">
    <p class='ocr_par' dir='ltr' id='par_1_62' title="bbox 1949 1039 3615 1124">
     <span class='ocr_line' id='line_1_62' title="bbox 1949 1039 3615 1124; baseline 0.008 -30"><span class='ocrx_word' id='word_1_405' title='bbox 1949 1039 2330 1112; x_wconf 88' lang='lat' dir='ltr'>replerentur.</span> <span class='ocrx_word' id='word_1_406' title='bbox 2368 1041 2538 1106; x_wconf 89' lang='lat' dir='ltr'>Quod</span> <span class='ocrx_word' id='word_1_407' title='bbox 2574 1043 2860 1099; x_wconf 87' lang='lat' dir='ltr'>Arnulfus</span> <span class='ocrx_word' id='word_1_408' title='bbox 2892 1063 3157 1114; x_wconf 90' lang='lat' dir='ltr'>cernens,</span> <span class='ocrx_word' id='word_1_409' title='bbox 3194 1051 3470 1121; x_wconf 89' lang='lat' dir='ltr'>quoniam</span> <span class='ocrx_word' id='word_1_410' title='bbox 3512 1069 3615 1124; x_wconf 90' lang='lat' dir='ltr'>per</span> 
     </span>
    </p>
   </div>
   <div class='ocr_carea' id='block_1_63' title="bbox 1946 1129 3612 1211">
    <p class='ocr_par' dir='ltr' id='par_1_63' title="bbox 1946 1129 3612 1211">
     <span class='ocr_line' id='line_1_63' title="bbox 1946 1129 3612 1211; baseline 0.008 -29"><span class='ocrx_word' id='word_1_411' title='bbox 1946 1129 2238 1184; x_wconf 89' lang='lat' dir='ltr'>Veronam</span> <span class='ocrx_word' id='word_1_412' title='bbox 2273 1147 2388 1184; x_wconf 91' lang='lat' dir='ltr'>non</span> <span class='ocrx_word' id='word_1_413' title='bbox 2427 1131 2641 1201; x_wconf 89' lang='lat' dir='ltr'>potuit,</span> <span class='ocrx_word' id='word_1_414' title='bbox 2674 1149 2779 1204; x_wconf 91' lang='lat' dir='ltr'>per</span> <span class='ocrx_word' id='word_1_415' title='bbox 2810 1134 3153 1192; x_wconf 85' lang='lat' dir='ltr'>Hannibalis</span> <span class='ocrx_word' id='word_1_416' title='bbox 3199 1138 3372 1208; x_wconf 84' lang='lat' dir='ltr'>viam,</span> <span class='ocrx_word' id='word_1_417' title='bbox 3432 1157 3612 1211; x_wconf 89' lang='lat' dir='ltr'>quam</span> 
     </span>
    </p>
   </div>
   <div class='ocr_carea' id='block_1_64' title="bbox 1949 1219 3616 1299">
    <p class='ocr_par' dir='ltr' id='par_1_64' title="bbox 1949 1219 3616 1299">
     <span class='ocr_line' id='line_1_64' title="bbox 1949 1219 3616 1299; baseline 0.008 -27"><span class='ocrx_word' id='word_1_418' title='bbox 1949 1219 2202 1273; x_wconf 90' lang='lat' dir='ltr'>Bardum</span> <span class='ocrx_word' id='word_1_419' title='bbox 2239 1221 2353 1289; x_wconf 84' lang='lat'>(70)</span> <span class='ocrx_word' id='word_1_420' title='bbox 2408 1219 2638 1286; x_wconf 87' lang='lat' dir='ltr'>dicunt,</span> <span class='ocrx_word' id='word_1_421' title='bbox 2705 1226 2762 1276; x_wconf 89' lang='lat' dir='ltr'>et</span> <span class='ocrx_word' id='word_1_422' title='bbox 2820 1229 3076 1278; x_wconf 91' lang='lat' dir='ltr'>montem</span> <span class='ocrx_word' id='word_1_423' title='bbox 3139 1227 3288 1282; x_wconf 87' lang='lat' dir='ltr'>lovis</span> <span class='ocrx_word' id='word_1_424' title='bbox 3341 1229 3616 1299; x_wconf 88' lang='lat' dir='ltr'>repedare</span> 
     </span>
    </p>
   </div>
   <div class='ocr_carea' id='block_1_65' title="bbox 1950 1307 3616 1383">
    <p class='ocr_par' dir='ltr' id='par_1_65' title="bbox 1950 1307 3616 1383">
     <span class='ocr_line' id='line_1_65' title="bbox 1950 1307 3616 1383; baseline 0.007 -22"><span class='ocrx_word' id='word_1_425' title='bbox 1950 1307 2226 1379; x_wconf 80' lang='lat' dir='ltr'>disponit.</span> <span class='ocrx_word' id='word_1_426' title='bbox 2247 1308 2523 1378; x_wconf 87' lang='lat' dir='ltr'>Cumque</span> <span class='ocrx_word' id='word_1_427' title='bbox 2535 1311 2880 1381; x_wconf 84' lang='lat' dir='ltr'>Eporegiam</span> <span class='ocrx_word' id='word_1_428' title='bbox 2899 1315 3274 1383; x_wconf 81' lang='lat' dir='ltr'>pervenisset,</span> <span class='ocrx_word' id='word_1_429' title='bbox 3299 1317 3616 1374; x_wconf 91' lang='lat' dir='ltr'>Anscarius</span> 
     </span>
    </p>
   </div>
   <div class='ocr_carea' id='block_1_66' title="bbox 1953 1395 3618 1469">
    <p class='ocr_par' dir='ltr' id='par_1_66' title="bbox 1953 1395 3618 1469">
     <span class='ocr_line' id='line_1_66' title="bbox 1953 1395 3618 1469; baseline 0.007 -20"><span class='ocrx_word' id='word_1_430' title='bbox 1953 1395 2211 1450; x_wconf 87' lang='lat' dir='ltr'>marchio</span> <span class='ocrx_word' id='word_1_431' title='bbox 2245 1397 2379 1450; x_wconf 90' lang='lat' dir='ltr'>istic</span> <span class='ocrx_word' id='word_1_432' title='bbox 2413 1398 2640 1464; x_wconf 88' lang='lat' dir='ltr'>aderat,</span> <span class='ocrx_word' id='word_1_433' title='bbox 2676 1401 2848 1469; x_wconf 80' lang='lat' dir='ltr'>cujus</span> <span class='ocrx_word' id='word_1_434' title='bbox 2874 1406 2930 1456; x_wconf 90' lang='lat' dir='ltr'>et</span> <span class='ocrx_word' id='word_1_435' title='bbox 2961 1401 3193 1457; x_wconf 90' lang='lat' dir='ltr'>hortatu</span> <span class='ocrx_word' id='word_1_436' title='bbox 3215 1403 3414 1460; x_wconf 90' lang='lat' dir='ltr'>civites</span> <span class='ocrx_word' id='word_1_437' title='bbox 3435 1406 3618 1461; x_wconf 88' lang='lat' dir='ltr'>rebel-</span> 
     </span>
    </p>
   </div>
   <div class='ocr_carea' id='block_1_67' title="bbox 1950 1483 3613 1562">
    <p class='ocr_par' dir='ltr' id='par_1_67' title="bbox 1950 1483 3613 1562">
     <span class='ocr_line' id='line_1_67' title="bbox 1950 1483 3613 1562; baseline 0.006 -25"><span class='ocrx_word' id='word_1_438' title='bbox 1950 1483 2128 1538; x_wconf 88' lang='lat' dir='ltr'>labat.</span> <span class='ocrx_word' id='word_1_439' title='bbox 2148 1483 2368 1539; x_wconf 89' lang='lat' dir='ltr'>Verum</span> <span class='ocrx_word' id='word_1_440' title='bbox 2395 1484 2513 1539; x_wconf 91' lang='lat' dir='ltr'>hoc</span> <span class='ocrx_word' id='word_1_441' title='bbox 2534 1487 2648 1540; x_wconf 81' lang='lat' dir='ltr'>Arn</span> <span class='ocrx_word' id='word_1_442' title='bbox 2661 1487 2816 1541; x_wconf 85' lang='lat' dir='ltr'>ulfus</span> <span class='ocrx_word' id='word_1_443' title='bbox 2834 1489 3222 1558; x_wconf 87' lang='lat' dir='ltr'>jurejurando</span> <span class='ocrx_word' id='word_1_444' title='bbox 3243 1491 3613 1562; x_wconf 89' lang='lat' dir='ltr'>promiserat,</span> 
     </span>
    </p>
   </div>
   <div class='ocr_carea' id='block_1_68' title="bbox 1953 1572 3616 1651">
    <p class='ocr_par' dir='ltr' id='par_1_68' title="bbox 1953 1572 3616 1651">
     <span class='ocr_line' id='line_1_68' title="bbox 1953 1572 3616 1651; baseline 0.005 -24"><span class='ocrx_word' id='word_1_445' title='bbox 1953 1588 2258 1643; x_wconf 89' lang='lat' dir='ltr'>nunquam</span> <span class='ocrx_word' id='word_1_446' title='bbox 2292 1589 2354 1627; x_wconf 89' lang='lat' dir='ltr'>se</span> <span class='ocrx_word' id='word_1_447' title='bbox 2379 1589 2415 1627; x_wconf 89' lang='lat' dir='ltr'><strong>a</strong></span> <span class='ocrx_word' id='word_1_448' title='bbox 2437 1572 2565 1628; x_wconf 91' lang='lat' dir='ltr'>loco</span> <span class='ocrx_word' id='word_1_449' title='bbox 2588 1576 2790 1630; x_wconf 89' lang='lat' dir='ltr'><strong>eodem</strong></span> <span class='ocrx_word' id='word_1_450' title='bbox 2815 1576 3238 1645; x_wconf 91' lang='lat' dir='ltr'>discessurum,</span> <span class='ocrx_word' id='word_1_451' title='bbox 3264 1581 3453 1650; x_wconf 89' lang='lat' dir='ltr'>quoad</span> <span class='ocrx_word' id='word_1_452' title='bbox 3477 1598 3616 1651; x_wconf 67' lang='lat' dir='ltr'>prae-</span> 
     </span>
    </p>
   </div>
   <div class='ocr_carea' id='block_1_69' title="bbox 1954 1660 3616 1734">
    <p class='ocr_par' dir='ltr' id='par_1_69' title="bbox 1954 1660 3616 1734">
     <span class='ocr_line' id='line_1_69' title="bbox 1954 1660 3616 1734; baseline 0.005 -18"><span class='ocrx_word' id='word_1_453' title='bbox 1954 1660 2152 1716; x_wconf 79' lang='lat' dir='ltr'>sentiae</span> <span class='ocrx_word' id='word_1_454' title='bbox 2184 1677 2302 1714; x_wconf 76' lang='lat' dir='ltr'>sua:</span> <span class='ocrx_word' id='word_1_455' title='bbox 2334 1667 2766 1731; x_wconf 65' lang='lat' dir='ltr'>prsesentarcnt</span> <span class='ocrx_word' id='word_1_456' title='bbox 2795 1665 3164 1720; x_wconf 86' lang='lat' dir='ltr'>Anscarium.</span> <span class='ocrx_word' id='word_1_457' title='bbox 3198 1669 3253 1722; x_wconf 83' lang='lat' dir='ltr'>Is</span> <span class='ocrx_word' id='word_1_458' title='bbox 3274 1671 3494 1734; x_wconf 86' lang='lat' dir='ltr'>autem,</span> <span class='ocrx_word' id='word_1_459' title='bbox 3551 1673 3616 1724; x_wconf 92' lang='lat' dir='ltr'>ut</span> 
     </span>
    </p>
   </div>
   <div class='ocr_carea' id='block_1_70' title="bbox 1953 1749 3616 1819">
    <p class='ocr_par' dir='ltr' id='par_1_70' title="bbox 1953 1749 3616 1819">
     <span class='ocr_line' id='line_1_70' title="bbox 1953 1749 3616 1819; baseline 0.004 -14"><span class='ocrx_word' id='word_1_460' title='bbox 1953 1753 2077 1805; x_wconf 91' lang='lat' dir='ltr'>erat</span> <span class='ocrx_word' id='word_1_461' title='bbox 2110 1749 2284 1804; x_wconf 91' lang='lat' dir='ltr'>homo</span> <span class='ocrx_word' id='word_1_462' title='bbox 2312 1749 2489 1806; x_wconf 90' lang='lat' dir='ltr'>valde</span> <span class='ocrx_word' id='word_1_463' title='bbox 2521 1751 2960 1819; x_wconf 84' lang='lat' dir='ltr'>formidolosus,</span> <span class='ocrx_word' id='word_1_464' title='bbox 2993 1758 3051 1808; x_wconf 91' lang='lat' dir='ltr'>et</span> <span class='ocrx_word' id='word_1_465' title='bbox 3107 1755 3345 1810; x_wconf 91' lang='lat' dir='ltr'>omnino</span> <span class='ocrx_word' id='word_1_466' title='bbox 3402 1756 3616 1812; x_wconf 89' lang='lat' dir='ltr'>similis</span> 
     </span>
    </p>
   </div>
   <div class='ocr_carea' id='block_1_71' title="bbox 1957 1837 2670 1912">
    <p class='ocr_par' dir='ltr' id='par_1_71' title="bbox 1957 1837 2670 1912">
     <span class='ocr_line' id='line_1_71' title="bbox 1957 1837 2670 1912; baseline 0.004 -18"><span class='ocrx_word' id='word_1_467' title='bbox 1957 1855 2073 1910; x_wconf 92' lang='lat' dir='ltr'>quo</span> <span class='ocrx_word' id='word_1_468' title='bbox 2105 1837 2176 1892; x_wconf 89' lang='lat' dir='ltr'>de</span> <span class='ocrx_word' id='word_1_469' title='bbox 2208 1838 2368 1893; x_wconf 89' lang='lat' dir='ltr'>Maro</span> <span class='ocrx_word' id='word_1_470' title='bbox 2403 1839 2488 1894; x_wconf 90' lang='lat' dir='ltr'>ait</span> <span class='ocrx_word' id='word_1_471' title='bbox 2513 1840 2628 1912; x_wconf 78' lang='grc'>(74)</span> <span class='ocrx_word' id='word_1_472' title='bbox 2658 1860 2670 1897; x_wconf 87' lang='lat'><strong>:</strong></span> 
     </span>
    </p>
   </div>
   <div class='ocr_carea' id='block_1_72' title="bbox 2018 1945 3403 2066">
    <p class='ocr_par' dir='ltr' id='par_1_72' title="bbox 2018 1945 3403 2066">
     <span class='ocr_line' id='line_1_72' title="bbox 2018 1945 3403 2066; baseline 0.008 -75"><span class='ocrx_word' id='word_1_473' title='bbox 2018 1946 2435 2066; x_wconf 50' lang='lat' dir='ltr'>Iﬁgpgplsappum,</span> <span class='ocrx_word' id='word_1_474' title='bbox 2470 1945 2653 2009; x_wconf 87' lang='lat' dir='ltr'>lingua</span> <span class='ocrx_word' id='word_1_475' title='bbox 2684 1947 2886 2007; x_wconf 88' lang='lat' dir='ltr'>melior,</span> <span class='ocrx_word' id='word_1_476' title='bbox 2921 1948 3014 1998; x_wconf 89' lang='lat' dir='ltr'>sed</span> <span class='ocrx_word' id='word_1_477' title='bbox 3043 1948 3237 2014; x_wconf 86' lang='lat' dir='ltr'>frigida</span> <span class='ocrx_word' id='word_1_478' title='bbox 3262 1951 3403 2002; x_wconf 88' lang='lat' dir='ltr'>bello</span> 
     </span>
    </p>
   </div>
   <div class='ocr_carea' id='block_1_73' title="bbox 1959 2103 3616 2179">
    <p class='ocr_par' dir='ltr' id='par_1_73' title="bbox 1959 2103 3616 2179">
     <span class='ocr_line' id='line_1_73' title="bbox 1959 2103 3616 2179; baseline 0.006 -19"><span class='ocrx_word' id='word_1_479' title='bbox 1959 2106 2028 2160; x_wconf 92' lang='lat' dir='ltr'>de</span> <span class='ocrx_word' id='word_1_480' title='bbox 2063 2103 2298 2160; x_wconf 88' lang='lat' dir='ltr'>castello</span> <span class='ocrx_word' id='word_1_481' title='bbox 2325 2106 2484 2173; x_wconf 83' lang='lat' dir='ltr'>exiit,</span> <span class='ocrx_word' id='word_1_482' title='bbox 2522 2111 2580 2163; x_wconf 89' lang='lat' dir='ltr'>et</span> <span class='ocrx_word' id='word_1_483' title='bbox 2603 2109 2775 2179; x_wconf 87' lang='lat' dir='ltr'>juxta</span> <span class='ocrx_word' id='word_1_484' title='bbox 2808 2125 3043 2164; x_wconf 89' lang='lat' dir='ltr'>murum</span> <span class='ocrx_word' id='word_1_485' title='bbox 3063 2111 3312 2168; x_wconf 90' lang='lat' dir='ltr'>civitatis</span> <span class='ocrx_word' id='word_1_486' title='bbox 3333 2112 3392 2169; x_wconf 91' lang='lat' dir='ltr'>in</span> <span class='ocrx_word' id='word_1_487' title='bbox 3425 2130 3616 2170; x_wconf 90' lang='lat' dir='ltr'>caver-</span> 
     </span>
    </p>
   </div>
   <div class='ocr_carea' id='block_1_74' title="bbox 1917 2194 3620 2275">
    <p class='ocr_par' dir='ltr' id='par_1_74' title="bbox 1917 2194 3620 2275">
     <span class='ocr_line' id='line_1_74' title="bbox 1917 2194 3620 2275; baseline 0.009 -30"><span class='ocrx_word' id='word_1_488' title='bbox 1917 2243 1920 2245; x_wconf 16' lang='grc' dir='ltr'><strong>Α</strong></span> <span class='ocrx_word' id='word_1_489' title='bbox 1960 2195 2052 2250; x_wconf 90' lang='lat' dir='ltr'>nis</span> <span class='ocrx_word' id='word_1_490' title='bbox 2085 2197 2383 2264; x_wconf 89' lang='lat' dir='ltr'>petrarum</span> <span class='ocrx_word' id='word_1_491' title='bbox 2418 2194 2612 2251; x_wconf 88' lang='lat' dir='ltr'>latuit.</span> <span class='ocrx_word' id='word_1_492' title='bbox 2646 2199 2759 2253; x_wconf 92' lang='lat' dir='ltr'>lloc</span> <span class='ocrx_word' id='word_1_493' title='bbox 2789 2203 2986 2253; x_wconf 87' lang='lat' dir='ltr'>autem</span> <span class='ocrx_word' id='word_1_494' title='bbox 3029 2215 3095 2254; x_wconf 92' lang='lat' dir='ltr'>eo</span> <span class='ocrx_word' id='word_1_495' title='bbox 3125 2200 3280 2269; x_wconf 91' lang='lat' dir='ltr'>fecit,</span> <span class='ocrx_word' id='word_1_496' title='bbox 3339 2203 3620 2275; x_wconf 91' lang='lat' dir='ltr'>quatinus</span> 
     </span>
    </p>
   </div>
   <div class='ocr_carea' id='block_1_75' title="bbox 1958 2283 3618 2359">
    <p class='ocr_par' dir='ltr' id='par_1_75' title="bbox 1958 2283 3618 2359">
     <span class='ocr_line' id='line_1_75' title="bbox 1958 2283 3618 2359; baseline 0.005 -21"><span class='ocrx_word' id='word_1_497' title='bbox 1958 2283 2114 2338; x_wconf 81' lang='lat' dir='ltr'>licito</span> <span class='ocrx_word' id='word_1_498' title='bbox 2138 2287 2377 2353; x_wconf 89' lang='lat' dir='ltr'>possent</span> <span class='ocrx_word' id='word_1_499' title='bbox 2401 2284 2522 2356; x_wconf 88' lang='lat' dir='ltr'>regi</span> <span class='ocrx_word' id='word_1_500' title='bbox 2544 2286 2790 2341; x_wconf 84' lang='lat' dir='ltr'>Arnulfo</span> <span class='ocrx_word' id='word_1_501' title='bbox 2815 2287 3168 2359; x_wconf 84' lang='lat' dir='ltr'>satisfacere,</span> <span class='ocrx_word' id='word_1_502' title='bbox 3188 2292 3535 2347; x_wconf 89' lang='lat' dir='ltr'>Anscarium</span> <span class='ocrx_word' id='word_1_503' title='bbox 3560 2294 3618 2354; x_wconf 87' lang='lat' dir='ltr'>in</span> 
     </span>
    </p>
   </div>
   <div class='ocr_carea' id='block_1_76' title="bbox 1960 2372 3622 2446">
    <p class='ocr_par' dir='ltr' id='par_1_76' title="bbox 1960 2372 3622 2446">
     <span class='ocr_line' id='line_1_76' title="bbox 1960 2372 3622 2446; baseline 0.007 -20"><span class='ocrx_word' id='word_1_504' title='bbox 1960 2372 2106 2426; x_wconf 89' lang='lat' dir='ltr'>urbe</span> <span class='ocrx_word' id='word_1_505' title='bbox 2140 2387 2253 2425; x_wconf 90' lang='lat' dir='ltr'>non</span> <span class='ocrx_word' id='word_1_506' title='bbox 2289 2388 2439 2426; x_wconf 89' lang='lat' dir='ltr'>esse.</span> <span class='ocrx_word' id='word_1_507' title='bbox 2477 2377 2684 2445; x_wconf 82' lang='lat' dir='ltr'>Itaque</span> <span class='ocrx_word' id='word_1_508' title='bbox 2707 2376 3131 2446; x_wconf 86' lang='lat' dir='ltr'>jusjurandum</span> <span class='ocrx_word' id='word_1_509' title='bbox 3163 2395 3262 2434; x_wconf 86' lang='lat' dir='ltr'>rex</span> <span class='ocrx_word' id='word_1_510' title='bbox 3290 2379 3447 2435; x_wconf 91' lang='lat' dir='ltr'>istud</span> <span class='ocrx_word' id='word_1_511' title='bbox 3468 2397 3622 2436; x_wconf 55' lang='lat' dir='ltr'>acceo</span> 
     </span>
    </p>
   </div>
   <div class='ocr_carea' id='block_1_77' title="bbox 1961 2459 3044 2535">
    <p class='ocr_par' dir='ltr' id='par_1_77' title="bbox 1961 2459 3044 2535">
     <span class='ocr_line' id='line_1_77' title="bbox 1961 2459 3044 2535; baseline 0.006 -21"><span class='ocrx_word' id='word_1_512' title='bbox 1961 2460 2065 2532; x_wconf 85' lang='lat' dir='ltr'>pit,</span> <span class='ocrx_word' id='word_1_513' title='bbox 2093 2463 2264 2530; x_wconf 84' lang='lat' dir='ltr'>atque</span> <span class='ocrx_word' id='word_1_514' title='bbox 2297 2459 2408 2514; x_wconf 91' lang='lat' dir='ltr'>iter</span> <span class='ocrx_word' id='word_1_515' title='bbox 2430 2462 2589 2532; x_wconf 91' lang='lat' dir='ltr'>quod</span> <span class='ocrx_word' id='word_1_516' title='bbox 2623 2469 2854 2535; x_wconf 89' lang='lat' dir='ltr'>ceperat</span> <span class='ocrx_word' id='word_1_517' title='bbox 2884 2465 3044 2520; x_wconf 88' lang='lat' dir='ltr'>abiit.</span> 
     </span>
    </p>
   </div>
   <div class='ocr_carea' id='block_1_78' title="bbox 2032 2547 3616 2632">
    <p class='ocr_par' dir='ltr' id='par_1_78' title="bbox 2032 2547 3616 2632">
     <span class='ocr_line' id='line_1_78' title="bbox 2032 2547 3616 2632; baseline 0.008 -30"><span class='ocrx_word' id='word_1_518' title='bbox 2032 2550 2122 2603; x_wconf 88' lang='lat'>36.</span> <span class='ocrx_word' id='word_1_519' title='bbox 2157 2547 2280 2619; x_wconf 85' lang='lat' dir='ltr'>(An.</span> <span class='ocrx_word' id='word_1_520' title='bbox 2313 2549 2442 2616; x_wconf 83' lang='lat'>899,</span> <span class='ocrx_word' id='word_1_521' title='bbox 2475 2551 2603 2606; x_wconf 80' lang='lat' dir='ltr'>Dec.</span> <span class='ocrx_word' id='word_1_522' title='bbox 2629 2553 2710 2624; x_wconf 88' lang='lat'>8.)</span> <span class='ocrx_word' id='word_1_523' title='bbox 2768 2553 3181 2626; x_wconf 81' lang='lat' dir='ltr'>Profectusque</span> <span class='ocrx_word' id='word_1_524' title='bbox 3240 2557 3300 2612; x_wconf 92' lang='lat' dir='ltr'>in</span> <span class='ocrx_word' id='word_1_525' title='bbox 3360 2560 3616 2632; x_wconf 87' lang='lat' dir='ltr'>propria,</span> 
     </span>
    </p>
   </div>
   <div class='ocr_carea' id='block_1_79' title="bbox 1963 2636 3622 2720">
    <p class='ocr_par' dir='ltr' id='par_1_79' title="bbox 1963 2636 3622 2720">
     <span class='ocr_line' id='line_1_79' title="bbox 1963 2636 3622 2720; baseline 0.006 -26"><span class='ocrx_word' id='word_1_526' title='bbox 1963 2637 2309 2709; x_wconf 91' lang='lat' dir='ltr'>turpissima</span> <span class='ocrx_word' id='word_1_527' title='bbox 2330 2636 2668 2696; x_wconf 89' lang='lat' dir='ltr'>valetudine</span> <span class='ocrx_word' id='word_1_528' title='bbox 2685 2642 2984 2713; x_wconf 81' lang='lat' dir='ltr'>expiravit.</span> <span class='ocrx_word' id='word_1_529' title='bbox 3002 2642 3244 2700; x_wconf 91' lang='lat' dir='ltr'>Minutis</span> <span class='ocrx_word' id='word_1_530' title='bbox 3261 2646 3480 2720; x_wconf 89' lang='lat' dir='ltr'>quippe</span> <span class='ocrx_word' id='word_1_531' title='bbox 3501 2665 3622 2704; x_wconf 92' lang='lat' dir='ltr'>ver-</span> 
     </span>
    </p>
   </div>
   <div class='ocr_carea' id='block_1_80' title="bbox 1965 2728 3620 2803">
    <p class='ocr_par' dir='ltr' id='par_1_80' title="bbox 1965 2728 3620 2803">
     <span class='ocr_line' id='line_1_80' title="bbox 1965 2728 3620 2803; baseline 0.006 -20"><span class='ocrx_word' id='word_1_532' title='bbox 1965 2728 2160 2783; x_wconf 89' lang='lat' dir='ltr'>mibus</span> <span class='ocrx_word' id='word_1_533' title='bbox 2186 2743 2334 2797; x_wconf 83' lang='lat' dir='ltr'>quos</span> <span class='ocrx_word' id='word_1_534' title='bbox 2366 2728 2736 2798; x_wconf 91' lang='lat' dir='ltr'>pedunculos</span> <span class='ocrx_word' id='word_1_535' title='bbox 2766 2731 2932 2786; x_wconf 91' lang='lat' dir='ltr'>aiunt</span> <span class='ocrx_word' id='word_1_536' title='bbox 2952 2731 3324 2790; x_wconf 90' lang='lat' dir='ltr'>vehementer</span> <span class='ocrx_word' id='word_1_537' title='bbox 3343 2737 3620 2803; x_wconf 82' lang='lat' dir='ltr'>afflictus,</span> 
     </span>
    </p>
   </div>
   <div class='ocr_carea' id='block_1_81' title="bbox 1964 2815 3619 2895">
    <p class='ocr_par' dir='ltr' id='par_1_81' title="bbox 1964 2815 3619 2895">
     <span class='ocr_line' id='line_1_81' title="bbox 1964 2815 3619 2895; baseline 0.006 -23"><span class='ocrx_word' id='word_1_538' title='bbox 1964 2816 2238 2888; x_wconf 88' lang='lat' dir='ltr'>spiritum</span> <span class='ocrx_word' id='word_1_539' title='bbox 2271 2815 2549 2871; x_wconf 88' lang='lat' dir='ltr'>reddidit.</span> <span class='ocrx_word' id='word_1_540' title='bbox 2582 2818 2786 2875; x_wconf 88' lang='lat' dir='ltr'>Fertur</span> <span class='ocrx_word' id='word_1_541' title='bbox 2815 2825 3033 2889; x_wconf 90' lang='lat' dir='ltr'>autem,</span> <span class='ocrx_word' id='word_1_542' title='bbox 3069 2823 3226 2893; x_wconf 91' lang='lat' dir='ltr'>quod</span> <span class='ocrx_word' id='word_1_543' title='bbox 3245 2825 3468 2895; x_wconf 70' lang='lat' dir='ltr'>prazfati</span> <span class='ocrx_word' id='word_1_544' title='bbox 3494 2843 3619 2882; x_wconf 91' lang='lat' dir='ltr'>ver-</span> 
     </span>
    </p>
   </div>
   <div class='ocr_carea' id='block_1_82' title="bbox 1967 2905 3621 2976">
    <p class='ocr_par' dir='ltr' id='par_1_82' title="bbox 1967 2905 3621 2976">
     <span class='ocr_line' id='line_1_82' title="bbox 1967 2905 3621 2976; baseline 0.007 -16"><span class='ocrx_word' id='word_1_545' title='bbox 1967 2922 2090 2960; x_wconf 88' lang='lat' dir='ltr'>mes</span> <span class='ocrx_word' id='word_1_546' title='bbox 2112 2905 2254 2960; x_wconf 91' lang='lat' dir='ltr'>adeo</span> <span class='ocrx_word' id='word_1_547' title='bbox 2287 2905 2694 2976; x_wconf 90' lang='lat' dir='ltr'>scaturrirent,</span> <span class='ocrx_word' id='word_1_548' title='bbox 2730 2915 2794 2964; x_wconf 91' lang='lat' dir='ltr'>ut</span> <span class='ocrx_word' id='word_1_549' title='bbox 2824 2909 3002 2965; x_wconf 92' lang='lat' dir='ltr'>nullis</span> <span class='ocrx_word' id='word_1_550' title='bbox 3043 2912 3405 2970; x_wconf 90' lang='lat' dir='ltr'>medicorum</span> <span class='ocrx_word' id='word_1_551' title='bbox 3465 2915 3621 2972; x_wconf 88' lang='lat' dir='ltr'>curis</span> 
     </span>
    </p>
   </div>
   <div class='ocr_carea' id='block_1_83' title="bbox 1966 2993 3621 3070">
    <p class='ocr_par' dir='ltr' id='par_1_83' title="bbox 1966 2993 3621 3070">
     <span class='ocr_line' id='line_1_83' title="bbox 1966 2993 3621 3070; baseline 0.007 -21"><span class='ocrx_word' id='word_1_552' title='bbox 1966 2993 2152 3049; x_wconf 91' lang='lat' dir='ltr'>minui</span> <span class='ocrx_word' id='word_1_553' title='bbox 2185 2997 2445 3065; x_wconf 88' lang='lat' dir='ltr'>possent.</span> <span class='ocrx_word' id='word_1_554' title='bbox 2481 2994 2691 3052; x_wconf 89' lang='lat' dir='ltr'>Utrum</span> <span class='ocrx_word' id='word_1_555' title='bbox 2720 3013 2856 3054; x_wconf 90' lang='lat' dir='ltr'>vero</span> <span class='ocrx_word' id='word_1_556' title='bbox 2885 3015 2989 3070; x_wconf 92' lang='lat' dir='ltr'>pro</span> <span class='ocrx_word' id='word_1_557' title='bbox 3021 3003 3140 3054; x_wconf 89' lang='lat' dir='ltr'>tam</span> <span class='ocrx_word' id='word_1_558' title='bbox 3174 3000 3463 3058; x_wconf 90' lang='lat' dir='ltr'>immenso</span> <span class='ocrx_word' id='word_1_559' title='bbox 3498 3019 3621 3059; x_wconf 89' lang='lat' dir='ltr'>sce-</span> 
     </span>
    </p>
   </div>
   <div class='ocr_carea' id='block_1_84' title="bbox 1965 3083 3624 3158">
    <p class='ocr_par' dir='ltr' id='par_1_84' title="bbox 1965 3083 3624 3158">
     <span class='ocr_line' id='line_1_84' title="bbox 1965 3083 3624 3158; baseline 0.005 -20"><span class='ocrx_word' id='word_1_560' title='bbox 1965 3083 2102 3150; x_wconf 87' lang='lat' dir='ltr'>lere,</span> <span class='ocrx_word' id='word_1_561' title='bbox 2136 3083 2574 3155; x_wconf 86' lang='lat' dir='ltr'>Hungariorum</span> <span class='ocrx_word' id='word_1_562' title='bbox 2617 3086 2843 3142; x_wconf 80' lang='lat' dir='ltr'>scilicet</span> <span class='ocrx_word' id='word_1_563' title='bbox 2900 3087 3235 3158; x_wconf 90' lang='lat' dir='ltr'>emissione,</span> <span class='ocrx_word' id='word_1_564' title='bbox 3295 3092 3624 3148; x_wconf 88' lang='lat' dir='ltr'>secundum</span> 
     </span>
    </p>
   </div>
   <div class='ocr_carea' id='block_1_85' title="bbox 1883 3158 3627 3252">
    <p class='ocr_par' dir='ltr' id='par_1_85' title="bbox 1883 3158 3627 3252">
     <span class='ocr_line' id='line_1_85' title="bbox 1883 3158 3627 3252; baseline 0.006 -27"><span class='ocrx_word' id='word_1_565' title='bbox 1883 3158 1927 3225; x_wconf 87' lang='lat' dir='ltr'>C</span> <span class='ocrx_word' id='word_1_566' title='bbox 1966 3171 2310 3244; x_wconf 88' lang='lat' dir='ltr'>prophetam</span> <span class='ocrx_word' id='word_1_567' title='bbox 2342 3171 2564 3244; x_wconf 91' lang='lat' dir='ltr'>duplici</span> <span class='ocrx_word' id='word_1_568' title='bbox 2593 3174 2671 3230; x_wconf 87' lang='lat' dir='ltr'>sit</span> <span class='ocrx_word' id='word_1_569' title='bbox 2701 3176 3055 3232; x_wconf 90' lang='lat' dir='ltr'>contricione</span> <span class='ocrx_word' id='word_1_570' title='bbox 3101 3179 3364 3252; x_wconf 87' lang='lat' dir='ltr'>attritus,</span> <span class='ocrx_word' id='word_1_571' title='bbox 3424 3198 3498 3237; x_wconf 90' lang='lat' dir='ltr'>an</span> <span class='ocrx_word' id='word_1_572' title='bbox 3558 3198 3627 3236; x_wconf 82' lang='lat' dir='ltr'>ex</span> 
     </span>
    </p>
   </div>
   <div class='ocr_carea' id='block_1_86' title="bbox 1966 3259 3624 3335">
    <p class='ocr_par' dir='ltr' id='par_1_86' title="bbox 1966 3259 3624 3335">
     <span class='ocr_line' id='line_1_86' title="bbox 1966 3259 3624 3335; baseline 0.005 -19"><span class='ocrx_word' id='word_1_573' title='bbox 1966 3259 2218 3332; x_wconf 90' lang='lat' dir='ltr'>presenti</span> <span class='ocrx_word' id='word_1_574' title='bbox 2253 3259 2540 3331; x_wconf 81' lang='lat' dir='ltr'>supplicio</span> <span class='ocrx_word' id='word_1_575' title='bbox 2573 3269 3030 3335; x_wconf 88' lang='lat' dir='ltr'>consequeretur</span> <span class='ocrx_word' id='word_1_576' title='bbox 3056 3267 3287 3323; x_wconf 91' lang='lat' dir='ltr'>veniam</span> <span class='ocrx_word' id='word_1_577' title='bbox 3334 3269 3394 3324; x_wconf 91' lang='lat' dir='ltr'>in</span> <span class='ocrx_word' id='word_1_578' title='bbox 3425 3270 3624 3324; x_wconf 87' lang='lat' dir='ltr'>futuro</span> 
     </span>
    </p>
   </div>
   <div class='ocr_carea' id='block_1_87' title="bbox 1967 3349 3624 3429">
    <p class='ocr_par' dir='ltr' id='par_1_87' title="bbox 1967 3349 3624 3429">
     <span class='ocr_line' id='line_1_87' title="bbox 1967 3349 3624 3429; baseline 0.004 -24"><span class='ocrx_word' id='word_1_579' title='bbox 1967 3351 2093 3419; x_wconf 82' lang='lat' dir='ltr'>(Jcr.</span> <span class='ocrx_word' id='word_1_580' title='bbox 2128 3365 2268 3415; x_wconf 84' lang='lat' dir='ltr'>xvu,</span> <span class='ocrx_word' id='word_1_581' title='bbox 2301 3350 2412 3417; x_wconf 86' lang='grc'>13),</span> <span class='ocrx_word' id='word_1_582' title='bbox 2439 3349 2547 3404; x_wconf 91' lang='lat' dir='ltr'>soli</span> <span class='ocrx_word' id='word_1_583' title='bbox 2578 3350 2740 3408; x_wconf 92' lang='lat' dir='ltr'>illius</span> <span class='ocrx_word' id='word_1_584' title='bbox 2771 3353 3028 3409; x_wconf 66' lang='lat' dir='ltr'>scientiae</span> <span class='ocrx_word' id='word_1_585' title='bbox 3060 3354 3453 3426; x_wconf 90' lang='lat' dir='ltr'>dimittamus,</span> <span class='ocrx_word' id='word_1_586' title='bbox 3508 3374 3624 3429; x_wconf 89' lang='lat' dir='ltr'>quo</span> 
     </span>
    </p>
   </div>
   <div class='ocr_carea' id='block_1_88' title="bbox 1967 3437 3617 3516">
    <p class='ocr_par' dir='ltr' id='par_1_88' title="bbox 1967 3437 3617 3516">
     <span class='ocr_line' id='line_1_88' title="bbox 1967 3437 3617 3516; baseline 0.005 -24"><span class='ocrx_word' id='word_1_587' title='bbox 1967 3439 2037 3493; x_wconf 88' lang='lat' dir='ltr'>de</span> <span class='ocrx_word' id='word_1_588' title='bbox 2070 3437 2380 3509; x_wconf 87' lang='lat' dir='ltr'>Apostolus</span> <span class='ocrx_word' id='word_1_589' title='bbox 2411 3438 2591 3494; x_wconf 88' lang='lat' dir='ltr'>dicit:</span> <span class='ocrx_word' id='word_1_590' title='bbox 2627 3463 2655 3490; x_wconf 95' lang='grc'>‹‹</span> <span class='ocrx_word' id='word_1_591' title='bbox 2690 3441 2879 3498; x_wconf 90' lang='lat' dir='ltr'>Nolite</span> <span class='ocrx_word' id='word_1_592' title='bbox 2912 3447 3045 3498; x_wconf 91' lang='lat' dir='ltr'>ante</span> <span class='ocrx_word' id='word_1_593' title='bbox 3067 3447 3300 3516; x_wconf 89' lang='lat' dir='ltr'>tempus</span> <span class='ocrx_word' id='word_1_594' title='bbox 3325 3446 3617 3516; x_wconf 90' lang='lat' dir='ltr'>judicare,</span> 
     </span>
    </p>
   </div>
   <div class='ocr_carea' id='block_1_89' title="bbox 1967 3525 3624 3600">
    <p class='ocr_par' dir='ltr' id='par_1_89' title="bbox 1967 3525 3624 3600">
     <span class='ocr_line' id='line_1_89' title="bbox 1967 3525 3624 3600; baseline 0.005 -19"><span class='ocrx_word' id='word_1_595' title='bbox 1967 3527 2149 3582; x_wconf 89' lang='lat' dir='ltr'>donec</span> <span class='ocrx_word' id='word_1_596' title='bbox 2179 3525 2372 3582; x_wconf 88' lang='lat' dir='ltr'>veniat</span> <span class='ocrx_word' id='word_1_597' title='bbox 2401 3525 2706 3596; x_wconf 91' lang='lat' dir='ltr'>Dominus,</span> <span class='ocrx_word' id='word_1_598' title='bbox 2742 3530 2844 3600; x_wconf 91' lang='lat' dir='ltr'>qui</span> <span class='ocrx_word' id='word_1_599' title='bbox 2875 3535 2933 3586; x_wconf 89' lang='lat' dir='ltr'>et</span> <span class='ocrx_word' id='word_1_600' title='bbox 2961 3530 3345 3589; x_wconf 84' lang='lat' dir='ltr'>inluminabit</span> <span class='ocrx_word' id='word_1_601' title='bbox 3375 3534 3624 3589; x_wconf 89' lang='lat' dir='ltr'>abscon-</span> 
     </span>
    </p>
   </div>
   <div class='ocr_carea' id='block_1_90' title="bbox 1968 3614 3622 3690">
    <p class='ocr_par' dir='ltr' id='par_1_90' title="bbox 1968 3614 3622 3690">
     <span class='ocr_line' id='line_1_90' title="bbox 1968 3614 3622 3690; baseline 0.003 -19"><span class='ocrx_word' id='word_1_602' title='bbox 1968 3616 2092 3671; x_wconf 89' lang='lat' dir='ltr'>dita</span> <span class='ocrx_word' id='word_1_603' title='bbox 2121 3614 2494 3670; x_wconf 90' lang='lat' dir='ltr'>tenebrarum</span> <span class='ocrx_word' id='word_1_604' title='bbox 2529 3619 2587 3672; x_wconf 90' lang='lat' dir='ltr'><strong>et</strong></span> <span class='ocrx_word' id='word_1_605' title='bbox 2613 3617 3013 3674; x_wconf 90' lang='lat' dir='ltr'>manifestabit</span> <span class='ocrx_word' id='word_1_606' title='bbox 3042 3619 3287 3675; x_wconf 84' lang='lat' dir='ltr'>consilia</span> <span class='ocrx_word' id='word_1_607' title='bbox 3311 3621 3580 3676; x_wconf 92' lang='lat' dir='ltr'>cordium</span> <span class='ocrx_word' id='word_1_608' title='bbox 3608 3639 3622 3690; x_wconf 92' lang='lat'><strong>;</strong></span> 
     </span>
    </p>
   </div>
   <div class='ocr_carea' id='block_1_91' title="bbox 1967 3702 3621 3779">
    <p class='ocr_par' dir='ltr' id='par_1_91' title="bbox 1967 3702 3621 3779">
     <span class='ocr_line' id='line_1_91' title="bbox 1967 3702 3621 3779; baseline 0.002 -20"><span class='ocrx_word' id='word_1_609' title='bbox 1967 3708 2024 3759; x_wconf 92' lang='lat' dir='ltr'>et</span> <span class='ocrx_word' id='word_1_610' title='bbox 2056 3708 2197 3759; x_wconf 90' lang='lat' dir='ltr'>tunc</span> <span class='ocrx_word' id='word_1_611' title='bbox 2227 3702 2357 3759; x_wconf 92' lang='lat' dir='ltr'>laus</span> <span class='ocrx_word' id='word_1_612' title='bbox 2389 3703 2499 3759; x_wconf 90' lang='lat' dir='ltr'>crit</span> <span class='ocrx_word' id='word_1_613' title='bbox 2527 3703 2845 3778; x_wconf 89' lang='lat' dir='ltr'>unicuique</span> <span class='ocrx_word' id='word_1_614' title='bbox 2875 3725 2910 3762; x_wconf 90' lang='lat' dir='ltr'>a</span> <span class='ocrx_word' id='word_1_615' title='bbox 2961 3707 3077 3763; x_wconf 90' lang='lat' dir='ltr'>Deo</span> <span class='ocrx_word' id='word_1_616' title='bbox 3110 3710 3158 3779; x_wconf 91' lang='grc' dir='ltr'>(ι</span> <span class='ocrx_word' id='word_1_617' title='bbox 3187 3710 3318 3765; x_wconf 85' lang='lat' dir='ltr'>Cor.</span> <span class='ocrx_word' id='word_1_618' title='bbox 3355 3725 3434 3778; x_wconf 87' lang='lat' dir='ltr'>Iv,</span> <span class='ocrx_word' id='word_1_619' title='bbox 3484 3710 3561 3779; x_wconf 89' lang='lat'>5).</span> <span class='ocrx_word' id='word_1_620' title='bbox 3593 3729 3621 3762; x_wconf 75' lang='grc' dir='ltr'>ι)</span> 
     </span>
    </p>
   </div>
   <div class='ocr_carea' id='block_1_92' title="bbox 2038 3792 3621 3870">
    <p class='ocr_par' dir='ltr' id='par_1_92' title="bbox 2038 3792 3621 3870">
     <span class='ocr_line' id='line_1_92' title="bbox 2038 3792 3621 3870; baseline 0.006 -24"><span class='ocrx_word' id='word_1_621' title='bbox 2038 3793 2125 3847; x_wconf 86' lang='grc'>37.</span> <span class='ocrx_word' id='word_1_622' title='bbox 2160 3793 2286 3855; x_wconf 81' lang='lat' dir='ltr'>(An.</span> <span class='ocrx_word' id='word_1_623' title='bbox 2310 3792 2460 3855; x_wconf 88' lang='lat'>896.)</span> <span class='ocrx_word' id='word_1_624' title='bbox 2488 3793 2697 3850; x_wconf 90' lang='lat' dir='ltr'>Justus</span> <span class='ocrx_word' id='word_1_625' title='bbox 2728 3793 2910 3867; x_wconf 88' lang='lat' dir='ltr'>igitur</span> <span class='ocrx_word' id='word_1_626' title='bbox 2940 3801 3092 3852; x_wconf 90' lang='lat' dir='ltr'>Deus</span> <span class='ocrx_word' id='word_1_627' title='bbox 3124 3798 3289 3853; x_wconf 83' lang='lat' dir='ltr'><strong>uxori</strong></span> <span class='ocrx_word' id='word_1_628' title='bbox 3332 3798 3621 3870; x_wconf 88' lang='lat' dir='ltr'>Widonis,</span> 
     </span>
    </p>
   </div>
   <div class='ocr_carea' id='block_1_93' title="bbox 1969 3881 3623 3958">
    <p class='ocr_par' dir='ltr' id='par_1_93' title="bbox 1969 3881 3623 3958">
     <span class='ocr_line' id='line_1_93' title="bbox 1969 3881 3623 3958; baseline 0.006 -22"><span class='ocrx_word' id='word_1_629' title='bbox 1969 3898 2098 3954; x_wconf 81' lang='lat' dir='ltr'>quae</span> <span class='ocrx_word' id='word_1_630' title='bbox 2137 3881 2275 3937; x_wconf 89' lang='lat' dir='ltr'>huic</span> <span class='ocrx_word' id='word_1_631' title='bbox 2307 3887 2613 3954; x_wconf 89' lang='lat' dir='ltr'>paraverat</span> <span class='ocrx_word' id='word_1_632' title='bbox 2645 3887 2916 3956; x_wconf 90' lang='lat' dir='ltr'>mortem,</span> <span class='ocrx_word' id='word_1_633' title='bbox 2950 3889 3116 3958; x_wconf 89' lang='lat' dir='ltr'>parat</span> <span class='ocrx_word' id='word_1_634' title='bbox 3139 3886 3446 3944; x_wconf 88' lang='lat' dir='ltr'>viduitatis</span> <span class='ocrx_word' id='word_1_635' title='bbox 3468 3890 3623 3947; x_wconf 88' lang='lat' dir='ltr'>dolo-</span> 
     </span>
    </p>
   </div>
   <div class='ocr_carea' id='block_1_94' title="bbox 1966 3970 3624 4044">
    <p class='ocr_par' dir='ltr' id='par_1_94' title="bbox 1966 3970 3624 4044">
     <span class='ocr_line' id='line_1_94' title="bbox 1966 3970 3624 4044; baseline 0.006 -18"><span class='ocrx_word' id='word_1_636' title='bbox 1966 3987 2110 4028; x_wconf 90' lang='lat' dir='ltr'>rem.</span> <span class='ocrx_word' id='word_1_637' title='bbox 2147 3970 2310 4027; x_wconf 90' lang='lat' dir='ltr'>Sicut</span> <span class='ocrx_word' id='word_1_638' title='bbox 2326 3971 2485 4026; x_wconf 89' lang='lat' dir='ltr'>enim</span> <span class='ocrx_word' id='word_1_639' title='bbox 2506 3972 2729 4044; x_wconf 79' lang='lat' dir='ltr'>praefati</span> <span class='ocrx_word' id='word_1_640' title='bbox 2754 3989 2983 4041; x_wconf 91' lang='lat' dir='ltr'>sumus,</span> <span class='ocrx_word' id='word_1_641' title='bbox 3003 3975 3143 4030; x_wconf 91' lang='lat' dir='ltr'>dum</span> <span class='ocrx_word' id='word_1_642' title='bbox 3162 3975 3505 4035; x_wconf 89' lang='lat' dir='ltr'>redeuntem</span> <span class='ocrx_word' id='word_1_643' title='bbox 3521 3982 3624 4036; x_wconf 88' lang='lat' dir='ltr'>Ar-</span> 
     </span>
    </p>
   </div>
   <div class='ocr_carea' id='block_1_95' title="bbox 1965 4058 3621 4136">
    <p class='ocr_par' dir='ltr' id='par_1_95' title="bbox 1965 4058 3621 4136">
     <span class='ocr_line' id='line_1_95' title="bbox 1965 4058 3621 4136; baseline 0.008 -23"><span class='ocrx_word' id='word_1_644' title='bbox 1965 4058 2196 4115; x_wconf 91' lang='lat' dir='ltr'>nulfum</span> <span class='ocrx_word' id='word_1_645' title='bbox 2227 4060 2395 4119; x_wconf 89' lang='lat' dir='ltr'>Wido</span> <span class='ocrx_word' id='word_1_646' title='bbox 2429 4077 2526 4116; x_wconf 79' lang='lat' dir='ltr'>rex</span> <span class='ocrx_word' id='word_1_647' title='bbox 2556 4077 2586 4117; x_wconf 83' lang='grc' dir='ltr'>θ</span> <span class='ocrx_word' id='word_1_648' title='bbox 2615 4061 2860 4134; x_wconf 90' lang='lat' dir='ltr'>vestigio</span> <span class='ocrx_word' id='word_1_649' title='bbox 2892 4068 3254 4135; x_wconf 88' lang='lat' dir='ltr'>sequeretur,</span> <span class='ocrx_word' id='word_1_650' title='bbox 3290 4066 3453 4136; x_wconf 89' lang='lat' dir='ltr'>justa</span> <span class='ocrx_word' id='word_1_651' title='bbox 3510 4069 3621 4126; x_wconf 86' lang='lat' dir='ltr'>flu-</span> 
     </span>
    </p>
   </div>
   <div class='ocr_carea' id='block_1_96' title="bbox 1964 4149 3623 4231">
    <p class='ocr_par' dir='ltr' id='par_1_96' title="bbox 1964 4149 3623 4231">
     <span class='ocr_line' id='line_1_96' title="bbox 1964 4149 3623 4231; baseline 0.007 -28"><span class='ocrx_word' id='word_1_652' title='bbox 1964 4149 2125 4204; x_wconf 91' lang='lat' dir='ltr'>vium</span> <span class='ocrx_word' id='word_1_653' title='bbox 2158 4149 2468 4206; x_wconf 87' lang='lat' dir='ltr'>defunctus</span> <span class='ocrx_word' id='word_1_654' title='bbox 2495 4155 2585 4206; x_wconf 91' lang='lat' dir='ltr'>est</span> <span class='ocrx_word' id='word_1_655' title='bbox 2605 4151 2846 4206; x_wconf 91' lang='lat' dir='ltr'>Tarum.</span> <span class='ocrx_word' id='word_1_656' title='bbox 2879 4153 3059 4223; x_wconf 89' lang='lat' dir='ltr'>Cujus</span> <span class='ocrx_word' id='word_1_657' title='bbox 3081 4153 3309 4210; x_wconf 87' lang='lat' dir='ltr'>obitum</span> <span class='ocrx_word' id='word_1_658' title='bbox 3340 4155 3623 4231; x_wconf 90' lang='lat' dir='ltr'>Berenga-</span> 
     </span>
    </p>
   </div>
   <div class='ocr_carea' id='block_1_97' title="bbox 1963 4237 3618 4316">
    <p class='ocr_par' dir='ltr' id='par_1_97' title="bbox 1963 4237 3618 4316">
     <span class='ocr_line' id='line_1_97' title="bbox 1963 4237 3618 4316; baseline 0.006 -24"><span class='ocrx_word' id='word_1_659' title='bbox 1963 4237 2088 4292; x_wconf 93' lang='lat' dir='ltr'>rius</span> <span class='ocrx_word' id='word_1_660' title='bbox 2120 4243 2186 4293; x_wconf 90' lang='lat' dir='ltr'>ut</span> <span class='ocrx_word' id='word_1_661' title='bbox 2216 4237 2457 4306; x_wconf 90' lang='lat' dir='ltr'>audivit,</span> <span class='ocrx_word' id='word_1_662' title='bbox 2493 4239 2741 4295; x_wconf 89' lang='lat' dir='ltr'>festinus</span> <span class='ocrx_word' id='word_1_663' title='bbox 2772 4241 3011 4312; x_wconf 89' lang='lat' dir='ltr'>Papiam</span> <span class='ocrx_word' id='word_1_664' title='bbox 3042 4242 3221 4309; x_wconf 88' lang='lat' dir='ltr'>venit,</span> <span class='ocrx_word' id='word_1_665' title='bbox 3253 4259 3618 4316; x_wconf 89' lang='lat' dir='ltr'>regnumque</span> 
     </span>
    </p>
   </div>
   <div class='ocr_carea' id='block_1_98' title="bbox 1964 4327 3616 4401">
    <p class='ocr_par' dir='ltr' id='par_1_98' title="bbox 1964 4327 3616 4401">
     <span class='ocr_line' id='line_1_98' title="bbox 1964 4327 3616 4401; baseline 0.004 -20"><span class='ocrx_word' id='word_1_666' title='bbox 1964 4331 2231 4398; x_wconf 82' lang='lat' dir='ltr'>potenter</span> <span class='ocrx_word' id='word_1_667' title='bbox 2265 4327 2504 4398; x_wconf 87' lang='lat' dir='ltr'>accepit.</span> <span class='ocrx_word' id='word_1_668' title='bbox 2528 4327 2753 4383; x_wconf 88' lang='lat' dir='ltr'>Fideles</span> <span class='ocrx_word' id='word_1_669' title='bbox 2780 4346 2913 4384; x_wconf 90' lang='lat' dir='ltr'>vero</span> <span class='ocrx_word' id='word_1_670' title='bbox 2932 4329 3306 4401; x_wconf 87' lang='lat' dir='ltr'>fautoresque</span> <span class='ocrx_word' id='word_1_671' title='bbox 3324 4331 3616 4401; x_wconf 90' lang='lat' dir='ltr'>Widonis,</span> 
     </span>
    </p>
   </div>
   <div class='ocr_carea' id='block_1_99' title="bbox 1965 4415 3620 4489">
    <p class='ocr_par' dir='ltr' id='par_1_99' title="bbox 1965 4415 3620 4489">
     <span class='ocr_line' id='line_1_99' title="bbox 1965 4415 3620 4489; baseline 0.003 -18"><span class='ocrx_word' id='word_1_672' title='bbox 1965 4415 2131 4471; x_wconf 88' lang='lat' dir='ltr'>veriti</span> <span class='ocrx_word' id='word_1_673' title='bbox 2165 4432 2234 4470; x_wconf 90' lang='lat' dir='ltr'>ne</span> <span class='ocrx_word' id='word_1_674' title='bbox 2262 4415 2332 4470; x_wconf 88' lang='lat' dir='ltr'>ab</span> <span class='ocrx_word' id='word_1_675' title='bbox 2366 4415 2705 4471; x_wconf 89' lang='lat' dir='ltr'>eisinlatam</span> <span class='ocrx_word' id='word_1_676' title='bbox 2727 4416 3113 4489; x_wconf 87' lang='lat' dir='ltr'>Berengarius</span> <span class='ocrx_word' id='word_1_677' title='bbox 3136 4417 3516 4475; x_wconf 89' lang='lat' dir='ltr'>ulcisceretur</span> <span class='ocrx_word' id='word_1_678' title='bbox 3537 4421 3620 4476; x_wconf 91' lang='lat' dir='ltr'>in-</span> 
     </span>
    </p>
   </div>
   <div class='ocr_carea' id='block_1_100' title="bbox 1885 4503 3621 4593">
    <p class='ocr_par' dir='ltr' id='par_1_100' title="bbox 1885 4503 3621 4593">
     <span class='ocr_line' id='line_1_100' title="bbox 1885 4503 3621 4593; baseline 0.003 -33"><span class='ocrx_word' id='word_1_679' title='bbox 1885 4529 1930 4593; x_wconf 82' lang='lat' dir='ltr'><strong>D</strong></span> <span class='ocrx_word' id='word_1_680' title='bbox 1956 4505 2198 4576; x_wconf 90' lang='lat' dir='ltr'>juriam,</span> <span class='ocrx_word' id='word_1_681' title='bbox 2224 4509 2280 4559; x_wconf 90' lang='lat' dir='ltr'>et</span> <span class='ocrx_word' id='word_1_682' title='bbox 2312 4503 2450 4575; x_wconf 88' lang='lat' dir='ltr'>quia</span> <span class='ocrx_word' id='word_1_683' title='bbox 2481 4520 2711 4576; x_wconf 91' lang='lat' dir='ltr'>semper</span> <span class='ocrx_word' id='word_1_684' title='bbox 2731 4504 3032 4561; x_wconf 88' lang='lat' dir='ltr'>ltalienses</span> <span class='ocrx_word' id='word_1_685' title='bbox 3062 4507 3312 4579; x_wconf 90' lang='lat' dir='ltr'>geminis</span> <span class='ocrx_word' id='word_1_686' title='bbox 3336 4508 3420 4563; x_wconf 89' lang='lat' dir='ltr'>uti</span> <span class='ocrx_word' id='word_1_687' title='bbox 3436 4509 3621 4564; x_wconf 91' lang='lat' dir='ltr'>domi-</span> 
     </span>
    </p>
   </div>
   <div class='ocr_carea' id='block_1_101' title="bbox 1963 4592 3620 4663">
    <p class='ocr_par' dir='ltr' id='par_1_101' title="bbox 1963 4592 3620 4663">
     <span class='ocr_line' id='line_1_101' title="bbox 1963 4592 3620 4663; baseline 0.003 -15"><span class='ocrx_word' id='word_1_688' title='bbox 1963 4595 2054 4648; x_wconf 92' lang='lat' dir='ltr'>nis</span> <span class='ocrx_word' id='word_1_689' title='bbox 2086 4593 2308 4660; x_wconf 89' lang='lat' dir='ltr'>volunt,</span> <span class='ocrx_word' id='word_1_690' title='bbox 2344 4592 2625 4663; x_wconf 88' lang='lat' dir='ltr'>quatinus</span> <span class='ocrx_word' id='word_1_691' title='bbox 2648 4592 2898 4648; x_wconf 87' lang='lat' dir='ltr'>alterum</span> <span class='ocrx_word' id='word_1_692' title='bbox 2918 4593 3158 4651; x_wconf 87' lang='lat' dir='ltr'>alterius</span> <span class='ocrx_word' id='word_1_693' title='bbox 3174 4598 3393 4652; x_wconf 89' lang='lat' dir='ltr'>terrore</span> <span class='ocrx_word' id='word_1_694' title='bbox 3418 4596 3620 4654; x_wconf 89' lang='lat' dir='ltr'>coher-</span> 
     </span>
    </p>
   </div>
   <div class='ocr_carea' id='block_1_102' title="bbox 1963 4681 3618 4754">
    <p class='ocr_par' dir='ltr' id='par_1_102' title="bbox 1963 4681 3618 4754">
     <span class='ocr_line' id='line_1_102' title="bbox 1963 4681 3618 4754; baseline 0.002 -16"><span class='ocrx_word' id='word_1_695' title='bbox 1963 4686 2149 4753; x_wconf 88' lang='lat' dir='ltr'>ceant,</span> <span class='ocrx_word' id='word_1_696' title='bbox 2180 4681 2451 4737; x_wconf 91' lang='lat' dir='ltr'>Widonis</span> <span class='ocrx_word' id='word_1_697' title='bbox 2473 4682 2626 4754; x_wconf 88' lang='lat' dir='ltr'>regis</span> <span class='ocrx_word' id='word_1_698' title='bbox 2659 4682 2916 4738; x_wconf 91' lang='lat' dir='ltr'>defuncti</span> <span class='ocrx_word' id='word_1_699' title='bbox 2941 4682 3150 4752; x_wconf 82' lang='lat' dir='ltr'>filium,</span> <span class='ocrx_word' id='word_1_700' title='bbox 3185 4684 3421 4741; x_wconf 88' lang='lat' dir='ltr'>nomine</span> <span class='ocrx_word' id='word_1_701' title='bbox 3449 4687 3618 4744; x_wconf 87' lang='lat' dir='ltr'>Lam-</span> 
     </span>
    </p>
   </div>
   <div class='ocr_carea' id='block_1_103' title="bbox 1961 4770 3617 4846">
    <p class='ocr_par' dir='ltr' id='par_1_103' title="bbox 1961 4770 3617 4846">
     <span class='ocr_line' id='line_1_103' title="bbox 1961 4770 3617 4846; baseline 0.002 -18"><span class='ocrx_word' id='word_1_702' title='bbox 1961 4773 2212 4838; x_wconf 88' lang='lat' dir='ltr'>bcrtum,</span> <span class='ocrx_word' id='word_1_703' title='bbox 2231 4770 2553 4844; x_wconf 89' lang='lat' dir='ltr'>elegantem</span> <span class='ocrx_word' id='word_1_704' title='bbox 2565 4772 2862 4842; x_wconf 90' lang='lat' dir='ltr'>juvenem,</span> <span class='ocrx_word' id='word_1_705' title='bbox 2880 4771 3072 4828; x_wconf 89' lang='lat' dir='ltr'>adhuc</span> <span class='ocrx_word' id='word_1_706' title='bbox 3085 4772 3398 4846; x_wconf 85' lang='lat' dir='ltr'>ephoebum</span> <span class='ocrx_word' id='word_1_707' title='bbox 3416 4775 3617 4832; x_wconf 88' lang='lat' dir='ltr'>nimis-</span> 
     </span>
    </p>
   </div>
   <div class='ocr_carea' id='block_1_104' title="bbox 1961 4860 3606 4936">
    <p class='ocr_par' dir='ltr' id='par_1_104' title="bbox 1961 4860 3606 4936">
     <span class='ocr_line' id='line_1_104' title="bbox 1961 4860 3606 4936; baseline 0.002 -19"><span class='ocrx_word' id='word_1_708' title='bbox 1961 4879 2074 4935; x_wconf 92' lang='lat' dir='ltr'>que</span> <span class='ocrx_word' id='word_1_709' title='bbox 2101 4860 2466 4928; x_wconf 89' lang='lat' dir='ltr'>bellicosum,</span> <span class='ocrx_word' id='word_1_710' title='bbox 2502 4877 2697 4933; x_wconf 90' lang='lat' dir='ltr'>regem</span> <span class='ocrx_word' id='word_1_711' title='bbox 2729 4860 3116 4918; x_wconf 88' lang='lat' dir='ltr'>constituunt.</span> <span class='ocrx_word' id='word_1_712' title='bbox 3148 4863 3312 4936; x_wconf 88' lang='lat' dir='ltr'>Cepit</span> <span class='ocrx_word' id='word_1_713' title='bbox 3354 4864 3606 4936; x_wconf 90' lang='lat' dir='ltr'>denique</span> 
     </span>
    </p>
   </div>
   <div class='ocr_carea' id='block_1_105' title="bbox 1959 4949 3612 5025">
    <p class='ocr_par' dir='ltr' id='par_1_105' title="bbox 1959 4949 3612 5025">
     <span class='ocr_line' id='line_1_105' title="bbox 1959 4949 3612 5025; baseline 0.003 -19"><span class='ocrx_word' id='word_1_714' title='bbox 1959 4951 2116 5006; x_wconf 92' lang='lat' dir='ltr'>hunc</span> <span class='ocrx_word' id='word_1_715' title='bbox 2138 4951 2295 5008; x_wconf 89' lang='lat' dir='ltr'>adire</span> <span class='ocrx_word' id='word_1_716' title='bbox 2312 4950 2588 5022; x_wconf 91' lang='lat' dir='ltr'>populus,</span> <span class='ocrx_word' id='word_1_717' title='bbox 2610 4949 3024 5022; x_wconf 91' lang='lat' dir='ltr'>Berengarium</span> <span class='ocrx_word' id='word_1_718' title='bbox 3047 4951 3331 5009; x_wconf 89' lang='lat' dir='ltr'>deserere.</span> <span class='ocrx_word' id='word_1_719' title='bbox 3350 4955 3612 5025; x_wconf 87' lang='lat' dir='ltr'>Cumque</span> 
     </span>
    </p>
   </div>
   <div class='ocr_carea' id='block_1_106' title="bbox 1557 5093 2236 5154">
    <p class='ocr_par' dir='ltr' id='par_1_106' title="bbox 1557 5093 2236 5154">
     <span class='ocr_line' id='line_1_106' title="bbox 1557 5093 2236 5154; baseline 0.003 -6"><span class='ocrx_word' id='word_1_720' title='bbox 1557 5093 1795 5152; x_wconf 78' lang='lat' dir='ltr'><strong>VARle</strong></span> <span class='ocrx_word' id='word_1_721' title='bbox 1833 5095 2236 5154; x_wconf 86' lang='lat' dir='ltr'>LECTIONES.</span> 
     </span>
    </p>
   </div>
   <div class='ocr_carea' id='block_1_107' title="bbox 261 5173 664 5248">
    <p class='ocr_par' dir='ltr' id='par_1_107' title="bbox 261 5173 664 5248">
     <span class='ocr_line' id='line_1_107' title="bbox 261 5173 664 5248; baseline -0.015 -14"><span class='ocrx_word' id='word_1_722' title='bbox 261 5176 306 5211; x_wconf 81' lang='grc'>⁶⁸</span> <span class='ocrx_word' id='word_1_723' title='bbox 338 5173 664 5248; x_wconf 75' lang='lat' dir='ltr'>paraturi.</span> 
     </span>
    </p>
   </div>
   <div class='ocr_carea' id='block_1_108' title="bbox 1805 5265 2013 5326">
    <p class='ocr_par' dir='ltr' id='par_1_108' title="bbox 1805 5265 2013 5326">
     <span class='ocr_line' id='line_1_108' title="bbox 1805 5265 2013 5326; baseline -0.005 0"><span class='ocrx_word' id='word_1_724' title='bbox 1805 5265 2013 5326; x_wconf 69' lang='lat' dir='ltr'>NOTAE</span> 
     </span>
    </p>
   </div>
   <div class='ocr_carea' id='block_1_109' title="bbox 289 5443 902 5499">
    <p class='ocr_par' dir='ltr' id='par_1_109' title="bbox 289 5443 902 5499">
     <span class='ocr_line' id='line_1_109' title="bbox 289 5443 902 5499; baseline -0.005 -1"><span class='ocrx_word' id='word_1_725' title='bbox 289 5443 385 5499; x_wconf 89' lang='lat'>69)</span> <span class='ocrx_word' id='word_1_726' title='bbox 421 5443 488 5497; x_wconf 91' lang='lat' dir='ltr'>Id</span> <span class='ocrx_word' id='word_1_727' title='bbox 519 5447 608 5499; x_wconf 91' lang='lat' dir='ltr'>est</span> <span class='ocrx_word' id='word_1_728' title='bbox 637 5458 902 5499; x_wconf 85' lang='lat' dir='ltr'>excessu.</span> 
     </span>
    </p>
   </div>
   <div class='ocr_carea' id='block_1_110' title="bbox 268 5507 1850 5583">
    <p class='ocr_par' dir='ltr' id='par_1_110' title="bbox 268 5507 1850 5583">
     <span class='ocr_line' id='line_1_110' title="bbox 268 5507 1850 5583; baseline -0.001 -15"><span class='ocrx_word' id='word_1_729' title='bbox 268 5507 386 5583; x_wconf 80' lang='lat'>(70)</span> <span class='ocrx_word' id='word_1_730' title='bbox 419 5513 531 5570; x_wconf 91' lang='lat' dir='ltr'>Ubi</span> <span class='ocrx_word' id='word_1_731' title='bbox 575 5513 747 5570; x_wconf 90' lang='lat' dir='ltr'>hodie</span> <span class='ocrx_word' id='word_1_732' title='bbox 801 5509 1107 5570; x_wconf 89' lang='lat' dir='ltr'>castellum</span> <span class='ocrx_word' id='word_1_733' title='bbox 1164 5508 1318 5583; x_wconf 13' lang='lat' dir='ltr'>Bard,</span> <span class='ocrx_word' id='word_1_734' title='bbox 1365 5509 1470 5566; x_wconf 65' lang='lat' dir='ltr'>via)</span> <span class='ocrx_word' id='word_1_735' title='bbox 1497 5507 1850 5583; x_wconf 78' lang='lat' dir='ltr'>imminere,</span> 
     </span>
    </p>
   </div>
   <div class='ocr_carea' id='block_1_111' title="bbox 285 5369 912 5586">
    <p class='ocr_par' dir='ltr' id='par_1_111' title="bbox 285 5369 912 5586">
     <span class='ocr_line' id='line_1_111' title="bbox 285 5369 912 5442; baseline -0.006 -15"><span class='ocrx_word' id='word_1_736' title='bbox 285 5372 357 5427; x_wconf 89' lang='lat'>68</span> <span class='ocrx_word' id='word_1_737' title='bbox 415 5371 546 5426; x_wconf 66' lang='lat' dir='ltr'>IEn.</span> <span class='ocrx_word' id='word_1_738' title='bbox 582 5387 665 5438; x_wconf 84' lang='lat' dir='ltr'>III,</span> <span class='ocrx_word' id='word_1_739' title='bbox 698 5370 790 5442; x_wconf 88' lang='lat'>56,</span> <span class='ocrx_word' id='word_1_740' title='bbox 821 5369 912 5424; x_wconf 86' lang='lat'>57.</span> 
     </span>
     <span class='ocr_line' id='line_1_112' title="bbox 289 5443 902 5499; baseline -0.005 -1"><span class='ocrx_word' id='word_1_741' title='bbox 289 5445 362 5498; x_wconf 88' lang='lat'>69</span> <span class='ocrx_word' id='word_1_742' title='bbox 421 5443 488 5497; x_wconf 90' lang='lat' dir='ltr'>Id</span> <span class='ocrx_word' id='word_1_743' title='bbox 519 5447 608 5499; x_wconf 91' lang='lat' dir='ltr'>est</span> <span class='ocrx_word' id='word_1_744' title='bbox 637 5458 902 5499; x_wconf 85' lang='lat' dir='ltr'>excessu.</span> 
     </span>
     <span class='ocr_line' id='line_1_113' title="bbox 285 5373 912 5586; baseline 0 -18"><span class='ocrx_word' id='word_1_745' title='bbox 287 5373 386 5586; x_wconf 71' lang='grc' dir='ltr'>7οξ</span> <span class='ocrx_word' id='word_1_746' title='bbox 419 5513 531 5570; x_wconf 91' lang='lat' dir='ltr'>Ubi</span> <span class='ocrx_word' id='word_1_747' title='bbox 575 5513 747 5570; x_wconf 91' lang='lat' dir='ltr'>hodie</span> <span class='ocrx_word' id='word_1_748' title='bbox 801 5516 912 5570; x_wconf 74' lang='lat' dir='ltr'>cast</span> 
     </span>
    </p>
   </div>
   <div class='ocr_carea' id='block_1_112' title="bbox 200 5581 1854 5664">
    <p class='ocr_par' dir='ltr' id='par_1_112' title="bbox 200 5581 1854 5664">
     <span class='ocr_line' id='line_1_114' title="bbox 200 5581 1854 5664; baseline -0.002 -19"><span class='ocrx_word' id='word_1_749' title='bbox 200 5581 492 5662; x_wconf 25' lang='lat' dir='ltr'>Ep‘oregia</span> <span class='ocrx_word' id='word_1_750' title='bbox 519 5587 841 5664; x_wconf 77' lang='lat' dir='ltr'>Augustam</span> <span class='ocrx_word' id='word_1_751' title='bbox 868 5583 1116 5643; x_wconf 66' lang='lat' dir='ltr'>tendens</span> <span class='ocrx_word' id='word_1_752' title='bbox 1142 5581 1376 5658; x_wconf 84' lang='lat' dir='ltr'>aspicis.</span> <span class='ocrx_word' id='word_1_753' title='bbox 1401 5582 1512 5641; x_wconf 83' lang='lat' dir='ltr'>Sed</span> <span class='ocrx_word' id='word_1_754' title='bbox 1536 5583 1854 5661; x_wconf 86' lang='lat' dir='ltr'>Liudpran-</span> 
     </span>
    </p>
   </div>
   <div class='ocr_carea' id='block_1_113' title="bbox 1961 5364 3602 5445">
    <p class='ocr_par' dir='ltr' id='par_1_113' title="bbox 1961 5364 3602 5445">
     <span class='ocr_line' id='line_1_115' title="bbox 1961 5364 3602 5445; baseline 0.004 -22"><span class='ocrx_word' id='word_1_755' title='bbox 1961 5369 2103 5445; x_wconf 76' lang='lat' dir='ltr'>dum</span> <span class='ocrx_word' id='word_1_756' title='bbox 2135 5383 2203 5424; x_wconf 90' lang='lat' dir='ltr'>ea</span> <span class='ocrx_word' id='word_1_757' title='bbox 2233 5365 2646 5445; x_wconf 73' lang='lat' dir='ltr'>qu_ze__Annales</span> <span class='ocrx_word' id='word_1_758' title='bbox 2677 5365 2996 5445; x_wconf 84' lang='lat' dir='ltr'>Fuldenses</span> <span class='ocrx_word' id='word_1_759' title='bbox 3029 5364 3099 5426; x_wconf 89' lang='lat' dir='ltr'>de</span> <span class='ocrx_word' id='word_1_760' title='bbox 3142 5365 3332 5445; x_wconf 89' lang='lat' dir='ltr'>primo</span> <span class='ocrx_word' id='word_1_761' title='bbox 3377 5367 3602 5430; x_wconf 79' lang='lat' dir='ltr'>Amulli</span> 
     </span>
    </p>
   </div>
   <div class='ocr_carea' id='block_1_114' title="bbox 1963 5437 3604 5587">
    <p class='ocr_par' dir='ltr' id='par_1_114' title="bbox 1963 5437 3604 5587">
     <span class='ocr_line' id='line_1_116' title="bbox 1963 5437 3604 5587; baseline 0.007 -93"><span class='ocrx_word' id='word_1_762' title='bbox 1963 5440 2153 5587; x_wconf 49' lang='lat' dir='ltr'>gqqéttu</span> <span class='ocrx_word' id='word_1_763' title='bbox 2184 5437 2439 5495; x_wconf 52' lang='lat' dir='ltr'>ex‘Italia</span> <span class='ocrx_word' id='word_1_764' title='bbox 2467 5445 2727 5513; x_wconf 87' lang='lat' dir='ltr'>narrant,</span> <span class='ocrx_word' id='word_1_765' title='bbox 2762 5442 2928 5501; x_wconf 89' lang='lat' dir='ltr'>alteri</span> <span class='ocrx_word' id='word_1_766' title='bbox 2965 5437 3272 5520; x_wconf 74' lang='lat' dir='ltr'>perperam</span> <span class='ocrx_word' id='word_1_767' title='bbox 3328 5445 3604 5526; x_wconf 77' lang='lat' dir='ltr'>tribuere,</span> 
     </span>
    </p>
   </div>
   <div class='ocr_carea' id='block_1_115' title="bbox 2034 5581 2638 5653">
    <p class='ocr_par' dir='ltr' id='par_1_115' title="bbox 2034 5581 2638 5653">
     <span class='ocr_line' id='line_1_117' title="bbox 2034 5581 2638 5653; baseline -0.015 -5"><span class='ocrx_word' id='word_1_768' title='bbox 2034 5584 2146 5651; x_wconf 81' lang='grc'>(71)</span> <span class='ocrx_word' id='word_1_769' title='bbox 2176 5581 2304 5644; x_wconf 66' lang='lat' dir='ltr'>En.</span> <span class='ocrx_word' id='word_1_770' title='bbox 2331 5597 2410 5653; x_wconf 82' lang='lat' dir='ltr'>x1,</span> <span class='ocrx_word' id='word_1_771' title='bbox 2441 5581 2566 5643; x_wconf 89' lang='lat'>638.</span> <span class='ocrx_word' id='word_1_772' title='bbox 2633 5591 2638 5596; x_wconf 88' lang='lat'>&#39;</span> 
     </span>
    </p>
   </div>
  </div>
