4030 6184
243 299 364 362 809

1181 299 1798 363 ANTAPODOSEOS
1842 298 2046 361 LIBRI
2093 300 2267 363 SEX.
2297 335 2378 348 —
2405 302 2612 364 LIBRI
2655 301 2707 363 Ι.

3525 308 3647 370 810

243 450 376 490 sese
405 432 586 506 quieti
632 432 812 501 dedit,
861 433 1073 508 vigiliae
1121 434 1449 490 custodiam
1494 434 1632 489 huic
1682 434 1884 501 inﬁdo,
1918 433 1971 500 Α
2003 433 2292 506 plevitque
2315 437 2355 469 ⁷⁷
2382 435 2527 491 illud
2551 436 2705 508 quod
2727 447 2826 491 rex
2846 437 2904 490 et
2923 433 3209 507 propheta
3226 435 3387 496 canit
3409 450 3423 492 :
3448 457 3477 489 «
3501 439 3645 503 Quo-

242 522 410 595 quasi
444 523 580 591 ﬁdo,
616 523 986 580 commitens.
1019 522 1205 596 Igitur
1251 523 1595 579 absentibus
1641 523 1890 594 cunctis,

238 613 507 685 Hugonis
553 627 722 668 mens
771 614 1050 682 custodis,
1110 614 1290 668 immo
1351 612 1664 685 proditoris
1720 616 1891 684 atque

238 700 553 768 carniﬁcis,
587 700 928 757 collatorum
961 701 1385 758 beneﬁciorum
1418 701 1732 757 immemor
1763 701 1890 773 plu-

239 789 631 862 rium,patris
681 794 928 846 mortem
979 791 1174 846 animo
1206 791 1359 863 cepit
1405 789 1712 846 revolvere.
1765 791 1890 846 Non

237 879 634 937 consideravit
663 879 984 951 genitorem
1018 897 1194 937 suum
1213 881 1438 951 justam
1463 879 1782 937 incurrisse
1799 897 1894 935 ne-

238 986 406 1038 cem;
461 968 913 1040 jusjurandum,
973 970 1094 1043 regi
1151 971 1307 1042 quod
1374 970 1606 1037 fecerat,
1674 968 1890 1025 violare

240 1077 359 1116 non
395 1056 644 1126 metuit;
668 1057 953 1114 vicarium
987 1077 1047 1115 se
1071 1059 1256 1125 Judze,
1289 1059 1510 1115 domini
1542 1058 1724 1115 nostri
1749 1059 1887 1114 Jesu

237 1147 454 1205 Christi
491 1148 829 1220 proditoris,
875 1147 1152 1221 appellari
1176 1165 1293 1203 non
1325 1148 1595 1215 erubuit;
1628 1150 1683 1202 et
1732 1147 1888 1218 quod

239 1242 329 1294 est
350 1235 603 1311 gravius,
619 1236 1045 1308 sempiternum
1063 1236 1378 1309 suplicium
1403 1236 1738 1292 subiturum
1761 1251 1888 1291 sese

237 1345 357 1384 non
384 1325 612 1394 timuit;
659 1341 866 1380 verum
913 1326 1222 1382 conamine
1271 1328 1394 1381 toto
1440 1325 1678 1390 virium,
1731 1324 1888 1396 ligno

237 1435 358 1474 non
384 1415 609 1472 modico
621 1414 936 1472 dormienti
953 1414 1170 1471 collum
1189 1413 1379 1486 fregit.
1405 1413 1664 1469 Gladio76
1676 1413 1892 1486 quippe

237 1506 413 1562 ferire
439 1505 658 1574 timuit,
690 1519 762 1558 ne
807 1503 1026 1577 peccati
1060 1504 1243 1575 hujus
1287 1506 1582 1558 auctorem
1615 1519 1706 1557 res
1754 1518 1891 1557 eum

237 1594 557 1650 manifesta
582 1593 875 1667 probaret.
910 1593 990 1648 Eo
1023 1608 1280 1663 namque
1309 1608 1476 1647 mens
1509 1608 1781 1663 perversa
1812 1591 1892 1646 ita

231 1683 374 1756 egit,
411 1686 476 1738 ut
532 1699 647 1737 non
678 1680 860 1753 gladii
914 1681 1176 1746 cicatrix,
1235 1681 1336 1735 sed
1378 1678 1522 1751 ligni
1581 1678 1891 1735 manifesta

2007 523 2165 579 niam
2198 523 2472 581 laudatur
2495 528 2763 598 peccator
2791 524 2850 580 in
2895 523 3202 580 desideriis
3251 524 3458 582 animae
3506 543 3648 597 suae,

2003 617 2060 669 et
2088 614 2292 685 iniqua
2320 631 2528 688 gerens
2571 613 2938 671 benedicitur
2982 615 3154 684 (Psal.
3187 631 3242 682 x,
3270 615 3347 687 3).
3382 636 3410 669 η
3447 617 3559 672 Sed
3589 621 3654 672 et

2003 700 2164 757 aliud
2222 704 2431 760 fecisse
2485 703 2728 760 minime
2779 703 2968 777 potuit
3005 706 3243 776 propter
3287 703 3408 761 haec
3458 703 3650 777 ipsius

2000 789 2277 873 :Veritatis
2307 794 2483 848 verba
2529 792 2818 848 dicentis:
2854 815 2882 843 «
2914 790 3104 846 Nichil
3148 795 3439 865 opertum,
3490 794 3649 865 quod

2002 897 2118 935 non
2151 881 2457 950 reveletur,
2488 885 2546 938 et
2574 881 2888 950 occultum,
2923 881 3077 952 quod
3109 898 3225 938 non
3251 883 3312 938 in
3345 882 3650 955 publicum

1998 969 2194 1025 veniat
2225 971 2442 1042 (Matth.
2477 988 2531 1038 x,
2565 970 2676 1042 26).
2712 993 2742 1020 »

2067 1059 2158 1114 43.
2192 1059 2293 1114 His
2319 1060 2400 1115 ita
2431 1059 2630 1132 gestis,
2666 1077 2764 1115 rex
2811 1058 3198 1132 Berengarius
3228 1060 3496 1133 ampliori
3535 1062 3649 1133 pri-

1998 1147 2155 1204 stina
2184 1147 2466 1220 dignitate
2492 1149 2653 1221 regia
2689 1148 3048 1216 honoratur;
3093 1149 3441 1206 Adelbertus
3489 1167 3647 1206 mar-

1998 1237 2127 1293 chio
2158 1243 2214 1293 et
2243 1238 2415 1294 ceteri
2449 1239 2520 1294 ad
2553 1238 2788 1312 propria
2814 1239 3202 1294 destinantur.

2071 1328 2158 1381 44.
2197 1327 2371 1383 Juvat
2412 1331 2628 1394 autem,
2679 1332 2845 1400 pater
2883 1328 3214 1396 karissime,
3264 1329 3411 1384 tanti
3461 1329 3645 1400 hujus

2000 1413 2225 1470 obitum
2256 1417 2410 1487 regis
2442 1420 2498 1471 et
2537 1417 2804 1472 deflendo
2835 1416 3086 1473 scribere
3116 1421 3172 1472 et
3204 1417 3512 1474 scribendo
3543 1419 3645 1474 dc-

2000 1504 2157 1559 ﬂere.
2192 1504 2381 1571 Inerat
2407 1521 2661 1576 namque
2705 1504 2790 1558 illi
2821 1505 3067 1561 honesta
3095 1522 3327 1562 morum
3360 1507 3641 1579 probitas,

2001 1597 2207 1648 sancta
2236 1597 2293 1648 et
2325 1593 2703 1650 formidolosa
2745 1595 3045 1660 severitas,
3078 1597 3135 1649 et
3166 1611 3340 1666 quem
3363 1596 3646 1666 juventus

2001 1681 2247 1737 ornabat
2275 1681 2334 1736 in
2383 1697 2624 1754 corpore
2656 1681 2983 1754 splendida,
3018 1683 3231 1738 mentis
3261 1683 3504 1739 canities
3541 1685 3646 1739 de-

232 1770 480 1840 collisio,
532 1770 689 1826 hunc
739 1769 1210 1842 repperientibus
1259 1769 1436 1867 fidem
1487 1768 1693 1867 darent
1739 1785 1888 1839 equo
1916 1803 1965 1868 B
2000 1773 2295 1825 coraverat
2356 1775 2580 1826 sancta.
2637 1769 2814 1826 Plane
2863 1769 2997 1842 plus
3053 1771 3178 1843 ipse
3237 1771 3318 1827 rei
3377 1772 3644 1845 publica},

232 1859 535 1927 cecidisse,
569 1858 820 1931 collique
848 1858 1141 1914 fraccione
1173 1855 1472 1912 hominem
1495 1855 1754 1912 exivisse.
1781 1857 1886 1912 La-

231 1951 466 2023 tuitque
497 1963 602 2022 per
633 1965 818 2004 annos
849 1964 943 2003 res
988 1961 1166 2018 quam
1216 1943 1523 2016 plurimos.
1577 1945 1688 2000 Sed
1739 1945 1882 2000 dum

230 2056 508 2115 processu
539 2036 821 2110 temporis
853 2033 1238 2107 Berengarius
1268 2049 1390 2102 rex,
1432 2031 1594 2088 nullo
1628 2032 1740 2089 sibi
1779 2050 1879 2088 re-

231 2123 495 2199 sistente,
551 2142 799 2200 regnum
856 2123 1102 2180 viriliter
1160 2123 1470 2190 obtineret,
1503 2121 1628 2194 ipse
1684 2126 1881 2180 reatus

231 2218 472 2294 proprii,
504 2217 658 2277 sicut
686 2216 876 2274 fuerat
920 2218 1141 2281 auctor,
1191 2212 1381 2270 extitit
1429 2211 1712 2283 proditor,
1766 2210 1878 2266 im-

1995 1873 2173 1928 quam
2202 1874 2295 1914 res
2344 1858 2582 1930 publica
2629 1859 2856 1915 decoris
2905 1859 2957 1915 ei
3003 1859 3347 1916 contulerat.
3385 1863 3544 1927 Quod
3597 1861 3646 1916 si

1994 1963 2110 2001 non
2142 1945 2256 2003 cita
2312 1963 2472 2003 mors
2530 1947 2686 2002 hunc
2743 1951 2990 2020 raperet,
3036 1948 3087 2005 is
3145 1953 3299 2005 esset
3356 1950 3456 2021 qui
3513 1954 3647 2023 post

1993 2034 2390 2091 Romanorum
2422 2035 2740 2108 potentiam
2769 2040 2960 2093 totum
3003 2036 3114 2095 sibi
3148 2038 3348 2095 orbem
3397 2038 3645 2096 viriliter

1991 2123 2355 2196 subjugaret.

1562 2378 1818 2438 EXPLIGIT
1856 2375 2022 2421 LIBER
2059 2376 2304 2420 PRIMUS.

1257 2567 1623 2626 INCIPIUNT
1663 2566 2018 2624 CAPITULA
2058 2565 2254 2623 LIBRI
2291 2564 2615 2623 SECUNDI.

193 2689 282 2791 Ἰ.
310 2730 392 2789 De
423 2745 490 2785 eo
521 2726 676 2800 quod
707 2727 842 2798 post
862 2726 1112 2780 mortem
1141 2720 1366 2778 Arnulﬁ
1388 2719 1697 2778 Hlodoicus
1723 2719 1882 2776 ﬁlius
1988 2719 2076 2776 45.
2111 2719 2409 2785 Quomodo
2441 2716 2723 2789 Hungarii
2753 2716 2959 2789 positis
2989 2717 3222 2775 insidiis
3253 2732 3432 2792 super
3481 2720 3638 2778 chri-

301 2821 431 2892 ejus
459 2834 560 2874 rex
589 2814 988 2872 constituitur.

223 2913 282 2966 2.
318 2905 603 2980 Hungarii
637 2903 839 2961 audita
871 2915 1009 2958 nece
1040 2899 1267 2956 Arnulﬁ
1290 2898 1633 2972 Bagaoriam
1651 2900 1876 2969 petunt.

222 3000 278 3054 3.
333 2995 692 3053 Hulodoicus
741 2991 964 3048 bellum
1007 2987 1323 3062 Hungariis
1371 2991 1539 3060 parat
1572 2988 1743 3058 juxta
1773 2987 1878 3042 Le-

299 3102 608 3143 manuum.

225 3178 278 3232 4.
315 3173 598 3247 Hungarii
633 3170 841 3245 positis
870 3167 1100 3226 insidiis
1148 3163 1454 3224 Hulodoici
1486 3163 1704 3222 milites
1745 3163 1878 3220 vin-

224 3267 572 3430 5.0;:gtiens
613 3347 1005 3406 Hulodoicus:
1037 3344 1314 3418 Hungarii
1368 3344 1725 3400 Francorum
1773 3343 1875 3398 Sa-

299 3458 520 3500 xonum
552 3444 608 3497 et
638 3439 963 3496 Suevorum
994 3441 1211 3493 terram
1241 3433 1668 3505 depraedantur.

227 3552 284 3610 6.
314 3550 395 3605 De
427 3546 740 3605 rebellione
768 3543 1066 3600 Adelberti
1097 3539 1349 3609 comitis,
1385 3543 1443 3595 et
1492 3537 1746 3611 qualiter
1779 3537 1880 3591 de-

301 3638 554 3710 cipiente
584 3637 834 3691 Hattone
866 3631 1304 3704 archiepiscopo
1335 3627 1411 3685 sit
1432 3627 1771 3684 decollatus.

227 3749 283 3801 7.
319 3743 723 3816 Exploratores
754 3737 1006 3812 regressi
1037 3737 1194 3809 quod
1228 3735 1540 3792 consilium
1592 3731 1879 3788 dederint.

229 3836 285 3890 8.
320 3833 510 3898 Quare
542 3829 827 3903 Hungarii
876 3825 1063 3883 territi
1114 3827 1187 3881 ab
1227 3824 1404 3881 Italiae
1449 3824 1720 3896 ingressu
1763 3820 1884 3876 sint

306 3937 519 3979 PCVCI‘SI
528 3962 541 3977 .

229 3995 287 4068 9.
322 4010 581 4078 Qualiter
609 4005 889 4080 Hungarii
921 4006 1189 4078 reparato
1221 4002 1473 4060 exercitu
1519 3999 1783 4058 venerint
1831 4001 1888 4054 et

307 4100 493 4176 Italici
524 4099 610 4156 eis
640 4096 1018 4155 occurrerint.

235 4211 324 4267 10.
359 4208 476 4264 Cur
508 4223 608 4262 rex
638 4204 1023 4277 Berengarius
1061 4201 1133 4257 ad
1185 4198 1406 4256 bellum
1453 4215 1569 4254 non
1619 4196 1772 4263 ierit,
1796 4194 1886 4251 vel

308 4315 416 4355 cur
444 4294 704 4370 Hungari
735 4292 912 4350 Italos
942 4289 1220 4364 fugerint.

237 4408 326 4464 11.
373 4405 686 4478 Fugientes
737 4397 950 4474 pagani
1009 4395 1350 4454 christianis
1408 4409 1608 4466 pacem
1659 4393 1886 4462 petunt,

309 4509 490 4568 quam
522 4509 638 4548 non
671 4488 1008 4562 adquirunt.

237 4588 310 4656 12
329 4567 423 4640 iDe
451 4580 720 4655 proludio
751 4593 981 4652 pugnae,
1033 4574 1094 4630 in
1129 4589 1245 4646 quo
1275 4571 1580 4626 vincerunt
1609 4567 1891 4639 Hungarii

235 4691 237 4694 ‘
311 4676 630 4748 postquam
660 4670 958 4742 fugerunt.

239 4783 333 4838 13.
369 4785 447 4835 De
478 4795 545 4835 eo
578 4777 733 4849 quod
766 4776 1002 4847 propter
1031 4769 1381 4840 defatigatos
1411 4767 1454 4801 ⁷⁸
1501 4781 1685 4837 equos
1720 4778 1898 4834 super

238 4859 242 4862 ’
316 4869 566 4925 fluvium
597 4866 871 4921 Brentam
901 4859 1115 4934 pagani
1144 4857 1496 4914 christianos
1517 4851 1904 4927 prestolaren-

314 4963 439 5025 tur,
471 4956 674 5028 eisque
720 4967 923 5026 pacem
984 4948 1313 5021 quazrerent
1341 4945 1406 5014 7°,
1441 4959 1620 5015 quam
1663 4959 1778 4997 non
1811 4941 1905 4997 de-

315 5049 552 5104 derunt.

225 5140 340 5196 "14.
375 5136 540 5204 Quod
573 5131 889 5191 consilium
920 5125 1204 5200 Hungarii
1237 5125 1310 5181 ob
1333 5121 1798 5195 desperationem
1819 5120 1906 5175 in-

314 5224 608 5293 venerint,
640 5226 700 5280 et
731 5219 872 5294 quid
904 5217 1172 5275 dixerint.

2062 2808 2284 2864 stianos
2314 2806 2550 2862 irruunt
2577 2807 2622 2842 ⁸ο
2653 2809 2708 2862 et
2727 2805 2989 2863 vincunt.

1991 2897 2077 2952 16.
2103 2897 2264 2963 Quod
2296 2896 2600 2952 victoriam
2633 2912 2749 2951 non
2781 2913 2886 2968 pro
2915 2913 3118 2954 eorum
3149 2897 3509 2969 fortitudine,
3535 2899 3638 2957 sed

2061 3001 2164 3058 pro
2197 2984 2654 3041 christianorum
2685 2989 2921 3058 peccato
2951 2985 3286 3046 habuerint.

1990 3074 2077 3130 17.
2109 3075 2272 3141 Quod
2303 3089 2369 3131 eo
2413 3078 2675 3147 tempore
2729 3074 3086 3132 Hulodoicus
3119 3094 3218 3133 rex
3275 3077 3631 3136 Francorum

2058 3162 2326 3229 moritur,
2355 3166 2414 3219 et
2437 3163 2788 3219 Chunradus
2819 3180 2922 3235 pro
2952 3181 3019 3220 eo
3049 3165 3373 3222 ordinatur.

1904 3263 1948 3332 α
1987 3251 2079 3309 48.
2110 3251 2257 3318 Quid
2288 3251 2398 3308 sub
2431 3266 2496 3306 eo
2527 3251 2818 3323 principes
2839 3256 3026 3319 erant,
3048 3253 3200 3311 inter
3222 3271 3371 3326 quos
3390 3258 3447 3312 et
3467 3255 3635 3313 Hein-

2057 3341 2214 3397 ricus
2244 3341 2539 3396 Saxonum
2570 3340 2846 3396 duxerat.

1990 3430 2076 3485 19.
2109 3430 2190 3485 De
2219 3443 2285 3482 eo
2317 3429 2471 3499 quod
2503 3427 2808 3484 Heinricus
2841 3433 2898 3485 et
2918 3431 3107 3486 caateri
3126 3431 3419 3503 principes
3440 3431 3634 3487 Chun-

2061 3518 2202 3574 rado
2230 3515 2639 3572 rebellaverint
2668 3517 2810 3588 regi,
2845 3522 2902 3573 et
2931 3519 3003 3574 ab
3029 3535 3094 3574 eo
3136 3519 3272 3573 victi
3307 3519 3541 3590 fuerint,
3581 3524 3639 3575 et

2062 3605 2200 3678 quia
2227 3603 2519 3660 Arnaldus
2549 3605 2609 3659 in
2644 3604 3001 3676 l-lungariam
3035 3606 3247 3676 fugerit
3274 3607 3337 3659 ει.

1989 3696 2079 3751 20.
2114 3693 2533 3749 Chouonradus
2578 3710 2678 3748 rex
2721 3693 2979 3749 moriens
3008 3693 3303 3766 principes
3338 3710 3542 3750 omnes
3571 3697 3643 3751 de

2063 3800 2220 3856 pace,
2255 3786 2312 3838 et
2342 3786 2407 3837 ut
2438 3781 2773 3838 Heinricum
2807 3799 3003 3855 regem
3036 3783 3416 3853 constituant,
3440 3784 3641 3841 exhor-

2061 3875 2238 3940 tatur,
2271 3871 2362 3926 cui
2393 3875 2449 3926 et
2470 3871 2688 3943 regalia
2709 3875 3053 3929 ornamenta
3082 3873 3450 3929 transmittit.

1992 3963 2081 4018 21.
2118 3960 2465 4017 Chuonrado
2500 3977 2633 4032 rege
2665 3965 2916 4028 mortuo,
2941 3961 3226 4018 Arnaldus
3252 3963 3322 4018 ab
3344 3963 3644 4035 Hungaria

2066 4051 2218 4107 redit
2246 4055 2420 4122 atque
2451 4049 2717 4106 Heinrico
2750 4049 2872 4122 regi
2903 4049 3124 4106 bellum
3153 4056 3340 4123 parat.

1992 4144 2082 4196 22.
2117 4139 2423 4196 Heinricus
2442 4138 2682 4194 Arnaldi
2705 4138 2970 4196 animum
2992 4140 3458 4212 prudentissima
3478 4140 3642 4197 locu-

2067 4230 2222 4285 tione
2251 4228 2501 4300 mitigat.

1993 4320 2083 4375 23.
2116 4317 2408 4373 Arnaldus
2439 4333 2682 4372 suorum
2714 4317 3118 4374 exhortatione
3165 4316 3420 4372 militum
3471 4315 3646 4372 Hein-

2069 4406 2174 4461 rici
2206 4405 2273 4459 fit
2301 4403 2470 4459 miles
2496 4405 2667 4475 regis.

1997 4496 2086 4551 24.
2121 4493 2334 4549 Audita
2366 4492 2648 4565 Hungarii
2691 4497 2876 4548 morte
2928 4491 3285 4558 Chuonradi,
3332 4491 3646 4548 Saxoniam

2072 4581 2503 4653 ingrediuntur.

2002 4672 2092 4726 25.
2128 4670 2245 4725 Rex
2302 4667 2627 4734 Heinricus,
2663 4683 3024 4740 quamquam
3079 4668 3369 4738 inﬁrmus,
3413 4667 3497 4725 eis
3556 4684 3651 4725 oc-

2079 4759 2280 4814 currit.

2008 4849 2100 4904 26.
2135 4845 2395 4912 Qualiter
2425 4847 2497 4902 ad
2549 4861 2808 4918 pugnam
2858 4862 2996 4904 suos
3054 4846 3391 4905 exhortatus
3420 4847 3497 4904 sit
3544 4847 3656 4904 mi-

2082 4937 2235 4994 lites.

2010 5029 2101 5082 27.
2135 5026 2216 5083 De
2247 5025 2400 5081 bono
2430 5028 2560 5081 voto
2591 5023 2846 5081 Heinrici
2874 5026 3048 5098 regis.

2015 5117 2105 5172 38.
2139 5116 2220 5171 De
2260 5113 2467 5171 nuntio
2517 5113 2618 5186 qui
2665 5113 2996 5186 Hungarios
3042 5114 3103 5170 in
3149 5114 3489 5189 Meresburg
3534 5131 3662 5174 esse

2085 5204 2414 5262 nuntiabat.

1599 5350 1840 5409 VARle
1877 5347 2296 5408 LEGTIONES.

231 5492 249 5504 ’
301 5495 361 5534 ’⁷⁸
397 5490 602 5553 Gladio
631 5519 702 5533 -—
730 5487 792 5546 in
834 5481 1140 5562 publicum
1187 5480 1384 5539 veniat
1427 5458 1621 5536 desunt
1669 5475 1733 5536 in
1779 5474 2050 5564 codicibus
2078 5473 2133 5534 3.
2208 5473 2252 5512 ’⁸⁷
2326 5470 2623 5548 impletque
2651 5473 2704 5534 1.
2779 5473 2823 5514 ⁷⁸
2898 5472 3240 5551 defetigatos
3275 5475 3326 5534 1.
3367 5469 3446 5514 -πο
3516 5485 3668 5549 que.

245 5597 443 5660 rerent
476 5595 524 5652 1.
603 5588 652 5627 ’°
745 5587 941 5652 irrunt
975 5585 1026 5642 1-
1098 5580 1143 5618 ⁸⁸
1219 5577 1475 5667 fugerint
1506 5584 1555 5652 1ο
1597 5660 1610 5668 ἢ
1673 5646 1684 5656 .
1767 5649 1773 5653 .

569 5694 837 5801 Panum,
879 5689 1206 5782 CXXXVI.
1660 5689 1662 5691 ’

3267 5696 3352 5779 35.
