4056 6184
387 325 506 386 815

907 297 950 334 ³
1351 324 1830 388 LIUTPRANDI
1876 318 2424 384 CREMONENSIS
2469 317 2847 382 EPISCOPI.

3681 315 3797 378 816

391 457 550 512 modi
580 472 696 513 non
727 456 918 512 solum
948 470 1207 529 gnarus,‘
1238 474 1440 514 verum
1487 458 1663 514 etiam
1712 457 2033 524 debriatus,
2064 457 2117 522 Α
2147 469 2248 526 ges
2279 453 2524 519 dederit,
2545 469 2692 524 quas
2723 451 2895 508 nobis
2942 449 3146 507 turbas
3177 447 3378 524 egerit,
3403 452 3546 522 quot
3573 448 3802 522 rapina-

393 545 623 602 obviam
649 545 742 602 his
771 549 892 601 tam
924 545 1095 619 longe
1127 565 1160 603 a
1190 551 1381 604 castro
1412 550 1798 619 processerat,
1834 549 1898 600 ut
1929 562 2044 600 non

392 629 553 692 hunc
585 635 798 691 milites
830 653 1089 709 eousque
1121 654 1189 692 ex
1216 637 1564 694 adversariis
1587 653 1714 694 esse
1736 651 2046 709 cognosce-

397 729 545 794 rent,
579 725 769 798 quoad
802 742 1003 781 earum
1035 727 1360 782 cervicibus
1405 723 1600 782 istius"
1625 743 1827 782 mucro
1876 723 2048 779 caedis

397 812 724 884 impaciens
758 814 1061 871 deseviret.
1095 815 1281 888 Igitur
1330 832 1462 870 cum
1515 815 1818 887 septennio
1868 813 2048 868 ferme

398 909 747 967 Adelbertus
766 911 935 969 heros
955 912 1327 969 rebellionem
1347 913 1686 984 hujusmodi
1703 912 2046 976 excerceret,

400 999 592 1055 sciens
609 999 962 1057 Hulodoicus
984 1002 1155 1060 istius
1177 1003 1411 1058 audatie
1439 1001 1839 1058 fortitudinem
1861 999 2050 1054 haud-

399 1105 693 1160 quaquam
727 1107 788 1146 se
819 1091 931 1146 nisi
965 1091 1438 1163 tergiversatione
1471 1090 1723 1162 quadam
1750 1104 1921 1162 posse
1951 1087 2050 1141 de-

397 1177 960 1246 vincere,Hattenem
976 1179 1324 1251 Magontinae
1349 1179 1503 1234 sedis
1522 1177 2046 1250 archiepiscopum,

395 1262 539 1346 quid
572 1274 684 1330 sibi
711 1292 888 1347 super
918 1275 1026 1331 hac
1060 1294 1119 1332 re
1150 1276 1480 1332 faciendum
1514 1281 1686 1343 esset,
1731 1272 2044 1330 consuluit.

399 1361 528 1430 Qui,
558 1366 623 1416 ut
651 1367 776 1417 erat
803 1364 1056 1420 versutie
1086 1363 1312 1436 pollens
1342 1381 1355 1419 :
1393 1387 1421 1416 ‹‹
1454 1364 1685 1429 Desine,
1717 1363 1833 1431 ait;
1867 1378 1972 1435 ego
1995 1365 2049 1417 te

400 1466 674 1506 securum
713 1449 785 1507 iis
819 1435 1317 1508 sollicitudinibus
1357 1453 1617 1508 reddam.
1667 1435 1806 1524 Ego“,
1841 1455 1904 1506 ut
1936 1455 2049 1505 tete

401 1539 688 1607 adveniat,
723 1540 1070 1611 providebo;
1105 1546 1190 1607 tu,
1225 1558 1296 1596 ne
1328 1542 1545 1606 redeat,
1581 1543 1798 1596 curato.
1820 1562 1845 1587 »
1878 1539 2048 1594 llatto

400 1636 596 1713 itaque
627 1635 807 1690 animi
843 1637 1216 1705 conﬁdentia,
1247 1655 1363 1708 qua
1395 1637 1706 1693 nonnullas
1740 1655 1829 1692 res
1861 1655 1928 1692 ex
1959 1637 2047 1690 in-

399 1723 653 1778 fortunio
687 1724 976 1780 secundas
1007 1726 1292 1794 effecerat,
1345 1726 1660 1795 animatus,
1696 1726 2050 1798 Bavemberg

400 1812 567 1884 quasi
597 1812 972 1870 Adelbertum
1005 1815 1150 1870 adiit
1181 1831 1618 1887 compassurus.
1660 1813 1763 1871 Cui
1815 1820 1872 1870 et
1915 1815 1995 1870 ait
2031 1830 2043 1868 :
2075 1826 2122 1890 Β

400 1924 426 1951 ‹‹
462 1902 519 1956 Si
553 1907 609 1956 et
637 1919 752 1957 non
786 1902 959 1957 aliam
993 1903 1170 1959 vitam
1203 1908 1410 1975 prmter
1438 1905 1754 1960 instantem
1786 1909 2043 1976 putares,

399 1994 593 2045 tamen
628 1991 845 2062 injuste
896 1993 1131 2060 faceres,
1177 1995 1329 2064 quod
1385 1994 1622 2048 domino
1668 1999 1766 2048 tuo
1817 1991 2046 2048 rebellis

399 2090 693 2156 existeres,
720 2091 1042 2161 praesertim
1062 2107 1192 2145 eum
1207 2092 1431 2162 etquod
1447 2092 1594 2162 agis,
1621 2092 1798 2146 facias
1820 2091 2005 2162 gratis
2031 2109 2043 2158 ;

397 2195 463 2233 eo
496 2178 648 2233 enim
683 2196 797 2248 quo
832 2180 1125 2234 ferocitate
1158 2181 1336 2235 animi
1381 2180 1626 2236 vinceris
1677 2181 1802 2249 (70),
1855 2197 2045 2251 quan-

394 2270 522 2322 tum
556 2268 626 2322 ab
656 2268 956 2336 omnibus,
983 2269 1273 2341 praecipue
1305 2286 1338 2324 a
1368 2285 1500 2341 rege
1531 2269 1938 2342 diligaris,non
1961 2268 2046 2324 in-

395 2354 643 2427 tellegis.
677 2356 1017 2412 Consulenti
1048 2357 1248 2428 itaque
1272 2357 1416 2412 mihi
1438 2358 1612 2414 ﬁdem
1641 2357 2047 2428 admitte;jus-

390 2445 714 2514 jurandum
748 2446 962 2516 accipe,
998 2463 1110 2517 quo
1162 2445 1287 2502 sine
1337 2446 1519 2501 animi
1567 2445 1928 2502 vacillatione
1975 2446 2046 2502 de

399 2533 637 2590 castello
666 2535 818 2589 exire
847 2535 1040 2591 valcas
1081 2539 1138 2591 et
1184 2537 1392 2592 redire.
1448 2537 1506 2593 Si
1567 2536 1876 2592 sacerdotii
1932 2534 2044 2590 mei

387 2633 890 2703 ,promissionibus
914 2633 1156 2689 minime
1178 2635 1723 2704 credis,juramento
1747 2633 1954 2689 saltem
1977 2649 2046 2688 ne

399 2720 936 2790 dit'lidas,quoniam
971 2727 1034 2775 ut
1064 2727 1118 2777 te
1145 2722 1372 2778 salvum
1405 2727 1460 2778 et
1491 2722 1844 2777 incolumem
1869 2723 1938 2777 de
1960 2739 2047 2776 ca-

399 2807 564 2862 stello
591 2808 700 2862 hoc
727 2809 998 2874 eduxere,
1016 2809 1096 2864 ita
1119 2815 1173 2864 et
1203 2810 1477 2866 reducere
1499 2809 2048 2881 procurabo.»Adel—

399 2897 598 2951 bertus
639 2895 819 2967 igitur
857 2896 1198 2968 hujusmodi
1231 2897 1400 2969 melle
1440 2897 1799 2954 dulcioribus
1839 2897 2045 2970 elogiis

381 2993 714 3061 (delibutus,
731 2997 912 3049 immo
942 2995 1240 3066 deceptus,
1261 2996 1684 3066 jusjurandum
1707 2995 1778 3050 ab
1800 2997 2046 3052 Hattone

397 3082 636 3150 accepit,
653 3098 925 3154 eumque,
942 3086 1006 3136 ut
1035 3098 1235 3138 secum
1262 3082 1592 3153 pranderet,
1608 3081 1875 3154 protinus
1899 3082 2043 3136 invi-

2157 560 2287 598 rum
2315 547 2372 598 et
2407 542 2809 598 incendiorum
2854 539 3176 597 infortunia
3221 539 3391 595 nobis
3432 536 3720 616 intulerit,
3747 554 3809 594 re

2156 632 2285 704 ipsa
2315 631 2508 704 potius
2540 647 2716 704 quam
2751 631 2908 686 fama
2928 630 3219 686 deferente
3240 626 3811 702 percepimus.Unde

2157 724 2213 776 et
2244 720 2594 776 sententiam
2625 725 2903 788 vestram,
2929 736 3033 792 pro
3068 719 3178 774 hoc
3208 721 3329 774 tam
3365 715 3640 790 prazclaro
3671 716 3812 771 faci-

2159 827 2297 865 nore
2327 809 2466 882 quid
2500 807 3059 882 recompensatienis
3107 805 3614 880 inprzesentiarum
3655 806 3812 860 acci-

2158 898 2298 970 piat,
2333 903 2766 970 expectamus.»
2788 897 2897 964 Qui
2926 895 3193 952 omnium
3227 894 3811 962 decreto,secundum

2145 986 2483 1068 priscorum
2500 987 2770 1042 instituta
2792 983 3355 1059 regum,majestatis
3368 987 3502 1040 re'us
3516 983 3813 1056 adiudica-

2159 1079 2274 1144 tus,
2308 1076 2494 1148 capite
2542 1080 2868 1131 truncatur.
2900 1075 3116 1131 Verum
3145 1075 3290 1130 dum
3320 1073 3508 1129 victus
3548 1071 3811 1128 trahere-

2160 1167 2254 1219 tur
2285 1166 2358 1220 ad
2390 1169 2660 1233 mortem,
2685 1165 2995 1220 Hattonem
3021 1162 3338 1218 intuitusm
3373 1159 3638 1232 Perjurii,
3659 1160 3814 1227 inﬁt,

2159 1269 2294 1309 reus
2327 1254 2462 1321 eris,
2497 1255 2543 1309 si
2581 1258 2797 1309 memet
2827 1269 3028 1309 necem
3060 1252 3355 1308 incurrere
3370 1251 3432 1285 ¹⁰¹
3452 1249 3620 1305 sinis.
3649 1272 3680 1299 »
3714 1249 3814 1306 Cui

2150 1331 2330 1398 'IIatto
2365 1344 2430 1378 ¹⁰²
2463 1361 2521 1398 ;‹‹
2555 1343 2777 1398 Sanum
2807 1346 2884 1413 te,
2917 1340 3132 1413 inquit,
3160 1357 3190 1396 e
3217 1343 3406 1395 castro
3436 1338 3815 1402 educturum,

2159 1430 2240 1486 ita
2255 1436 2310 1487 et
2326 1433 2706 1488 reducturum
2732 1430 3005 1504 promisi;
3031 1429 3188 1502 quod
3212 1445 3306 1484 me
3323 1432 3462 1484 tunc
3483 1426 3814 1500 complesse

2159 1519 2576 1587 intellexi,cum
2600 1525 2655 1576 te
2678 1537 2706 1575 e
2734 1518 2969 1576 castello
2991 1520 3294 1585 eductum,
3320 1517 3547 1572 salvum
3574 1519 3632 1572 et
3655 1517 3820 1573 inco-

2158 1607 2357 1665 lumen
2390 1611 2454 1644 ¹⁰³
2486 1626 2663 1681 quam
2695 1607 2838 1665 mox
2860 1609 2918 1663 in
2949 1607 3258 1664 castellum
3287 1606 3548 1662 reduxi.»
3577 1605 3728 1661 Tum
3752 1622 3818 1662 se

2160 1697 2309 1752 istuc
2341 1699 2643 1754 advenisse
2669 1697 2873 1754 dolens
2905 1700 2961 1753 et
2989 1697 3257 1753 Hattonis
3286 1697 3350 1731 ¹⁰⁴
3399 1694 3598 1752 dolum
3650 1696 3817 1752 tarde

2161 1786 2516 1843 intellexisse
2546 1785 2872 1858 suspirans,
2896 1790 3017 1844 tam
3049 1785 3265 1841 invitus
3287 1783 3705 1857 spiculaterem
3726 1800 3816 1842 se-

2156 1876 2375 1945 quitur,
2411 1892 2586 1948 quam
2619 1875 2869 1931 libenter
2897 1874 3133 1945 viveret,
3163 1874 3211 1930 si
3241 1873 3456 1930 liceret.

2223 1966 2277 2018 7.
2313 1964 2518 2020 Paucis
2550 1964 2730 2037 igitur
2759 1962 3122 2034 interpositis
3171 1963 3363 2033 annis,
3414 1979 3551 2018 cum
3606 1961 3810 2018 nullus

2159 2058 2331 2119 esset,
2381 2054 2478 2126 qui
2512 2054 2572 2108 in
2631 2052 2899 2108 orientali
2929 2051 3241 2108 australive
3292 2055 3464 2125 plaga
3496 2051 3812 2124 Hungariis

2156 2141 2455 2198 resisteret
2472 2175 2538 2182 -—-
2559 2159 2694 2197 nam
2718 2141 3122 2212 Bulgariorum
3149 2146 3382 2214 gentem
3406 2145 3583 2212 atque
3606 2143 3812 2196 Greco-

2156 2247 2286 2284 rum
2312 2231 2678 2287 tributariam
2704 2232 2959 2286 fecerant
2979 2263 3044 2270 —
3069 2247 3140 2286 ne
3161 2229 3302 2302 quid
3327 2229 3696 2301 inexpertum
3720 2228 3811 2285 his

2155 2323 2461 2391 esset,qua3
2484 2320 2592 2375 sub
2618 2320 2942 2376 meridiane
2967 2325 3147 2392 atque
3161 2317 3505 2375 occidentali
3535 2319 3816 2390 degerent

2155 2407 2388 2464 climate
2417 2409 2602 2464 visere
2633 2413 2908 2488 satagunt
2938 2407 3227 2464 nationes.
3288 2408 3563 2463 Inmense
3615 2406 3809 2479 itaque

2155 2497 2688 2570 innumerabilique
2719 2496 2956 2554 collecto
2987 2496 3264 2565 exercitu,
3290 2495 3572 2552 miseram
3603 2500 3810 2568 petunt

2157 2584 2674 2658 Italiam.Cumque
2697 2587 2869 2657 juxta
2898 2585 3140 2641 fluvium
3165 2585 3438 2641 Brentam
3461 2584 3671 2640 deﬁxis
3691 2587 3810 2640 ten-

2155 2674 2595 2741 toriolis,immo
2627 2675 3204 2743 centonibus,triduo
3236 2673 3703 2746 exploratoribus
3728 2673 3808 2728 di-

2156 2763 2349 2829 rectis,
2382 2768 2546 2819 terrae
2579 2763 2758 2820 situm
2791 2764 3098 2837 gentisque
3131 2761 3572 2819 multitudinem
3601 2779 3704 2818 seu
3726 2779 3806 2817 ra-

2155 2851 2388 2908 ritatem
2437 2852 2874 2909 conciderarent
2921 2853 3058 2923 (79),
3111 2851 3527 2924 repedantibus
3583 2851 3801 2908 nuntiis

2155 2939 2495 3011 hujusmodi
2527 2959 2808 3014 responsa
2864 2941 3238 3013 suscipiunt:
3273 2963 3302 2990 «
3360 2938 3642 2997 Planities
3699 2940 3800 2997 hec

2154 3029 2454 3085 nonnullis
2485 3030 2659 3104 plena
2689 3030 3026 3100 colenobus,
3060 3046 3198 3100 uno,
3228 3033 3292 3084 ut
3317 3029 3578 3096 cernitis,
3612 3045 3681 3085 ex
3722 3028 3803 3084 la-

2155 3119 2274 3173 tere
2306 3119 2605 3180 montibus
2645 3119 2985 3192 asperrimis
3035 3123 3208 3191 atque
3258 3117 3574 3184 fertilibus,
3627 3116 3802 3174 altero

498 3170 508 3179 .
1335 3170 1344 3180 .
1434 3169 1445 3182 .
2306 3169 2604 3180 --η----ηπ
2647 3169 2981 3192 --την----
3037 3169 3204 3191 m1"
3258 3169 3574 3184 ---η-ηπ,
3631 3169 3796 3174 νη---

383 3174 583 3280 faxit:
595 3170 932 3280 {9}?)er
944 3174 2043 3280 ﬁefﬁ‘fvefsft‘?f‘f:_f1}‘_an{ﬁt???
2074 3192 2116 3262 .C
2150 3207 2296 3261 mari
2325 3206 2580 3280 cingitur
2609 3207 2931 3274 Adriatico;
2966 3206 3140 3280 opida
3170 3223 3302 3262 vero
3334 3223 3469 3261 cum
3497 3205 3797 3279 nonnulla,

393 3263 526 3330 post
554 3257 861 3330 paululum
906 3262 1155 3330 ceperat,
1199 3275 1313 3314 non
1357 3257 1666 3324 inmemor,
1717 3260 1920 3316 eodem
1976 3276 2036 3316 se

393 3357 850 3429 haudquaquam
866 3373 1221 3429 pransurum
1235 3357 1590 3413 omnimodis
1603 3357 2038 3414 interdixit.Nec

392 3461 576 3511 mora,
611 3446 782 3500 Hatto
811 3448 880 3500 de
909 3444 1148 3501 castello
1181 3445 1495 3517 egreditur.
1529 3446 1710 3516 Cujus
1740 3446 2034 3502 dexteram

385 3533 732 3590 Adelbertus
753 3539 1119 3599 tenens,mox
1139 3549 1270 3589 eum
1296 3535 1876 3606 prosequitur.Quem
1899 3552 2033 3591 cum

387 3637 547 3688 extra
578 3633 881 3688 castellum
914 3632 1082 3687 Hatto
1114 3631 1447 3704 conspicere
1481 3649 1492 3686 :
1525 3655 1553 3682 «
1589 3632 1851 3702 Pcenitet,
1881 3634 2030 3707 inﬁt,

386 3720 677 3788 me,heros
709 3721 1115 3792 egregie,quod
1144 3721 1465 3776 secundum
1497 3725 1665 3776 turm
1697 3722 2029 3779 consultum

383 3809 706 3878 prazsertim
739 3824 874 3862 cum
915 3807 1257 3880 perlongum
1308 3809 1415 3864 iter
1463 3809 1786 3877 immineat,
1820 3828 2029 3884 corpus

382 3895 576 3951 edulio
635 3896 828 3968 aliquo
887 3914 1002 3952 non
1051 3897 1370 3952 refecerim.
1405 3919 1434 3948 »
1469 3899 1747 3971 Ignorans
1778 3901 2028 3973 denique

372 3984 742 4053 Adelbertus,
764 3989 1048 4056 quantum
1080 3985 1432 4042 incommodi
1457 3991 1815 4058 quantumve
1847 3988 2026 4045 infor-

373 4081 526 4135 tunii
561 4081 682 4136 haec
714 4082 1001 4138 sententia
1025 4082 1240 4139 habeat
1270 4101 1282 4138 :
1317 4107 1344 4132 «
1375 4083 1773 4151 Revertamur,
1807 4085 2025 4152 ait,de-

378 4169 537 4224 mine
570 4170 670 4238 mi,
703 4174 760 4226 et
789 4187 860 4226 ne
897 4172 1109 4244 jejunii
1160 4174 1204 4207 9°
1252 4171 1641 4228 maceratione
1687 4189 1897 4244 corpus
1944 4179 2027 4230 ta-

375 4259 594 4330 bescat,
628 4261 754 4317 cibo
785 4261 992 4318 saltem
1025 4260 1332 4334 paululum
1364 4261 2022 4321 recreato.»Connivens

374 4347 573 4421 itaque
595 4351 724 4422 ejus
747 4350 1134 4422 peticionibus
1149 4349 1447 4420 Hatto,per
1465 4365 1642 4420 quam
1664 4366 1798 4406 eum
1825 4353 2025 4409 eduxit

373 4438 458 4506 10°,
523 4439 819 4512 repedavit
874 4442 930 4492 et
987 4438 1271 4492 reducens
1330 4437 1565 4494 dextera
1593 4443 1818 4497 tenens.
1853 4443 2019 4498 Haud

2147 3311 2282 3350 cum
2311 3296 2730 3352 munitissima.
2766 3297 2834 3351 Et
2863 3296 3054 3369 gentis
3093 3311 3453 3367 quamquam
3503 3295 3800 3368 ignoretur

2144 3383 2498 3441 inbecillitas
2517 3389 2617 3440 aut
2635 3385 3210 3454 fortitudo,inmensa
3224 3389 3420 3439 tamen
3439 3384 3799 3458 conspicitur

2147 3473 2483 3530 multitude.
2518 3474 2714 3546 Neque
2744 3474 2902 3529 enim
2936 3477 3056 3530 tam
3089 3473 3273 3546 copiis
3305 3472 3507 3545 paucis
3556 3473 3789 3547 aggredi

2143 3561 2294 3619 hanc
2316 3562 2639 3620 hortamur.
2667 3563 2880 3618 Verum
2913 3580 3046 3618 cum
3086 3561 3365 3619 nonuulle
3395 3561 3515 3619 sint
3544 3579 3640 3620 res
3669 3578 3786 3636 qua:

2143 3669 2250 3707 nos
2273 3668 2535 3725 pugnare
2552 3652 3269 3724 compellant,triumphus
3282 3651 3506 3708 scilicet
3518 3656 3784 3708 assuetus

2141 3741 2322 3797 animi
2359 3741 2657 3808 fortitudo,
2681 3741 2982 3814 pugnandi
3015 3741 3277 3810 scientia,
3297 3757 3436 3813 opes
3465 3741 3783 3813 praesertim

2140 3847 2390 3902 quarum
2423 3830 2710 3887 desiderio
2745 3830 3078 3902 fatigamur,
3108 3847 3232 3902 quae
3279 3829 3373 3885 hic
3425 3834 3511 3886 tot
3569 3831 3784 3897 insunt,

2137 3924 2282 3991 quot
2302 3924 2421 3976 toto
2444 3919 2503 3975 in
2517 3920 2654 3976 orbe
2668 3936 2774 3976 nec
2785 3919 3040 3976 vidimus
3063 3935 3168 3976 nec
3183 3919 3376 3976 videre
3399 3919 3780 3991 speravimus;

2136 4007 2306 4064 nobis
2337 4012 2517 4064 tatem
2548 4007 2832 4064 consultis
2863 4039 2932 4049 —-
2962 4023 3152 4080 neque
3202 4007 3358 4064 enim
3407 4007 3655 4081 longum
3699 4026 3781 4065 ar-

2136 4098 2391 4153 duumve
2423 4097 2721 4153 remeandi
2753 4098 2862 4154 iter
2882 4097 3151 4170 est,quod
3174 4097 3375 4153 decem
3414 4101 3610 4169 potest
3639 4102 3694 4154 et
3721 4114 3778 4153 eo

2136 4185 2333 4240 minus
2365 4186 2571 4241 diebus
2597 4186 2796 4258 perﬁci
2829 4218 2894 4227 —
2925 4190 3303 4253 revertemur,
3327 4189 3573 4242 venturo
3599 4186 3780 4258 quati-

2134 4292 2245 4330 nus
2274 4290 2404 4332 vere
2426 4274 2699 4331 omnibus
2721 4274 2911 4348 gentis
2932 4279 3142 4332 nostrae
3167 4274 3424 4332 collectis
3445 4275 3778 4332 fortissimis

2132 4364 2462 4431 cedeamus,
2479 4363 2669 4436 sitque
2690 4363 2784 4420 his
2815 4381 2948 4420 cum
2978 4364 3038 4419 in
3068 4365 3408 4421 fortitudine
3438 4368 3566 4420 tum
3591 4368 3780 4421 noster

2131 4453 2190 4508 in
2225 4452 2596 4508 muliitudine
2627 4457 2831 4510 terror.
2869 4476 2897 4504 ››

371 4529 726 4626 ῐηρῐνιιβὶϋυε
760 4526 1037 4593 sumitur,
1069 4530 1242 4626 atque
1274 4526 1345 4580 ab
1366 4525 1451 4626 ξῑίε
1482 4527 1574 4584 die
1606 4529 1806 4626 (ξθίῖθω
1832 4549 2020 4603 usque
2050 4561 2097 4626 Ι)
2197 4544 2251 4597 8.
2287 4542 2402 4598 Nec
2434 4559 2616 4610 mora,
2637 4542 2730 4599 his
2760 4542 2996 4611 auditis,
3015 4543 3086 4597 ad
3120 4543 3356 4616 propria
3388 4547 3776 4608 revertuntur,

368 4617 438 4671 ad
473 4632 668 4688 regem
705 4619 1064 4686 properatur.
1100 4615 1332 4671 Clamor
1372 4617 1430 4670 in
1464 4618 1671 4674 castris
1702 4620 1905 4688 oritur,
1955 4622 2022 4676 ﬁt

2155 4634 2428 4702 otamque
2456 4631 2666 4687 hiemis
2700 4632 3073 4704 asperitatem
3097 4615 3156 4687 in
3180 4631 3539 4687 fabricandis
3573 4632 3772 4697 armis,

362 4713 656 4768 tumultus
678 4728 792 4767 non
822 4713 1394 4785 medicus,quoniam
1415 4715 1652 4786 quidem
1670 4716 2018 4774 Adelbertus

363 4817 560 4872 regem
594 4801 894 4857 advenisse
909 4803 1361 4870 (7‘7)nuutiatur.
1384 4803 1499 4858 Rex
1533 4808 1808 4876 praeterea
1839 4807 2017 4877 huius

363 4889 435 4944 ob
458 4889 769 4946 adventum
794 4907 905 4945 ncn
928 4908 1134 4962 parum
1159 4891 1534 4961 exhilaratus,
1559 4910 1825 4964 proceres
1851 4896 1922 4950 ad
1955 4912 2016 4951 se

359 4979 555 5034 venire
582 4984 756 5051 atque
789 4979 845 5033 in
871 4980 1088 5052 juditio
1121 4980 1375 5036 residere
1405 4982 1680 5054 pracepit
1709 4984 1930 5047 Quibus
1961 4991 2018 5040 et

255 5061 260 5063 ’
361 5065 443 5122 ait
477 5083 525 5121 :«
557 5067 688 5123 Jam
722 5069 838 5124 fere
871 5070 1173 5142 septennio
1203 5069 1550 5127 Adelbertus
1578 5079 1828 5144 quantas
1860 5079 2013 5130 stra-

2127 4718 2186 4773 in
2217 4719 2497 4776 acuendis
2529 4719 2790 4792 spiculis,
2844 4720 2902 4775 in
2948 4721 3228 4776 docendis
3269 4720 3593 4792 juvenibus
3645 4719 3774 4777 belli

2127 4807 2426 4875 noticiam,
2465 4809 2706 4864 ducunt.

2195 4898 2249 4951 9.
2283 4897 2377 4952 Sol
2409 4898 2655 4952 necdum
2685 4897 2942 4953 Piscism‘
2967 4897 3204 4970 signum
3237 4898 3535 4966 deserens,
3570 4897 3776 4955 Arietis

2125 4987 2607 5058 occupabat,cum
2625 4987 2890 5043 inmenso
2907 4992 3081 5060 atque
3103 4985 3520 5042 innumerabili
3539 4986 3774 5043 collecto

2124 5075 2376 5132 exercitu
2425 5073 2654 5132 Italiam
2705 5080 2913 5148 petunt
2947 5078 3040 5149 (an
3070 5075 3218 5148 899),
3249 5075 3645 5150 Aquilegiam,
3673 5075 3773 5131 Ve-

1717 5179 1959 5236 VARI/E
1998 5181 2412 5238 LECTIONES.

425 5261 470 5297 ⁹⁹
492 5262 648 5334 junii
682 5267 731 5320 1.
811 5268 876 5303 ίοο
903 5283 953 5323 e.
986 5266 1139 5324 viam
1171 5267 1224 5323 5.
1255 5266 1292 5323 5
1323 5283 1376 5323 a.
1409 5267 1444 5322 5
1474 5269 1555 5323 a'.

351 5348 542 5391 erasae
571 5337 623 5392 1.
703 5337 770 5373 ‘0‘
794 5338 1028 5396 hatonis
1058 5340 1110 5396 4.
1190 5339 1254 5374 ¹⁰⁵
1285 5339 1463 5412 piscis
1490 5339 1640 5396 1-55.

381 5593 392 5604 .
419 5522 525 5604 (76)
549 5522 611 5580 Id
632 5527 721 5608 est
739 5531 977 5609 propter
999 5526 1359 5609 ferocitatem
1381 5525 1584 5609 animi,
1611 5511 1727 5608 qua
1756 5533 1813 5589 te
1841 5529 1995 5590 vinci

346 5598 514 5668 sinis,
548 5613 664 5655 non
695 5598 998 5678 intelligis,
1028 5601 1342 5704 quaptum’
1369 5603 1475 5683 etc.

1632 5268 1695 5304 ¹⁰¹
1726 5268 1958 5326 incurre
1989 5270 2040 5326 1.
2118 5270 2184 5306 ¹⁰²
2213 5269 2350 5326 hate
2381 5269 2434 5328 l.
2514 5269 2642 5337 103i,
2677 5271 2818 5344 [non
2850 5271 2979 5330 dico
3010 5270 3316 5345 citissime]
3362 5271 3416 5328 9.
3466 5274 3578 5330 tres
3622 5284 3763 5329 voce:

1939 5430 2178 5514 nom.

2145 5529 2293 5608 -ρῃ
2321 5528 2386 5608 _Id
2415 5533 2504 5588 est
2533 5530 2605 5587 ad
2621 5547 2827 5608 regem
2855 5531 3115 5594 venisse.

2153 5563 2156 5566 ν
2198 5531 2293 5600 77)
2324 5531 2386 5585 Id
2415 5533 2504 5588 est
2533 5531 2605 5587 ad
2629 5547 2827 5608 regem
2855 5531 3110 5594 venisse.

2153 5531 2287 5682 £78)
2318 5600 2359 5663 l.
2391 5618 2440 5663 ο.
2473 5603 2938 5672 considerarent.
3105 5641 3110 5647 ε
