4064 6174
259 406 380 471 an
1257 403 1887 473 ANTAPODOSEOS
1930 406 2137 472 LIBRI
2184 409 2360 475 sex.
2394 444 2474 459 —
2503 413 2655 476 LIB.
2702 410 2782 477 II.
3608 390 3730 473 81‘s

255 546 494 611 ronam,
529 533 981 596 munitissimae
1001 538 1433 612 pertranseunt
1454 541 1734 612 civitates,
1767 546 1823 600 et
1853 543 1948 600 Ti-
1975 543 2034 613 Α
2060 549 2146 602 est
2207 546 2676 621 responsionem,
2735 547 3046 605 remittunt
3080 563 3092 603 :
3128 568 3156 601 «
3204 545 3264 604 Si
3325 547 3725 603 contraditum

223 623 483 702 'einum,
518 647 650 704 quas
681 643 840 683 nunc
887 627 1006 685 alio
1039 625 1447 686 exeellentiori
1499 631 1674 704 Papia
1717 637 1953 689 notatur
2061 635 2248 704 nobis,
2310 637 2633 710 praesertim
2687 655 2720 694 a
2782 637 3125 694 contraditis
3171 637 3416 708 jamque
3475 634 3725 691 canibus

249 720 562 788 vocabulo,
597 716 776 775 nullis
828 716 1266 774 resistentibus
1310 720 1576 776 veniunt.
1611 722 1730 777 Rex
1772 723 1952 794 igitur

251 809 646 885 Bereugarius
695 810 814 861 tam
850 807 1211 877 praeclarum
1253 823 1594 881 novumque
1625 810 1851 866 facinus
1883 843 1950 853 —

253 902 505 962 antehac
526 900 682 956 enim
705 911 908 965 neque
927 913 1138 952 nomen
1159 896 1372 967 gentis
1397 897 1576 970 hujus
1598 900 1864 956 audierat
1882 932 1950 943 ——

252 993 405 1051 satis
434 988 636 1047 mirari
666 1001 780 1042 non
811 984 1347 1055 potuit.Italorum
1368 986 1566 1058 igitur,
1602 990 1944 1058 Tuscorum,

249 1071 1116 1146 Volscorum,Camerinorum,
1149 1073 1625 1145 Spoletinorum,
1660 1079 1946 1150 quosdam

253 1172 457 1240 libris,
491 1168 636 1224 alios
667 1159 904 1221 nuntiis
929 1161 1419 1228 directis,omnes
1449 1169 1645 1220 tamen
1677 1166 1737 1221 in
1760 1184 1945 1222 unum

253 1259 461 1316 venire
492 1250 1114 1329 praecepit,factusque
1140 1252 1232 1306 est
1265 1252 1556 1308 exercitus
1589 1254 1760 1326 triplo
1785 1256 1943 1311 Hun-

259 1349 568 1423 gariorum
596 1341 863 1399 validior.

337 1438 432 1493 40.
461 1436 723 1505 Cumque
754 1427 867 1485 sibi
918 1446 1020 1486 rex
1066 1430 1459 1502 Berengarius
1499 1435 1584 1487 tot
1614 1433 1819 1488 adesse
1849 1450 1938 1489 co-

259 1527 400 1600 pias
433 1524 717 1588 cerneret,
751 1520 1049 1592 superbiae
1081 1518 1296 1591 spiritu
1348 1520 1588 1576 inflatus
1639 1521 1944 1595 magisque

257 1612 641 1685 triumphum
677 1610 747 1664 de
777 1609 1056 1664 hostibus
1084 1607 1455 1664 multitudini
1481 1626 1600 1664 suae
1633 1627 1810 1682 quam
1829 1612 1944 1667 Deo

260 1699 733 1767 tribuens,solus
764 1699 890 1770 ipse
915 1715 1052 1752 cum
1087 1697 1290 1770 paucis
1317 1699 1574 1770 quodam
1616 1700 1676 1754 in
1709 1699 1943 1772 opidulo

264 1794 515 1864 degens,
550 1786 839 1859 voluptati
873 1803 1115 1859 operam
1148 1786 1345 1842 dabat.
1383 1787 1530 1853 Quid
1557 1788 1772 1860 igitur?
1791 1791 1943 1845 Tan-

259 1884 387 1937 tam
402 1873 913 1948 moxutllungarii
927 1873 1304 1947 contemplati
1320 1879 1461 1931 sunt
1474 1875 1939 1947 multitudinem,

263 1969 472 2026 animo
531 1964 912 2031 consternati,
949 1964 1090 2034 quid
1144 1964 1400 2020 facerent
1447 1964 1773 2022 deliberare
1826 1985 1942 2023 non

261 2052 826 2132 poterant.Praeliari
859 2052 1118 2124 poenitus
1137 2053 1555 2119 formidabant,
1590 2055 1791 2128 fugere
1824 2073 1943 2111 om-

265 2147 411 2202 nino
449 2142 1024 2215 nequibant.Verum
1046 2140 1200 2196 inter
1216 2144 1532 2214 utramque
1563 2142 1715 2199 hanc
1737 2149 1940 2201 aestua-

262 2236 490 2292 tionem
524 2233 724 2304 fugere
757 2229 957 2302 magis
989 2246 1164 2301 quam
1199 2231 1451 2303 praeliari
1491 2233 1665 2303 juvat
1693 2251 1706 2300 ;
1742 2251 1938 2306 perse-

265 2323 702 2398 quentibusque
726 2318 1367 2387 christianis,Adduam
1391 2319 1636 2377 ﬂuvium
1658 2323 1936 2390 natando,

258 2412 350 2468 ita
379 2415 446 2467 ut
474 2410 658 2466 nimia
689 2407 1074 2464 festinatione
1103 2407 1342 2480 plurimi
1399 2409 1551 2464 necti
1588 2411 1935 2484 submerge-

260 2505 490 2569 rentur,
523 2500 965 2572 pertranseunt.

338 2589 428 2646 H.
460 2587 743 2660 Hungarii
767 2585 1300 2657 denique,consilio
1335 2603 1449 2641 non
1485 2587 1639 2643 malo
1670 2593 1933 2662 accepto,

258 2677 642 2735 internuntiis
693 2675 1053 2732 christianos
1097 2681 1324 2748 rogant,
1373 2676 1677 2747 quatinus,
1739 2680 1936 2750 praeda

260 2768 433 2826 omni
463 2784 596 2824 cum
631 2766 796 2822 lucro
849 2764 1096 2832 reddita,
1132 2765 1244 2836 ipsi
1295 2764 1620 2822 incolumes
1675 2784 1936 2825 remeare

260 2861 533 2932 possent.
565 2859 754 2922 Quam
787 2853 1139 2927 peticionem
1163 2853 1465 2909 christiani
1489 2855 1750 2913 funditus
1767 2858 1932 2913 abdi-

260 2951 494 3015 cantes,
529 2945 643 3014 his,
677 2961 783 3017 pro
819 2941 1022 2998 dolor!
1057 2942 1439 3011 insultabant,
1466 2945 1780 3017 potiusque
1808 2947 1933 3002 vin-

262 3036 409 3094 cula
439 3036 572 3108 quis
606 3031 896 3106 Hungarii
928 3031 1488 3104 vincirentur,quam
1524 3051 1688 3089 arma
1719 3036 1934 3106 quibus

256 3128 640 3191 necarentur,
665 3121 1005 3195 exquirunt.
1033 3121 1300 3194 Cumque
1335 3122 1546 3194 pagani
1581 3123 1936 3182 christiano-

256 3232 405 3272 rum
430 3214 669 3270 animos
699 3211 811 3267 hoc
835 3214 1002 3283 pacto
1025 3210 1280 3266 mulcere
1305 3210 1808 3282 nequirent,vetus
1827 3214 1934 3269 rati

2061 727 2330 794 mortuis,
2366 744 2587 784 munus
2647 729 3063 800 reciperemus,
3119 727 3423 798 foedusque
3483 723 3721 795 aliquod

2058 813 2364 871 iniremus.
2399 838 2426 864 »
3683 829 3688 834 '

2181 906 2405 953 Insanos
2437 906 2606 968 capite
2638 919 2747 955 non
2777 919 2940 956 sanus
2964 906 3169 970 juraret
3198 903 3430 954 Orestes!

2129 989 2215 1044 14.
2245 991 2362 1046 Hac
2394 991 2572 1064 igitur
2601 993 2839 1066 Ungarii
2873 993 3164 1065 legatione
3197 989 3508 1065 desperati,
3537 989 3716 1045 colle-

2057 1079 2166 1133 etis
2200 1079 2256 1134 in
2289 1097 2474 1134 unum
2505 1082 2864 1150 tortissimis,
2901 1083 2999 1138 tali
3030 1100 3158 1138 sese
3198 1085 3402 1136 mutuo
3437 1095 3714 1135 sermone

2057 1167 2323 1222 solantur
2355 1186 2366 1224 :
2404 1192 2432 1218 «
2463 1170 2517 1223 Si
2552 1169 2682 1238 hac,
2718 1188 2845 1242 quae
2879 1171 3388 1243 inpraesentiarum
3421 1169 3707 1240 cernitur,

2054 1254 2183 1310 luce
2215 1257 2648 1327 perdita,nichil
2680 1263 2768 1314 est
2799 1260 2956 1331 quod
2977 1259 3235 1315 deterius
3259 1257 3550 1329 proveniri
3576 1275 3714 1330 pos-

2055 1343 2133 1399 sit
2162 1345 2522 1414 hominibus,
2556 1351 2614 1403 et
2645 1348 2784 1420 quia
2815 1347 2980 1404 locus
3012 1346 3184 1420 praeci
3217 1345 3716 1420 nullus,fugiendi

2055 1449 2190 1504 spes
2221 1433 2412 1489 omnis
2443 1435 2657 1503 ablata,
2693 1435 2840 1491 colla
2871 1435 3240 1492 summittere
3274 1436 3420 1491 mori
3452 1437 3715 1508 est,quid

2053 1523 2369 1578 verendum
2401 1525 2571 1580 nobis
2602 1529 2709 1595 est,
2742 1525 2859 1580 tela
2918 1525 3071 1580 inter
3128 1524 3257 1596 ipsa
3303 1541 3491 1594 ruere,
3527 1531 3719 1582 morte

2055 1614 2300 1665 mortem
2335 1611 2584 1668 inferre?
2613 1613 2914 1686 Numquid
2942 1631 3059 1670 nou
3092 1613 3423 1681 fortunae,et
3455 1631 3568 1670 non
3605 1615 3718 1672 im-

2054 1699 2332 1778 becilitati
2377 1718 2549 1757 casus
2599 1703 2976 1774 deputandus
3029 1705 3118 1757 est
3171 1705 3412 1758 noster?
3457 1704 3721 1761 Viriliter

2053 1788 2210 1843 enim
2242 1792 2558 1861 pugnando
2587 1791 2959 1860 occumbere,
3014 1807 3131 1846 non
3163 1794 3462 1863 estmori,
3508 1797 3608 1852 sed
3637 1795 3721 1850 vi-

2053 1893 2204 1932 vere.
2241 1877 2399 1932 Hanc
2431 1879 2650 1934 famam
2683 1883 2931 1948 tantam,
2971 1880 3123 1934 hanc
3152 1888 3512 1954 κλιρονομέίςιν,
3544 1884 3718 1941 eliro-

2052 1965 2334 2031 nomiam,
2367 1966 2424 2022 id
2457 1971 2546 2023 est
2578 1967 2992 2037 hereditatem,
3027 1972 3094 2024 ut
3123 1986 3155 2024 a
3185 1971 3452 2041 patribus
3499 1974 3719 2031 nostris

2052 2055 2634 2126 accepimus,nostris
2647 2056 2821 2112 etiam
2838 2056 3251 2130 relinquamus
3265 2059 3720 2120 heredibus.No-

2050 2142 2142 2198 bis
2172 2144 2656 2210 debemus,nobis
2688 2144 2899 2201 saltem
2935 2148 3174 2204 credere
3204 2151 3591 2226 expertis,qui
3624 2171 3717 2211 ce‘

2049 2231 2281 2303 piarum
2304 2233 2596 2304 paucitate
2610 2250 3049 2306 nonnunquam
3066 2236 3353 2308 plurimos
3372 2243 3712 2301 stravimus.

2051 2320 2320 2376 Invalida:
2354 2321 2542 2392 plebis
2576 2339 2715 2377 sane
2746 2325 3124 2397 congregatio
3147 2327 3400 2398 plurima
3423 2332 3494 2385 ad
3510 2334 3711 2387 cedem

2049 2415 2137 2465 est
2167 2415 2397 2466 tantum
2429 2411 2709 2482 exposita.
2745 2411 2859 2466 Sed
2917 2417 2975 2468 et
3037 2414 3190 2470 Mars
3251 2417 3547 2489 fugentem
3597 2420 3709 2490 (79)

2049 2498 2375 2570 saepissime
2405 2498 2699 2569 perhimit.
2738 2499 3116 2556 dimicantem
3166 2503 3390 2560 fortiter
3437 2504 3709 2579 protegit.

2049 2586 2116 2642 Hi
2149 2587 2304 2642 enim
2337 2586 2438 2658 qui
2468 2586 2636 2641 nobis
2669 2587 3140 2660 supplicantibus
3172 2608 3287 2646 non
3330 2593 3706 2663 miserentur,

2047 2677 2338 2748 ignorant,
2374 2691 2563 2747 neque
2595 2680 2787 2731 mente
2819 2678 3555 2751 percipiunt,quiavincere
3577 2685 3707 2755 qui-

2047 2765 2181 2820 dem
2207 2765 2430 2820 bonum
2472 2767 2577 2830 est,
2614 2765 3016 2835 supervincere
3059 2767 3237 2822 nimis
3269 2769 3646 2827 invidiosum.
3679 2780 3700 2825 ὴ

2117 2853 2205 2909 45.
2242 2855 2360 2910 Hac
2397 2853 2593 2924 itaque
2613 2870 2679 2908 ex
2697 2853 3002 2912 horatione
3030 2859 3350 2928 utcumque
3373 2860 3601 2916 animos
3631 2877 3712 2930 re-

2045 2944 2248 3012 creati,
2284 2949 2406 3000 tres
2438 2942 2495 2996 in
2529 2947 2722 3014 partes
2755 2943 3001 3001 insidias
3027 2950 3440 3016 ponunt,reeta
3469 2949 3579 3020 ipsi
3601 2950 3707 3004 ﬂu-

2043 3034 2204 3089 vium
2237 3033 2599 3090 transeundo
2632 3032 2831 3090 hostes
2864 3034 2921 3089 in
2959 3032 3184 3090 modios
3217 3037 3706 3093 ruunt.Christia-

2047 3140 2258 3178 norum
2291 3122 2452 3178 enim
2488 3121 2724 3194 plurimi
2757 3123 2931 3197 longa
2948 3127 3183 3196 propter
3201 3123 3592 3182 internuntios
3616 3143 3707 3183 ex-

2048 3212 2415 3283 spectatione
2447 3211 2696 3283 fatigati,
2728 3229 2832 3284 per
2861 3217 3072 3280 castra,
3108 3217 3172 3268 ut
3202 3213 3330 3270 cibo
3375 3231 3704 3271 recrearen-

256 3323 315 3360 m
337 3303 485 3360 elius
513 3300 1028 3371 consilium,cepta
1053 3316 1179 3356 sese
1209 3299 1454 3356 liberare
1478 3304 1754 3374 satagunt
1775 3304 1928 3374 fuga,
1963 3288 2006 3354 C
2045 3304 2161 3365 tur,
2193 3292 2650 3367 descenderant;
2682 3318 2832 3372 quos
2869 3306 3030 3357 tanto
3082 3302 3363 3374 Hungarii
3411 3303 3707 3360 celeritate

259 3394 474 3466 sicque
504 3390 785 3464 fugiendo
817 3389 879 3443 in
935 3388 1300 3445 Veronenses
1332 3388 1655 3446 latissimos
1697 3408 1935 3464 campos

260 3481 651 3556 perveniunt.

334 3573 430 3627 42.
464 3569 934 3626 Christianorum
971 3565 1146 3638 primi
1179 3567 1388 3623 horum
1413 3567 1541 3637 jam
1584 3569 1935 3626 novissimos

263 3660 624 3717 insecuntur
651 3675 666 3726 ;
701 3658 883 3728 ﬁtque
914 3655 1118 3711 eodem
1150 3670 1359 3728 pugnae
1384 3655 1805 3726 proludium,in
1821 3674 1936 3730 quo

261 3750 579 3806 victoriam
609 3747 868 3802 habuere
915 3744 1152 3818 pagani.
1189 3743 1482 3800 Validiore
1532 3763 1663 3801 vero
1697 3747 1935 3819 propin-

265 3843 495 3912 quante
526 3836 805 3901 exercitu,
841 3834 990 3907 fugae
1024 3849 1140 3889 non
1161 3833 1805 3907 immemores,eeptum
1829 3837 1938 3893 iter

265 3929 657 4001 percurrunt.

340 4017 437 4072 43.
467 4015 889 4085 Veneruntque
943 4011 1292 4068 Christicolae
1344 4027 1481 4066 cum
1525 4011 1934 4071 idololatribus

263 4105 496 4179 pariter
519 4103 692 4175 juxta
722 4100 966 4156 fluvium
1001 4101 1066 4137 ¹⁰⁶
1106 4100 1378 4156 Brentam
1408 4118 1420 4166 ;
1456 4101 1593 4173 equi
1639 4101 1795 4157 enim
1845 4104 1932 4158 ni-

263 4194 462 4248 mium
495 4189 800 4262 defatigati
832 4189 896 4225 ¹⁰⁷
945 4188 1208 4261 fugiendi
1257 4187 1482 4258 copiam
1533 4189 1825 4260 negabant
1870 4192 1933 4227 ¹⁰θ

261 4279 617 4353 Hungariis.
651 4278 841 4336 Simul
885 4277 1068 4350 igitur
1109 4281 1370 4349 utraeque
1402 4277 1554 4333 acies
1593 4294 1928 4347 convenere,

262 4369 586 4426 memorati
619 4367 1027 4424 tantummodo
1051 4366 1207 4422 fluvii
1228 4365 1390 4421 alveo
1419 4370 1721 4438 separatae.
1771 4368 1931 4423 Hun-

263 4458 421 4532 garii
456 4457 710 4530 denique
740 4455 922 4511 nimio
952 4459 1169 4511 terrore
1201 4454 1404 4522 coacti,
1440 4471 1675 4510 omnem
1697 4457 1931 4529 suppel-

262 4546 553 4614 lectilem,
613 4545 888 4618 captivos,
932 4561 1097 4599 arma
1143 4545 1361 4609 omnia,
1422 4561 1626 4614 equos,
1681 4545 1931 4618 singulis

263 4639 511 4691 tantum
545 4633 900 4706 quibuscum
933 4648 1192 4688 remeare
1223 4635 1463 4704 possent
1501 4632 1761 4702 retentis,
1797 4633 1933 4689 dare
1963 4657 2009 4722 Β

265 4723 672 4798 promittunt;
705 4721 813 4777 hoc
839 4725 1114 4794 praeterea
1140 4720 1200 4776 in
1232 4721 1451 4776 honore
1483 4738 1600 4776 sua:
1634 4721 1932 4794 petitionis

262 4813 634 4884 adjungunt,
659 4814 724 4864 ut
753 4810 802 4865 si
831 4810 951 4865 vita
977 4813 1206 4864 tantum
1239 4809 1449 4865 comite
1472 4810 1625 4866 datis
1657 4810 1931 4868 omnibus

263 4900 416 4956 illos
447 4914 707 4988 remeare
736 4897 1160 4970 permitterent,
1195 4913 1256 4953 se
1301 4914 1627 4988 numquam
1676 4899 1931 4971 amplius

263 4989 512 5046 Italiam
544 4985 1081 5060 irigressurosﬁliis
1111 4985 1234 5042 suis
1265 4986 1570 5042 obsidibus
1600 4988 1771 5056 datis,
1800 5006 1933 5061 pro-

261 5077 599 5134 mitterent.
632 5075 846 5132 Verum
878 5075 993 5131 heu
1019 5073 1030 5129 !
1065 5075 1368 5131 christiani
1391 5076 1678 5147 superbiae
1704 5082 1934 5135 tumore

264 5165 532 5238 decepti,
566 5163 741 5221 minis
771 5179 1162 5238 paganos,ceu
1184 5165 1311 5237 jam
1339 5163 1545 5229 victos,
1568 5164 1932 5238 insecuntur,

265 5255 487 5326 eisque
517 5253 792 5310 continuo
818 5252 1159 5325 hujusmodi
1191 5252 1517 5326 apologiam
1543 5262 1857 5326 ἀπολογείαν,
1876 5256 1934 5313 id

938 5415 968 5494 ξ

2047 3389 2446 3455 confoderent,
2477 3393 2540 3443 ut
2580 3389 2639 3444 in
2691 3391 2832 3463 gula
2863 3391 3059 3446 cibum
3107 3392 3519 3463 transfigerent
3549 3392 3700 3465 aliis,

2047 3478 2404 3550 quibusdam
2429 3477 2596 3549 equis
2615 3479 2816 3551 fugam
2837 3482 3113 3552 negarent
3129 3479 3548 3551 ablatis,eoque
3570 3481 3700 3537 illos

2045 3567 2228 3622 levius
2259 3566 2687 3638 perhimebani,
2725 3586 2840 3641 quo
2887 3568 3011 3624 sine
3050 3569 3216 3639 equis
3264 3585 3362 3624 eos
3407 3584 3533 3624 esse
3563 3586 3702 3624 con-

2046 3656 2466 3726 spexerant.Ad
2494 3662 2880 3728 augmentum
2903 3656 3152 3728 denique
3175 3656 3520 3728 perditionis
3554 3657 3704 3712 chri-

2045 3743 2374 3800 stianorum
2406 3759 2522 3798 non
2557 3761 2736 3815 prava
2767 3747 2917 3800 inter
2946 3762 3045 3800 eos
3076 3749 3198 3801 erat
3229 3745 3701 3802 discordia.Non-

2045 3833 2193 3888 nulli
2225 3832 2395 3905 plane
2426 3832 2746 3905 Hungariis
2778 3851 2892 3889 non
2925 3833 3115 3890 solum
3139 3849 3398 3907 pugnam
3423 3851 3538 3890 non
3558 3834 3703 3890 infe-

2045 3923 2270 3990 rebant,
2306 3923 2405 3978 sed
2459 3926 2525 3977 ut
2569 3923 2825 3993 proximi
2876 3924 3149 3980 caderent
3193 3922 3496 3993 anhelant;
3531 3927 3705 3996 atque

2046 4013 2116 4067 ad
2150 4011 2258 4068 hoc
2277 4011 2528 4084 perversi
2552 4011 2662 4082 ipsi
2682 4029 2951 4082 perverse
2973 4012 3536 4084 fecerant,quatinus
3559 4013 3702 4068 dum

2044 4102 2292 4174 proximi
2325 4100 2733 4166 caderent,soli
2768 4101 2880 4173 ipsi
2913 4101 3080 4174 quasi
3100 4102 3341 4158 liberius
3363 4105 3698 4175 regnarent.

2044 4192 2151 4255 Qui
2184 4192 2324 4246 dum
2361 4189 2759 4262 proximorum
2784 4190 3232 4247 necessitatibus
3264 4191 3570 4247 subvenire
3603 4208 3699 4246 ne-

2042 4280 2285 4353 glegunt
2342 4294 2663 4348 eorumque
2697 4295 2895 4334 necem
2926 4278 3198 4350 diligunt,
3233 4278 3344 4349 ipsi
3394 4279 3691 4349 propriam

2040 4367 2629 4438 incurrunt.Fugiunt
2651 4366 2849 4437 itaque
2874 4366 3197 4430 christiani,
3215 4366 3558 4436 seviuntque
3589 4383 3690 4438 pa-

2042 4457 2198 4529 gani,
2227 4460 2284 4510 et
2303 4455 2402 4526 qui
2435 4454 2596 4525 prius
2626 4452 2957 4525 supplicare
2981 4454 3324 4509 muneribus
3349 4453 3687 4525 nequibant,

2042 4543 2511 4617 supplicantibus
2523 4543 2897 4613 postmodum
2911 4559 3145 4612 parcere
3165 4543 3228 4576 ¹⁰⁹
3242 4542 3695 4599 nesciebant.In-

2040 4633 2293 4689 terfectis
2308 4632 2560 4702 denique
2579 4630 2912 4702 fugatisque
2943 4630 3300 4700 ehristianis,
3318 4631 3516 4688 omnia
3532 4633 3691 4688 Hun-

2044 4721 2186 4796 garii
2223 4720 2384 4793 regni
2415 4719 2542 4775 loca
2589 4719 2876 4774 saeviendo
2920 4724 3290 4791 percurrunt.
3325 4721 3521 4792 Neque
3571 4727 3696 4778 erat

2043 4812 2142 4884 qui
2165 4827 2366 4866 eorum
2389 4807 2758 4881 praesentiam
2783 4807 2896 4862 nisi
2918 4807 3353 4866 munitissimus
3381 4810 3525 4866 forte
3546 4827 3694 4882 prae-

2043 4899 2358 4958 stolaretur
2387 4898 2443 4953 in
2477 4896 2638 4952 locis.
2675 4895 2912 4952 Illorum
2965 4913 3107 4953 sane
3137 4898 3279 4954 adeo
3312 4899 3695 4971 praevaluerat

2041 4991 2248 5054 virtus,
2298 4987 2576 5060 quatinus
2605 5002 2806 5040 eorum
2865 5002 3000 5057 pars
3033 4987 3285 5057 quedam
3327 4987 3691 5060 Bagoariam,

2045 5079 2336 5146 Sueviam,
2374 5075 2701 5139 Franciam,
2735 5073 3326 5147 Saxoniam,quedam
3354 5092 3486 5132 vero
3517 5077 3693 5150 depo-

2045 5167 2349 5240 pularetur
2379 5163 2623 5220 Italiam.

2117 5257 2204 5312 l6.
2237 5256 2437 5326 Neque
2467 5253 2625 5310 enim
2657 5251 2766 5308 hoc
2797 5268 2998 5309 eorum
3033 5258 3326 5311 meruerat
3353 5254 3560 5328 virtus,
3591 5255 3692 5312 sed

1635 5380 1874 5437 VARl/E
1925 5379 2339 5439 LEG’I'IONES.

355 5494 428 5530 ιοθ
456 5493 664 5551 ﬂuium
777 5489 1015 5580 δαθιξίᾴέις,
1092 5494 1156 5531 ¹⁰⁷
1187 5493 1482 5568 defetigati
1513 5494 1566 5552 4.
1598 5497 1820 5569 saepius.
1901 5498 1935 5534 1°

2052 5496 2284 5555 acabant
2315 5495 2366 5550 1.
2444 5494 2510 5530 ¹⁰⁹
2540 5507 2776 5567 pascere
2807 5492 2862 5548 4.

355 5689 476 5764 (79)
504 5691 570 5750 Id
600 5695 690 5751 est
720 5650 1056 5767 fugleritem.

1874 5624 2106 5681 NOTIE.
