4064 6174
178 286 303 393 θεέ

1167 322 1787 390 ANTAPODOSEOS
1831 326 2041 391 LIBRI
2085 327 2256 393 SEX.
2288 363 2365 376 —
2392 327 2546 397 LIB.
2591 327 2672 395 II.

3480 394 3491 399 ..
3505 330 3626 404 826

154 462 266 523 ubi
296 461 581 519 decenter
605 455 882 528 miroque
915 459 1216 530 apparatu
1248 459 1324 515 ab
1353 460 1662 519 Adelberto
1687 462 1869 519 susci-
1896 461 1952 529 Α
1979 462 2180 520 datum
2212 481 2327 521 non
2361 465 2623 522 occidere
2651 464 2970 538 potuit,sed
3001 465 3067 503 "0
3096 463 3348 524 noluit?«
3373 466 3476 525 His
3507 483 3627 525 ser-

213 555 348 610 itur.

177 573 605 713 pllililll'Cuque
635 635 1005 694 Hulodoicus
1026 637 1088 693 in
1117 637 1303 693 domo
1326 639 1624 696 Adalberti
1651 644 1737 698 tot
1753 641 1862 697 mi-

172 734 337 790 litum
360 730 663 803 elegantes
675 726 888 784 adesse
913 729 1114 801 copias
1140 732 1673 797 cerneret,tantam
1689 731 1864 786 etiam

174 823 518 896 dignitatem
548 822 748 890 totque
779 815 1090 888 impensas
1123 816 1193 851 ‘33
1229 818 1862 890 prospiceret,invidiae

175 913 288 969 zelo
323 913 516 967 tactus
546 907 669 965 suis
701 905 1056 976 clangulum
1088 906 1209 979 (84)
1244 905 1415 961 inﬁt:
1455 931 1483 958 «
1516 908 1619 963 Hic
1652 924 1749 964 rex
1769 925 1866 981 po-

176 1003 286 1057 tius
310 1015 490 1074 quam
511 994 770 1054 marchio
793 998 1036 1064 poterat
1056 991 1550 1067 appellari;nullo
1569 996 1865 1069 quippei“

181 1091 318 1147 mihi
351 1088 612 1155 inferior,
629 1085 739 1142 nisi
761 1083 1017 1140 nomine
1038 1083 1426 1140 solummodo
1448 1089 1555 1140 est.
1583 1108 1610 1135 »
1630 1087 1750 1151 Que
1771 1104 1864 1144 res

182 1179 554 1237 Adelhertum
584 1177 760 1232 latere
786 1187 920 1227 non
970 1173 1180 1246 potuit.
1211 1172 1389 1236 Quod
1424 1174 1614 1242 Berta,
1649 1180 1714 1231 ut
1743 1180 1865 1231 erat

187 1268 398 1324 mulier
437 1283 557 1322 non
605 1260 911 1329 incallida,
948 1261 1218 1328 audiens,
1254 1279 1376 1318 non
1433 1263 1624 1320 solum
1670 1265 1863 1322 virum

189 1372 361 1413 suum
395 1355 469 1410 ab
501 1355 628 1424 ejus
654 1351 944 1408 ﬁdelitate
967 1350 1276 1417 ammovit,
1311 1367 1516 1407 verum
1549 1353 1728 1409 etiam
1756 1371 1861 1409 cae-

191 1451 342 1500 teros
374 1442 556 1499 Italiaa
591 1438 889 1514 principes
921 1439 975 1494 ei
1008 1438 1279 1496 infideles
1326 1441 1534 1496 effecit.
1565 1441 1730 1497 Uude
1778 1443 1862 1498 fa-

193 1539 349 1590 ctum
382 1534 570 1596 est,ut
594 1529 736 1585 dum
769 1527 994 1583 Tuscia
1026 1528 1259 1584 rediens
1275 1528 1568 1585 Veronam
1600 1535 1866 1604 pergeret

189 1621 466 1695 (an.905),
481 1620 834 1691 degeretque
856 1617 1066 1673 eodem
1084 1616 1265 1672 nichil
1286 1617 1553 1674 hesitans
1566 1618 1865 1692 nichilque

195 1709 331 1764 mali
362 1706 698 1780 suspicans,
735 1706 1129 1777 Berengarius
1178 1706 1313 1762 dato
1360 1706 1563 1778 praetio
1592 1709 1866 1764 custodes

1972 553 2248 610 monibus
2282 554 2450 610 miles
2483 553 3024 625 inclinatus,locum
3055 556 3416 623 ostendit,ad
3447 573 3623 629 quem

1973 642 2311 715 confugerat
2340 643 2831 710 Hulodoicus.Qui
2861 649 3068 718 captus
3086 649 3143 702 et
3171 653 3302 702 ante
3332 644 3624 720 Beregarii

1973 733 2342 803 praesentiam
2393 735 2628 797 ductus,
2661 734 3006 806 hujusmodi
3054 752 3188 791 eum
3237 735 3623 808 Berengarius

1974 821 2346 877 sermonibus
2392 822 2760 894 increpavit:
2808 845 2836 873 ‹‹
2888 826 3200 896 Quousque
3231 824 3342 895 (85)
3383 824 3624 879 tandem

1973 909 2230 978 abutere,
2255 911 2592 976 Hulodoice,
2614 911 2898 984 patientia
2927 917 3128 970 nostra
3147 914 3174 968 ?
3199 913 3352 968 Num
3381 912 3625 968 inﬁtiari

1973 1002 2218 1070 potes,te
2249 999 2347 1055 illo
2377 1003 2636 1072 tempore
2667 1000 2813 1056 meis
2843 1001 3288 1072 praesidiis,mea
3319 999 3628 1074 diligentia

1974 1086 2431 1144 circumclusum
2453 1089 2481 1143 ?
2513 1105 2878 1144 commovere
2894 1091 3069 1145 etiam
3097 1093 3153 1145 te
3183 1094 3387 1146 contra
3401 1106 3626 1146 menon

1972 1175 2477 1248 potuisse?meque
2509 1176 2912 1233 misericordia
2941 1177 3445 1248 inclinatumque:
3464 1177 3630 1234 nulla

1973 1264 2081 1320 tibi
2107 1265 2449 1333 debebatur,
2483 1268 2539 1321 te
2568 1264 2897 1322 dimisisse?
2913 1265 3258 1333 Sensistine,
3283 1265 3549 1338 inquam,
3573 1272 3630 1324 te

1972 1353 2216 1424 perjurii
2250 1353 2469 1410 institis
2500 1354 2614 1426 (86)
2645 1370 2776 1410 esse
2803 1353 3477 1410 vinctum?Confirmasti
3490 1372 3632 1413 sane

1973 1440 2142 1511 mihi,
2175 1445 2232 1496 te
2260 1440 2458 1513 ipsum
2483 1458 2789 1514 nunquam
2820 1441 3049 1497 Italiam
3082 1443 3514 1514 ingressurum.
3538 1444 3634 1500 Vi-

1971 1533 2093 1585 tam
2123 1529 2229 1586 tibi
2260 1531 2411 1586 sicut
2440 1531 2513 1596 ei,
2547 1531 2648 1602 qui
2679 1533 2792 1585 tete
2845 1530 2992 1585 mihi
3041 1530 3317 1602 prodidit,
3351 1532 3634 1603 promise-

1974 1635 2120 1687 ram,
2155 1620 2404 1675 concedo
2430 1638 2442 1688 ;
2477 1619 2678 1675 oculos
2707 1634 2841 1674 vero
2891 1619 3002 1674 tibi
3033 1619 3262 1675 auferre
3291 1636 3406 1676 non
3437 1621 3630 1679 solum

1966 1707 2169 1779 jubeo,
2204 1708 2306 1763 sed
2337 1707 2625 1780 compello
2660 1708 2742 1761 ¹⁴¹.
2777 1729 2805 1758 ››
2839 1706 2944 1762 His
2977 1706 3242 1779 expletis,
3275 1708 3630 1770 Hulodoicus

195 1797 447 1855 civitatis
474 1793 820 1867 corruperit,
843 1793 1220 1866 collectisque
1248 1794 1392 1850 viris
1423 1796 1862 1868 fortissimis,in
1895 1830 1943 1895 Β
1973 1794 2198 1851 lumine
2226 1795 2510 1868 privatur,
2542 1801 2600 1851 et
2630 1795 3022 1868 Berengarius
3054 1811 3232 1869 regno
3263 1799 3504 1869 potitur.

193 1885 316 1960 ipso
373 1884 565 1940 noctis
614 1883 932 1939 conticinio
985 1883 1278 1940 civitatem
1328 1883 1643 1957 ingressua
1692 1886 1869 1942 fuerit

198 1973 377 2047 (ιαμ).

257 2065 349 2119 40.
381 2060 624 2117 Fluvius
654 2059 921 2129 Athesis,
959 2061 1113 2116 sicut
1164 2061 1392 2118 Tiberis
1437 2062 1707 2129 Romam,
1742 2081 1864 2120 me-

197 2151 352 2206 diam
383 2148 676 2206 civitatem
709 2147 1008 2204 Veronam
1041 2149 1550 2222 percurrit.Super
1582 2169 1760 2224 quem
1781 2152 1868 2208 in-

197 2254 338 2312 gens
370 2254 741 2294 marmoreus
771 2236 911 2292 miri
938 2238 1130 2309 cperis
1146 2237 1422 2311 miraque
1436 2241 1865 2312 magnitudinis

194 2345 341 2401 pons
371 2331 462 2383 est
510 2327 864 2383 fabricatus.
897 2327 943 2380 A
985 2325 1110 2382 leva
1136 2331 1332 2383 autem
1372 2332 1539 2400 parte
1577 2330 1861 2399 ﬂuminis,

197 2435 320 2489 quae
354 2421 443 2472 est
471 2415 811 2488 aquilonem
844 2431 1053 2470 versus
1083 2416 1506 2487 posita,civitas
1521 2422 1611 2474 est
1634 2419 1862 2476 difficili

195 2507 497 2577 arduoque
528 2504 673 2560 colle
700 2502 1114 2571 munita,adeo
1145 2508 1212 2560 ut
1236 2505 1284 2560 si
1317 2521 1384 2561 ea
1414 2522 1552 2577 pars
1584 2507 1860 2578 civitatis,

195 2611 372 2668 quam
407 2597 770 2650 memoratus
801 2592 1020 2648 ﬂuvius
1051 2593 1347 2650 dexteram
1375 2593 1645 2662 alluit,ab
1676 2595 1860 2653 hosti-

190 2683 294 2739 bus
336 2683 621 2755 capiatur,
653 2699 722 2738 ea
751 2686 952 2737 tamen
987 2680 1232 2738 viriliter
1279 2682 1466 2754 possit
1505 2684 1758 2740 defendi.
1795 2686 1858 2742 In

191 2772 374 2843 hujus
415 2786 552 2828 vero
603 2769 773 2828 collis
824 2769 1168 2827 summitate
1223 2770 1482 2843 prmciosi
1534 2773 1727 2845 operis
1770 2778 1860 2831 est

191 2861 422 2917 iaciesia
454 2860 827 2927 fabricata,in
860 2858 1078 2914 honore
1108 2859 1435 2916 beatissimi
1455 2861 1609 2916 Petri
1632 2876 1859 2934 aposto-

186 2949 385 3006 lorum
408 2949 693 3023 principis
728 2951 1089 3017 consecrata,
1124 2936 1223 3003 ubi
1257 2953 1313 3004 et
1345 2953 1583 3022 pr0pter
1617 2951 1856 3009 ecclesiae

191 3039 595 3096 amoenitatem
626 3037 860 3110 locique
890 3036 1279 3094 munitionem
1323 3037 1678 3096 Hulodoicus
1729 3059 1856 3099 ma-

191 3130 393 3186 nebat.

2045 1885 2134 1939 42.
2164 1883 2598 1956 Ilungariorum
2630 1883 2852 1939 interea
2881 1885 3102 1952 rabies,
3136 1885 3275 1957 quia
3312 1904 3413 1960 per
3455 1890 3634 1948 Saxo-

1973 1987 2100 2040 nes,
2134 1973 2410 2044 Francos,
2442 1972 2686 2037 Suevos,
2721 1972 3046 2044 Bagoarios
3078 1974 3416 2046 nequibant,
3450 1983 3630 2038 totam

1973 2078 2076 2134 per
2109 2060 2338 2117 Italiam
2387 2059 2567 2117 nullis
2619 2059 3044 2119 resistentibus
3093 2063 3388 2123 dilatatur.
3418 2067 3636 2128 Verum

1973 2151 2115 2222 quia
2144 2150 2532 2223 Berengarius
2564 2149 2814 2206 ﬁrmiter
2843 2167 2991 2207 suos
3023 2151 3241 2210 milites
3292 2156 3494 2215 fideles
3533 2159 3636 2217 ha-

1973 2239 2109 2296 bere
2139 2257 2255 2296 non
2287 2243 2534 2311 poterat,
2564 2239 2785 2294 amicos
2817 2238 2936 2295 sibi
2981 2241 3310 2315 Hungarios
3341 2263 3458 2304 non
3507 2266 3633 2306 me-

1976 2329 2258 2384 diocriter
2287 2329 2518 2384 fecerat.

2042 2419 2131 2475 43.
2165 2419 2277 2474 Sed
2310 2423 2368 2473 et
2397 2415 2691 2483 Saraceni,
2726 2417 2850 2487 qui,
2887 2417 3043 2474 sicut
3071 2419 3212 2487 dixi,
3246 2422 3632 2481 Fraxenetum

1971 2506 2402 2575 inhabitabant,
2458 2509 2594 2576 post
2664 2503 3114 2562 labefactionem
3176 2508 3630 2568 Provincialium

1970 2596 2261 2667 quasdam
2293 2609 2562 2651 summas
2590 2591 2763 2648 Italiae
2791 2598 2987 2666 partes
3016 2595 3129 2651 sibi
3142 2596 3365 2655 vicinas
3379 2616 3496 2656 non
3509 2618 3629 2658 me-

1970 2684 2245 2740 diocriter
2273 2682 2610 2750 laniabant;
2645 2681 2788 2738 adeo
2814 2687 2900 2750 ut,
2935 2684 3306 2757 depopulatis
3355 2687 3629 2760 plurimis

1967 2773 2238 2840 urbibus,
2270 2775 2471 2846 Aquas
2515 2772 2627 2843 (87)
2657 2771 2944 2841 venirent,
2997 2791 3125 2845 quae
3171 2778 3260 2831 est
3308 2775 3512 2834 civitas
3562 2781 3632 2835 40

1966 2863 2150 2919 ferme
2177 2860 2454 2919 miliariis
2479 2860 2656 2933 Papia
2681 2861 2912 2918 distans
2936 2861 3161 2927 “9.0um
3193 2863 3371 2920 etiam
3394 2870 3631 2939 propter

1965 2952 2227 3009 thermas
2263 2951 2418 3008 miro
2448 2948 2508 3005 in
2539 2953 2913 3024 tetragonum
2931 2952 3105 3008 modo
3130 2951 3534 3012 adlevandum
3547 2955 3629 3011 ibi

1965 3042 2317 3098 constitutas
2346 3038 2700 3096 vocabulum
2731 3040 2979 3113 hujusce
3009 3040 3218 3098 sortita
3253 3046 3364 3098 est.
3399 3044 3625 3102 Tantus

1965 3129 2122 3186 enim
2146 3129 2327 3187 timor
2354 3129 2647 3185 invaserat
2676 3129 3002 3197 universos,
3028 3133 3094 3186 ut
3121 3129 3320 3187 nullus
3341 3137 3497 3189 esset
3526 3133 3626 3206 qui

253 3220 356 3274 41..
381 3216 769 3291 Berengarius
801 3215 1155 3288 denique,ut
1183 3217 1407 3290 praefati
1439 3225 1852 3285 sumus,noctu
1884 3203 1928 3270 C
1966 3218 2176 3274 horum
2211 3218 2584 3290 praesentiam
2612 3217 2727 3275 nisi
2759 3219 2904 3276 forte
2931 3218 3245 3276 tutissimis
3270 3203 3627 3292 praestolare-

190 3307 490 3364 civitatem
522 3307 854 3379 ingressus,
877 3304 1028 3361 clam
1056 3305 1374 3362 Hulodoico
1399 3306 1523 3363 suis
1541 3325 1676 3364 cum
1699 3311 1856 3365 mili-

192 3397 352 3453 tibus
383 3399 627 3469 pontem
658 3394 1081 3468 pertransiens,
1116 3395 1175 3449 in
1220 3395 1347 3468 ipso
1397 3413 1606 3453 aurore
1649 3415 1855 3471 crepu-

195 3486 354 3543 sculo
386 3485 551 3541 hunc
580 3500 772 3557 usque
802 3485 1053 3540 advenit.
1075 3484 1181 3550 Qui
1203 3484 1457 3541 clamore
1488 3487 1857 3560 strepituque

195 3574 451 3630 militum
484 3574 762 3641 exitatus,
798 3573 1246 3646 sciscitatusque
1277 3576 1417 3647 quid
1448 3581 1620 3646 esset,
1657 3578 1716 3633 in
1747 3596 1855 3635 830-

191 3661 431 3719 clesiam
474 3663 673 3736 fugiit,
709 3661 1025 3735 nullusque
1074 3680 1231 3731 eum,
1264 3669 1473 3736 praeter
1521 3668 1855 3740 Berengarii

193 3752 441 3810 militem
489 3767 701 3821 unum,
735 3752 838 3808 ubi
886 3757 1059 3820 esset,
1096 3753 1348 3826 agnovit.
1384 3755 1490 3821 Qui
1523 3756 1854 3814 misericor-

192 3840 284 3897 dia
304 3846 534 3909 motus,
570 3839 760 3897 noluit
788 3841 946 3897 hunc
974 3842 1240 3914 prodere,
1265 3843 1364 3898 sed
1398 3842 1856 3904 celare.Timens

185 3945 320 3987 vero
349 3930 658 3998 isdem,ne
690 3930 762 3985 ab
790 3928 922 3986 aliis
951 3935 1218 4003 repertus
1245 3933 1596 4004 proderetur
1614 3933 1854 4008 vitaque

191 4019 566 4088 multaretur,
619 4019 1036 4092 Berengarium
1081 4021 1206 4077 adit
1255 4021 1370 4094 (an.
1404 4022 1552 4092 905),
1599 4040 1854 4097 eumque

186 4105 264 4162 ita
293 4106 573 4164 convenit
599 4123 614 4164 :
647 4130 675 4158 «
709 4107 998 4172 Quoniam
1030 4108 1265 4181 quidem
1297 4111 1444 4166 tanti
1474 4115 1542 4172 te.
1562 4112 1716 4169 Deus
1747 4113 1852 4169 ha-

185 4195 329 4264 buit,
367 4201 439 4254 ut
469 4201 639 4253 tuum
673 4198 942 4270 proprias
975 4199 1034 4253 in
1067 4215 1278 4255 manus
1305 4200 1559 4257 traderet
1599 4201 1849 4273 hostem,

185 4285 362 4344 debes
397 4290 458 4342 et
486 4291 551 4342 tu
583 4288 714 4358 ejus
747 4288 990 4355 monita,
1024 4288 1206 4344 immo
1238 4294 1544 4361 praecepta,
1562 4292 1850 4364 magnifa-

186 4389 329 4431 cere.
347 4374 553 4447 Inquit
584 4375 740 4431 enim
774 4393 786 4431 :
817 4378 996 4433 Estote
1020 4377 1415 4446 misericordes,
1438 4381 1580 4434 sicut
1608 4388 1660 4436 et
1687 4383 1851 4438 Pater

181 4471 354 4520 vester
382 4465 699 4521 misericors
726 4469 826 4522 est.
862 4466 1050 4521 Nolite
1081 4465 1359 4538 judicare,
1393 4472 1443 4522 et
1471 4483 1584 4522 non
1621 4468 1846 4540 judica-

1965 3311 2062 3363 tur
2091 3307 2151 3362 in
2176 3307 2344 3364 locis.

2037 3397 2126 3451 44.
2161 3397 2377 3452 Eodem
2421 3399 2685 3467 tempore
2733 3395 3006 3453 Saraceni
3045 3395 3117 3451 ab
3158 3394 3350 3451 Africa
3397 3395 3622 3454 ratibus

1966 3490 2263 3552 exeuntes,
2296 3483 2648 3553 Calabriam,
2677 3484 3015 3558 Appuliam,
3048 3485 3460 3552 Beneventum,
3503 3485 3622 3540 Ro-

1967 3590 2277 3630 manorum
2307 3574 2486 3630 etiam
2518 3589 2688 3644 pcene
2716 3590 2922 3632 omnes
2951 3573 3214 3630 civitates
3240 3572 3322 3628 ita
3365 3589 3621 3645 occupa-

1963 3667 2266 3732 verunt,ut
2295 3678 2783 3736 unamquamque
2795 3663 3086 3719 civitatem
3106 3661 3358 3718 mediam
3373 3662 3620 3718 Romani

1965 3751 2315 3821 obtinerent,
2349 3751 2605 3808 mediam
2636 3752 2915 3809 Africani.
2950 3753 3013 3808 In
3044 3755 3242 3808 monte
3273 3751 3488 3824 quippe
3513 3751 3620 3809 Ga-

1966 3841 2186 3898 reliano
2216 3841 2608 3898 munitionem
2640 3842 3086 3910 constituerant,
3120 3841 3179 3896 in
3225 3857 3339 3913 quo
3385 3856 3617 3913 uxores,

1964 3931 2236 4003 parvulos
2267 3930 2549 4004 captivos,
2582 3946 2938 4004 omnemque
2968 3929 3434 4005 suppellectilem
3475 3932 3618 3989 satis

1963 4025 2090 4078 tuto
2122 4022 2449 4078 servabant.
2481 4020 2663 4076 Nemo
2693 4021 2873 4078 etiam
2905 4021 2976 4077 ab
3008 4037 3244 4090 occasu,
3275 4020 3396 4078 sive
3426 4021 3498 4077 ab
3525 4037 3617 4077 ar-

1963 4113 2147 4180 cturo,
2180 4109 2462 4166 orationis
2493 4108 2681 4182 gratia
2712 4111 2783 4166 ad
2815 4109 3293 4168 beatissimorum
3323 4109 3617 4183 apostolo-

1959 4215 2095 4255 rum
2126 4197 2335 4254 limina
2365 4199 2612 4254 Romam
2636 4199 2887 4255 transire
2916 4202 3163 4270 poterat,
3186 4197 3287 4270 qui
3314 4199 3387 4254 ab
3412 4197 3506 4254 his
3519 4203 3619 4254 aut

1957 4304 2074 4343 non
2105 4290 2431 4359 caperetur,
2463 4290 2566 4342 aut
2596 4303 2711 4342 non
2742 4287 2974 4344 modico
3007 4288 3141 4343 dato
3168 4285 3377 4358 praecio
3415 4285 3617 4340 dimit-

1959 4380 2192 4432 teretur.
2226 4375 2508 4440 Quamvis
2538 4375 2696 4431 enim
2728 4375 2944 4432 misera
2974 4375 3139 4431 Italia
3159 4373 3362 4430 multis
3379 4374 3616 4446 Hunga-

1957 4465 2178 4521 riorum
2209 4469 2266 4520 et
2307 4481 2376 4520 ex
2421 4465 2740 4520 Fraxaneto
2774 4465 2839 4498 ¹⁴³
2870 4463 3298 4519 Saracenorum
3342 4461 3611 4518 cladibus

186 4551 385 4608 bimim’
402 4569 427 4615 ;
474 4553 649 4609 nolite
687 4553 1103 4626 condempnare,
1155 4563 1206 4611 et
1253 4571 1365 4611 non
1418 4556 1844 4628 condempnabi-
1877 4573 1924 4638 D
1956 4557 2340 4628 premeretur,
2367 4551 2546 4607 nullis
2578 4555 2779 4609 tamen
2811 4550 2982 4608 furiis
3029 4554 3132 4608 aut
3161 4550 3432 4622 pestibus
3461 4549 3614 4607 sicut

179 4642 325 4696 mini
343 4643 505 4712 (Luc.
528 4658 608 4710 v1,
628 4644 784 4711 36).»
817 4642 1106 4700 Intellexit
1133 4643 1331 4715 itaque
1361 4644 1852 4718 Berengarius,ut
1961 4643 2034 4699 ab
2064 4641 2354 4698 Africanis
2385 4639 2738 4713 agitabatur.

185 4728 272 4784 vir
301 4747 429 4786 non
459 4728 796 4798 incallidus,
845 4732 1024 4800 hunc,
1057 4748 1174 4804 quo
1223 4733 1348 4806 ipse
1399 4731 1623 4802 lateret,
1658 4735 1847 4792 scium

139 4812 142 4815 ’
188 4833 337 4886 esse,
374 4835 634 4891 eumque
659 4819 999 4893 sophystica
1025 4820 1136 4876 hac
1167 4822 1547 4894 responsione
1577 4824 1805 4898 decepit
1832 4844 1845 4882 :

186 4928 214 4955 «
247 4907 513 4964 Putasne
544 4924 656 4974 me,
689 4908 935 4978 insulse,
969 4926 1145 4982 quem
1175 4910 1460 4967 Dominus
1491 4913 1733 4969 tradidit
1750 4914 1849 4971 ho-

2029 4733 2116 4788 45.
2149 4731 2355 4786 Fertur
2384 4733 2579 4785 autem
2611 4728 2718 4784 hac
2749 4728 3052 4786 occasione
3078 4728 3152 4784 ab
3180 4727 3374 4784 Africa
3403 4726 3609 4785 exivis-

1957 4836 2041 4888 se,
2066 4825 2241 4892 atque
2271 4817 2500 4875 Italiam
2532 4817 2898 4874 adventasse.
2925 4817 3116 4874 Leone
3146 4820 3325 4890 atque
3363 4816 3610 4874 Alexan-

1956 4912 2059 4967 dro
2091 4906 2544 4981 imperatoribus
2593 4907 2865 4979 augustis
2893 4906 3194 4962 hominem
3236 4906 3606 4974 exeuntibus,

185 4994 436 5063 minem,
468 4995 653 5053 immo
684 5013 902 5071 regem,
935 4997 1080 5055 velle
1128 4998 1388 5056 occidere
1407 5000 1434 5055 Ἰ
1464 5000 1762 5074 Numquid
1790 5007 1848 5060 et
1954 4999 2273 5066 Romanos,
2316 4999 2382 5051 ut
2429 4994 2607 5052 latius
2638 4994 2852 5052 dicturi
2883 5011 3113 5064 sumus,
3142 5011 3279 5051 cum
3319 4995 3604 5052 Constan-

183 5082 368 5142 David
403 5090 644 5142 sanctus
667 5102 862 5159 regem
892 5086 1170 5144 Sahulem
1201 5105 1236 5144 a
1263 5087 1380 5145 Deo
1402 5087 1514 5145 sibi
1546 5089 1606 5144 in
1631 5107 1843 5149 manus
1953 5089 2094 5154 tino,
2129 5087 2230 5160 qui
2261 5101 2416 5141 nunc
2445 5100 2634 5156 usque
2663 5087 2953 5157 superest,
2990 5084 3196 5141 Leonis
3237 5083 3606 5157 imperatoris

1537 5196 1778 5254 VARIE
1818 5195 2228 5255 LECTIONES.

259 5289 342 5369 13°_
355 5289 662 5369 impensas
685 5291 740 5369 _l.
820 5292 887 5329 13°
916 5292 1091 5366 quipe
1120 5293 1173 5364 l,
1251 5293 1316 5330 ¹⁴⁰
1345 5297 1434 5350 set
1463 5308 1604 5350 corr.
1641 5296 1762 5353 sed.
1795 5297 1850 5354 4.
1877 5296 2099 5369 sapius.
2142 5293 2203 5327 ¹⁴¹
2240 5290 2310 5348 ἱεο
2344 5307 2392 5359 C-
2425 5289 2621 5345 desunt
2648 5291 2702 5346 2.
2730 5291 2790 5346 in
2814 5290 3040 5362 pagina?
3067 5289 3196 5362 ﬁne.
3250 5290 3318 5328 ¹⁴²
3347 5289 3602 5347 discens.

190 5358 245 5416 4.
325 5361 398 5395 ¹⁴³
426 5358 646 5420 fraxeto
676 5363 730 5419 Ι.

1732 5477 1741 5484 -
1775 5457 2010 5515 NOTAE.

265 5545 394 5691 £843
423 5547 486 5610 Id
514 5551 606 5634 est
634 5549 989 5635 clanculum.

293 5620 372 5674 85
420 5619 500 5678 Cf.
535 5621 651 5679 Cic.
683 5637 744 5680 In
779 5621 949 5681 Catil.
981 5623 989 5681 l

293 5619 393 5691 85)
420 5619 651 5679 Cf.'Cic.
683 5622 744 5680 in
779 5621 949 5681 Catil.
981 5622 1028 5692 Ι,
1057 5636 1096 5680 1.

2027 5552 2142 5617 (86)
2162 5551 2226 5608 Id
2257 5551 2347 5607 est
2376 5545 2596 5616 fasciis,
2628 5546 2896 5606 vinculis.

2030 5553 2122 5617 (86
2162 5552 2226 5608 Id
2257 5552 2347 5607 est
2376 5552 2596 5616 fasciis,
2628 5552 2896 5606 vinculis.

2030 5552 2142 5697 (mi
2171 5621 2364 5696 Aequi,
2399 5620 2470 5680 ad
2500 5619 2837 5681 Bormidam
2864 5618 3112 5686 ﬂuvium
3137 5618 3267 5681 sita.
