4064 6174
507 296 624 363 831

1468 287 1954 358 LIUTPRANDI
1998 281 2547 351 CREMONENSIS
2589 283 2967 349 EPISCOPI.
3764 284 3860 346 832

508 431 658 508 plice
685 424 1020 497 rebellasse,
1044 443 1220 504 quem
1249 443 1284 485 a
1312 441 1446 502 rege
1476 425 1589 485 sibi
1619 424 1904 482 traditum
1935 422 2159 496 absque
2187 422 2242 491 Α
2272 421 2406 481 fidei
2437 427 2549 480 tua;
2580 425 2637 478 te
2666 421 2861 496 ipsum
2883 415 3262 487 committo,si
3278 415 3426 476 male
3450 422 3642 476 contra
3659 435 3744 477 me
3761 437 3864 496 ege-

508 524 636 596 ejus
667 519 906 578 licentia
958 522 1238 577 noverant
1290 517 1588 573 dimisisse
1639 516 1725 569 ‘57.
1753 514 1861 579 Qui
1911 511 2159 586 regressi

508 611 776 686 protinus
806 610 878 667 ad
911 625 1126 682 regem,
1157 607 1575 664 Terentianum
1625 605 1771 660 illud
1811 603 1923 676 (90)
1957 619 2058 676 pro
2081 617 2164 656 re-

509 699 824 774 sponsione
853 699 1137 755 dederunt
1170 714 1182 754 :
1216 698 1355 753 Huic
1383 695 1740 761 commendes,
1775 701 1826 749 et
1855 693 1985 765 quid
2025 695 2164 747 recte

507 795 764 846 curatum
792 791 946 845 velis.

579 880 669 934 60.
703 878 825 942 Quo
880 881 1141 948 tempore
1201 874 1488 931 Rodulfus
1543 888 1643 928 rex
1701 868 2163 944 superbissimus

511 965 1030 1040 Burgundionibus
1061 965 1406 1037 imperabat.
1441 962 1542 1018 Cui
1566 963 1622 1016 in
1655 964 2037 1033 augmentum
2061 974 2162 1030 po-

509 1055 706 1112 tentias
736 1055 847 1110 hoc
878 1054 1214 1122 accessit,ut
1239 1050 1632 1124 potentissimi
1654 1054 1974 1104 Suevorum
1999 1046 2164 1102 ducis

510 1143 836 1200 Bruchardi
868 1141 1072 1209 ﬁliam,
1105 1140 1342 1196 nomine
1372 1137 1748 1206 Bertam,sibi
1776 1136 2047 1207 conjugio
2069 1151 2165 1190 co-

509 1232 759 1306 pularet.
791 1231 978 1304 Igitur
1007 1229 1328 1297 Italienses,
1354 1228 1579 1284 nuntiis
1609 1225 2038 1292 directis,hunc
2069 1241 2162 1280 ve-

483 1321 660 1388 'nire,
692 1319 1108 1392 Berengarium
1137 1333 1272 1374 vero
1302 1315 1585 1388 expellere
1619 1319 1844 1388 petunt.

581 1411 672 1466 61.
697 1409 853 1464 Inter
881 1408 1172 1480 agendum
1205 1407 1400 1462 autem
1423 1405 1667 1478 contigit
1693 1408 1809 1473 (an.
1841 1404 1968 1472 921)
1999 1403 2164 1458 Hun-

512 1497 706 1572 garios
734 1496 1024 1553 Veronam
1046 1495 1560 1568 bisignorantibus
1577 1493 2162 1564 advenisse;quorum

511 1587 626 1643 duo
655 1601 822 1658 reges
851 1586 1072 1642 Dursac
1103 1589 1160 1641 et
1188 1585 1375 1657 Bugat
1423 1581 1771 1639 amicissimi
1818 1581 2163 1654 Berengario

512 1676 766 1733 fuerant.
789 1675 1137 1731 Adelbertus
1169 1673 1419 1745 denique
1447 1671 1710 1727 marchio
1741 1677 1917 1743 atque
1947 1669 2164 1726 Odelri-

512 1783 617 1822 cus
660 1780 857 1822 comes
888 1763 1112 1836 palatii.
1133 1761 1493 1819 Gislebertus
1514 1761 1690 1816 etiam
1714 1759 2162 1831 comes,plures-
2198 1795 2246 1860 B

519 1870 632 1926 que
655 1852 924 1921 alii,dum
941 1852 1016 1907 -in
1039 1851 1335 1907 montanis
1349 1849 1628 1905 Brixianaa
1662 1849 1914 1905 civitatis
1947 1865 2070 1920 qua:
2095 1850 2166 1904 50

515 1941 791 1998 miliariis
827 1941 1055 1997 Verona
1085 1940 1266 1996 distat
1297 1939 1383 2011 “3,
1408 1937 1811 1995 conventicula
1857 1938 1929 1993 ob
1961 1939 2168 1994 Beren-

515 2030 664 2104 garii
714 2029 1099 2101 dejectionem
1160 2027 1461 2095 haberent,
1507 2027 1731 2100 rogavit
1781 2025 2168 2100 Berengarius

516 2117 826 2191 Hugarios,
861 2121 927 2174 ut
954 2117 1005 2173 si
1035 2134 1097 2174 se
1147 2121 1435 2183 amarent,
1486 2133 1665 2189 super
1714 2117 1984 2171 inimicos
2029 2133 2170 2172 suos

516 2207 828 2264 irruerent.
886 2207 956 2263 Hi
986 2223 1147 2275 vero,
1178 2210 1244 2263 ut
1272 2209 1441 2263 erant
1471 2205 1630 2262 necis
1687 2205 1864 2270 avidi,
1913 2203 2169 2260 bellandi

489 2295 736 2369 cupidi,
781 2312 817 2352 a
867 2295 1213 2369 Berengario
1263 2311 1398 2352 mox
1435 2295 1701 2367 praeduce
1750 2297 2006 2366 accepto,
2068 2310 2172 2366 per

518 2385 750 2460 ignotas
773 2385 898 2441 vias
931 2402 966 2441 a
989 2389 1152 2458 tergo
1174 2384 1282 2441 hos
1303 2400 1492 2456 usque
1504 2383 1858 2451 adveniunt;
1891 2386 2171 2454 tantaque

517 2474 649 2532 illos
693 2477 834 2531 tunc
877 2473 1171 2530 celeritate
1215 2473 1580 2542 confodiunt,
1629 2477 1695 2527 ut
1738 2488 1844 2528 nec
1887 2471 2168 2527 induendi

519 2562 757 2636 quidem
786 2562 1127 2619 sumendive
1159 2579 1322 2618 arma
1351 2561 1610 2634 spatium
1661 2561 1873 2618 habere
1913 2560 2166 2633 quirent.

517 2651 713 2725 Captis
742 2651 923 2724 igitur
950 2650 1220 2723 cesisque
1250 2649 1480 2716 multis,
1513 2647 1817 2705 Odelricus
1847 2649 2045 2722 palatii
2076 2665 2170 2704 co-

526 2756 675 2806 mes,
709 2739 809 2811 qui
841 2755 904 2794 se
934 2755 1050 2794 non
1082 2740 1150 2775 ‘59
1176 2737 1419 2794 viriliter
1463 2738 1818 2805 defenderat,
1864 2737 2169 2805 occiditur,

523 2825 871 2884 Adelbertus
920 2830 1118 2884 autem
1169 2826 1432 2882 marchio
1463 2830 1519 2882 et
1549 2825 1910 2882 Gislebertus
1941 2826 2050 2881 vivi
2084 2843 2173 2882 ca-

527 2916 789 2989 piuntur°

592 3005 688 3062 62.
713 3003 930 3060 Verum
959 3003 1325 3074 Adelbertus,
1357 3007 1422 3060 ut
1451 3007 1575 3060 erat
1601 3003 1689 3058 vir
1713 3019 1830 3060 non
1859 3002 2172 3060 bellicosus

523 3093 627 3150 sed
659 3093 998 3166 sagacitatis
1015 3093 1081 3128 ¹⁶⁰
1100 3091 1397 3165 nimieque
1415 3091 1920 3161 calliditatis,dum
1943 3093 2172 3150 inruere

523 3181 853 3256 Hungarios
879 3181 1140 3255 undique
1173 3186 1452 3250 cerneret,
1486 3186 1755 3254 essetque
1786 3181 1870 3237 illi
1911 3182 2169 3256 fugiendi
2201 3167 2243 3235 C

522 3287 658 3344 spes
687 3271 880 3328 omnis
911 3271 1388 3340 ablata,balteum
1421 3271 1800 3344 armillaeque
1831 3288 2037 3328 aureas
2053 3288 2174 3328 om-

523 3375 778 3434 nemque
803 3361 1150 3434 praeciosum
1183 3361 1524 3433 abparatum
1549 3361 1810 3434 projecit,
1841 3360 2172 3434 vilibusque

521 3466 585 3508 se
616 3449 820 3507 militis
852 3450 944 3507 sui
976 3448 1170 3507 induit
1193 3449 1578 3517 vestimentis,
1632 3467 1704 3506 ne
1756 3451 1827 3506 ab
1861 3450 2172 3522 Hungariis

524 3539 627 3622 qui
647 3545 803 3599 esset
823 3538 1466 3613 dinosceretur.Captus
1486 3539 1682 3612 itaque
1701 3539 2171 3612 sciscitatusque,

523 3635 658 3708 quis
685 3628 1073 3699 esset,militis
1104 3629 1416 3700 cujusdam
1441 3627 1685 3684 militem
1704 3645 1767 3685 se
1789 3645 1917 3685 esse
1938 3645 2175 3701 respon-

529 3719 1002 3792 dit.Rogavitque
1031 3734 1094 3774 se
1130 3718 1202 3772 ad
1244 3717 1504 3772 vicinum
1539 3716 1864 3789 castellum,
1895 3718 2175 3776 vocabulo

523 3806 867 3874 Calcinaria,
903 3805 1058 3874 duci,
1093 3805 1151 3861 in
1175 3821 1290 3876 quo
1323 3809 1614 3877 parentes,
1638 3806 1738 3877 qui
1770 3821 1904 3862 eum
1935 3806 2178 3862 redime-

526 3901 677 3965 rent,
709 3913 772 3953 se
802 3894 1019 3950 habere
1063 3893 1380 3950 asserebat.
1414 3894 1639 3952 Dnctus
1670 3895 1872 3966 igitur,
1891 3895 2029 3968 quia
2059 3913 2176 3951 non

526 3985 786 4061 agnitus,
815 3982 1103 4040 vilissimo
1135 3981 1334 4056 praztio
1364 3987 1755 4054 comparatur.
1789 3983 1944 4039 Emit
1981 3987 2176 4040 autem

525 4074 694 4132 illum
721 4089 868 4129 suus
898 4071 1087 4144 ipsius
1119 4071 1313 4140 miles,
1345 4070 1582 4127 nomine
1615 4072 1747 4127 Leo.

596 4163 687 4220 63.
719 4159 1081 4218 Gislebertus
1111 4159 1382 4232 denique,
1433 4159 1572 4232 quia
1614 4160 1873 4233 agnitus,
1929 4162 2181 4236 ﬂagella-

525 4258 644 4322 tus,
670 4250 921 4319 vinctus,
957 4249 1326 4318 seminudus,
1354 4253 1488 4305 ante
1519 4249 1672 4321 regis
1695 4251 2019 4324 Berengarii
2043 4270 2180 4325 pra:-

527 4341 779 4399 sentiam
809 4338 1379 4396 ducitur.Enimvero
1393 4339 1537 4394 dum
1553 4343 1685 4395 ante
1700 4356 1834 4395 eum
1858 4341 1984 4397 sine
2007 4342 2180 4398 femo-

527 4431 947 4495 ralibus,curta
976 4427 1224 4484 indutus
1254 4427 1628 4494 endromade,
1661 4429 1894 4496 ductus,
1923 4431 2076 4503 regis
2108 4431 2190 4486 ad.

2271 514 2373 582 ris,
2408 513 2693 570 rationem
2728 511 3095 568 redditurum
3126 513 3263 565 Deo.
3298 530 3325 558 »

2341 605 2430 658 64.
2467 603 2633 658 Hunc
2663 602 2915 674 denique
2953 601 3025 655 ad
3069 599 3301 672 propria
3343 599 3695 668 redeuntem,
3741 602 3864 674 regis

2272 709 2450 767 gener
2477 691 2822 748 Adelbertus
2855 689 3145 761 ceterique
3167 689 3421 762 quicum
3444 705 3508 744 eo
3531 689 3695 744 simul
3723 690 3866 746 rebel-

2273 782 2358 838 les
2406 783 2734 852 extiterant,
2786 780 3006 851 accepti
3052 778 3455 834 immemorem
3507 777 3765 846 benefitii,
3809 781 3865 836 ob

2273 871 2610 936 Rodulfum,
2641 875 2705 925 ut
2726 870 3014 937 adveniat,
3048 867 3324 940 dirigunt.
3343 866 3633 922 Profectus
3661 868 3864 941 denique

2273 961 2476 1016 eodem
2509 959 3031 1026 Gislebertus,ante
3045 959 3111 1012 30
3141 956 3264 1012 dies
3295 973 3430 1012 eum
3456 956 3671 1012 Italiam
3700 958 3866 1013 adven-

2273 1055 2395 1106 tare
2423 1050 2627 1122 coegit.
2663 1049 2770 1114 Qui
2800 1051 3108 1120 susceptus
3140 1047 3200 1082 ¹⁶¹
3253 1047 3324 1102 ab
3375 1046 3662 1114 omnibus,
3692 1045 3760 1102 nil
3785 1047 3863 1102 Be-

2275 1139 2541 1212 rengario
2573 1156 2640 1195 ex
2670 1139 2829 1194 omni
2862 1154 3038 1210 regno
3069 1140 3277 1208 praeter
3323 1136 3613 1191 Veronam
3650 1135 3862 1202 dimisit;

2274 1228 2581 1300 tenuitque
2603 1231 2790 1282 totum
2813 1243 2917 1298 per
2935 1225 3254 1281 triennium
3276 1223 3522 1280 viriliter
3536 1240 3760 1297 regnum
3779 1225 3864 1296 (an.

2272 1320 2378 1372 922
2406 1321 2536 1373 Jan.
2572 1349 2639 1356 —
2667 1317 2773 1372 926
2799 1316 2962 1387 1211.).

2344 1409 2434 1462 65.
2468 1411 2611 1461 Cum
2648 1407 2712 1461 12
2743 1405 2980 1460 sibimet
3007 1402 3165 1459 horis
3214 1402 3392 1457 homo
3446 1401 3679 1473 placeat,
3709 1400 3867 1473 displi-

2275 1501 2420 1562 ceat,
2453 1497 2562 1551 hoc
2594 1495 2765 1552 modo
2797 1493 3002 1567 diligat
3034 1494 3117 1560 ¹⁶²,
3153 1491 3296 1546 illud
3331 1508 3469 1547 mox
3498 1492 3866 1562 aspernetur“3

2275 1587 2374 1657 qui
2411 1586 2532 1639 ﬁeri
2560 1587 2768 1657 potest,
2807 1587 2871 1637 ut
2919 1581 3193 1637 omnibus
3240 1597 3477 1653 semper
3522 1579 3870 1652 mquanimiter

2275 1673 2538 1748 placeat?
2571 1673 2755 1746 Igitur
2787 1673 2937 1728 infra
2968 1670 3285 1726 triennium
3325 1670 3486 1726 istud
3517 1686 3613 1725 rex
3638 1668 3865 1725 Rodulfus

2277 1763 2634 1836 quibusdam
2666 1763 2874 1831 bonus,
2911 1761 3041 1817 aliis
3072 1759 3262 1834 gravis
3290 1763 3382 1816 est
3407 1759 3587 1816 visus.
3618 1757 3760 1814 Unde
3781 1758 3867 1812 fac-

2277 1857 2404 1908 tum
2437 1856 2547 1920 est,
2578 1856 2644 1907 ut
2671 1852 2853 1907 totius
2883 1851 3044 1923 regni
3095 1849 3288 1905 media
3320 1865 3457 1921 pars
3488 1845 3678 1922 populi
3707 1845 3865 1903 Rodul-

2277 1943 2423 2011 fum,
2459 1941 2651 1996 media
2683 1941 3097 2013 Berengarium
3143 1937 3337 1995 vellet.
3373 1938 3588 1994 Parant
3623 1937 3791 2008 itaque
3815 1935 3867 1990 ci-

2276 2030 2388 2087 vile
2423 2048 2532 2086 non
2558 2030 2851 2086 modicum
2884 2027 3104 2084 bellum
3139 2047 3151 2097 ;
3185 2033 3244 2083 et
3273 2027 3554 2100 quoniam
3576 2025 3748 2090 Wido,
3777 2023 3865 2079 Pla-

2269 2119 2519 2176 ‘centinzn
2552 2117 2803 2174 civitatis
2829 2118 3158 2191 episcopus,
3192 2115 3528 2189 Berengarii
3561 2113 3793 2188 partibus
3814 2113 3868 2167 ia-

2276 2210 2466 2274 vebat,
2503 2210 2569 2263 12
2600 2207 2770 2280 longe
2800 2207 3095 2264 Placentia
3121 2205 3396 2262 miliariis
3421 2207 3588 2278 juxta
3617 2201 3866 2260 Florentio-

2282 2297 2396 2354 lam
2427 2296 2646 2354 bellum
2679 2297 3044 2353 constituunt
3075 2297 3160 2351 ‘5‘.

2491 2388 2642 2442 Tum
2675 2403 2852 2458 quam
2887 2385 3030 2441 satis
3061 2384 3301 2441 horrida
3326 2401 3524 2459 pugna

2492 2476 2690 2531 Oritur
2714 2475 2900 2531 civilis
2929 2478 2986 2530 et
3009 2479 3156 2542 atra,

2491 2565 2635 2633 Heu,
2669 2567 2948 2637 quattuor
2977 2569 3113 2620 ante
3143 2563 3442 2620 Kalendas

2492 2655 2706 2719 Quater
2738 2655 2802 2689 ¹⁶⁵
2830 2653 3092 2722 Sextilis;
3127 2657 3187 2708 at
3217 2653 3346 2726 ipse

2494 2743 2708 2799 Radios
2737 2758 3030 2816 emergere
3061 2741 3340 2811 Phaabus,

2494 2832 2714 2887 Bucina
2747 2833 2902 2888 Mars
2933 2848 3067 2888 cum
3090 2830 3298 2903 strepit
3331 2831 3468 2887 alta.

2495 2922 2680 2978 Gnato
2711 2921 2882 2977 Pater
2912 2920 3036 2994 ipse
3068 2921 3432 2993 perhennem

2495 3012 2627 3067 Fert
2652 3009 2982 3077 interitum,
3011 3009 3370 3083 genitusque

2494 3099 2776 3155 Perhimit
2806 3102 3053 3172 patrem,
3087 3098 3252 3154 dolor
3280 3099 3359 3156 he
3391 3100 3456 3136 ¹⁶⁶
3485 3097 3646 3171 quis?

2494 3189 2722 3246 Lmtum
2756 3192 2921 3261 parat
2948 3203 3079 3243 ecce
3109 3187 3307 3260 nepoti

2491 3278 2743 3347 Abavus,
2778 3278 3129 3334 sternendus
3155 3278 3225 3332 ab
3259 3278 3425 3351 ipso;

2494 3366 2684 3422 Furiis
2716 3365 2983 3438 pulsatus
3014 3367 3084 3422 ab
3117 3367 3262 3423 atris

2495 3457 2754 3512 Fratrem
2787 3455 2931 3512 fodit
2959 3452 3390 3512 eminus'alter.

2496 3545 2880 3618 Berengarius
2911 3544 3030 3600 ruit
3057 3544 3184 3618 ipse

2497 3635 2720 3691 Medios
2752 3651 2852 3690 rex
2883 3651 2986 3707 per
3007 3634 3162 3690 citus
3193 3634 3420 3706 hostes,

2500 3727 2827 3794 Properans
2863 3724 2924 3758 ⁸⁸⁷
2956 3738 3062 3778 ceu
3089 3721 3288 3796 fulgur
3321 3724 3396 3781 ab
3427 3722 3559 3790 alto,

2499 3813 2704 3868 Cancri
2736 3829 2909 3885 grave
2940 3812 3105 3868 sidus
3133 3811 3349 3869 aristas

2499 3900 2681 3956 Deicit
2709 3918 2845 3956 cum
2879 3900 3022 3956 falce
3054 3902 3120 3936 ³⁸⁸
3153 3901 3434 3959 novellas.

2497 3989 2680 4046 Aliter
2710 4007 2826 4046 non
2860 3991 3017 4047 ferus
3040 3995 3098 4046 et
3119 3994 3281 4047 atrox

2503 4079 2782 4136 Miserum
2811 4096 2909 4134 rex
2938 4079 3061 4152 ipse
3092 4079 3382 4137 Rodulfus

2502 4167 2688 4223 Deicit
2718 4184 2996 4224 mucrone
3017 4167 3341 4240 popellum.

2357 4256 2447 4311 66.
2481 4255 2727 4312 Dederat
2775 4273 2873 4312 rex
2921 4257 3207 4312 Rodulfus
3248 4257 3621 4314 \Valdradam
3663 4256 3862 4309 sororem

2252 4340 2254 4342 ’
2290 4363 2480 4414 suam,
2518 4349 2637 4400 tam
2669 4345 2857 4402 forma
2889 4363 3064 4418 quam
3096 4347 3387 4420 sapientia
3415 4364 3538 4420 qua:
3561 4358 3697 4400 nunc
3722 4346 3861 4405 usq“e

2291 4437 2558 4508 superest
2587 4434 2833 4490 honesta
2863 4439 3148 4502 matrona,
3176 4436 3485 4508 conjugcm
3517 4427 3770 4490 Bonefatio
3793 4437 3860 4478 co-

527 4522 707 4594 pedes
737 4535 958 4592 pronus
990 4517 1215 4606 concite
1245 4518 1496 4574 caderet.
1530 4516 1588 4571 in
1621 4517 1965 4591 genitalium
1993 4525 2184 4576 osten-
2211 4541 2257 4606 Ι)
2290 4524 2416 4578 miti
2450 4523 2985 4596 potentissimo,qui
3020 4528 3218 4580 nostro
3248 4531 3384 4597 post
3406 4531 3648 4596 tempore
3677 4511 3862 4606 (91)}!!-

529 4609 693 4666 sione
723 4606 1124 4663 membrorum
1172 4605 1292 4662 riso
1335 4623 1539 4662 omnes
1585 4606 1905 4662 emoririer.
1941 4609 2059 4664 Rex
2084 4627 2182 4666 au-

529 4701 669 4765 tem,
701 4694 936 4768 pietatis
967 4699 1034 4751 ut
1090 4698 1215 4751 erat
1244 4699 1489 4763 amator,
1527 4695 1929 4752 misericordia
1959 4715 2088 4770 qua:
2129 4699 2180 4755 ei

529 4783 697 4842 nulla
723 4783 1460 4852 debebaturinclinatus,ei
1483 4799 1620 4851 non,
1655 4787 1721 4838 ut
1748 4786 2002 4858 populus
2024 4792 2182 4859 opta-
2253 4783 2256 4785 Α

529 4873 628 4944 vil,
661 4873 886 4930 malum
934 4890 1039 4946 pro
1089 4871 1244 4928 malo
1294 4871 1587 4938 reddidit;
1620 4888 1825 4928 verum
1873 4875 2179 4933 confestim

529 4962 718 5020 lotum
749 4963 1106 5034 obtimisque
1125 4959 1386 5017 vestibus
1412 4959 1847 5032 indutum,eum
1869 4963 2030 5021 abire
2055 4982 2180 5038 pro-

531 5051 828 5111 misit.Cui
847 5055 906 5110 et
927 5051 1087 5107 ait:«
1112 5048 1543 5120 Jusjurandum
1584 5053 1699 5106 ate
1729 5051 1960 5108 nullum
1993 5054 2179 5129 exigo,

2290 4614 2652 4670 marinorum
2684 4616 2741 4668 et
2771 4612 3205 4684 Spoletinorum
3252 4614 3444 4670 extitit
3490 4607 3740 4668 marchio.
3767 4601 3858 4666 Hic,

2291 4702 2536 4758 collecta
2566 4701 2964 4772 multitudine,
2999 4719 3134 4758 cum
3166 4703 3446 4760 Gariardo
3477 4700 3676 4775 pariter
3703 4690 3861 4750 comite

2292 4791 2541 4847 Rodulfo
2575 4791 2634 4846 in
2667 4790 2953 4847 auxilium
2986 4795 3240 4860 venerat,
3275 4795 3540 4866 atque,ut
3557 4791 3668 4847 erat
3691 4784 3860 4866 Virtam

2293 4879 2541 4935 callidus
2564 4896 2740 4952 quam
2764 4879 3190 4950 audax,maluit
3212 4864 3406 4954 potius
3427 4896 3554 4938 cum
3569 4876 3679 4935 suis
3697 4873 3745 4929 in
3762 4864 3862 4924 insi-

2291 4967 2404 5024 diis
2433 4967 2662 5041 positus
2692 4969 2773 5024 rei
2818 4969 3036 5025 exitum
3075 4975 3396 5044 expectare,
3451 4984 3617 5043 quam
3659 4961 3857 5037 primum

2291 5055 2430 5111 belli
2489 5056 2775 5129 impetum
2833 5057 3144 5115 sustinere.
3188 5047 3440 5132 Jainjam
3489 5050 3695 5113 Rodulii
3735 5055 3858 5120 pane

1889 5160 2130 5217 VARIzE
2190 5162 2495 5220 LECTION
2500 5164 2603 5219 ES.

604 5257 671 5294 ³⁵⁷
703 5252 946 5310 dimisse
977 5251 1030 5308 4.
1109 5252 1172 5286 ¹⁵⁸
1204 5249 1405 5308 dictat.
1484 5253 1548 5288 '59
1577 5270 1630 5308 v.
1691 5271 1750 5309 ιι.
1781 5257 1835 5312 5.
1866 5259 1921 5312 5.
1955 5276 2007 5312 a.
2088 5260 2153 5294 ¹⁶⁰
2183 5277 2249 5316 sa

535 5345 604 5404 ς)Δὶ
623 5345 673 5404 s_,
706 5341 769 5382 ω.
804 5341 862 5397 p.
894 5322 1089 5380 desunt
1111 5327 1166 5404 ᾖ
1245 5323 1310 5357 ¹⁶³
1341 5329 1750 5404 aspernegetur
1779 5327 1832 5384 4.
1911 5331 1977 5366 ¹⁶⁴
2024 5335 2232 5404 parant

535 5399 604 5435 ¹⁶⁷
633 5395 918 5469 Properas
947 5409 1090 5452 corr.
1122 5395 1448 5468 Properans
1468 5397 1520 5454 4.
1600 5398 1882 5472 Properas
1910 5405 1967 5460 2.
1997 5395 2052 5459 5.
2131 5405 2407 5476 Properat
2433 5404 2470 5461 5
2499 5421 2552 5462 a.
2614 5395 2696 5442 ’ίδδ
2727 5405 2934 5464 falfaoe
2962 5406 3016 5464 4.

2129 5503 2364 5562 ΝΟΤΔΕ.

609 5579 728 5658 (90)
751 5580 999 5658 Adelphi
1029 5582 1124 5652 III,
1156 5599 1241 5654 ιιι,
1265 5585 1352 5643 19.

2253 5261 2512 5388 gsatitatis
2543 5261 2596 5317 4.
2675 5263 2737 5297 ¹⁶¹
2769 5266 3118 5388 ευρεοθὲῐιιε
3143 5265 3196 5320 4.
3274 5266 3338 5301 ¹⁶²
3366 5265 3404 5322 i.
3431 5281 3506 5321 m.
3538 5277 3653 5334 a.q.
3681 5257 3714 5313 f.
3740 5270 3783 5325 ι).
3812 5248 3858 5301 llt

2356 5349 2409 5388 a.
2487 5334 2553 5368 ¹⁶⁸
2596 5337 2849 5388 quatuor
2871 5335 2926 5388 5.
3039 5353 3094 5388 a.
3171 5337 3238 5374 ¹⁶⁶
3283 5337 3393 5388 heu
3439 5337 3676 5388 quantus
3698 5324 3854 5384 5.53-

2356 5349 2409 5409 a?
2437 5334 2553 5409 um
2596 5324 2926 5409 (Νὲλῖμρέδο
2974 5324 3094 5409 58.
3171 5337 3238 5374 ¹⁶⁶
3283 5337 3393 5394 heu
3439 5324 3676 5409 quantus
3698 5324 3854 5384 5.758-

2376 5591 2488 5666 (91)
2513 5582 2679 5656 Anno
2703 5594 2810 5655 946
2839 5611 2909 5658 ex
2926 5593 3213 5660 Chronico
3244 5575 3510 5658 Farfensi.
