4030 6184
165 255 284 320 833

1127 256 1743 320 ANTAI’ODOSEOS
1788 257 1994 319 LIBRI
2042 258 2308 322 SEX.—-
2337 259 2482 326 LIB.
2528 264 2604 325 II.

3448 267 3570 330 834

165 416 373 459 omnes
404 395 622 454 milites
651 392 940 465 fugerant,
962 395 1018 448 et
1038 391 1537 464 Berengarii,dato
1567 389 1816 446 victoriae
1846 393 1901 459 Α
2001 392 2089 446 71.
2125 393 2393 450 Beneﬁcii
2431 396 2644 469 quippe
2699 397 2974 470 praeteriti
3021 403 3078 455 et
3125 400 3426 471 praesentis
3457 401 3564 456 im-

164 493 336 566 siguo
368 486 640 562 colligere
683 482 872 556 spolia
900 482 1262 554 satagebant,
1295 498 1428 536 cum
1475 480 1818 535 Bonefacius

163 588 341 654 atque
362 576 699 638 Gariardus,
725 572 918 628 subito
940 588 1008 628 ex
1030 569 1259 626 insidiis
1284 573 1684 642 properantes,
1707 567 1816 623 hos

163 676 328 728 tanto
356 668 543 726 levius
573 667 792 737 quanto
831 660 1187 733 in0pinatius
1219 659 1573 716 sautiabant.
1609 658 1814 729 Peper-

161 763 325 818 cerat
352 754 670 814 Gariardus
713 749 1226 818 nonnullis,hasta
1267 765 1366 804 eos
1396 751 1453 803 et
1500 764 1614 802 non
1664 746 1814 802 ferro

161 848 525 924 percutiens;
559 840 890 900 Bonefatius
919 855 1073 905 vero,
1101 837 1246 893 nulli
1282 853 1548 910 parcens,
1570 836 1818 890 immen-

160 923 292 997 sam
325 938 539 994 fecerat
565 937 840 1004 stragem.
864 928 1109 1000 Signum
1140 927 1337 999 itaque
1356 923 1605 981 victoriae
1637 925 1812 979 Bone-

160 1029 353 1086 facius
405 1025 732 1094 concrepat,
781 1017 1247 1089 conveniuntque
1303 1015 1404 1087 qui
1461 1031 1530 1070 ex
1582 1011 1811 1069 Rodulﬁ

163 1121 332 1192 parte
383 1115 750 1186 aufugerant,
799 1110 1329 1181 perscquentesque
1376 1103 1809 1192 Berengaricos,

162 1191 366 1280 fugam
398 1202 529 1259 illos
551 1199 696 1257 inire
717 1197 1018 1270 cogebant.
1040 1193 1422 1267 Berbngarius
1443 1209 1575 1248 vero
1598 1191 1668 1247 ad
1696 1208 1811 1246 non

163 1294 531 1368 incognitum
557 1290 797 1345 Veronae
837 1284 1088 1358 perrexit
1125 1282 1359 1340 asilum.
1382 1283 1569 1337 Tanta
1599 1281 1813 1353 quippe

162 1391 307 1442 tunc
338 1381 774 1438 interfectorum
826 1379 1052 1447 strages
1109 1373 1261 1428 facta
1317 1375 1426 1436 est,
1459 1373 1526 1425 ut
1557 1369 1812 1424 militum

164 1489 356 1547 usque
383 1469 556 1527 hodie
581 1483 901 1541 permagna
927 1463 1140 1520 raritas
1169 1462 1473 1518 habeatur.

235 1564 324 1616 67.
353 1560 456 1615 His
488 1558 568 1614 ita
589 1555 859 1630 peractis,
885 1568 1133 1625 regnum
1157 1550 1268 1607 sibi
1291 1567 1388 1606 rex
1411 1547 1698 1605 Rodulfus
1720 1565 1817 1619 po-

160 1647 492 1707 tentissime
535 1643 888 1717 subjugavit,
919 1640 1270 1714 Papiamque
1300 1637 1520 1694 concite
1553 1637 1811 1702 veniens,

160 1735 650 1812 congregatisque
697 1732 971 1788 omnibus
1007 1747 1020 1784 :
1052 1751 1078 1779 ‹‹
1110 1725 1434 1827 Quoniam,‘
1457 1725 1686 1827 inquit,‘
1714 1742 1812 1780 su-
1841 1763 1890 1827 B

159 1827 326 1903 perni
358 1823 622 1881 muneris
647 1821 914 1892 largitate
951 1817 1096 1873 mihi
1128 1815 1371 1888 contigit
1402 1813 1642 1870 devictis
1672 1813 1809 1869 hos-

159 1919 324 1976 tibus
355 1914 517 1989 regni
547 1911 762 1968 solium
807 1906 1076 1978 adipisci,
1108 1922 1262 1960 nunc
1293 1903 1450 1958 cordi
1482 1907 1570 1958 est
1606 1905 1810 1957 vestrae

157 2024 257 2065 me
287 2019 534 2078 regnum
579 1999 844 2056 Italicum
891 1995 1026 2051 ﬁdei
1077 1992 1506 2059 commendare,
1541 1992 1807 2063 Burgun-

155 2097 435 2168 diamque
486 2090 737 2165 patriam
788 2090 1046 2142 veterum
1077 2083 1280 2139 visere.
1308 2104 1335 2130 )›
1366 2081 1468 2138 Cui
1514 2098 1648 2136 mox
1694 2083 1808 2136 Ita-

151 2187 375 2243 lienses
401 2201 414 2239 :
443 2205 470 2235 «
497 2181 557 2238 Si
587 2181 808 2235 bonum
839 2175 967 2244 tibi,
1000 2172 1295 2246 inquiunt,
1318 2170 1566 2237 videtur,
1601 2174 1809 2242 prmsto

152 2292 390 2332 sumus.
421 2294 451 2324 ))

229 2365 321 2422 68.
346 2362 535 2436 Igitur
555 2361 682 2432 post
711 2353 941 2412 Rodulﬁ
967 2350 1120 2424 regis
1142 2349 1502 2416 abscessum,
1526 2349 1679 2406 malo
1699 2348 1811 2405 Ve-

152 2469 444 2513 ronenses
475 2451 709 2521 accepto
740 2442 1007 2509 consilio,
1026 2441 1156 2497 vitae
1191 2438 1457 2494 insidiari
1479 2437 1810 2511 Berengarii

151 2543 518 2608 moliuntur;
544 2537 700 2611 quod
723 2531 1135 2605 Berengarium
1158 2545 1275 2584 non
1297 2528 1484 2584 latuit.
1499 2529 1644 2583 Tam
1664 2527 1811 2583 servi

150 2639 359 2692 autem
391 2633 594 2687 auctor
619 2643 684 2682 ac
714 2627 975 2696 repertor
994 2619 1268 2676 facinoris
1292 2617 1656 2673 Flambertus
1683 2616 1811 2688 qui-

150 2724 301 2780 dam
331 2723 476 2787 erat,
501 2733 674 2790 quem
706 2710 1133 2784 sibi,quoniam
1165 2725 1232 2764 ex
1262 2710 1634 2764 sacrosancto
1657 2706 1812 2762 fonte

158 2813 358 2869 filium
411 2809 539 2881 ejus
583 2805 942 2876 susceperat,
967 2803 1325 2871 compatrem
1376 2813 1474 2852 rex
1522 2797 1809 2852 effecerat.

152 2901 358 2958 Pridie
385 2913 520 2955 vero
550 2910 728 2968 quam
776 2893 1090 2964 pateretur,
1123 2886 1374 2943 eundem
1407 2887 1477 2941 ad
1527 2903 1590 2942 se
1620 2885 1812 2942 Flam-

150 2992 398 3048 bertum
429 2985 626 3042 venire
653 2981 946 3055 praecepit.
977 2977 1077 3033 Cui
1109 2980 1165 3032 et
1191 2975 1273 3031 ait
1301 2993 1313 3031 :

232 3080 324 3134 69.
351 3099 379 3126 «
411 3075 469 3132 Si
502 3073 646 3130 mihi
691 3077 885 3126 tecum
933 3067 1216 3123 hactenus
1246 3082 1362 3120 non
1409 3068 1464 3121 et
1509 3064 1706 3121 multa:
1756 3069 1813 3121 et

143 3171 333 3242 justas
364 3181 553 3222 cauere
586 3163 651 3198 ¹⁶⁹
681 3159 897 3216 amoris
941 3159 1154 3222 essent,
1181 3171 1412 3226 quoquo
1457 3155 1650 3224 modo,
1684 3172 1811 3226 qua:
1842 3127 1884 3194 C

153 3258 232 3314 de
271 3261 326 3312 te
376 3255 672 3318 dicuntur,
697 3247 855 3305 credi
881 3247 944 3281 “0
969 3247 1228 3318 possent.
1264 3243 1536 3298 lnsidiari
1585 3249 1639 3298 te
1684 3243 1812 3298 vitae

152 3363 306 3403 mea:
338 3343 536 3410 aiunt;
571 3339 673 3397 sed
705 3354 821 3394 non
862 3351 968 3408 ego
997 3331 1271 3389 credulus
1308 3331 1446 3387 illis.
1479 3331 1815 3389 Meminisse

156 3439 363 3492 autem
409 3435 467 3488 te
511 3428 660 3497 volo,
684 3428 1154 3499 quautecumque
1203 3419 1306 3475 tibi
1351 3419 1711 3476 accessiones
1759 3425 1816 3477 et

156 3525 411 3580 fortunae
440 3523 498 3576 et
528 3514 832 3590 dignitatis
871 3509 1106 3575 fuerint,
1141 3525 1239 3564 eas
1288 3513 1342 3563 te
1391 3523 1508 3564 non
1553 3508 1816 3580 potuisse

157 3612 280 3669 nisi
303 3609 452 3667 meis
477 3603 775 3664 beneﬁciis
802 3600 1100 3672 consequi.
1123 3597 1283 3654 Unde
1314 3602 1369 3653 et
1396 3597 1506 3652 hoc
1538 3597 1732 3654 animo
1754 3597 1810 3652 in

158 3717 275 3758 nos
305 3715 434 3755 esse
464 3697 662 3763 debes,
707 3697 772 3748 ut
795 3689 1051 3763 dignitas
1103 3703 1232 3742 mea
1258 3686 1316 3740 in
1339 3701 1536 3742 amore
1560 3690 1732 3758 atque
1753 3686 1813 3741 in

157 3787 448 3846 ﬁdelitate
476 3790 578 3842 tua
606 3781 998 3854 conquiescat.
1024 3777 1223 3848 Neque
1251 3791 1384 3831 vero
1414 3775 1689 3848 cuiquam
1721 3793 1811 3832 sa-

155 3880 345 3934 lutem
377 3892 444 3932 ac
475 3875 740 3931 fortunas
771 3886 910 3927 suas
953 3869 1124 3923 tanta:
1156 3882 1307 3922 curae
1341 3864 1522 3921 fuisse
1550 3882 1812 3937 unquam

156 3972 326 4040 puto,
352 3963 554 4036 quanti
581 3960 726 4018 mihi
753 3959 865 4015 fuit
893 3958 1078 4014 honos
1107 3960 1264 4012 tuus.
1290 3954 1352 4010 In
1383 3970 1497 4026 quo
1529 3971 1660 4010 mea
1688 3972 1812 4010 om-

155 4057 262 4112 nia
290 4052 508 4121 studia,
533 4066 766 4108 omnem
798 4063 1058 4120 cperam,
1079 4060 1302 4111 curam,
1328 4042 1700 4113 industriam,
1725 4061 1815 4100 co-

155 4143 504 4219 gitationem
535 4141 716 4213 hujus
750 4135 999 4194 civitatis
1043 4149 1275 4190 omnem
1325 4132 1444 4188 ﬁxi.
1467 4132 1659 4189 Unum
1703 4133 1813 4189 hoc

156 4235 245 4290 sic
278 4232 491 4289 habeto
520 4249 532 4286 :
559 4229 609 4284 si
633 4246 667 4285 a
691 4233 747 4284 te
769 4225 915 4283 mihi
949 4227 1234 4280 servatam
1257 4222 1430 4278 ﬁdem
1455 4221 1810 4291 intellexero,

155 4340 276 4380 nen
309 4320 455 4377 mihi
485 4324 604 4376 tam
641 4334 771 4373 mea
809 4314 971 4371 salus
1008 4329 1161 4380 cara,
1195 4328 1372 4383 quam
1404 4311 1591 4382 pietas
1621 4310 1729 4366 erit
1753 4311 1813 4366 in

158 4410 467 4469 referenda
497 4407 684 4481 gratia
707 4403 990 4478 jucunda.
1015 4423 1043 4453 »

1926 496 2171 549 memor,
2205 483 2534 540 insomnem
2584 484 2742 542 illam
2790 487 2943 560 regis
2975 489 3031 543 in
3077 504 3278 545 necem
3321 488 3569 562 populos

1925 567 2260 642 instigando
2309 574 2559 645 pertulet
2599 580 2849 631 noctem.
2883 577 3001 632 Rex
3057 582 3222 634 nocte
3271 575 3390 647 illa,
3425 595 3568 650 que-

1925 657 2304 716 madmodum
2349 667 2405 716 et
2448 662 2658 719 solitus
2709 669 2850 735 erat,
2892 666 3066 736 juxta
3110 666 3420 737 ecclesiam,
3451 684 3567 722 non

1921 743 1982 800 in
2015 746 2187 803 domo
2219 767 2346 822 quae
2376 751 2606 807 defendi
2638 759 2854 826 posset,
2888 757 2987 811 sed
3017 755 3076 810 in
3106 755 3398 829 tuguriolo
3431 773 3570 829 quo-

1921 834 2058 890 dam
2109 839 2384 895 manebat
2427 842 2845 900 ammnissimo.
2877 845 2984 900 Sed
3034 849 3092 901 et
3142 847 3412 902 custodes
3460 863 3568 902 no-

1921 926 2011 978 cte
2055 926 2257 982 eadem
2307 945 2421 985 non
2470 936 2766 1002 posuerat,
2803 933 2982 989 nichil
3035 934 3342 1007 suspicans
3391 935 3566 991 etiam

1919 1012 2079 1069 mali.

2167 1105 2237 1160 Se
2265 1106 2524 1180 primum.
2554 1108 2823 1181 quatiens
2853 1110 3058 1184 strepit

2168 1193 2388 1266 Gallus,
2420 1213 2553 1252 cum
2580 1198 2783 1271 vigiles
2814 1199 2952 1254 facit

2168 1281 2460 1353 Mortales,
2496 1285 2665 1341 solito
2696 1291 2865 1341 sonat

2168 1369 2238 1423 Et
2269 1371 2502 1441 pulsata
2531 1375 2642 1429 Deo
2668 1375 2826 1430 canit

2167 1456 2299 1512 Jam
2331 1463 2470 1514 tunc
2500 1477 2657 1516 aenea
2689 1462 2981 1532 machina,

2169 1544 2496 1619 Invitatque
2528 1550 2742 1604 docens
2773 1551 2918 1606 bene

2174 1635 2475 1691 Lmtheum
2508 1638 2622 1708 (92)
2653 1655 2827 1710 grave
2859 1656 3154 1712 spernere,

2172 1723 2398 1780 Laudes
2430 1725 2565 1781 huic
2599 1728 2769 1783 modo
2802 1729 3062 1799 reddere,

2171 1810 2278 1876 Qui
2307 1811 2489 1868 vitam
2522 1814 2747 1882 tribuit,
2782 1817 2941 1871 dedit

2171 1900 2236 1953 Et
2266 1901 2434 1956 nobis
2467 1919 2742 1973 superam
2774 1904 2920 1959 bene

2169 1987 2440 2044 Sanctam
2475 2007 2715 2062 querere
2746 1993 3036 2064 patriam;

2172 2076 2310 2132 Hic‘
2343 2096 2439 2133 rex
2464 2073 2768 2135 ecclesiam
2805 2082 2963 2152 petit,

2168 2168 2243 2220 Ae
2276 2166 2480 2222 laudes
2511 2168 2758 2224 Domino
2790 2171 2964 2225 canit.

2171 2255 2539 2313 Flambertus
2568 2275 2888 2331 properans
2917 2259 3090 2329 volat,

2142 2345 2430 2410 Quocum
2465 2345 2649 2402 multa
2679 2345 2856 2402 simul
2887 2364 3121 2419 manus,

2171 2430 2243 2486 Ut
2271 2449 2466 2505 regem
2498 2433 2791 2506 perhimat
2819 2435 3060 2491 bonum.

2171 2520 2290 2576 Rex
2319 2521 2532 2577 horum
2562 2522 2698 2594 vigil
2729 2522 2974 2596 inscius,

2172 2609 2350 2665 Audit
2379 2611 2522 2666 dum
2554 2611 2886 2684 strepitum,
2920 2612 3097 2668 nichil

2172 2698 2538 2769 Formidans,
2567 2705 2840 2773 properat
2865 2701 3036 2771 citus,

2172 2786 2288 2841 Hoc
2321 2787 2460 2857 quid
2491 2787 2677 2844 visere
2707 2789 2814 2857 sit;
2849 2789 3005 2846 videt

2168 2876 2438 2932 Armatae
2469 2876 2723 2934 militum
2755 2895 2988 2935 manus.

2176 2964 2567 3022 Flambertum
2597 2972 2762 3024 vocat
2779 2968 3063 3026 emimus.

2171 3055 2311 3122 Quid
2341 3057 2496 3111 turbe
2525 3063 2621 3123 est,
2654 3056 2755 3125 ait,
2787 3074 2854 3113 cn
2887 3058 3020 3114 bone

2177 3146 2306 3200 Vir?
2335 3145 2466 3216 quid
2490 3161 2638 3200 nunc
2655 3147 2892 3217 populus
2923 3149 3076 3219 cupit

2169 3239 2428 3290 Armatus
2457 3237 2697 3305 referens
2725 3241 2963 3291 manus?

2067 3305 2077 3314 ‘
2174 3323 2534 3391 Respondit:
2575 3324 2798 3379 Vereare
2826 3325 2931 3380 nil.

2173 3413 2236 3467 Tc
2266 3428 2374 3467 non
2407 3420 2469 3466 ut
2488 3411 2767 3483 perhimat
2793 3415 2928 3479 ruit,

2171 3500 2275 3556 Sed
2296 3516 2552 3572 pugnare
2583 3501 2756 3555 libens
2785 3505 2937 3572 cupit
2965 3542 2976 3549 -

2173 3591 2298 3646 1ίᾶῗο
2327 3605 2452 3643 cum
2479 3592 2657 3660 parte,
2687 3597 2842 3644 tuum
2867 3592 3004 3662 petit

2172 3680 2293 3734 Mox
2321 3680 2418 3750 qui
2447 3678 2636 3734 tollere
2663 3679 2942 3749 spiritum.

2171 3771 2457 3840 Deceptus
2486 3771 2759 3840 properat
2783 3769 2897 3824 ﬁde

2173 3859 2291 3914 Rex
2321 3857 2452 3928 hac,
2485 3856 2544 3912 in
2574 3857 2800 3914 medios
2829 3858 3006 3915 simul

2171 3949 2320 4003 Tum
2345 3949 2411 3982 ¹⁷²
2432 3948 2493 4019 [ἰ.
2517 3965 2588 4004 ε..
2609 3948 2770 4018 tunc]
2791 3952 2997 4020 captus
3028 3949 3182 4006 male
3212 3949 3478 4020 ducitur;

2167 4041 2213 4094 A
2243 4043 2403 4112 tergo
2434 4038 2590 4094 hunc
2623 4037 2756 4094 ferit
2783 4037 3003 4111 impius

2172 4127 2500 4200 Romphea;
2535 4127 2690 4184 cadit
2719 4127 2833 4183 heu
2863 4127 3017 4201 pius,

2172 4217 2536 4289 Felicemque
2567 4233 2743 4273 suum
2770 4216 2886 4274 Deo

2171 4307 2552 4362 Commendat
2582 4305 2676 4377 pie
2700 4305 2972 4377 spiritum
2998 4306 3011 4360 Ξ

1990 4398 2082 4452 72.
2118 4395 2378 4465 Denique
2410 4409 2588 4464 quam
2633 4393 3003 4449 innocentem
3034 4392 3380 4466 sanguinem
3407 4392 3571 4448 fude-

227 4501 324 4554 70.
359 4498 462 4555 His
493 4479 758 4569 expletis,
787 4507 1031 4549 aureum
1077 4507 1191 4545 non
1224 4488 1382 4560 parvi
1414 4488 1686 4560 ponderis
1717 4505 1814 4560 po-
1843 4492 1890 4557 D
1923 4485 2041 4541 rint
2073 4487 2478 4556 quantumque
2523 4482 2774 4554 perversi
2814 4498 3078 4553 perverse
3122 4481 3368 4554 egerint,
3402 4479 3573 4536 nobis

157 4588 364 4646 culum
396 4605 488 4645 res
515 4587 579 4658 jei
628 4582 903 4658 porrexit,
931 4584 1104 4652 atque
1152 4577 1454 4649 subjunxit
1487 4595 1499 4632 :
1527 4601 1553 4627 ‹‹
1587 4577 1816 4633 Amoris

157 4677 490 4749 salutisque
521 4674 636 4731 mei
686 4689 864 4729 causa
907 4669 1061 4742 quod
1112 4667 1462 4734 continetur,
1511 4665 1692 4722 bibito
1717 4667 1815 4736 “1;

155 4768 318 4840 quod
350 4765 631 4833 continet,
657 4763 891 4818 habeto.
919 4781 946 4808 »
969 4758 1115 4813 Vere
1139 4757 1356 4828 quippe
1377 4760 1433 4812 et
1455 4755 1678 4826 absque
1702 4772 1820 4810 am-

155 4856 446 4929 biguitate
476 4859 609 4927 post
638 4856 845 4925 potum
888 4845 1150 4904 introivit
1186 4844 1247 4900 in
1290 4844 1458 4900 illum
1490 4844 1814 4912 Sathanas;

157 4945 665 5018 quemadmodum
690 4946 746 4996 et
775 4940 846 4995 de
871 4937 1025 4993 Juda
1055 4933 1346 5007 proditore
1371 4933 1599 4989 Domini
1631 4932 1817 4990 nostri

156 5034 302 5092 Jesu
332 5032 550 5090 Christi
582 5031 870 5102 scriptum
902 5029 990 5082 est
1023 5043 1035 5082 :
1072 5025 1212 5092 Quia
1235 5026 1357 5095 post
1388 5023 1656 5078 bucellam
1688 5027 1818 5078 tunc

157 5122 414 5182 introivit
440 5123 500 5178 in
531 5121 696 5177 illum
723 5117 998 5177 Sathanas
1028 5115 1204 5188 (Joan.
1236 5129 1361 5182 xm,
1391 5113 1503 5184 27).

1925 4573 2322 4638 reticentibus,
2355 4569 2536 4642 lapsis
2565 4574 2698 4626 ante
2723 4570 3032 4640 cujusdam
3064 4569 3303 4626 ecclesiae
3324 4571 3573 4642 januam

1926 4663 2175 4736 positus,
2195 4675 2544 4733 sanguinem
2586 4659 2715 4730 ejus
2758 4659 3201 4715 transeuntibus
3233 4657 3458 4715 cunctis
3488 4675 3577 4714 os-

1925 4752 2172 4809 tendens
2204 4750 2487 4805 insinuat.
2519 4747 2690 4804 Nullo
2723 4748 2939 4821 quippe
2971 4747 3267 4805 delibutus
3301 4764 3574 4821 aspersu-

1927 4858 2072 4914 sque
2101 4841 2328 4912 liquore
2359 4838 2625 4893 discedit.

1996 4931 2084 4986 73.
2105 4928 2398 4986 Nutrierat
2418 4927 2529 4984 sibi
2548 4945 2647 4983 rex
2663 4926 3048 5000 Berengarius
3068 4926 3434 4984 familiariter
3453 4926 3573 4984 lau-

1925 5026 2095 5093 teque
2117 5021 2414 5090 juvenem,
2446 5017 2625 5073 immo
2661 5016 2900 5074 heroem
2931 5016 3248 5090 quendam,
3285 5016 3423 5073 Milo
3467 5033 3573 5074 no-

1925 5110 2101 5179 mine,
2126 5105 2410 5164 memoria
2439 5107 2584 5164 satis
2605 5123 2670 5164 ac
2700 5105 2875 5164 laude
2906 5105 3172 5181 dignum.
3195 5106 3377 5182 Cujus
3401 5106 3450 5163 si
3472 5122 3572 5165 rex

1517 5235 1759 5293 νΑΒΙίΕ
1797 5233 2206 5294 LECTIONES.

229 5347 299 5385 “9
325 5362 460 5405 case
490 5346 544 5404 1.
622 5345 688 5382 ’⁷ο
720 5357 834 5418 que
866 5341 937 5400 de
965 5343 1022 5399 te
1051 5337 1292 5406 credil.
1368 5337 1431 5374 "1
1462 5334 1628 5395 libito
1659 5334 1713 5394 l.
1738 5350 1842 5409 pro
1873 5333 2054 5405 libato
2083 5333 2153 5411 (?)
2183 5331 2269 5392 vel
2296 5329 2498 5404 bibito.
2578 5331 2644 5369 ³⁷³
2673 5331 2838 5391 Tunc
2863 5331 2900 5393 5
2929 5349 3011 5409 an
3115 5357 3120 5364 ·

229 5551 344 5636 (92)
375 5550 439 5614 Id
469 5553 558 5614 est
586 5564 882 5616 somnum.

1749 5450 1984 5534 ΝοΤλΕέ
