4030 6184
559 277 683 375 335‘

1514 287 1995 378 mereamur
2041 280 2595 413 caaMouaNsis
2645 295 3016 398 apisceri;

3766 325 3845 390 838

558 436 753 503 fretus
772 437 1031 524 cbii'siliis
1057 436 1235 516 esset,
1261 437 1529 505 fortunas
1550 445 1679 503 'sibi'
1697 449 1903 503 omnes
1935 450 2054 502 non"
2082 449 2207 502 tan-
2236 447 2291 514 Α
2319 449 2374 502 et
2401 447 2620 517 rectus,
2653 456 2720 504 ac
2751 447 3017 505 beneficii
3064 447 3174 506 sibi
3205 465 3240 506 a
3267 463 3398 524 rege
3425 451 3613 510 conlati
3652 455 3744 512 non
3777 460 3849 514 im:

555 538 682 592 tum
715 521 1005 592 adtre'r'sari
1045 536 1304 606 sentiret,
1338 535 1451 591 nisi
1497 535 1636 610 quia
1684 537 1830 592 forte
1860 536 1967 591 hoc
1999 534 2206 590 divinae

557 617 942 700 praevidentim
973 618 1294 682 censilium'
1324 623 1432 682 fuit
1463 619 1529 681 ut
1557 625 1726 682 aliter
1754 623 1881 682 fieri
1925 642 2040 680 non
2072 627 2207 697 pos-’

556 703 663 770 set.
699 710 936 771 Is's'ane
984 720 1150 772 nocte
1204 710 1430 783 eadem,
1464 733 1581 789 qua
1637 720 1738 770 rex
1792 714 2067 787 deaeptus
2120 715 2210 768 est

555 795 964 878 Berengarius,
1021 804 1301 861 adhibitis
1359 797 1472 861 sibi
1530 803 1734 876 cOpiis,
1785 804 2104 860 nocturnas
2154 801 2208 858 ei

553 883 888 966 vigilarium
917 894 1216 950 custodias
1245 891 1426 950 voluit
1455 893 1742 950 exhibere.
1769 893 1888 949 Rex
1915 909 2050 948 vero
2081 908 2209 964 pro-

556 975 943 1039 inissionibus
971 982 1282 1039 Flamberti
1336 983 1636 1056 deceptus,
1662 981 1936 1038 Milonem
1980 997 2042 1036 se
2089 977 2206 1036 non

556 1071 746 1128 solum
770 1071 1063 1128 custodire
1085 1089 1200 1127 non
1224 1071 1376 1137 sivit,
1397 1087 1601 1128 verum
1631 1072 1809 1128 etiam
1833 1075 2010 1142 atque
2031 1067 2205 1124 etiam

551 1161 927 1219 vehementer
955 1159 1276 1232 prohibuit.
1308 1159 1440 1216 Milo
1469 1163 1686 1227 autem,
1719 1158 1871 1216 sicut
1898 1159 1986 1214 vir
2016 1157 2208 1215 ﬁdelis

2317 552 2560 604 memor,
2594 553 2766 608 quem
2819 538 3150 608 defendere,
3179 539 3318 612 quia
3365 540 3550 609 defuit,
3575 560 3674 599 non
3701 549 3848 618 potuit,

2315 623 2474 679 brevi
2507 625 2566 696 [ί.
2601 641 2649 680 e.
2683 626 2816 698 cito]
2875 627 3085 683 acriter
3136 627 3439 684 vindicare
3468 631 3672 687 curavit.
3715 635 3852 692 Tertia

2316 711 2534 784 quippe
2582 717 2713 784 post
2771 715 2923 787 regis
2981 717 3325 785 necemdie,
3376 716 3718 776 Flambertum
3755 722 3850 778 sibi-

2315 801 2427 872 que
2457 805 2578 856 tam
2618 801 2676 856 in
2725 803 2943 858 nefario
2976 803 3192 860 scelere
3249 805 3580 874 coniventes,
3603 809 3648 863 vi
3692 816 3848 882 captos,

2316 890 2634 962 suspendio
2663 893 2841 946 vitam
2878 893 3058 968 {inire
3103 895 3393 967 praecepit.
3424 895 3650 953 Fuerunt
3688 915 3789 956 sane
3810 901 3846 957 iii

2316 977 2424 1033 huc
2465 978 2584 1034 viro
2636 979 2929 1036 nonnullae
2973 982 3355 1055 perfectaeque
3399 984 3634 1051 virtutes,
3662 1003 3746 1058 que
3779 993 3849 1044 Deo

2317 1067 2566 1140 propitio
2598 1068 2723 1125 suis
2762 1069 2822 1126 in
2862 1069 3029 1140 locis,
3058 1071 3176 1128 vita
3215 1072 3442 1142 comite,
3471 1073 3670 1131 silentio
3693 1077 3775 1132 non
3797 1082 3850 1132 te-

2315 1161 2547 1230 gentur.

1568 1301 1844 1347 EXPLICIT
1885 1300 2060 1346 LIBER
2103 1299 2414 1344 SECUNDUS
2453 1299 2946 1347 ANTAPOD'OSEOS.

1477 1393 1984 1456 INCIPIUNT
2047 1390 2535 1452 CAPITULA
2601 1391 2861 1452 LIBRI
2923 1394 3285 1455 TERTII.

591 1500 640 1556 1.
685 1499 765 1556 De
797 1497 965 1556 titulo
1004 1492 1185 1571 hujus
1224 1498 1434 1571 operis,
1470 1515 1574 1554 cur
1601 1499 1832 1554 dicatur
1870 1497 2204 1570 Antapodo—
2235 1498 2284 1564 B

763 1605 867 1644 SlS.

582 1681 637 1734 2.
680 1678 842 1743 Quod
874 1673 1148 1732 defuncto
1192 1675 1538 1748 Berengario
1569 1679 1626 1731 et
1660 1673 1908 1730 Rodulfo
1933 1673 2006 1728 ab
2037 1671 2203 1728 Italia

761 1758 1118 1832 discedente,
1149 1763 1432 1836 Hungarii
1463 1763 1690 1818 Italiam
1720 1761 2041 1818 laniabant.

582 1854 636 1911 3.
679 1854 924 1910 Metrica
955 1851 1268 1925 descriptio
1301 1852 1372 1908 d‘e
1414 1851 1684 1924 Papiensi
1715 1847 2078 1907 lamentabili
2110 1863 2202 1904 ex-

761 1941 1010 1998 ustione.

585 2030 636 2085 4.
678 2030 839 2095 Quod
885 2029 984 2084 Dei
1034 2023 1268 2099 gladius
1318 2043 1434 2083 non
1494 2027 1760 2083 funditus
1811 2026 2049 2100 Papiam
2101 2027 2198 2082 de-

763 2118 1145 2189 struxerit”,
1179 2117 1277 2173 sed
1313 2116 1714 2172 misericordia
1756 2118 1884 2188 ejus
1915 2114 2197 2171 mirabili-

761 2210 850 2262 ter
879 2206 951 2262 ab
983 2203 1300 2278 Hungariis
1332 2204 1613 2260 liberarit'.

579 2297 634 2352 5.
676 2295 839 2361 Quod
870 2295 1024 2350 beati
1067 2293 1203 2360 Siri,
1234 2293 1500 2366 ejusdem
1542 2287 1793 2349 civitatis
1837 2290 2089 2364 patroni,
2122 2291 2200 2346 sit

756 2382 984 2440 meritis
1016 2382 1282 2438 liberata;

577 2474 632 2530 6.
675 2475 838 2541 Quod
870 2472 1298 2529 isdem'bea'tus
1321 2469 1492 2528 Sirus
1516 2471 1755 2544 Papiam
1787 2469 2046 2538 veniens,
2070 2486 2199 2543 pro-

755 2563 951 2636 phetie
980 2560 1222 2634 spiritus
1243 2559 1371 2632 ejus
1402 2557 1762 2617 affluentiam
1793 2563 1850 2616 et
1878 2559 2195 2633 Aquilegiaa

754 2667 960 2708 casum
990 2649 1374 2706 denuntiarit.

573 2743 629 2797 7.
671 2740 788 2796 Cur
813 2731 1300 2810 Ermengarda‘l‘
1328 2743 1460 2810 post
1495 2737 1788 2794 Adelberti
1826 2737 1940 2794 viri
1969 2737 2060 2793 sui
2095 2751 2194 2792 ne-

758 2844 884 2883 cem
916 2831 1038 2883 tam
1071 2831 1276 2898 potens
1306 2823 1578 2882 extiterit.

575 2917 630 2972 8.
673 2917 812 2989 Regi
857 2915 1105 2971 Rodulfo
1147 2932 1182 2970 a
1229 2913 1567 2986 Burgundia
1613 2914 1896 2986 regresso,
1949 2916 2190 2970 Ermen-

753 3005 936 3079 garda
977 3004 1029 3060 ei
1077 3003 1210 3076 post
1261 2999 1566 3075 paululum
1622 2998 1858 3060 rebellis
1904 3003 2093 3060 extitit
2132 3007 2191 3060 et

753 3110 890 3149 cum
923 3091 1295 3149 Italiensibus
1328 3090 1564 3164 Papiam
1597 3089 1886 3168 tenuerit;

574 3185 629 3241 9.
673 3181 962 3240 Rodulfus
993 3197 1090 3238 rex
1119 3179 1252 3237 cum
1284 3177 1536 3238 exercitu
1566 3176 1806 3254 Papiam
1828 3179 1895 3218 ‘7‘
1922 3179 2129 3237 tendit.

543 3275 629 3330 10.
672 3272 834 3340 Quod
867 3265 1262 3344 Ermengarda
1301 3265 1618 3325 calliditate
1649 3267 1757 3325 sua
1799 3270 1908 3326 hoc
1954 3270 2185 3341 faceret,

753 3364 820 3416 ut
858 3357 1146 3416 Rodulfus
1177 3363 1351 3414 noctu
1383 3373 1535 3415 suos
1570 3355 1866 3415 desereret
1909 3363 2084 3431 atque
2115 3360 2188 3415 ad

755 3467 818 3506 se
849 3449 1156 3521 transfuga
1187 3447 1370 3504 fieret.

539 3541 626 3598 11.
669 3539 831 3606 Quod
863 3555 1034 3594 mane
1064 3537 1214 3593 facto
1243 3553 1304 3593 re
1326 3535 1556 3610 cognita
1576 3535 1808 3593 Rodulfi
1839 3535 2053 3594 milites
2076 3537 2190 3594 Me-

751 3627 1074 3684 diolanium
1106 3625 1380 3700 fugerint.

539 3719 624 3774 12.
666 3716 968 3775 ltalienses
993 3716 1066 3771 ob
1095 3716 1398 3788 Hugonem
1429 3711 1690 3772 mittunt.

539 3808 627 3863 13.
668 3805 955 3864 Rodulfus
985 3805 1164 3878 igitur
1209 3804 1268 3859 in
1319 3803 1720 3878 Burgundiam
1748 3804 1928 3874 vadit,
1958 3810 2016 3862 et
2043 3806 2186 3878 Bru-

750 3893 1035 3949 chardum
1084 3885 1150 3928 ¹⁴¹⁶
1207 3903 1475 3950 socerum
1542 3893 1717 3950 suum
1775 3894 1847 3950 ad
1904 3895 2186 3952 auxilium

699 4006 701 4008 ·
751 3977 926 4039 suum
953 3977 1215 4038 adducit.
1667 4055 1671 4060 _

537 4072 626 4129 14.
667 4070 792 4136 Qua
811 4070 1114 4127 occasione
1133 4069 1507 4126 Br‘u‘ch‘ardus
1522 4067 1939 4128 Mediolanium
1963 4071 2039 4128 sit
2057 4089 2188 4144 pro-

751 4160 959 4228 fectus,
983 4163 1040 4216 et
1058 4159 1164 4215 cur
1182 4158 1263 4215 ibi
1287 4157 1938 4234 honoriﬁce-susceptus
1960 4161 2031 4218 de
2055 4163 2184 4234 ejus

748 4249 830 4306 sit
859 4253 1046 4306 morte
1075 4251 1414 4304 tractatum.

535 4342 623 4398 15.
664 4339 1040 4398 Bruchardus
1086 4317 1431 4395 Mediolan‘i’o
1465 4337 1706 4414 rediens
1750 4337 2058 4396 Novariam
2087 4356 2181 4397 ve-

747 4425 854 4496 nit,
887 4424 997 4484 udi
1017 4429 1076 4484 et
1103 4425 1178 4485 ab
1203 4426 1577 4485 Italiensibus
1599 4443 1732 4485 cum
1753 4428 1879 4486 suis
1908 4426 2184 4486 omnibus

742 4513 1052 4576 occiditur.
1610 4591 1612 4593 j

533 4602 619 4666 16.
661 4604 799 4667 Post
843 4605 1169 4664 Bruchardi
1226 4608 1429 4663 necem
1477 4606 1764 4664 Rodulfus
1810 4607 1870 4663 in
1921 4608 2184 4683 Burguni

745 4693 902 4754 diam
925 4695 1115 4770 fugiit,
1135 4699 1312 4768 atque
1333 4695 1498 4769 Hugo
1513 4707 1618 4769 per
1637 4696 2003 4771 Tyrrhenum
2023 4709 2183 4755 mare

2222 2868 2265 2936 C

2212 4239 2259 4305 D

744 4782 805 4841 in
834 4783 1062 4842 Italiam
1093 4784 1271 4841 venit.

532 4878 620 4934 17.
661 4873 1022 4933 Italiensium
1063 4873 1330 4930 nonnulli
1381 4875 1455 4931 ad
1505 4873 1699 4931 Pisam
1745 4874 1797 4931 ei
1845 4881 2179 4947 oecurrunt,

743 4966 801 5020 et
827 4961 1113 5019 Johannis
1167 4980 1330 5036 papa:
1384 4964 1577 5020 nuntii
1623 4963 1886 5034 veniunt,
1929 4981 2180 5037 quorum

659 5120 665 5125 Ι
739 5051 980 5108 hortatu
1013 5051 1253 5124 Papiam
1288 5065 1537 5126 pergens
1569 5069 1668 5109 rex
1695 5054 1967 5111 efficitur.

531 5136 618 5200 18.
659 5145 738 5200 De
766 5137 1018 5200 Widone
1045 5142 1203 5216 regis
1246 5141 1510 5214 HngOnis
1555 5143 1752 5212 fratre,
1773 5142 1877 5216 qui
1906 5144 2181 5202 Tusciam

2291 2551 2395 2620 ‘24-.

2527 1499 2667 1551 tunc
2704 1497 2958 1565 tenebat,
2991 1497 3092 1570 qui
3123 1499 3492 1557 Marozotiam
3536 1505 3746 1558 scortum
3782 1503 3850 1558 Ro-

2523 1601 2659 1640 nam
2692 1601 2930 1641 uxorem
2963 1586 3235 1644 habebat.

2440 1672 2522 1729 De
2567 1672 2839 1746 plurimis
2895 1675 3160 1748 Hugonis
3217 1677 3372 1750 regis
3428 1675 3718 1744 virtutibus,
3752 1691 3847 1749 quas

2531 1761 2765 1820 luxuria
2798 1764 3073 1820 foedabat;

2439 1851 2604 1917 Quod
2633 1851 2790 1909 idem
2832 1870 2933 1911 rex
2975 1854 3141 1928 Hugo
3173 1856 3324 1912 duos
3357 1854 3501 1912 ﬁlios
3548 1861 3666 1912 tunc
3701 1855 3845 1911 habre

2522 1938 2616 1997 rit.

2442 2029 2516 2086 De
2545 2046 2612 2086 eo
2643 2031 2799 2102 quod
2853 2047 2951 2087 rex
3002 2033 3167 2104 [iugo
3215 2032 3540 2090 Heinricuui
3585 2048 3742 2105 regem
3777 2031 3844 2087 sibi

2519 2121 2793 2175 amicum
2807 2120 2963 2176 facit.

2437 2210 2620 2276 Quem
2669 2210 2944 2266 nuntium
2995 2228 3092 2268 rex
3141 2211 3674 2286 Constantinopolim
3708 2207 3845 2266 direxit

2520 2297 2781 2354 Romano
2814 2298 3174 2372 imperatori.

2435 2390 2514 2442 De
2545 2386 2778 2443 duobus
2809 2388 3056 2446 canibus
3083 2391 3423 2465 imperatori
3442 2389 3652 2448 directis
3669 2387 3843 2461 quicum

2517 2474 2738 2532 lania-re
2769 2476 3097 2535 voluerunt.

2437 2566 2622 2632 Quam
2652 2565 2725 2621 ob
2756 2582 2878 2622 rem
2910 2567 3065 2640 regis
3099 2568 3364 2642 Hugonis
3396 2568 3621 2626 nuntius
3643 2567 3701 2624 ab
3725 2565 3845 2636 impr

2517 2658 2707 2710 ratore
2738 2653 2816 2710 sit
2845 2655 3090 2714 mirifice
3121 2664 3456 2731 susceptus.

2437 2747 2513 2797 De
2537 2741 2701 2798 leone
2728 2743 3090 2802 ferocissimo
3112 2759 3292 2818 quem
3327 2748 3601 2803 Romanos
3625 2741 3842 2801 interfecit

2434 2831 2696 2896 Qualiter
2717 2833 3012 2890 Romanos
3039 2834 3234 2907 primo
3257 2835 3576 2908 delongaris
3600 2836 3648 2890 et
3670 2835 3846 2905 postmo-

2515 2921 2657 2977 dum
2689 2927 2854 2994 pater
2880 2923 3154 2980 vasilleos
3185 2926 3270 2980 sit
3292 2925 3638 2982 constitutus.

2430 3009 2606 3066 Focas
2636 3011 2996 3068 domesticus
3042 3029 3178 3068 cum
3235 3014 3498 3071 Simeone
3539 3007 3846 3082 Bulgariorum

2511 3115 2643 3172 rege
2672 3115 2943 3174 pugnans
2981 3107 3186 3174 sponte
3243 3104 3430 3178 fugiit,
3462 3103 3582 3158 cum
3628 3100 3845 3156 Romam

2511 3193 2733 3260 patrem
2763 3189 3035 3247 vasilleos
3066 3193 3294 3248 factum
3329 3193 3505 3248 audit.

2427 3276 2684 3340 Qualiter
2711 3279 2890 3336 Focas
2914 3280 3481 3356 Constantinopolim
3507 3279 3707 3336 veniens
3729 3290 3756 3330 a
3776 3271 3831 3327 lio

2513 3383 2686 3424 mano
2717 3369 2965 3441 capitur,
2998 3374 3056 3426 et
3087 3370 3318 3428 lumine
3349 3372 3608 3445 privatur.

2428 3456 2508 3512 De
2532 3456 2804 3514 Simeone
2824 3457 3238 3531 Bulgariorum
3264 3477 3417 3535 rege,
3434 3457 3527 3533 qui
3546 3457 3684 3531 prius
3702 3464 3842 3509 mms-

2511 3545 2661 3602 cbus
2691 3551 2746 3602 et
2776 3549 3154 3619 postmodum
3185 3566 3326 3607 reus
3357 3551 3465 3623 (93)
3494 3549 3574 3606 est
3599 3547 3762 3602 factus.

2427 3633 2508 3690 De
2538 3634 2800 3690 Romano
2832 3635 2933 3708 qui
2963 3636 3146 3693 ﬁliam
3174 3655 3350 3695 suam
3377 3637 3626 3695 Helenam
3651 3631 3843 3688 Conatus.

2510 3724 2633 3780 tino
2664 3725 3003 3797 imperatori
3029 3727 3346 3802 conjugem
3377 3727 3549 3785 dedit.

2427 3813 2542 3869 Cur
2569 3812 2950 3885 imperatores
2979 3813 3442 3891 porphirogeniti
3471 3815 3717 3870 dicantur.

2427 3901 2685 3968 Qualiter
2713 3902 2987 3969 Basilius,
3012 3904 3320 3964 interfecto
3343 3905 3568 3962 domino
3593 3916 3684 3957 suo
3700 3891 3843 3954 Micha-

2508 3990 2639 4047 hele
2667 3990 3037 4064 imperatore,
3060 3993 3381 4066 imperator
3408 3994 3483 4051 sit
3508 3993 3687 4049 factus.

2293 4079 2383 4135 33.
2422 4083 2597 4136 De'eo
2627 4081 2782 4152 quod
2809 4081 3096 4138 Dominus
3117 4089 3322 4142 noster
3349 4085 3516 4142 Jesus
3542 4075 3758 4136 Christus
3775 4081 3843 4141 per

2505 4167 2792 4226 visionem
2827 4171 2892 4206 "7
2935 4171 3007 4229 de
3061 4176 3252 4231 morte
3309 4168 3591 4231 Michaelis
3640 4159 3841 4222 Basiliam

2343 4333 2348 4338 I
2501 4259 2794 4314 terruerit.

2290 4333 2380 4402 34.
2420 4345 2502 4403 De
2533 4347 2873 4420 poenitentia
2903 4349 3104 4407 Basilii
3133 4355 3191 4408 et
3217 4351 3444 4409 melesia
3486 4346 3618 4405 miro
3643 4341 3774 4414 opere
3793 4330 3841 4388 οδ

2505 4440 2733 4492 reatum
2766 4437 2936 4494 facta.

2312 1672 2397 1741 19,

2305 1850 2395 1906 20.

2305 2029 2394 2084 21.

2303 2210 2393 2264 22.

2303 2369 2395 2441 23'.

2301 2743 2390 2797 25.

2301 2833 2392 2886 26.

2297 3011 2387 3064 27.

2297 3276 2386 3331 28.

2296 3455 2386 3511 '29.

2296 3634 2385 3689 30.

2295 3812 2385 3868 31.

2295 3901 2384 3957 32.

2276 4525 2381 4600 ,35ο
2423 4523 2683 4591 Qualiter
2720 4526 3013 4584 Romanos
3046 4529 3342 4604 principes
3371 4528 3448 4586 sit
3474 4517 3841 4585 αιιοωιίιηιοι

2503 4619 2668 4686 patre
2695 4616 2945 4674 vasileos
2973 4617 3294 4691 imperator
3323 4619 3400 4677 sit
3427 4619 3618 4675 factus.

2289 4699 2380 4760 35-
2421 4702 2584 4767 Quod
2616 4705 2910 4762 Remanos
2935 4723 3004 4763 ex
3033 4707 3246 4764 humili
3275 4710 3356 4765 sit
3385 4712 3548 4765 natus
3574 4692 3798 4776 prosapi!-

2289 4793 2381 4848 37.
2423 4793 2716 4851 Romanos
2748 4795 2934 4852 filium
2961 4813 3142 4853 suum
3172 4796 3636 4870 Christophorum
3661 4787 3842 4872 imp?”

2503 4887 2688 4940 torem
2720 4885 2876 4954 facit,
2926 4889 2982 4943 et
3028 4888 3246 4960 injuste
3273 4867 3630 4945 Constantino
3670 4867 3841 4931 domino

2506 4989 2613 5028 suo
2644 4989 2779 5029 eum
2811 4975 3116 5048 praeponit.

2290 5058 2379 5114 38-
2422 5059 2680 5126 Qualiter
2703 5062 2856 5120 inter
2882 5065 3292 5138 imperatorem
3315 5067 3597 5123 Romanon
3615 5058 3663 5113 et
3679 5049 3841 5108 Simeo-

2505 5165 2642 5207 nem
2671 5167 2786 5225 pax
2814 5153 3256 5212 sit-constituta.

1882 5255 2127 5326 nam
2147 5281 2150 5286 ·
2171 5259 2583 5332 caenosas.

599 5365 666 5408 ¹τ³
694 5365 1021 5427 dextuxerit
1050 5368 1127 5426 1.·
1179 5346 1248 5406 ιάῖ
1267 5357 1553 5442 'ermen'ga
1581 5368 1632 5426 1·.
1664 5349 1719 5424 2.
1793 5351 1864 5405 ἶτῖ
1891 5359 2143 5440 paphum
2171 5357 2229 5428 '1';

2305 5373 2371 5410 ιπ
2399 5357 2883 5436 bu'rehardlim-2.
2959 5379 3026 5418 ιπ
3055 5372 3278 5439 mione
3300 5378 3354 5437 ι.

2115 5471 2350 5556 sum

597 5589 974 5682 (93)'Somcet
999 5588 1304 5676 apostasia:
1328 5607 1488 5673 reus,
1515 5591 1589 5656 ad
1618 5589 1900 5657 amulum
1926 5607 2215 5662 reversus.
