4064 6174
190 312 299 372 841

1111 302 1762 369 ANTAPODOSEOS
1805 304 2012 367 LIBRI
2057 307 2231 369 SEX.
2261 340 2338 352 -—
2367 308 2517 370 LIB.
2563 310 2670 372 Ill.

3483 311 3604 373 842

192 441 438 516 cipibus,
458 455 574 496 non
593 454 763 512 parva
787 439 934 497 inter
953 457 1048 498 eos
1075 436 1399 496 admiratio
1432 439 1586 503 erat,
1618 453 1725 492 cur
1754 435 1846 492 in-
1877 436 1933 504 Α
1962 442 2259 509 pannosus
2290 441 2618 513 despectus,
2641 441 2768 514 ejus
2800 443 2996 498 tamen
3023 437 3263 511 loquelae
3296 439 3475 512 seius,
3499 440 3599 513 qui

189 532 356 590 solito
387 547 487 585 rex
503 529 644 586 hora
658 528 992 600 hujusmodi
1017 526 1380 586 dormitaret.
1403 524 1685 598 Cumque
1705 532 1849 583 stre-

189 623 330 698 pitu,
362 625 430 677 ut
459 619 746 692 spadones
785 620 1076 690 quondam
1122 612 1544 681 Holofernem,
1581 615 1850 688 evigilare

188 713 534 778 niterentur,
559 706 811 774 nullum,
833 707 1325 780 quemadmodum
1356 702 1508 776 ipse
1525 704 1850 776 [50.0lofer-

188 802 328 874 nes],
347 797 590 856 omnino
604 797 780 852 dabat
793 812 1158 870 responsum.
1174 794 1639 851 Introeuntibus
1651 798 1847 852 autem

184 889 499 950 tentorium
540 884 836 958 nichilque
868 886 1352 960 repperientibus,
1403 888 1650 957 raptum
1689 883 1844 940 hunc

183 982 293 1050 alii,
313 979 690 1036 interfectum
704 973 803 1031 alii
829 975 1226 1032 clamitabant.
1243 974 1433 1029 Nemo
1447 977 1670 1041 tamen,
1687 974 1840 1046 quod

183 1070 486 1142 transfuga
516 1068 695 1136 ﬁeret,
723 1062 848 1120 ullo
889 1066 1062 1122 modo
1097 1063 1568 1120 animadvertere
1594 1066 1837 1135 poterat.

183 1162 392 1218 Verum
414 1159 525 1214 hac
538 1157 677 1214 dum
692 1153 1088 1212 admiratione
1103 1154 1477 1218 ﬂuctuarent,
1493 1169 1610 1208 nui:
1623 1153 1740 1207 tius
1753 1168 1842 1207 ve-

184 1253 260 1309 nit
286 1249 394 1324 qui
420 1249 639 1305 diceret
666 1242 994 1300 Rodulfum
1026 1259 1219 1316 regem
1251 1257 1434 1314 super
1463 1257 1564 1296 eos
1589 1257 1721 1296 eum
1746 1239 1841 1296 ads

183 1338 661 1398 versariiseorum
674 1332 820 1389 velle
835 1332 1082 1389 irruere.
1100 1331 1208 1397 Qui
1225 1347 1359 1386 mox
1374 1329 1573 1386 animo
1587 1333 1839 1386 conster-

184 1431 313 1501 nati,
333 1434 461 1486 tam
481 1423 650 1483 celeri
674 1428 984 1496 emperunt
1007 1423 1143 1496 fuga
1163 1422 1486 1487 discedere,
1509 1424 1574 1474 ut
1594 1437 1709 1475 non
1729 1419 1838 1476 hos

184 1535 426 1587 currere,
457 1517 580 1582 sed,
617 1514 666 1570 si
696 1513 950 1580 videres,
983 1511 1204 1568 diceres
1233 1508 1644 1566 transvolare;

243 1613 323 1666 12.
339 1613 609 1679 Cumque
622 1601 1067 1668 Mediolanium,
1081 1604 1274 1657 tutum
1289 1598 1514 1657 scilicet
1526 1598 1596 1652 ad
1615 1597 1835 1665 locum,

183 1698 597 1774 pervenissent,
631 1708 927 1750 consensu
963 1692 1311 1763 Lampertus
1355 1686 1837 1758 archiepiscopus

183 1789 438 1848 omnium
470 1782 719 1857 Hugoni,
735 1781 1155 1854 potentissimo
1172 1783 1228 1835 et
1249 1776 1689 1851 sapientissimo
1704 1776 1838 1830 Pro-

181 1877 515 1937 vincialium
545 1871 766 1938 comiti,
800 1870 1051 1926 mandat
1082 1873 1147 1924 ut
1175 1868 1235 1923 in
1261 1866 1488 1924 Italiam
1518 1865 1717 1921 veniat
1749 1880 1836 1920 re-

185 1983 476 2046 gnumque
489 1961 734 2020 Rodulfo
757 1960 992 2016 auferat
1012 1959 1242 2032 sibique
1264 1960 1531 2030 potenter
1551 1954 1836 2046 obtineat.

184 2043 305 2118 Erat
331 2058 497 2114 enim
527 2053 698 2126 longo
729 2067 802 2107 ex
843 2054 1110 2122 tempore
1147 2048 1353 2104 multis
1386 2043 1754 2119 argumentis
1783 2046 1841 2099 ct

186 2153 295 2224 ipse
323 2143 662 2222 periclitans
681 2143 743 2214 [2.
769 2157 818 2198 e.
842 2140 1190 2212 temptans],
1209 2138 1255 2194 si
1283 2138 1427 2195 forte
1448 2150 1691 2224 regnum
1709 2149 1840 2224 pos.

185 2223 260 2297 set
287 2237 549 2295 obtinere
579 2231 872 2289 Italicum.
908 2231 1012 2286 Hic
1041 2229 1201 2285 enim
1234 2232 1291 2284 et
1321 2223 1656 2298 Berengarii
1709 2223 1837 2293 jam

183 2324 460 2385 nominati
492 2323 643 2397 regis
659 2326 1077 2393 temporecum
1110 2317 1315 2372 multis
1335 2317 1397 2371 in
1429 2314 1658 2370 Italiam
1672 2327 1840 2367 veno-

183 2422 287 2486 rat;
313 2416 418 2473 sed
441 2413 579 2486 quia
591 2409 880 2486 regnandi
901 2412 1135 2481 tempus
1148 2407 1201 2463 ei
1216 2406 1482 2464 nondum
1498 2404 1836 2467 advenerat,

182 2527 211 2565 a
238 2504 579 2578 Berengario
609 2501 856 2558 territus
887 2501 980 2554 est
1010 2500 1187 2568 atque
1214 2496 1481 2568 fugatus.

247 2599 326 2656 13.
360 2593 646 2652 Rodulfus
690 2589 954 2661 denique
994 2602 1129 2642 cum
1181 2584 1528 2642 inﬁdelitate
1587 2595 1837 2637 suorum

185 2686 624 2763 praenominatos
655 2677 1026 2739 adversarios
1057 2691 1337 2747 superare
1368 2690 1485 2729 non
1528 2674 1746 2745 posset,
1774 2668 1836 2724 in

186 2762 576 2852 Burgundiam
600 2771 905 2846 profectus
931 2767 1046 2839 (an.
1069 2765 1220 2832 626),
1252 2762 1592 2852 Bruchardo
1623 2763 1836 2852 Suevo-

189 2847 496 2932 rum-duci,
519 2862 688 2934 cujus
720 2857 836 2916 sibi
869 2854 1052 2911 ﬁliam
1075 2853 1348 2924 oonjugio
1379 2851 1704 2924 copularat,
1738 2847 1836 2903 de-

189 2958 431 3022 nuntiat,
458 2958 522 3009 ut
540 2952 633 3008 sui
665 2949 726 3005 in
759 2944 1047 3004 auxilium
1076 2943 1288 2999 veniat.
1313 2940 1422 3005 Qui
1453 2937 1712 2997 collectis
1743 2953 1841 2994 co-

189 3045 311 3118 piis,
330 3059 462 3100 cum
483 3036 734 3096 Rodulfo
746 3031 1059 3092 confestim
1082 3029 1142 3085 in
1161 3028 1388 3086 Italiam
1412 3032 1500 3085 est
1518 3026 1836 3100 profectus.

188 3134 442 3206 Cumque
477 3127 830 3202 Eporegiam
877 3120 1298 3194 pervenissent.
1335 3118 1653 3176 Rodulfum
1696 3120 1838 3170 Bru-

191 3224 431 3280 chardus
463 3221 549 3276 ita
579 3214 852 3274 convenit
893 3229 906 3268 :

253 3315 336 3370 14.
363 3335 390 3363 ‹‹
416 3312 551 3384 lpse
582 3323 688 3379 ego
721 3309 789 3360 ut
821 3299 1130 3374 legatiOnis
1156 3299 1397 3355 obtentu
1421 3293 1840 3354 Mediolanium

193 3403 539 3477 proﬁciscar,
559 3413 674 3452 non
701 3391 1026 3449 absurdum
1062 3387 1311 3444 videtur.
1343 3387 1462 3442 Hac
1483 3387 1642 3442 enim
1676 3400 1840 3439 occa-

195 3493 341 3549 sione
366 3491 578 3547 urbem
610 3483 932 3558 explorare,
957 3482 1129 3548 atque
1159 3493 1361 3532 eorum
1393 3480 1595 3549 potero
1626 3488 1840 3545 cogno-

196 3599 340 3638 scere
377 3579 769 3635 voluntatem.
804 3592 831 3621 ι)
882 3568 1184 3623 Profectus
1222 3565 1498 3636 denique,
1543 3581 1677 3619 cum
1715 3561 1842 3633 jam

197 3669 609 3727 Mediolanium
644 3657 1381 3736 pervenisset,priusquam
1408 3654 1613 3708 urbem
1645 3652 1844 3722 ingre-

197 3763 438 3827 deretur,
456 3758 534 3814 ab
556 3753 711 3810 beati
736 3769 802 3806 ac
825 3744 1087 3820 przeciosi
1117 3744 1393 3817 martyris
1422 3741 1717 3798 Laurentii
1752 3756 1846 3794 ec-

197 3849 427 3905 clesiam
461 3842 751 3902 orationis
805 3836 993 3911 gratia
1022 3833 1372 3901 declinavit;
1409 3834 1531 3898 sed,
1565 3836 1632 3886 ut
1661 3831 1842 3894 aiunt,

198 3958 300 3996 non
319 3943 558 3995 tantum
584 3928 890 4005 petieionis
919 3924 1129 3999 gratia,
1163 3927 1452 3995 quantum
1485 3921 1724 3978 alterius
1768 3917 1848 3974 rei

198 4029 394 4102 gratia.
424 4025 648 4083 Dicunt
677 4019 836 4076 enim
869 4016 1008 4088 quia
1030 4030 1207 4086 prope
1233 4011 1526 4102 civitatem
1549 4014 1639 4066 est
1668 4008 1848 4102 eccle-

198 4097 296 4188 sia,
327 4117 483 4172 miro
506 4117 684 4184 atque
709 4105 987 4181 prmcioso
1019 4118 1191 4174 opere
1223 4101 1525 4165 fabricata,
1567 4117 1702 4155 eum
1729 4097 1849 4188 ibi-

201 4187 319 4263 dem
351 4201 755 4262 munitionem
783 4193 1140 4253 constituere
1164 4189 1330 4257 velle,
1363 4206 1479 4261 qua
1509 4206 1624 4245 non
1659 4187 1850 4244 solum

200 4295 670 4352 Mediolanenses
700 4287 801 4343 sed
833 4289 889 4341 et
920 4282 1118 4355 plures
1143 4278 1316 4334 Italia:
1341 4277 1638 4350 principes
1660 4276 1854 4332 coher-

203 4402 317 4442 eere
348 4380 731 4440 decrevisset.
765 4375 903 4431 Inde
944 4387 1078 4427 vero
1110 4368 1328 4436 exiens,
1362 4384 1497 4424 cum
1523 4368 1694 4437 juxta
1723 4383 1854 4420 mu-

201 4492 322 4530 rum
356 4470 621 4531 civitatis
649 4465 962 4540 equitaret,
977 4460 1180 4532 lingua
1204 4456 1459 4529 propria,
1481 4456 1590 4512 hoc
1607 4457 1697 4510 est
1715 4455 1857 4509 Teu-

1962 528 2168 585 horum
2201 530 2463 586 omnium
2496 531 2801 605 Lamperto
2823 528 3221 602 archiprzesuli
3239 527 3392 586 celer
3413 530 3606 586 factus

1961 623 2050 675 est
2072 619 2334 677 nuntius.
2349 619 2458 686 Qui
2483 619 2922 694 uteratingenio
2950 618 3188 689 callens,
3205 618 3604 676 Bruchardum

1959 725 2074 763 non
2098 709 2377 780 despexit,
2405 711 2504 766 sed
2532 709 2684 767 malo
2721 711 2917 767 animo
2949 726 3085 766 eum
3109 707 3454 781 suscipiens,
3488 709 3599 764 mi-

1956 796 2216 853 rabiliter
2246 799 2582 868 honoravit;
2615 802 2714 857 sed
2748 805 2804 858 et
2824 799 2976 856 inter
3005 802 3195 856 cetera
3223 797 3329 854 hoc
3353 794 3523 870 quasi
3545 798 3595 854 ei

1955 886 2252 960 privilegio
2276 889 2493 944 amoris
2516 889 2822 958 concessit,
2841 906 3076 946 cervum
3107 886 3386 961 quatinus
3411 904 3517 944 suo
3538 887 3600 942 in

1953 973 2139 1031 brolio
2168 981 2478 1033 venaretur
2502 979 2586 1048 “9,
2611 980 2766 1051 quod
2799 979 2944 1034 nulli
2970 995 3233 1050 unquam
3265 976 3379 1034 nisi
3435 976 3600 1033 karis

1952 1064 2124 1121 simis
2146 1066 2492 1138 magnisque
2523 1068 2702 1124 cessit
2730 1067 2958 1124 amicis.
2992 1070 3334 1140 Lampertus
3375 1066 3600 1122 interea

1951 1151 2264 1224 Papienses
2294 1171 2499 1211 omnes
2530 1155 2966 1228 nonnullosque
2999 1155 3174 1212 Italiae
3207 1155 3504 1228 principes
3522 1155 3596 1210 ad

1950 1241 2269 1298 Bruchardi
2300 1259 2502 1300 necem
2534 1243 3029 1317 invitat,eumque
3076 1243 3282 1300 tandiu
3331 1242 3596 1313 retinuit,

1948 1331 2131 1388 donec
2163 1349 2367 1390 omnes
2397 1333 2498 1405 qui
2532 1334 2794 1391 occidere
2836 1333 2999 1389 illum
3050 1333 3326 1389 deberent
3356 1349 3596 1405 congre-

1949 1425 2116 1492 gatos
2148 1438 2275 1477 esse
2300 1439 2472 1494 posse
2504 1427 2784 1494 speraret.

2022 1511 2107 1564 15.
2143 1511 2381 1566 Factum
2425 1516 2514 1567 est
2556 1512 2737 1583 igitur
2768 1516 2852 1580 ut,
2879 1511 3213 1568 Bruchardo
3250 1509 3596 1566 Mediolanio

1950 1597 2302 1669 discedente,
2319 1599 2628 1656 Novariam
2643 1599 2734 1656 die
2747 1600 3075 1673 perveniret
3088 1600 3312 1656 eadem.
3333 1597 3597 1670 Cumque

1951 1686 2146 1757 isthic,
2160 1691 2467 1744 noctetran
2477 1693 2658 1758 saeta,
2675 1689 2932 1746 diluculo
2962 1691 3227 1761 surgeret
3248 1687 3594 1760 Eporegiam

1952 1776 2198 1832 tendens
2211 1777 2406 1850 (April.
2422 1778 2735 1844 29,1talicze
2751 1796 2929 1852 super
2940 1795 3073 1835 eum
3091 1778 3378 1834 irruentes
3401 1777 3594 1834 subito

1953 1883 2274 1938 apparuere
2297 1863 2640 1940 phalanges.
2669 1870 2823 1934 Quas
2845 1871 3045 1925 contra
3076 1871 3140 1923 ut
3166 1866 3254 1922 vir
3281 1865 3594 1923 bellicosus

1952 1960 2246 2028 properat,
2280 1973 2481 2012 verum
2513 1974 2648 2014 mox
2678 1957 2875 2030 fugam
2921 1955 3192 2028 inceptat.
3217 1956 3286 2011 Et
3314 1955 3594 2028 quoniam

1953 2047 2275 2102 secundum
2299 2045 2450 2103 beati
2475 2046 2586 2103 Job
2601 2046 2970 2116 sententiam,
2991 2045 3278 2103 terminus
3307 2045 3437 2116 ejus
3457 2061 3594 2101 con-

1953 2134 2194 2191 stitutus
2244 2135 2512 2207 preteriri
2565 2153 2681 2192 non
2715 2140 2938 2208 poterat
2956 2136 3071 2208 (Job
3119 2151 3231 2201 xxv,
3263 2135 3339 2206 5),
3371 2139 3429 2191 et
3455 2135 3596 2208 quia

1953 2222 2127 2280 fallax
2147 2240 2334 2296 equus
2356 2225 2427 2280 ad
2458 2223 2707 2280 salutem
2727 2226 2899 2292 (Psal.
2921 2225 3229 2294 xxxu,17,)
3259 2224 3318 2278 in
3350 2225 3591 2293 fossam,

1952 2329 2078 2384 qua:
2093 2330 2293 2369 muros
2306 2313 2796 2383 circuitcivitatis,
2812 2329 2996 2386 equus
3009 2312 3283 2368 decidens
3301 2328 3435 2368 eum
3469 2328 3598 2385 pro-

1944 2402 2103 2474 jecit.
2121 2404 2240 2468 Quo
2272 2408 2328 2458 et
2359 2403 2430 2456 ab
2448 2402 2810 2458 irruentibus
2830 2401 3107 2459 Ausoniis
3125 2400 3342 2457 lanceis
3363 2403 3594 2459 confos-

1952 2509 2075 2557 sus,
2107 2492 2286 2547 vitam
2321 2497 2507 2547 morte
2527 2491 2930 2548 commutavit.
2965 2491 3068 2546 Sui
3101 2489 3355 2562 denique
3386 2490 3494 2546 hoc
3518 2492 3598 2547 vi-

1953 2581 2467 2652 dentes,quoniam
2497 2580 2609 2637 alio
2632 2599 2745 2637 non
2778 2583 3065 2653 poterant,
3089 2579 3242 2634 intra
3289 2579 3596 2638 ecclesiam

1952 2670 2312 2727 sanctissimi
2343 2670 2695 2726 confessoris
2727 2669 2940 2726 Christi
2983 2669 3294 2725 Gaudentii
3341 2670 3595 2743 fugiunt.

1950 2754 2192 2816 Ausonii
2221 2760 2438 2831 itaque,
2469 2763 2535 2814 ut
2567 2775 2634 2814 ex
2663 2759 2981 2815 Bruchardi
3018 2757 3194 2814 minis
3223 2775 3338 2814 non
3372 2759 3600 2816 medio-

1953 2849 2127 2906 criter
2142 2848 2427 2905 inﬂamati
2453 2852 2628 2920 atque
2659 2848 2968 2920 indignati,
3002 2847 3253 2904 ecclesiae
3271 2848 3423 2906 fores
3438 2849 3603 2905 fran-

1953 2939 2455 3011 gunt,omnesque
2477 2936 2536 2992 in
2554 2954 2619 2994 ea
2643 2941 2900 3009 repertos
2921 2937 3029 2993 sub
3065 2936 3193 3007 ipso
3223 2937 3400 2994 etiam
3431 2937 3602 2995 altari

1954 3025 2318 3083 confodiunt.

2027 3117 2295 3180 16.Quod
2320 3115 2604 3172 Rodultus
2637 3119 2700 3171 ut
2732 3115 2972 3183 audivit,
3008 3113 3234 3171 Italiam
3266 3115 3598 3190 dereliquit,

1869 3193 1915 3260 C
1953 3207 2012 3262 et
2031 3205 2432 3277 Burgundiam
2452 3205 2706 3277 percitus
2719 3203 2904 3276 petiit.
2921 3204 3036 3259 Hec
3058 3203 3251 3276 itaque
3264 3206 3405 3262 dum
3423 3223 3604 3280 agun-

1951 3294 2272 3365 tur,Hugo,
2306 3293 2732 3350 Arelatensium
2764 3309 2867 3350 seu
2901 3293 3350 3351 Provincialium
3379 3313 3600 3370 comes,

1953 3383 2148 3439 navim
2180 3384 2618 3452 conscenderat,
2651 3387 2706 3437 et
2733 3399 2835 3454 per
2865 3384 3156 3455 Tyrenum
3192 3399 3351 3440 mare
3382 3385 3441 3440 in
3488 3390 3596 3442 Ita-

1952 3473 2091 3530 liam
2123 3473 2456 3529 festinabat.
2495 3475 2644 3528 Deus
2676 3471 2892 3542 itaque,
2919 3473 3014 3543 qui
3051 3472 3207 3526 hunc
3240 3473 3296 3528 in
3322 3473 3486 3530 Italia
3517 3493 3601 3531 re-

1954 3579 2133 3633 gnare
2185 3563 2476 3634 cupiebat,
2512 3561 2802 3633 prosperis
2854 3577 2986 3614 eum
3040 3560 3277 3616 ﬂatibus
3318 3563 3473 3619 brevi
3504 3564 3602 3618 Al-

1955 3651 2190 3723 pheam,
2227 3651 2336 3706 hoc
2368 3657 2455 3706 est
2485 3651 2698 3715 Pisam,
2718 3665 2844 3720 quae
2889 3653 2978 3704 est
3005 3649 3258 3704 Tussciae
3290 3651 3598 3722 provinciis

1957 3744 2152 3810 caput,
2177 3741 2457 3808 duxerat;
2481 3740 2552 3795 de
2584 3756 2700 3810 qua
2729 3737 2810 3794 sic
2844 3738 3004 3794 Maro
3035 3738 3145 3810 (99)
3175 3739 3480 3812 Alpheaeab
3497 3744 3604 3798 ori-

1958 3830 2086 3898 gine
2122 3829 2286 3885 Pisa}.

2032 3919 2117 3973 17.
2151 3919 2415 3990 Cumque
2460 3920 2660 3974 eodem
2710 3918 3084 3989 pervenisset,
3128 3919 3314 3975 adfuit
3362 3921 3608 3978 Romani

1959 4023 2142 4080 papae,
2175 4007 2464 4063 Johannis
2481 4007 2704 4062 scilicet
2737 4006 3088 4061 Ravennatis
3113 4007 3359 4064 nuntius
3384 4011 3468 4067 ιθο,
3501 4011 3587 4066 Ad

1959 4097 2200 4152 fuerunt
2229 4097 2404 4151 etiam
2423 4113 2587 4169 poene
2617 4095 2883 4151 omnium
2900 4095 3261 4152 Italiensium
3281 4099 3608 4172 nuntii,qui

1959 4185 2219 4251 hunc,ut
2249 4202 2426 4256 super
2449 4185 2605 4257 ipsos
2639 4188 2925 4256 regnaret,
2950 4185 3146 4256 modis
3169 4186 3443 4244 omnibus
3467 4189 3610 4244 invi-

1960 4274 2184 4330 tabant.
2222 4274 2274 4327 Is
2305 4278 2523 4338 autem,
2549 4278 2612 4327 ut
2641 4277 2764 4328 erat
2793 4272 2966 4344 longo
2997 4273 3106 4329 hoc
3134 4291 3202 4329 ex
3231 4278 3492 4345 tempore
3508 4291 3608 4330 cu-

1964 4363 2151 4435 piens,
2187 4361 2420 4432 Papiam
2450 4362 2704 4432 percitus
2737 4361 3270 4433 venit,cunctisque
3291 4363 3610 4419 coniventi-

1965 4453 2075 4507 bus
2089 4466 2336 4521 regnum
2350 4450 2606 4521 suscepit
2619 4450 2747 4521 (λιιι.
2762 4450 2816 4519 9)
2827 4450 2981 4504 .Post
2994 4449 3296 4521 paululum
3311 4451 3611 4508 Mantuam

204 4563 408 4631 tonica,
441 4577 592 4617 suos
621 4538 1076 4613 ita'convenitm
1107 4547 1164 4602 Si
1197 4545 1498 4602 ltalienses
1516 4561 1721 4600 omnes
1738 4559 1856 4598 uno
1888 4567 1934 4632 Β
1969 4538 2246 4604 abiit,ubi
2268 4542 2324 4593 et
2343 4538 2640 4594 Johannes
2667 4553 2816 4609 papa
2847 4538 2898 4592 ei
2931 4554 3233 4606 occurens,
3255 4539 3445 4596 foedus
3476 4556 3611 4596 cum

205 4653 280 4708 uti
301 4647 724 4709 tantummodo
746 4641 977 4706 calcari,
994 4639 1520 4707 informesquenon
1545 4633 1730 4689 fecero
1761 4648 1854 4687 ca-

205 4741 478 4797 ballicare
491 4753 699 4812 equas,
717 4751 831 4789 non
857 4746 988 4788 sum
1012 4725 1421 4791 Bruchardus;
1453 4721 1854 4812 fortitudinem

207 4828 502 4902 siquidem
522 4809 677 4880 muri
703 4823 882 4893 hujus
897 4836 997 4875 seu
1015 4814 1409 4878 altitudinem,
1433 4828 1551 4883 qua
1565 4828 1626 4866 se
1640 4809 1858 4866 muniri

209 4900 758 4985 conﬁdunt,nichili
793 4908 981 4982 pendo
1003 4925 1016 4975 ;
1042 4907 1204 4978 jactu
1240 4900 1684 4974 quippelanceae
1717 4915 1858 4954 mea:

211 5006 577 5064 adversarios
608 5003 679 5058 de
711 5016 878 5056 muro
928 4999 1191 5052 mortuos
1239 4989 1631 5064 praecipitabo.
1667 5011 1695 5039 »
1732 4989 1860 5043 Haec

211 5103 398 5152 autem
411 5113 486 5151 eo
509 5093 759 5157 dicebat,
775 5087 1056 5161 quoniam
1075 5082 1366 5139 neminem
1395 5078 1860 5135 adversariorum

213 5199 320 5239 suae
353 5185 436 5240 ibi
465 5183 684 5253 linguae
717 5194 966 5252 gnarum
999 5190 1128 5231 esse
1179 5170 1440 5244 putabat.
1481 5167 1695 5222 Verum
1755 5185 1861 5224 suo

214 5273 398 5332 omine
432 5289 558 5330 non
605 5271 758 5326 bono
791 5267 1032 5341 quidam
1072 5261 1202 5318 istic
1249 5260 1466 5327 aderat,
1503 5273 1862 5328 quamquam

1967 4646 2032 4685 eo
2063 4627 2371 4700 percussit.

2038 4717 2262 4781 18.Quo
2294 4722 2556 4788 tempore
2576 4717 2742 4772 Berta
2769 4719 2952 4772 matre
2978 4717 3131 4789 regis
3150 4717 3338 4790 ipsius
3351 4718 3612 4792 Hugonis

1967 4811 2216 4875 mortua,
2249 4806 2443 4872 Wido,
2479 4805 2634 4860 ﬁlius
2684 4807 2835 4876 ejus,
2868 4823 3041 4878 quem
3073 4824 3141 4863 ex
3169 4807 3478 4864 Adelberto
3519 4824 3616 4881 ge-

1968 4901 2174 4952 nuerat
2204 4895 2357 4951 sicut
2387 4894 3059 4966 praediximus,Tussciaa
3087 4913 3344 4953 marcam
3373 4897 3614 4954 tenebat

1971 4989 2057 5056 '91,
2093 4985 2190 5056 qui
2225 4983 2536 5039 Maroziam
2570 4988 2829 5040 scortum
2863 4984 3185 5041 Romanam
3217 4986 3330 5043 sibi
3375 5002 3614 5042 uxorem

1971 5078 2288 5147 acceperat.

2049 5166 2131 5219 t9.
2166 5162 2297 5219 Fuit
2327 5166 2522 5217 autem
2556 5179 2654 5218 rex
2684 5162 2849 5235 Ilugo
2895 5179 3009 5218 non
3059 5165 3304 5222 minoris
3362 5164 3614 5222 scientiae

1973 5270 2148 5327 quam
2200 5250 2466 5322 audatize,
2500 5267 2603 5308 nec
2654 5251 3000 5310 inﬁrmioris
3045 5253 3406 5314 fortitudinis
3437 5270 3616 5330 quam

1572 5354 1810 5411 νΑΙὶΙίΕ
1848 5350 2264 5413 LECTIONES.

276 5443 342 5482 ³⁸³
419 5443 807 5502 ueneraretur
836 5437 888 5494 1.
966 5435 1032 5471 "0
1062 5429 1298 5491 nuntios
1333 5431 1382 5487 1.
1461 5427 1523 5464 ¹⁰¹
1558 5427 1833 5487 tenebant
1863 5429 1914 5486 1.

1791 5525 2024 5592 NOTJE.

3230 5724 3314 5812 επ
