4030 6184
448 311 567 373 843
1407 306 1884 371 LIUTPBANDI
1927 304 2474 373 CBEMONENSIS
2519 305 2898 368 EPISCOPI.
3668 309 3754 372 8M

455 439 797 499 calliditatis
823 457 836 509 ;
863 439 961 495 Dei
1003 438 1177 494 etiam
1209 438 1395 495 editor
1423 442 1754 510 sancta‘que
1804 436 2103 509 religionis
2129 435 2188 505 Α
2217 453 2327 509 que
2356 436 2819 494 conversationis
2850 436 3119 509 habitum
3145 435 3422 509 sumpsit;
3448 436 3501 493 in
3525 453 3621 510 quo
3660 447 3759 513 post

454 534 787 590 amatorum
815 531 1042 585 amator
1065 545 1079 597 ;
1102 527 1163 583 in
1186 544 1510 601 pauperum
1544 525 1994 584 necessitatibus
2011 544 2106 582 οι]-
2211 527 2336 584 dies
2357 527 2427 583 15
2449 530 2740 594 mortuus,
2776 542 2869 581 me
2894 523 3136 598 parvulo
3166 522 3683 598 derelicto,migravit
3705 529 3759 583 ad

450 622 644 677 riosus
679 638 693 689 ;
726 634 865 691 erga
906 616 1164 673 molestas
1213 616 1380 673 valde
1434 616 1722 672 sollicitus
1752 634 1765 684 ;
1800 614 2103 689 religiosos
2212 616 2730 672 Dominum.Nunc
2762 618 2959 670 autem
2986 613 3261 685 quoniam
3291 613 3761 687 imperatoris'rogu-

453 709 967 783 phylosophosque
1016 708 1170 763 viros
1210 724 1325 763 non
1375 706 1566 763 solum
1611 705 1866 771 amabat,
1899 722 2101 761 verum
2213 716 2317 775 νοῦ,
2340 706 2399 760 id
2429 710 2519 761 est
2549 704 2816 772 Romani,
2840 703 3061 759 mentio
3083 702 3233 758 facta
3251 706 3357 769 est,
3372 702 3761 777 quisiueritqua-

455 799 632 854 etiam
655 796 880 852 fortiter
907 796 1249 852 honorabat.
1275 795 1383 860 Qui
1411 795 1517 852 etsi
1540 799 1625 851 tot
1652 794 2101 851 virtutibuscla—
2212 794 2414 851 literve
2472 794 2544 850 ad
2605 793 2836 866 imperii
2897 791 3131 848 culmen
3188 791 3512 864 pervenerit,
3556 791 3634 848 hic
3678 810 3763 849 non

457 888 641 957 rebat,
673 886 986 942 mulierum
1012 889 1209 940 tamen
1242 884 1532 941 illecebris
1564 901 1661 940 eas
1694 883 1943 940 fedabat.
2214 883 2537 939 absurdum
2569 882 2715 938 mihi
2741 881 2972 937 videtur
3001 881 3344 936 inserere“.

526 976 734 1032 20.11ic
754 992 821 1032 ex
842 976 1195 1031 Francorum
1229 991 1439 1048 genere
1480 973 1935 1029 Teutonicorum
1965 989 2104 1028 uxo-
2283 972 2720 1044 25.1mperante
2747 971 2957 1037 Leone,
2982 967 3341 1026 Constantini
3361 968 3524 1040 hujus
3548 970 3764 1041 genitore,

457 1082 579 1122 rem
608 1069 911 1137 acceperat
940 1065 1178 1121 nomine
1207 1062 1582 1135 Aldam,quae
1618 1062 1803 1118 ﬁlium
1836 1062 1887 1117 ei
1922 1078 2104 1134 genu-
2213 1071 2441 1133 Ῥομάνος
2470 1061 2789 1133 imperator
2824 1059 2957 1127 iste,
2990 1065 3540 1133 quamquammoxéc,
3564 1058 3765 1131 ptochos,

457 1160 579 1211 erat
608 1154 843 1210 nomine
876 1153 1234 1209 Letharium.
1273 1152 1572 1206 Habuerat
1602 1168 1742 1207 sane
1788 1155 1928 1205 tunc
1959 1154 2105 1206 tem-
2214 1152 2271 1207 id
2305 1156 2393 1209 est
2426 1167 2664 1223 pauper,
2693 1151 2765 1205 ab
2813 1148 3089 1205 omnibus
3138 1153 3333 1203 tamen
3364 1148 3767 1222 mammia-

460 1244 619 1316 peris
635 1261 701 1299 ex
718 1243 974 1314 quadam
991 1241 1232 1297 muliere
1246 1240 2108 1307 nobilissima,vocabuloWan-
2216 1258 2365 1310 mos,
2397 1240 2456 1296 id
2487 1244 2575 1295 est
2607 1238 2791 1305 utilis,
2815 1238 3160 1293 habebatur.
3180 1238 3316 1292 Erat
3329 1241 3509 1292 autem
3536 1253 3595 1292 ex
3613 1235 3769 1292 melio-

461 1330 752 1398 delmoda,
778 1329 965 1384 lilium
999 1329 1236 1385 nomine
1257 1330 1607 1395 Hubertum,
1631 1329 1903 1400 quinunc
1923 1345 2106 1400 usque
2216 1329 2414 1386 cribus
2444 1328 2590 1401 ipsis
2620 1328 2721 1399 qui
2754 1325 2945 1382 navali
2976 1342 3176 1399 pugna
3205 1325 3486 1398 stipendia
3500 1326 3562 1382 ab
3580 1324 3766 1397 impera-

463 1423 729 1494 superest
754 1423 809 1475 et
836 1418 1056 1474 Tuscia:
1088 1417 1387 1490 provintiae
1411 1417 1683 1489 princeps
1709 1421 1915 1489 potens
1938 1416 2109 1472 habe—
2216 1423 2339 1474 tore
2371 1419 2731 1490 acceperant.
2766 1414 2873 1481 Qui
2916 1431 3048 1469 cum
3099 1412 3297 1486 sepius
3344 1416 3398 1468 et
3432 1414 3616 1469 iterum
3640 1419 3690 1476 et;
3706 1424 3768 1480 τὴν

446 1508 577 1566 ‘tur.
612 1508 791 1580 Cujus
845 1513 975 1564 acta
1022 1508 1137 1563 Deo
1184 1506 1453 1579 prepitio,
1489 1506 1614 1561 suis
1664 1506 1723 1560 in
1755 1506 1897 1563 locis
1934 1523 2106 1579 expo-
2220 1518 2406 1578 μάιην,
2435 1506 2485 1562 is
2518 1505 2604 1560 tin
2664 1502 2919 1570 machin,
2954 1501 3011 1558 id
3069 1506 3160 1558 est
3216 1502 3277 1557 in
3329 1518 3530 1575 pugna,
3557 1500 3771 1556 nonnulla

462 1602 692 1655 nentur.

2217 1603 2579 1670 χρησιμώτατα,
2612 1592 3034 1658 chrisimotata,
3083 1591 3139 1646 id
3191 1594 3280 1646 est
3325 1588 3500 1656 utilia,
3541 1590 3768 1655 facerem

531 1690 619 1743 21.
655 1688 894 1760 Hugone
928 1686 1109 1759 igitur
1138 1702 1270 1759 rege
1302 1686 1639 1749 constituto,
1671 1684 1824 1740 sicut
1853 1685 1939 1739 vir
1970 1700 2107 1756 pru-
2218 1685 2328 1741 sibi
2379 1682 2687 1756 praeposito
2740 1681 2882 1737 adeo
2916 1687 3120 1751 ἐτιμήθη
3177 1679 3263 1747 ‘97,
3323 1686 3443 1742 ὁπως
3468 1685 3770 1751 «pomum.

460 1776 866 1843 dentissimus,
883 1774 1085 1830 ubiubi
1106 1779 1398 1830 terrarum
1421 1773 1846 1845 coepitnuntios
1868 1789 2005 1828 suos
2028 1772 2111 1827 di-
2138 1810 2187 1874 Β
2217 1773 2469 1831 etimithi
2491 1789 2633 1843 opos
2656 1774 3085 1844 protocaravos,
3110 1767 3168 1823 id
3201 1772 3289 1825 est
3317 1768 3605 1824 honoratus
3629 1771 3711 1832 est,
3729 1770 3771 1820 ut

462 1864 1136 1937 rigere,!multorumque
1182 1878 1384 1934 regum
1418 1878 1518 1917 seu
1549 1861 1879 1932 principum
1913 1860 2110 1917 amici—
2138 1858 2186 1874 ”
2221 1863 2449 1936 primus
2479 1862 2716 1917 navium
2750 1859 2874 1915 ﬁeri
2894 1861 3234 1915 mereretur.
3254 1858 3503 1923 Quadam
3530 1859 3688 1912 autem
3704 1870 3771 1909 no-

460 1954 604 2009 tiam
628 1969 902 2024 quaerere,
933 1951 1187 2006 Heinrici
1230 1951 1554 2023 przesertim
1590 1949 1968 2006 famosissimi
2019 1967 2111 2006 re-
2221 1956 2330 2018 cte,
2361 1952 2501 2006 dum
2562 1948 2925 2022 exploratum
2983 1948 3305 2003 Saracenos
3359 1945 3548 2011 abiret,
3574 1948 3773 2015 essetque

463 2040 573 2113 gis,
598 2041 720 2111 qui,
744 2045 808 2093 ut
838 2056 1016 2111 supra
1045 2038 1520 2105 memoravimus,
1540 2038 1860 2110 Bagoariis,
1884 2039 2107 2108 Suevis,
2219 2042 2422 2098 eodem
2447 2040 2505 2094 in
2529 2038 2653 2094 loco
2678 2037 2848 2106 palus
2870 2041 3043 2108 atque
3075 2036 3483 2091 arundinetum
3512 2051 3611 2090 non
3636 2032 3771 2088 modi-

461 2128 872 2201 Lotharingiis,
910 2127 1145 2183 Francis
1178 2130 1355 2199 atque
1401 2127 1727 2182 Saxonibus
1762 2127 2107 2200 imperabat.
2220 2147 2375 2197 cum,
2409 2127 2655 2200 contigit
2682 2126 2908 2182 leonem
2940 2125 3371 2181 ferocissimum
3402 2141 3466 2179 ex
3509 2121 3772 2178 arundineto

466 2219 568 2275 Hic
586 2218 760 2274 etiam
782 2217 1121 2273 Sclavorum
1142 2216 1756 2288 genteminnumeram
1776 2217 2113 2290 subjugavit
2222 2217 2510 2292 prosilire,
2543 2230 2962 2286 cervorumque
3003 2213 3438 2269 multitudinem
3479 2212 3532 2267 in
3569 2209 3772 2284 paludem

470 2308 700 2381 sibique
728 2306 1097 2362 tributariam
1124 2306 1259 2361 fecit
1282 2323 1296 2374 ;
1331 2306 1557 2378 primus
1594 2306 1771 2361 etiam
1804 2305 1895 2361 hic
1921 2316 2112 2363 Uanos
2221 2309 2565 2378 dimergere,
2587 2320 2891 2375 unumque
2912 2319 3115 2359 eorum
3148 2319 3372 2376 capere,
3398 2302 3578 2374 sicque
3604 2300 3656 2335 ¹⁹⁸
3678 2314 3771 2352 ven-

470 2396 807 2470 subjugavit
836 2395 1065 2467 sibique
1095 2395 1310 2451 servire
1341 2394 1547 2469 coegit,
1564 2411 1629 2450 ac
1642 2411 1743 2467 per
1771 2394 2061 2453 hocnome

2219 2397 2327 2452 tris
2386 2394 2610 2450 rabiem
2662 2391 2951 2466 mitigare.
3011 2402 3230 2463 Ρομάνος
3259 2400 3308 2448 δὲ
3335 2400 3458 2448 ’τὸν
3482 2398 3622 2447 αὐτῶν
3666 2395 3771 2460 ψόφον

466 2504 643 2545 suum
676 2484 879 2542 multis
911 2483 1167 2540 nationis
1195 2485 1260 2519 1”
1292 2483 1514 2541 celebre
1546 2484 1697 2540 fecit.

2220 2496 2415 2542 ἄιουων
2457 2490 2723 2541 ἐδειλίασεν
2789 2489 2991 2555 σφόδρα,
3050 2482 3345 2537 Romanos
3402 2481 3469 2536 de
3519 2484 3604 2535 ton
3650 2480 3775 2532 auton

535 2581 624 2633 22.
660 2576 778 2632 Rex
806 2575 986 2647 igitur
1017 2574 1181 2646 Hugo
1212 2590 1346 2629 cum
1378 2590 1543 2646 reges
1576 2574 1813 2630 sibimet
1850 2591 1916 2630 ac
1946 2575 2110 2647 prin-
2219 2574 2427 2648 psofon
2457 2589 2640 2629 acuon
2673 2570 2955 2627 ediliasen
2986 2570 3208 2639 sfodra,
3240 2569 3298 2626 id
3329 2574 3415 2627 est
3466 2569 3709 2639 Romanos
3730 2563 3776 2598 "'

464 2668 622 2738 cipes
663 2663 883 2720 amicos
932 2662 1315 2718 circumcirca
1373 2662 1734 2734 adquireret,
1781 2664 2011 2719 studuit
2053 2668 2112 2721 et
2221 2668 2417 2720 autem
2447 2677 2648 2718 eorum
2675 2659 2935 2716 sonitum
2961 2659 3231 2729 audiens,
3254 2659 3447 2715 timuit
3470 2656 3631 2714 valde.
3654 2656 3777 2711 Puta-

462 2753 719 2809 Achiviis
748 2768 961 2807 nomen
994 2768 1171 2807 suum
1200 2750 1371 2823 longe
1402 2766 1436 2805 a
1465 2750 1634 2806 nobis
1666 2751 1873 2822 positis
1906 2756 2110 2809 notum
2218 2752 2301 2808 vit
2325 2750 2483 2808 enim
2512 2751 2936 2806 Saracenorum
2986 2747 3425 2805 multitudinem
3453 2763 3584 2812 esse,
3614 2742 3697 2817 qui
3737 2755 3778 2796 se

463 2842 671 2897 facere.
702 2840 1033 2911 lmperabat
1059 2855 1194 2894 vero
1220 2838 1314 2893 his
1345 2842 1484 2893 tunc
1515 2839 1798 2910 temporis
1828 2841 2112 2897 memoria
2219 2844 2596 2914 conspectum
2618 2839 2821 2894 fraude
2842 2837 3269 2910 aliquavellent
3298 2837 3779 2911 perhimerexoptlpw

461 2929 606 2987 satis
637 2934 694 2986 et
723 2927 895 2994 laude
915 2926 1130 3000 dignus
1149 2926 1808 2998 Romanusimperator,
1828 2926 2106 2996 liberalis,
2221 2938 2272 2987 δέ
2305 2938 2505 3003 βαθέως,
2541 2927 2745 2985 orthru
2793 2927 2865 2982 de
2910 2925 3174 2995 vatheos,
3213 2927 3269 2983 id
3302 2931 3389 2983 est
3439 2939 3590 2980 mane
3637 2924 3778 2975 autem

462 3019 779 3083 humanus,
798 3017 1055 3088 prudens
1076 3033 1143 3071 ac
1166 3015 1328 3088 pius;
1348 3016 1442 3070 cui
1465 3032 1598 3071 cum
1622 3020 1857 3089 prepter
1877 3034 2108 3076 morum
2216 3020 2407 3092 primo
2436 3034 2743 3091 exurgens,
2766 3033 2899 3072 cum
2917 3015 3372 3089 diligentissime
3388 3020 3576 3072 cuncta
3588 3007 3782 3068 conside-

462 3107 974 3181 probitatem,tum
993 3103 1857 3177 propterlinguaaurbanitatem
1883 3107 2108 3179 genito-
2150 3179 2165 3181 _
2219 3112 2392 3179 raret,
2438 3106 2766 3179 conspectis
2820 3104 3101 3178 vestigiis,
3134 3112 3333 3176 εὐθέως,
3364 3103 3600 3170 entheos,
3627 3098 3673 3153 id
3717 3098 3779 3151 est

462 3179 584 3253 i'em
618 3212 813 3250 meum
846 3193 1045 3266 dirigit
1068 3192 1366 3248 nuntium-
2135 3179 2178 3246 (ἶ
2216 3197 2419 3255 statim
2436 3196 2577 3269 quid
2592 3196 2700 3251 hoc
2712 3198 2888 3264 esset,
2907 3193 3160 3267 agnovit.
3179 3195 3370 3252 Leone
3390 3194 3567 3265 itaque
3586 3190 3633 3244 in
3649 3201 3778 3242 arua.

531 3286 621 3339 23.
651 3284 757 3348 Qui
808 3298 943 3338 cum
1003 3282 1207 3338 eodem
1257 3282 1635 3354 pervenisset,
1670 3283 1847 3357 inter,
1877 3289 2103 3355 caetera,
2217 3288 2413 3343 dineto
2468 3288 2890 3352 commorante,
2935 3293 3185 3355 Ῥομάνος,
3252 3286 3532 3341 Romanus
3592 3278 3776 3334 Grecum

462 3392 588 3447 quae
617 3372 950 3445 imperatori
976 3371 1236 3427 Romano
1268 3387 1366 3427 rex
1415 3371 1580 3444 Hugo
1631 3388 1877 3430 munera
1931 3376 2103 3431 mise-
2216 3376 2433 3450 ignem,
2469 3375 2569 3448 qui
2591 3373 2752 3430 nullo
2783 3377 2992 3445 preter
3029 3373 3175 3430 aceti
3232 3373 3451 3447 liquore
3476 3365 3775 3440 extinguitur,

460 3469 550 3519 rat
624 3464 711 3533 “59,
726 3460 1063 3534 bujusmodi
1083 3461 1230 3517 duos
1249 3477 1421 3517 canes
1435 3461 1694 3530 adduxit,
1712 3461 1915 3533 quales
1937 3464 1993 3518 in
2017 3480 2106 3520 ea-
2216 3465 2475 3537 undique
2506 3480 2609 3537 per
2630 3461 3288 3534 arundinetumjaclare
3308 3458 3573 3536 praecepit.
3592 3456 3699 3511 Erat
3711 3466 3777 3506 auo

458 3554 591 3610 dem
622 3569 738 3608 non
770 3554 911 3608 sunt
940 3550 1255 3624 aliquando
1286 3549 1475 3623 patria
1499 3550 1629 3606 visi.
1657 3552 1764 3616 Qui
1795 3553 1939 3608 dum
1970 3557 2104 3610 ante
2213 3552 2772 3610 teminarundineto
2791 3569 3030 3608 acervus
3061 3551 3119 3607 in
3143 3550 3524 3608 arundinibus
3543 3540 3774 3620 plenus,in

459 3641 870 3714 imperatorem
902 3640 1134 3696 adducti
1165 3640 1439 3707 fuissent,
1471 3639 1584 3695 nisi
1616 3639 1937 3697 multorum
1969 3642 2102 3698 bra-
2212 3659 2388 3714 quem
2418 3659 2485 3699 eo
2507 3640 2987 3714 confugiens,illo
3035 3645 3125 3697 est
3170 3643 3248 3698 ab
3269 3641 3401 3715 igne
3429 3630 3777 3715 salvatus.Venf

455 3729 604 3786 chiis
624 3733 979 3796 tenerentur,
1005 3746 1139 3784 eum
1171 3729 1441 3801 protinus
1474 3728 1768 3785 morsibus
1792 3729 2098 3787 laniarent.
2210 3737 2307 3788 tus
2338 3732 2554 3805 quippe
2584 3729 2874 3786 contraria
2903 3746 2972 3786 ex
3003 3734 3168 3802 parte
3201 3730 3374 3797 ﬂans,
3404 3728 3601 3801 ignem,
3628 3736 3683 3776 ne
3726 3714 3776 3771 ad

455 3818 603 3873 Puto
626 3816 805 3886 enim,
830 3816 970 3888 quia
991 3817 1132 3872 dum
1163 3817 1319 3873 hunc
1345 3821 1660 3873 Grecorum
1678 3834 1839 3874 more
1868 3818 2100 3875 teristro
2212 3836 2481 3877 acervum
2500 3836 2687 3892 usque
2707 3819 3052 3892 perveniret,
3072 3818 3375 3875 ammovit.
3396 3818 3654 3873 Romanos
3674 3821 3775 3880 prte-

453 3906 602 3978 (100)
632 3909 900 3977 opertum
921 3904 1244 3977 habituque
1265 3904 1500 3962 insolito
1520 3905 2098 3975 videruntindutum,
2211 3914 2369 3967 terea
2398 3912 2529 3982 post
2555 3907 2709 3982 ignis
2731 3907 3147 3965 extinctionem
3167 3925 3288 3964 uno
3305 3911 3524 3964 tantum
3542 3907 3776 3959 cumasse-

454 4010 573 4048 non
606 3992 905 4048 hominem
936 3993 1037 4048 sed
1061 3997 1392 4049 monstrum
1425 3993 1660 4064 aliquod
1689 3996 2060 4065 putaverant.
2210 3998 2360 4065 cula,
2394 4014 2594 4054 ensem
2627 3996 2819 4053 solum
2851 3997 3075 4066 dextra,
3111 3997 3358 4054 sinistra
3385 3999 3564 4052 autem
3590 3984 3770 4062 pallium

522 4082 611 4136 24.
645 4081 903 4153 Denique
934 4096 1146 4153 magno
1197 4098 1330 4137 cum
1362 4081 1583 4138 honore
1628 4082 1700 4136 ab
1731 4083 1934 4139 eodem
1969 4102 2097 4141 sus-
2208 4086 2673 4161 gestans,locum
2696 4102 2931 4143 omnem
2959 4103 3281 4160 peragrans
3304 4086 3523 4153 lustrat,
3538 4079 3580 4136 si
3604 4077 3772 4134 forteos

452 4174 656 4244 ceptus
690 4171 755 4205 ‘9‘
774 4174 862 4226 est
891 4170 1259 4242 imperatore.
1293 4170 1407 4225 Nec
1436 4173 1557 4225 tam
1590 4186 1693 4241 pro
1733 4169 1813 4227 rei
1845 4173 2100 4230 novitate
2207 4192 2274 4233 ex
2305 4192 2370 4233 eo
2387 4175 2472 4232 vel
2505 4176 2741 4248 signum
2772 4162 3007 4248 aliquod
3035 4176 3369 4249 repperiret.
3393 4174 3516 4231 Jam
3541 4183 3653 4226 vero
3677 4173 3772 4218 cum

450 4265 552 4316 aut
578 4276 888 4316 munerum
921 4258 1647 4331 magnitudine,quantum
1666 4260 1943 4331 quoniam
1957 4262 2097 4318 dum
2205 4265 2266 4321 in
2297 4281 2364 4322 eo
2394 4268 2568 4332 esset,
2595 4268 2660 4320 ut
2689 4264 2867 4320 nichil
2912 4264 3217 4321 inveniens
3262 4263 3568 4338 repedaret,
3595 4253 3677 4328 qui
3695 4250 3773 4305 hoc

447 4350 725 4423 praefatus
755 4349 982 4422 genitor
996 4346 1430 4404 Tessalonicam
1459 4348 1736 4417 venisset,
1758 4348 2095 4407 Sclavorum
2205 4353 2452 4410 monstri
2473 4356 2645 4423 esset,
2661 4353 2816 4426 quod
2839 4369 3079 4409 acervus
3110 4351 3208 4410 ille
3235 4354 3313 4410 sit
3333 4350 3539 4424 abigne
3553 4343 3768 4402 salvatus.

446 4439 710 4511 quidam,
737 4437 837 4511 qui
862 4437 1106 4494 rebelles
1136 4437 1397 4494 Romano
1430 4436 1765 4510 imperatori
1786 4439 2097 4496 extiterant
2215 4443 2445 4499 studuit
2463 4442 2668 4499 visere.
2697 4442 2962 4515 Cumque
2996 4443 3110 4499 duo
3146 4446 3382 4515 propter
3396 4441 3513 4513 [ἀι.
3533 4433 3682 4509 jusz
3707 4439 3771 4515 ξε·

444 4532 778 4599 terramque
807 4528 936 4599 ejus
968 4525 1423 4599 depopulabant,
1439 4543 1616 4598 super
1643 4542 1778 4581 eum
1798 4527 2097 4585 irruerunt
2124 4551 2172 4618 Β
2205 4532 2498 4599 sisterent,
2521 4548 2839 4604 secumque
2866 4513 3048 4588 rebus
3077 4513 3475 4588 ex—nonnullis
3503 4513 3770 4618 confabulat—

440 4616 657 4672 Verum
676 4616 776 4671 Dei
801 4620 997 4672 actum
1028 4620 1118 4671 est
1147 4616 1381 4688 pietate,
1419 4619 1484 4671 ut
1509 4616 1623 4671 duo
1655 4632 1856 4671 eorum
1880 4616 2094 4689 princi-
2124 4599 2172 4618 υ
2207 4624 2355 4688 rent,
2386 4620 2475 4678 leo
2505 4638 2604 4677 eos
2632 4599 2865 4676 tantum
2896 4620 3136 4693 audivit,
3164 4620 3443 4692 quoniam
3477 4612 3681 4688 quidem
3719 4599 3770 4657 0b

445 4720 549 4776 pes
577 4704 714 4770 vivi,
746 4704 1047 4760 nonnullis
1081 4704 1351 4772 mortuis,
1384 4707 1748 4776 caperentur.
1766 4707 1922 4771 Quos
1951 4707 2097 4762 dum
2207 4710 2524 4783 caligantes
2582 4709 2781 4765 oculos
2822 4735 2951 4783 καρα
2978 4720 3047 4766 τῶ
3076 4734 3266 4778 καπνω,
3307 4723 3445 4780 para
3505 4708 3558 4758 to
3616 4704 3771 4785 call“?!

441 4796 824 4864 prasentaret
853 4793 1213 4865 imperatori,
1250 4794 1540 4849 immensa
1562 4797 1650 4849 est
1679 4794 1924 4851 affectus
1952 4794 2096 4852 laeti-
2206 4779 2361 4870 quod
2390 4801 2478 4854 est
2505 4799 2578 4854 ob
2605 4798 2856 4867 fumum,
2888 4779 3083 4854 videre
3114 4815 3231 4854 non
3261 4779 3467 4870 potuit.
3495 4779 3772 4870 Volensigif

451 4880 560 4947 cia,
589 4897 920 4953 magnoque
951 4883 1022 4936 ab
1045 4898 1110 4937 eo
1135 4883 1366 4955 genitor
1395 4898 1636 4938 munere
1667 4882 1858 4949 datus,
1880 4885 1949 4939 ad
1984 4885 2098 4941 Hu-
2204 4866 2302 4942 t-ur
2322 4885 2409 4943 leo
2431 4887 2609 4942 animi
2634 4888 2723 4943 sui
2757 4888 3033 4955 furorem,
3052 4904 3228 4960 quem
3249 4866 3321 4943 ab
3346 4886 3475 4957 igne
3494 4866 3770 4944 conciti)erat

444 4985 653 5040 gonem
687 4986 907 5042 regem,
941 4970 1043 5043 qui
1089 4989 1150 5027 se
1190 4972 1341 5027 istuc
1366 4970 1774 5027 transmiserat
1805 4974 1887 5040 λεδ,
1921 4974 2094 5030 rediit
2202 4976 2262 5030 in
2296 4975 2404 5032 hos
2434 4992 2713 5044 evomere,
2747 4976 2899 5033 saltu
2932 4975 3329 5050 rapidissimo,
3355 4989 3467 5045 qua
3492 4966 3690 5024 illorum
3706 4967 3774 5008 VO-

440 5055 627 5113 laetus.
644 5057 780 5113 Post
796 5058 1049 5114 reditum
1073 5076 1205 5115 vero
1225 5060 1373 5131 ejus,
1392 5059 1970 5132 paucisinterpositis
1994 5080 2093 5119 so-
2202 5081 2298 5121 ces
2331 5064 2613 5132 audierat,
2627 5082 2726 5121 eos
2757 5065 2907 5121 inter
2927 5064 3197 5138 prosiliit.
3221 5064 3505 5119 Romanos
3532 5067 3662 5117 vero,
3686 5055 3770 5100 110l1

438 5144 615 5215 libus,
633 5144 870 5220 langore
891 5151 1217 5222 correptus,
1233 5148 1654 5205 monasterium
1677 5149 2095 5221 petiitsanetw-
2200 5158 2266 5210 ut
2296 5169 2440 5210 suus
2461 5154 2725 5210 assecula
2745 5155 3032 5228 pavitans,
3055 5154 3158 5211 sed
3181 5170 3247 5209 ea
3265 5151 3459 5225 potius
3486 5143 3654 5202 mente
3668 5146 3769 5190 οοιι·

1782 5247 2024 5306 VARI/E

467 5389 476 5399 _
507 5315 574 5399 "_’
605 5317 628 5371 ί
654 5332 702 5372 e.
727 5317 1089 5399 nationibus.
1169 5320 1234 5399 ‘9?
1263 5337 1510 5399 munera
1541 5320 1645 5399 1.“
1672 5320 1739 5357 ¹⁹⁴
1768 5328 2058 5399 διξερβριυ)

2176 5251 2715 5399 ῗΤξὲῗιξῗιῖῐῃὶεθηι
2746 5324 2797 5399 1,
2860 5324 3444 5399 ,ίοθνιςεᾳυρῃιία-ᾳεᾳαε
3459 5330 3568 5386 cap.
3596 5298 3767 5399 ‘L‘f‘;

432 5387 562 5471 {feet
608 5391 891 5460 quaternio
920 5407 1081 5459 unus,
1112 5394 1400 5463 perierunt
1446 5393 1499 5447 5.
1580 5392 1645 5427 ¹⁹⁷
1677 5381 1891 5455 ετημιθη’
1914 5381 1968 5451 1ῖ

2177 5395 2307 5469 ique
2337 5396 2388 5451 1.
2468 5396 2534 5433 ¹⁹⁰
2562 5397 2642 5456 ita
2678 5382 2898 5471 scripsi,
2930 5398 2996 5454 in
3022 5381 3204 5456 codice
3253 5381 3471 5453 Nomen
3515 5381 3768 5459 proprium

431 5459 653 5528 legitur.

498 5601 643 5697 (100)
674 5603 1108 5680 Velamentum,
1133 5604 1383 5701 pauium
1415 5605 1756 5672 mulierum.
2012 5538 2242 5605 NOTE.
