4030 6184
332 341 451 405 847

1290 328 1771 399 LIUTPBANDI
1815 322 2365 389 CREMONENSJS
2410 319 2790 385 EPISCOPI.

334 471 544 543 hisque
572 470 786 527 Greece
813 464 1207 541 depopulandi
1265 461 1609 525 vicissitudo
1664 459 1845 533 dupla
1892 475 1981 516 re-
2006 460 2067 529 Α
2092 456 2173 515 tis
2204 456 2270 493 ³³⁸
2292 456 2371 512 ad
2404 459 2638 527 tempus
2669 470 2785 543 non
2808 467 2940 543 esse
2968 446 3563 543 permiseratmtquo
3588 447 3744 504 hunc

334 559 630 634 penditur.

403 649 494 705 29.
528 648 696 704 Hunc
763 645 983 705 etenim
1037 643 1370 705 Simeonem
1428 640 1750 713 emiargon,
1800 638 1858 695 id
1898 640 1988 694 est

336 737 744 811 semigreeum,
811 750 940 793 esse
996 734 1253 802 aiebant,
1302 749 1371 791 eo
1429 730 1585 805 quod
1640 746 1678 787 .a
1730 725 1990 801 puericia

338 826 582 883 Bizantii
616 823 980 883 Demostenis
1013 821 1365 883 rhetoricam
1395 813 1993 889 Aristotelisquesilo-

340 916 565 990 gismos
595 914 881 973 didicerit.
910 913 1049 970 Post
1104 911 1228 967 hmo
1272 915 1492 977 autem,
1526 906 1743 967 relictis
1774 905 1990 965 artium

343 1004 576 1073 studiis,
610 1008 676 1061 ut
732 1001 897 1059 aiunt
943 998 1404 1063 conversationis
1460 999 1677 1054 sancta
1722 993 1992 1077 habitum

345 1093 625 1167 sumpsit.
651 1093 867 1151 Verum
920 1090 1098 1164 paulo
1157 1092 1290 1162 post
1336 1084 1619 1160 regnandi
1676 1083 1995 1155 cupiditate

324 1185 646 1256 .deceptus,
679 1199 748 1243 ex
791 1180 1022 1253 placida
1063 1176 1404 1235 monasterii
1449 1174 1643 1251 quiete
1699 1171 1761 1234 in
1814 1169 1997 1231 seculi

286 1262 290 1267 ⁴
350 1272 665 1347 procellam
720 1268 1011 1336 transivit,
1070 1266 1362 1339 elegitq-ue
1405 1265 1601 1336 potius
1668 1264 1996 1333 apostatam

351 1361 679 1429 Julianum,
738 1375 917 1431 quam
973 1355 1383 1413 beatissimum
1447 1354 1680 1409 Petrum
1747 1349 1999 1409 ecclesiis

356 1450 520 1524 regni
572 1448 736 1520 sequi
792 1446 1167 1518 clavigerum.
1221 1444 1327 1510 Qui
1371 1445 1519 1499 duos
1578 1441 1727 1496 filios
1772 1437 1999 1506 habuit,

356 1556 542 1595 unum
574 1538 809 1594 nomine
839 1536 1144 1605 Bajanum,
1178 1533 1447 1599 alterum,
1480 1529 1578 1602 qui
1630 1545 1785 1591 nunc
1816 1543 2002 1598 usque

357 1630 624 1699 superest
654 1627 1035 1697 potenterque
1060 1621 1352 1694 Bulgariis
1373 1616 2003 1692 princi-petur,nomine

358 1717 591 1773 Petrum
623 1713 791 1785 (105).
822 1712 1109 1784 Bajanum
1139 1714 1337 1769 autem
1384 1710 1527 1771 adeo
1559 1709 1698 1767 fcere
1726 1708 1793 1743 ²¹³
1822 1705 2003 1778 magi-

2094 546 2328 620 gravius
2356 542 2725 618 premeretin
2752 541 3071 609 inﬁmis,eo
3093 538 3541 599 misericordius
3563 552 3747 593 remu-

2092 639 2326 693 neraret
2342 634 2406 690 in
2434 632 2961 698 summis.Nam,ut
2976 628 3169 685 fertur
3186 627 3464 699 an“,hujus
3488 629 3746 698 tempore

2098 722 2393 797 passionis
2424 721 2742 778 familiares
2773 719 3035 776 etiam"o
3063 717 3271 790 capitis
3293 717 3562 788 jusserat
3589 713 3745 770 subi-

2097 829 2159 871 re
2168 813 2542 870 sententiam.
2557 812 2713 876 Quos
2732 814 2930 865 tamen
2948 808 3023 864 ad
3047 822 3175 864 sese
3196 806 3431 866 rediens
3452 805 3562 861 hoc
3582 798 3745 877 pacto

2099 901 2453 975 requirebat,
2480 904 2547 957 ut
2576 898 2692 955 nisi
2748 915 2898 971 quos
2942 894 3220 969 jngntare
3236 896 3508 967 jusserat
3544 894 3747 950 redde-

2094 995 2321 1057 rentur,
2348 990 2477 1062 pari
2505 989 2620 1062 ipsi
2652 988 2750 1061 qui
2778 988 2888 1043 hoc
2912 986 3229 1042 eiIecerant
3256 983 3548 1040 sententia
3585 983 3746 1039 dam-

2103 1079 2527 1139 narentur.Hec
2556 1078 2737 1152 igitur
2754 1081 2974 1134 terrore
2993 1090 3151 1147 quos
3170 1073 3747 1145 damnarejueserat,

2104 1169 2506 1226 servabantur.
2539 1168 2648 1224 Sed
2680 1183 2813 1222 cum
2844 1165 2957 1221 hoc
2979 1163 3179 1238 sepius
3198 1167 3267 1225 et
3298 1164 3511 1219 iterum
3539 1162 3750 1221 Basilio

2102 1256 2684 1329 faceret,hujnsmodi
2713 1273 2751 1312 a
2779 1253 2896 1311 sibi
2929 1252 3414 1327 ebsequentibus,
3438 1268 3545 1325 pro
3570 1250 3752 1319 nefas,

2108 1346 2328 1419 accepit
2355 1345 2704 1403 consilium:
2740 1367 2769 1395 «
2801 1343 2882 1399 Ne
2912 1343 3060 1400 forte
3079 1341 3373 1398 insanam
3395 1341 3755 1414 regssjussio

2108 1435 2426 1507 aliquando
2457 1451 2526 1491 ex
2556 1433 2848 1491 industria
2876 1449 2911 1488 α
2936 1436 2995 1488 te
3024 1449 3141 1488 non
3162 1429 3754 1504 diligentibusjmmo

2109 1524 2282 1582 hodio
2316 1523 2688 1591 habentibus,
2724 1521 3058 1595 impleatur,
3084 1538 3222 1577 eum
3264 1525 3331 1575 tu
3376 1519 3575 1592 potius
3614 1511 3758 1576 ecci-

2108 1613 2251 1682 dito,
2284 1616 2458 1685 atque
2487 1611 2815 1684 imperialis
2842 1614 3075 1684 sceptra
3099 1609 3383 1682 suscipite
3406 1609 3503 1663 ³η.
3540 1631 3570 1660 ι)
3590 1609 3757 1674 Quod

2111 1702 2239 1760 sine
2259 1701 2555 1771 dilatione,
2589 1717 2724 1757 cum
2738 1706 2963 1757 terrere
2991 1698 3491 1772 compulsusﬁum
3513 1692 3756 1773 regnan-

358 1821 486 1861 eam
518 1802 820 1868 didicisse,
854 1805 917 1857 ut
965 1818 1035 1861 ex
1092 1799 1329 1855 homine
1377 1797 1570 1853 subito
1624 1795 1749 1852 ﬁeri
1796 1795 2001 1866 lupum
2030 1833 2080 1903 Β
2109 1801 2169 1857 di
2201 1800 2517 1873 cupiditate
2567 1800 2866 1872 deceptus,
2927 1797 3257 1889 complevit.
3290 1797 3410 1853 Hoc
3442 1798 3642 1871 itaque
3672 1798 3755 1854 in.

359 1907 867 1966 quamvecumque
898 1905 1165 1945 cerneres
1194 1889 1396 1945 feram.

431 1984 519 2037 30.
554 1982 847 2037 Romanos
890 1982 1168 2051 praeterea
1215 1977 1437 2041 eodem,
1468 1991 1583 2048 quo
1639 1978 1803 2046 pater
1830 1972 2006 2029 vasil-

363 2074 489 2128 leos
514 2070 868 2127 constitutus
896 2069 964 2103 ²¹⁴
994 2070 1083 2124 est
1111 2082 1286 2134 anno,
1317 2065 1498 2123 ﬁliam
1530 2079 1700 2125 suam
1732 2061 2008 2121 Helenam

368 2159 705 2234 imperatori
737 2156 996 2231 parvulo,
1029 2156 1266 2213 domino
1299 2172 1427 2222 suo,
1454 2152 1842 2210 Constantino
1873 2150 2011 2206 Por-

365 2248 748 2325 phyrogenito
779 2248 1089 2319 eonjugem
1115 2245 1294 2301 dedit.
1315 2241 1878 2316 Porphyrogenitum
1907 2255 2011 2299 au-

364 2344 481 2397 tem
515 2355 631 2395 non
663 2338 722 2392 in
746 2353 1026 2409 purpura,
1051 2335 1149 2391 sed
1176 2335 1232 2389 in
1265 2335 1439 2389 domo
1471 2347 1597 2404 quae
1630 2330 2014 2403 Porphyro,ut

358 2426 638 2501 superius
666 2425 1247 2498 scripsimus,natum
1270 2420 1596 2496 appello.Et
1612 2419 1891 2493 quoniam
1920 2432 2011 2479 res

366 2517 651 2592 processit
682 2516 740 2571 in
769 2513 1208 2585 medium,quid
1238 2512 1312 2569 de
1331 2511 1511 2582 hujus
1532 2506 2013 2582 Porphyrogeniti

367 2606 566 2681 genesi
598 2604 935 2662 audivimus
985 2602 1243 2675 proferre
1290 2600 1503 2659 iterum
1551 2601 1619 2635 ³1⁵
1649 2615 1764 2659 non
1795 2597 2010 2671 pigeat,

367 2693 867 2769 quemadmodum
898 2695 956 2749 et
1000 2690 1061 2746 in
1116 2688 1298 2762 priori
1348 2688 1499 2747 libro
1555 2689 1776 2747 eisdem
1823 2686 2013 2747 verbis

364 2782 552 2857 tytulo
578 2784 634 2852 6,
666 2784 723 2849 7,
754 2782 810 2844 8,
840 2780 900 2847 9,
927 2780 1014 2846 10,
1048 2778 1335 2850 scriptum
1364 2777 1639 2849 reperies.

438 2873 527 2928 31.
559 2867 977 2926 Constantinus
1022 2866 1342 2938 imperator
1387 2870 1698 2938 augustas,
1731 2880 1799 2925 ex
1845 2864 2016 2936 cujus

370 2959 612 3017 nomine
641 2954 1182 3027 Constantinopolis
1214 2957 1303 3013 est
1328 2954 1537 3015 sortita
1563 2952 1912 3014 vocabulum
1943 2952 2018 3011 oi-

369 3048 540 3120 vitas,
569 3056 654 3104 τὸν
685 3054 817 3104 οἷκον
843 3047 1162 3115 τοῦτονῄΜῐῑ
1190 3042 1323 3105 icon
1355 3043 1794 3114 tuton,domum
1814 3042 2013 3112 istam,

374 3137 645 3194 ediﬂeare
697 3133 898 3207 jussit,
940 3131 1038 3195 cui
1091 3132 1388 3205 Porphyra
1432 3147 1644 3193 nomen
1698 3131 2013 3205 imposuit;

2116 1890 2375 1958 terfecto,
2408 1888 2599 1945 factus
2625 1893 2719 1945 est
2746 1889 3064 1961 imperator
3090 1884 3361 1944 Basilius.

2186 1980 2275 2034 33.
2302 1979 2565 2051 Denique
2602 1993 2777 2049 parvo
2832 1981 3131 2033 transacto
3180 1980 3462 2049 tempore,
3494 1974 3636 2032 huic
3668 1980 3763 2033 Do-

2119 2069 2318 2124 min‘us
2346 2073 2544 2124 noster
2568 2064 2740 2122 Jesus
2764 2065 3035 2122 Christus
3047 2065 3445 2138 pervisionem
3470 2065 3760 2138 apparuit,

2119 2157 2340 2213 domini
2366 2156 2546 2227 hujus
2575 2153 2947 2229 imperatoris
2983 2156 3302 2223 dexteram,
3337 2154 3511 2226 cujus
3550 2154 3647 2210 hic
3668 2170 3759 2211 nc-

2119 2247 2202 2303 cis
2231 2249 2435 2302 auctor
2461 2244 2734 2301 extiterat
2760 2245 2850 2313 “3,
2884 2248 3110 2310 tenens,
3163 2234 3416 2316 eumque
3449 2245 3530 2300 ita
3561 2252 3756 2300 conve-

2120 2336 2318 2391 niens:
2352 2358 2381 2385 ‹‹
2415 2332 2697 2401 Basili,ut
2724 2333 2867 2404 quid
2895 2332 3238 2389 interfecisti
3268 2332 3575 2389 dominum
3599 2335 3762 2389 tuum

2120 2425 2278 2480 hunc
2337 2422 2677 2481 Michaelem
2723 2422 3185 2495 imperatorem?
3233 2445 3261 2471 ››
3318 2423 3762 2499 Expeigefactu‘s

2120 2514 2338 2587 itaque,
2362 2513 2513 2571 tanti
2544 2528 2608 2573 se
2636 2528 2803 2569 reum
2834 2511 2995 2567 novit
3019 2527 3149 2568 esse
3181 2515 3397 2579 reatus,
3431 2528 3683 2591 moxque
3701 2512 3765 2567 ad

2122 2619 2251 2660 sese
2277 2601 2527 2670 rediens,
2564 2601 2719 2674 quod
2752 2616 2929 2673 super
2948 2600 3059 2656 hoc
3092 2601 3322 2667 faceret,
3356 2601 3676 2673 cogitabat.

2192 2693 2280 2748 3t.
2309 2686 2684 2748 Confertatus
2702 2684 2915 2763 itaque
2944 2689 3055 2746 hac
3105 2688 3337 2746 Domini
3386 2704 3490 2763 per
3520 2689 3763 2764 prophe-

2112 2786 2243 2839 tam
2275 2779 2495 2837 salubri
2522 2783 2585 2841 et
2612 2794 2747 2835 vere
2793 2778 3136 2851 acceptabili
3178 2778 3593 2851 promissione,
3626 2790 3763 2852 quo;

2116 2871 2280 2929 niam
2310 2872 2371 2926 in
2396 2883 2736 2944 quacumque
2787 2867 2875 2925 die
2918 2877 3171 2940 peccator
3206 2869 3560 2943 ingemuerit,
3588 2869 3764 2923 saltm:

2112 2962 2228 3017 erit
2254 2959 2467 3031 (Bacch.
2496 2952 2959 3029 xxmrx,12),eum
2976 2956 3259 3031 iacrymis
3287 2961 3344 3012 et
3372 2957 3688 3031 gemitibus
3707 2972 3764 3014 se

2116 3053 2573 3122 peccatorem,se
2596 3046 2913 3120 sanguinis
2939 3046 3270 3103 innocentis
3282 3045 3599 3104 reii'usorem
3621 3063 3763 3113 esse,

2118 3138 2535 3197 confitebatur.
2566 3138 2728 3195 Bono
2756 3139 2955 3192 autem
2986 3135 3230 3193 consilio
3262 3140 3520 3209 accepto,
3552 3136 3765 3193 amicos

372 3225 673 3299 voluitque
700 3204 1136 3280 successuram
1191 3204 1514 3280 nobilitatis
1574 3238 1693 3279 suis
1750 3221 2016 3287 subolem
2040 3204 2091 3272 ἔα
2126 3228 2341 3286 sibine
2368 3242 2645 3289 mamona
2673 3224 3006 3298 iniquitatis
3066 3225 3351 3294 eﬂ‘ecerat,
3384 3204 3451 3281 ut
3498 3242 3650 3298 quos
3680 3225 3765 3281 hic

364 3315 552 3374 isthic
602 3315 663 3370 in
717 3313 909 3369 lucem
966 3311 1220 3385 prodire,
1279 3311 1559 3382 quatinus
1626 3310 1736 3382 qui
1788 3328 1894 3368 suo
1934 3327 2019 3371 ex

377 3407 623 3461 stemate
657 3404 1054 3471 nascerentur,
1114 3399 1409 3459 luculenta
1465 3399 1574 3457 hac
1631 3399 2019 3472 appellatione

374 3489 853 3566 Porphyrogeniti
882 3490 1233 3546 dicerentur.
1265 3488 1428 3545 Unde
1457 3493 1515 3547 et
1549 3488 1706 3546 hunc
1732 3490 2016 3551 Constans

370 3581 585 3647 tinum,
620 3579 828 3636 Leonis
854 3578 1223 3652 imperatoris
1250 3577 1458 3647 ﬁlium,
1478 3594 1546 3635 ex
1575 3579 1703 3649 ejus
1734 3579 2018 3651 sanguine

370 3669 636 3727 nonnulli
694 3670 898 3726 dicunt
967 3667 1252 3740 originem
1311 3667 1523 3727 ducere
1578 3677 1674 3735 τῆς
1702 3674 1933 3737 γενέσεως
1958 3675 2015 3725 δὲ

369 3768 519 3818 αὐτοῦ
549 3766 815 3828 aettem
845 3765 972 3826 αὐτή
1002 3765 1168 3826 ἔστην,
1201 3757 1277 3813 tis
1309 3771 1587 3830 geneseos
1630 3756 1702 3811 de
1742 3761 1883 3812 autu
1912 3756 2015 3811 ali-

368 3848 449 3903 tia
478 3848 601 3904 auti
625 3846 799 3913 estin,
830 3845 889 3900 id
920 3849 1009 3902 est
1038 3845 1433 3918 generationis
1487 3849 1682 3901 autem
1712 3844 1891 3917 hujus
1920 3862 2014 3902 ve-

369 3936 511 3992 ritas
543 3935 649 3991 hec
684 3939 793 3991 est.

438 4026 527 4082 32.
580 4022 834 4081 Basilius
886 4021 1204 4094 imperator
1256 4027 1567 4095 augustus,
1622 4040 1764 4083 avus
1815 4023 2012 4094 hujus,

370 4112 709 4185 Macedonia
720 4111 927 4167 humili
942 4110 1130 4167 fuerat
1146 4111 1419 4183 prosapia
1434 4112 2017 4181 oriund.us,desscen~

368 4201 569 4274 ditque
601 4197 1174 4271 Constantinopolim
1205 4200 1566 4273 paupertatis
1605 4201 1773 4273 jugo,
1806 4205 1873 4258 ut
1897 4202 2017 4258 cui-

364 4292 500 4348 dam
532 4291 774 4348 serviret
802 4288 1162 4362 igumeno,id
1191 4292 1281 4345 est
1310 4289 1524 4345 abbati.
1548 4289 1735 4363 Igitur
1764 4291 2013 4363 impera»

364 4384 456 4436 tor
484 4380 584 4454 qui
615 4384 757 4437 tunc
786 4378 1068 4450 temporis
1099 4383 1242 4447 erat,
1277 4377 1565 4435 Michahel
1596 4379 1854 4448 nomine,
1877 4396 2013 4437 cum

250 4498 255 4505 ·
363 4469 645 4527 orationis
676 4467 863 4542 gratia
893 4468 965 4523 ad
989 4468 1413 4527 monasterium
1460 4467 1627 4537 illud,
1659 4468 1720 4526 in
1774 4486 1888 4541 quo
1920 4469 2014 4527 hic

2118 3315 2548 3389 temporalibus
2594 3314 2879 3372 subsidiis
2935 3313 3363 3385 consolaretur,
3397 3330 3604 3372 eorum
3632 3332 3767 3388 pres.

2120 3407 2296 3462 cibus
2346 3405 2421 3460 ab
2478 3409 2689 3463 aeterno
2746 3404 3023 3478 gehennae
3080 3403 3354 3460 incendio
3404 3404 3770 3461 liberaretur.

2124 3493 2453 3559 Fabrth
2483 3497 2676 3549 autem
2709 3493 2985 3566 prmcioso
3026 3496 3083 3551 et
3133 3491 3387 3549 mirabili
3414 3509 3593 3566 opere
3617 3494 3774 3566 juxta

2120 3584 2410 3657 palatium
2439 3576 2722 3639 orientem
2779 3597 2984 3639 versus
3032 3579 3340 3638 ecclesiam
3398 3580 3458 3637 in
3487 3581 3770 3639 honorem

2125 3672 2345 3730 summi
2373 3676 2432 3729 et
2459 3670 2692 3729 celestis
2716 3670 2937 3727 militiae
2959 3670 3244 3744 principis
3271 3671 3340 3707 ³³⁸
3355 3674 3414 3727 et
3441 3670 3769 3745 archangeli

2127 3761 2498 3829 Michahelis,
2531 3761 2632 3834 qui
2657 3761 2842 3818 Grece
2874 3754 3336 3834 archistratigos,
3369 3760 3480 3817 hoc
3506 3764 3602 3817 est
3625 3760 3774 3817 mili—

2124 3852 2225 3908 cize
2279 3851 2571 3924 princeps,
2602 3849 2953 3924 appellatur.
2985 3848 3307 3906 Ecclesium
3356 3852 3558 3906 autem
3580 3848 3769 3927 ipsam

2124 3956 2295 4008 nean,
2326 3941 2436 3997 hoc
2465 3942 2554 3996 est
2584 3955 2818 4007 novam,
2846 3937 2944 3995 alii
2974 3943 3202 4011 Vocant,
3227 3937 3326 3996 alii
3353 3954 3489 3995 vero
3521 3955 3769 4010 ennean,

2122 4030 2281 4101 quod
2340 4032 2543 4086 nostra
2583 4027 2786 4101 lingua
2824 4027 3208 4086 novennalem
3259 4030 3450 4095 sonat,
3501 4027 3772 4103 apellant,

2114 4136 2190 4176 eo
2218 4119 2374 4191 quod
2404 4117 2623 4174 ibidem
2656 4117 3198 4176 ecclesiasticarum
3238 4116 3522 4174 horarum
3556 4118 3771 4175 machi-

2118 4225 2200 4264 na
2227 4222 2435 4265 novem
2467 4205 2701 4280 pulsata
2728 4206 2945 4263 ictibus
2974 4208 3162 4264 sonet.

2190 4298 2281 4352 35.
2313 4297 2585 4353 Secundo
2616 4296 2816 4367 itaque
2843 4311 2961 4368 quo
2994 4295 3290 4352 Romanos
3311 4299 3478 4368 pater
3507 4295 3772 4353 vasiiieos

2114 4385 2480 4443 constitutus
2509 4389 2599 4442 est
2627 4400 2779 4440 anno
2808 4388 3159 4442 convocatos
3205 4386 3276 4441 ad
3326 4400 3458 4441 sese
3480 4386 3771 4459 principes

2122 4475 2203 4537 ita
2234 4474 2537 4532 convenit:
2574 4495 2602 4524 ‹‹
2629 4473 2886 4529 Romane
2917 4473 3223 4546 dignitatis
3252 4473 3588 4542 archontes,
3622 4474 3679 4530 id
3701 4476 3773 4530 es!

364 4556 756 4626 ministrabat,
790 4558 1187 4625 descenderet,
1220 4557 1366 4613 vidit
1402 4556 1561 4614 hunc
1592 4562 1799 4630 prmter
1826 4559 2015 4617 forma
2040 4579 2089 4645 θ
2118 4564 2437 4637 principes,
2461 4562 2739 4636 quoniam
2765 4562 2931 4620 vobis
2961 4562 3246 4620 consultis
3280 4580 3397 4619 non
3427 4562 3647 4632 solum,
3688 4564 3772 4619 in-

361 4652 585 4705 ceteros
616 4647 1249 4721 egregia,accitumque
1280 4650 1378 4702 ton
1405 4646 1745 4720 igumenon,
1768 4647 2010 4721 rogavit,

359 4742 425 4792 ut
445 4754 507 4793 se
537 4737 782 4792 donaret
811 4736 920 4795 hoc
941 4751 1122 4808 puero
1156 4752 1169 4804 ;
1205 4752 1380 4807 quem
1412 4735 1740 4808 suscipiens
1770 4736 1830 4793 in
1850 4736 2008 4809 pala-

356 4825 460 4892 tio,
494 4824 838 4880 cubicularii
867 4825 935 4860 ²¹⁶
977 4824 1215 4881 donavit
1263 4824 1475 4882 ofﬁcio.
1510 4827 1707 4882 Tantae
1759 4826 2011 4898 denique

357 4917 492 4987 post
538 4912 845 4986 paululum
894 4914 1201 4985 potestatis
1256 4917 1345 4970 est
1396 4912 1606 4983 iactus,
1648 4919 1716 4970 ut
1761 4913 1908 4971 alter
1937 4915 2010 4971 ab

357 5002 634 5059 omnibus
664 5001 982 5074 imperator
1012 5003 1090 5058 sit
1118 5001 1423 5076 apellatus.
1458 5003 1675 5059 Verum
1724 5004 1861 5076 quia
1885 5020 2009 5060 om-

358 5091 632 5164 nipotens
662 5090 815 5147 Deus
844 5106 1043 5148 servos
1073 5107 1212 5148 suos
1251 5091 1418 5164 justa
1466 5092 1664 5148 visitat
1711 5092 1838 5147 vult
1864 5109 2009 5166 qua-

356 5197 610 5254 cumque
639 5195 886 5238 censura
910 5182 997 5252 "7,
1030 5181 1188 5238 hunc
1217 5180 1626 5253 imperatorem
1657 5198 1813 5239 sanae
1852 5198 2011 5238 men-

2122 4670 2323 4726 quam,
2378 4657 2543 4727 pater
2596 4651 2867 4709 vasilleos
2938 4668 3073 4708 sum
3131 4650 3512 4721 constitutus,
3575 4664 3771 4709 verum

2112 4742 2295 4798 etiam
2328 4741 2688 4799 sanctissimi
2738 4740 3112 4813 imperatoris
3169 4740 3437 4797 ﬁdelitati
3469 4739 3771 4814 glaucopis

2115 4829 2367 4898 Helenae,
2390 4831 2449 4886 id
2476 4834 2553 4886 est
2566 4829 2782 4886 virides
2797 4828 2997 4886 oculos
3029 4830 3321 4899 habentis,
3356 4830 3770 4902 conjunctione

2114 4918 2500 4986 sotiatus,hoc
2531 4917 2728 4990 aliquo
2754 4917 3078 4991 imperialis
3099 4923 3344 4975 ornatus
3373 4919 3586 4976 inditio
3612 4936 3770 4976 mon-

2118 5008 2291 5071 strari
2323 5008 2565 5080 dignum
2599 5025 2728 5064 reor
2758 5007 2817 5062 in
2867 5024 3131 5080 corpore,
3162 5008 3321 5081 quod
3378 5006 3709 5067 celebratur
3735 5024 3767 5064 a

2117 5096 2349 5170 populis
2379 5114 2449 5153 ex
2479 5096 2786 5169 dignitatis
2818 5096 3111 5154 nomine.»
3140 5096 3488 5154 Judieatum
3517 5097 3765 5169 denique

2119 5204 2152 5241 a
2175 5184 2391 5259 populo
2412 5185 2829 5258 communique
2850 5184 3249 5244 decretumest
3267 5184 3608 5256 consilio,ut
3627 5185 3764 5259 quia

1715 5270 1957 5327 VARUE
1996 5273 2412 5331 LEGTIONES.

382 5334 391 5345 ’
422 5342 490 5378 ²¹³
521 5343 559 5397 ἱ.
593 5357 641 5400 e.
674 5343 810 5400 fere.
889 5343 958 5377 ’1‘
986 5343 1273 5404 constitus
1305 5342 1357 5401 1.
1431 5342 1501 5381 ³1³
1528 5359 1634 5400 vos:
1663 5342 1875 5400 iterum
1904 5344 2059 5402 stre!

350 5411 554 5489 hilarii
580 5415 629 5470 1.
707 5414 773 5450 ²¹⁷
805 5430 1046 5489 cessura
1077 5416 1128 5469 1.
1162 5484 1177 5489 _
1206 5416 1272 5451 ²¹³
1304 5419 1528 5489 mentes
1559 5417 1611 5471 1.
1686 5415 1754 5451 ²¹⁹
1784 5417 1868 5489 ita,
1889 5431 2059 5489 supra

2060 5347 2337 5477 ‘if‘ti’i‘f‘

2405 5345 2822 5421 iseatﬁepunda
2847 5346 3254 5421 medicae
3278 5353 3421 5421 emt,
3444 5348 3498 5421 4.-
3573 5346 3641 5421 ”.
3667 5360 3758 5421 cs-

2414 5416 2510 5475 am
2558 5417 2808 5474 infertur
2850 5417 2905 5474 4.
2981 5418 3051 5453 ²²⁰
3079 5418 3196 5475 etia
3226 5418 3280 5475 4.
3355 5420 3426 5455 ²²ι
3453 5416 3678 5476 insania
3705 5416 3751 5471 1.

344 5485 414 5521 ³³³
444 5487 502 5541 in
534 5485 636 5541 hac
660 5500 781 5542 voce
831 5484 1033 5541 desinit
1081 5484 1251 5544 codex
1310 5486 1441 5545 bibl.
1489 5486 1752 5548 Caesareae
1810 5484 2297 5644 νίηάἕὲοῶιὼηίδι.
2335 5491 2483 5566 prof.
2543 5489 2609 5549 Ν.
2671 5489 2796 5546 178.
2872 5488 2940 5527 ³³³
2988 5489 3201 5555 extirat
3226 5490 3280 5551 1.
3354 5491 3428 5528 ³²⁴
3454 5488 3674 5568 prinpis
3700 5485 3749 5544 l.

417 5644 570 5731 (105)
589 5643 775 5706 Annis
794 5643 1052 5709 927-969.
