4068 6178
293 400 430 468 869

1259 406 1886 474 ANTAPODOSEOS
1933 406 2136 476 LIBRI
2182 409 2357 478 SEX.
2391 444 2468 458 --
2498 408 2646 476 LIB.
2693 411 2794 479 IIl.

3623 386 3750 476 ssc

291 542 482 599 tan-te
542 533 850 611 dignitatis
909 540 1058 610 erat,
1092 543 1152 597 et
1204 538 1572 609 leucolenon,
1604 542 1661 599 id
1702 549 1809 612 est,
1842 545 1980 602 alba
2005 549 2058 616 Α
2087 547 2507 621 phyrogenitus
2530 551 2585 603 et
2605 549 2720 606 duo
2734 549 2924 607 caeteri
2942 549 3352 623 sequerentur.
3373 546 3536 614 Quod
3561 564 3740 621 quam

289 629 564 697 brachia,
625 626 906 684 Helenam
966 630 1152 686 ﬁliam
1210 647 1381 688 suam
1440 628 1729 704 imperiali
1780 635 1974 707 digni-

285 722 402 780 tati
475 717 806 791 copularat,
883 719 1328 776 rubricatarum
1416 720 1658 792 pellium
1738 722 1967 792 caligis,

284 817 358 869 ut
387 810 574 868 isthic
626 807 1058 879 imperatorum
1117 810 1298 865 moris
1351 814 1458 871 est,
1512 814 1796 866 uteretur.
1855 812 1968 866 Sed

283 918 399 958 nec
429 901 541 956 hoc
573 896 813 970 quidem
858 899 1011 953 satis
1042 899 1093 954 ei
1123 898 1316 955 visum
1350 899 1480 954 fuit.
1517 899 1801 970 Equidem
1836 906 1970 972 post

284 990 477 1048 unius
530 986 672 1044 anui
747 985 1010 1054 sinaxin,
1095 1001 1229 1044 cum
1291 987 1595 1060 amplioris
1659 989 1785 1059 jam
1862 1007 1966 1062 po-

280 1079 472 1138 tentie
552 1079 726 1144 esset,
805 1073 1035 1132 talibus
1113 1077 1456 1150 adgreditur
1512 1077 1747 1132 eosdem
1833 1095 1964 1134 ser-

283 1169 568 1226 monibus
615 1162 915 1238 principes
947 1181 963 1220 :
1031 1186 1060 1216 «
1095 1164 1381 1231 Quoniam
1413 1166 1713 1220 communi
1769 1171 1966 1223 vestro

269 1258 497 1334 juditio
542 1258 632 1312 est
676 1252 997 1310 deﬁnitum
1044 1254 1454 1326 imperialibus
1487 1271 1580 1310 me
1613 1254 1697 1308 uti
1730 1255 1958 1327 caligis,

277 1355 693 1422 περιφανέστατοι
717 1351 920 1417 ἡρωακ,
987 1343 1416 1415 perifanestati,
1502 1344 1562 1398 id
1633 1351 1711 1398 est
1792 1345 1959 1399 nobi-

279 1436 503 1495 lissimi
582 1434 807 1499 heroes,
862 1437 1082 1488 vestrae
1144 1431 1512 1488 auctoritatis
1566 1429 1961 1487 benivolentia

283 1545 422 1602 qua!
478 1520 830 1590 contulistis,
911 1519 1203 1578 videntur
1271 1521 1544 1576 mihimet
1597 1519 1759 1583 ἀγλαα
1787 1519 1956 1580 ἀπινα,

281 1616 458 1690 aglaa
489 1613 685 1686 apina,
715 1613 771 1667 id
812 1618 889 1666 est
922 1611 1223 1683 praeciosa
1248 1612 1420 1679 dona,
1454 1608 1793 1682 diligentius
1820 1619 1956 1664 vero

280 1702 680 1765 consideranti
700 1701 888 1756 visum
911 1704 1009 1756 est
1023 1699 1174 1756 mihi
1193 1699 1548 1755 histrionum
1567 1697 1956 1752 mimorumve

280 1810 456 1853 more
479 1792 757 1858 incedere,
809 1788 916 1862 qui
971 1793 1039 1846 ut
1068 1790 1144 1846 ad
1176 1789 1361 1844 risum
1395 1786 1562 1844 facile
1599 1786 1802 1842 turbas
1832 1784 1954 1838 illi-

280 1885 466 1953 aiant,
484 1882 660 1938 variis
687 1897 810 1937 sese
832 1879 1179 1954 depingunt
1211 1877 1522 1934 coloribus.
1557 1875 1761 1932 Risum
1795 1873 1954 1929 deni-

278 1991 406 2048 que
437 1972 566 2029 aliis
612 1987 723 2027 non
772 1968 1001 2038 solum,
1035 1969 1141 2023 sed
1193 1967 1338 2022 mihi
1369 1966 1543 2022 etiam
1583 1965 1696 2038 ipsi
1725 1978 1945 2036 moveo,

278 2065 434 2120 dum
465 2061 712 2136 pedibus
734 2059 1187 2131 imperatorem,
1220 2056 1406 2129 capite
1435 2053 1953 2112 communemimi-

274 2153 401 2211 tari
433 2152 632 2207 videar
660 2149 897 2222 plebem
921 2149 1011 2200 “5.
1043 2146 1191 2202 Nam
1226 2162 1352 2218 quae
1382 2144 1705 2202 comoedia?
1735 2143 1951 2198 mimus

276 2242 424 2316 quis
456 2239 662 2296 melior
680 2240 706 2294 ‘l
753 2237 957 2311 Igitur
987 2240 1088 2291 aut
1116 2251 1392 2292 coronam
1423 2235 1691 2308 praebete,
1727 2237 1828 2289 aut
1857 2249 1950 2288 ca-

274 2332 440 2406 ligas
498 2327 862 2400 imperiales,
909 2326 1047 2398 quis
1090 2323 1462 2380 ridiculus”6
1494 2323 1710 2398 populo
1734 2323 1948 2390 videor,

279 2422 536 2479 auferte.
568 2440 598 2469 »
630 2419 744 2474 Hoc
775 2416 958 2489 plane
1002 2413 1178 2482 dicto,
1213 2414 1404 2486 magis
1435 2419 1632 2470 autem
1665 2429 1780 2484 qua
1811 2428 1951 2467 cun-

277 2511 399 2567 ctis
411 2503 990 2583 praeratpotestatis
1003 2503 1349 2560 auctoritate
1361 2501 1853 2572 omniumjudicio
1867 2517 1955 2557 co-

275 2615 496 2658 renum
513 2593 992 2668 recepit(an.920)
1013 2591 1399 2663 etcaligarum
1421 2594 1688 2648 decorem
1713 2590 1954 2646 minime

274 2687 568 2764 perdidit.
621 2686 812 2757 Hujus
871 2682 1122 2738 miretur
1179 2681 1554 2753 prudentiam
1606 2695 1796 2746 nemo,
1853 2681 1954 2735 sed

272 2773 500 2836 laudes
558 2776 768 2831 referat
828 2777 947 2828 Deo
1005 2768 1199 2826 cordis
1251 2787 1319 2826 ex
1367 2770 1595 2838 intimo,
1656 2769 1754 2840 qui
1788 2768 1958 2840 erigit

273 2864 669 2934 elisos,solvit
691 2860 1066 2934 compeditos
1097 2860 1273 2923 (Psal.
1295 2861 1476 2930 CXLV),
1505 2860 1676 2930 cujus
1695 2857 1753 2913 in
1776 2872 1955 2914 manu

275 2955 443 3014 calix
466 2954 592 3010 vini
621 2952 767 3009 meri
801 2950 1018 3024 plenus
1041 2949 1222 3004 mixto
1239 2950 1305 2984 ²²⁷
1328 2947 1622 3005 inclinans
1659 2963 1726 3004 ex
1756 2947 1865 3003 hoc
1897 2948 1953 3002 in

274 3048 397 3106 hoc
428 3045 613 3120 (Psal,
642 3057 834 3108 Lxxw,
863 3041 945 3111 9).

351 3136 447 3190 36.
483 3133 542 3190 Is
572 3136 772 3188 autem
818 3126 1035 3185 humili
1084 3128 1275 3183 fuerat
1325 3128 1622 3200 prosapia,
1655 3142 1724 3182 ex
1752 3127 1952 3181 Arme-

278 3239 506 3281 norum
539 3220 767 3278 scilicet
782 3222 977 3291 gente,
1002 3215 1309 3285 oriundus,
1335 3232 1524 3288 neque
1542 3215 1732 3272 solum
1761 3219 1955 3270 mente

2085 636 2323 714 indigne
2352 638 2555 708 justus
2577 638 2760 709 judex
2788 640 3110 714 pertulerit,
3163 638 3320 694 ulcio
3371 638 3741 710 subsequens

2082 712 2411 781 declaravit.
2446 727 2593 783 Nam
2645 712 3120 801 post‘modicum
3151 727 3614 800 Christophoros
3647 731 3746 786 de-

2080 813 2315 870 functus
2362 817 2470 869 est.
2504 816 2920 874 Constantinus
2950 818 3151 891 itaque
3195 816 3748 890 Porphyrogenitus

2080 917 2211 957 cum
2252 902 2501 958 orationi
2551 908 2676 961 tum
2731 907 3088 964 leccionibus
3131 921 3386 972 vacans,
3443 909 3631 964 totum
3688 927 3749 965 se

2081 991 2320 1046 Domino
2353 996 2821 1064 commendabat,
2847 1013 3019 1068 opere
3035 1011 3337 1052 manuum
3356 995 3574 1052 victum
3600 1015 3751 1070 quac-

2076 1078 2282 1132 ritans.
2333 1079 2484 1134 Sane
2511 1083 2603 1139 τὴν
2633 1082 2915 1149 ζογραφίαν,
2965 1084 3290 1156 zograﬁan,
3327 1083 3386 1139 id
3419 1090 3507 1142 est
3556 1087 3747 1158 pictu-

2074 1181 2222 1230 ram,
2256 1167 2606 1238 perpulchre
2636 1173 2955 1228 exercebat.

2143 1256 2234 1308 38.
2268 1255 2482 1310 Eodem
2538 1261 2799 1331 tempore
2841 1261 3072 1316 Simeon
3105 1260 3435 1334 Bulgarius
3484 1279 3655 1337 agros
3676 1267 3744 1301 ³³0

2072 1343 2250 1413 erepit
2279 1344 2649 1404 vehementer
2693 1349 2873 1422 afligi,
2906 1349 3088 1414 Quem
3137 1350 3471 1421 Romanos,
3512 1354 3618 1409 ﬁlii
3650 1356 3741 1411 sui

2071 1431 2416 1487 Christol’ori
2435 1435 2558 1490 tilia
2581 1437 2698 1493 ﬁlio
2721 1438 2877 1494 illius
2899 1439 3085 1505 Petro,
3111 1441 3220 1510 qui
3256 1457 3421 1498 nunc
3453 1449 3737 1516 superest,

2071 1532 2252 1574 nxore
2277 1520 2430 1591 data,
2457 1525 2527 1578 ab
2552 1526 2780 1598 incepto
2805 1529 2997 1583 furore
3014 1532 3625 1605 conpescuit,sibique
3647 1535 3743 1588 foe-

2063 1607 2212 1696 .dere
2243 1606 2452 1679 placito
2474 1615 2735 1670 sociavit.
2767 1616 2927 1672 Unde
2949 1621 3005 1672 et
3025 1617 3230 1688 puella
3249 1624 3477 1676 mutato
3503 1622 3739 1677 nomine

2073 1701 2166 1751 est
2193 1696 2353 1766 Irini,
2388 1700 2442 1756 id
2477 1707 2566 1758 est
2593 1721 2724 1776 pax,
2755 1709 2976 1772 vocata,
3010 1723 3075 1762 eo
3107 1709 3274 1779 quod
3301 1727 3404 1782 per
3435 1726 3563 1766 eam
3588 1711 3739 1766 inter

2072 1783 2378 1856 Bulgarios
2431 1795 2486 1846 et
2534 1793 2745 1849 Grecos
2804 1811 2915 1866 pax
2973 1795 3050 1851 sit
3107 1796 3463 1855 firmissima
3519 1799 3736 1856 consti~

2074 1877 2209 1928 tuta
2237 1875 2322 1932 ’3‘.

2142 1962 2237 2017 39.
2273 1965 2373 2023 His
2403 1972 2767 2043 temporibus
2810 1974 3145 2047 Walpertus
3178 1982 3240 2034 et
3291 1979 3461 2047 Gezo,
3511 1995 3732 2050 przeno-

2074 2049 2238 2109 mine
2267 2057 2652 2128 Heverardus,
2688 2062 2860 2135 Papie
2885 2068 3280 2136 praepotentes
3295 2049 3530 2139 judices
3545 2070 3731 2123 erant.

2070 2139 2265 2200 Causa
2294 2151 2486 2202 autem
2520 2152 2790 2220 potentiae
2815 2152 3093 2226 Walperti
3119 2154 3247 2212 haec
3278 2161 3423 2224 erat,
3455 2155 3732 2229 quoniam

2069 2230 2669 2303 Cumis,ditissimoin
2693 2239 2840 2312 loco,
2865 2241 3050 2298 ﬁlium
3073 2260 3254 2300 suum
3270 2247 3503 2302 Petrum
3519 2245 3735 2318 episco-

2065 2337 2210 2392 pum
2231 2325 2686 2396 fecerat,Rozam
2708 2335 3107 2404 vero,gnatam
3124 2335 3642 2401 suam,Gilleberto
3664 2335 3732 2368 ’3’

2065 2413 2265 2468 comiti
2289 2415 2488 2486 palatii
2515 2418 2788 2489 conjugio
2822 2420 3154 2477 satiaverat.
3188 2424 3270 2478 Ea
3295 2429 3491 2480 tamen
3513 2428 3730 2495 tempe-

2065 2505 2216 2558 state
2243 2507 2486 2575 uterque
2511 2506 2826 2562 defunctus
2844 2509 3724 2584 erat.Ticinensisitaque,quod

2064 2594 2153 2645 est
2183 2591 2504 2663 Papiensis,
2541 2595 2794 2665 populus
2826 2597 3018 2652 omnis
3049 2598 3126 2652 ad
3170 2599 3327 2655 hunc
3356 2606 3721 2671 convenerat,

2065 2693 2391 2751 causasque
2412 2696 2618 2738 omnes
2645 2689 2700 2738 et
2725 2685 3158 2743 controversias
3182 2695 3316 2745 ante
3345 2705 3478 2745 eum
3511 2690 3723 2746 delibe-

2065 2769 2249 2824 rabat.
2275 2770 2723 2843 Participatione
2747 2773 2997 2846 denique
3015 2778 3292 2846 potentiae
3314 2778 3492 2851 hujus
3510 2797 3725 2836 memo—

2064 2861 2227 2912 ratus
2255 2858 2422 2925 Gezo,
2457 2861 2816 2931 praenomine
2846 2862 3243 2934 Heverardus,
3275 2868 3551 2939 quoniam
3578 2886 3720 2942 qua-

2065 2946 2200 3001 dam
2233 2946 2520 3002 afﬁnitate
2549 2948 2598 3003 ei
2615 2949 2998 3021 jungebatur,
3023 2959 3356 3026 praepotens
3377 2955 3718 3015 habebatur.

2063 3035 2170 3099 Qui
2203 3035 2566 3092 nobilitatem
2602 3054 2769 3094 suam
2804 3040 2998 3112 pravis
3027 3045 3298 3102 moribus
3349 3048 3718 3122 deturpabat.

2062 3124 2365 3180 Fuitenim
2392 3125 2742 3184 ambitiosus
2761 3129 2961 3197 nimis,
2987 3133 3264 3204 cupidus,
3297 3137 3550 3206 invidus,
3575 3139 3721 3194 sedi-

2062 3213 2268 3279 tiosus,
2285 3213 2441 3284 juris
2459 3219 2783 3286 corruptor,
2812 3225 3240 3292 praeceptorum
3266 3227 3360 3280 Dei
3383 3225 3713 3292 immemor;

276 3314 642 3384 conceperat
672 3308 941 3364 futurum
986 3320 1050 3360 se
1080 3303 1232 3375 regis
1281 3303 1340 3358 in
1389 3303 1525 3359 aula
1550 3319 1698 3371 esse,
1733 3303 1949 3359 nedum
1981 3283 2025 3355 C
2063 3302 2219 3373 quod
2241 3302 2393 3357 Deus
2415 3319 2530 3357 non
2554 3319 2765 3374 passus
2798 3309 2888 3362 est
2916 3283 3077 3364 abire
3101 3311 3388 3381 inultum;
3422 3317 3479 3370 et
3499 3331 3570 3370 ne
3587 3283 3716 3369 diu;

279 3398 628 3474 imperialia
647 3400 882 3469 sceptra
900 3399 1122 3449 tenere.
1147 3393 1258 3448 Sed
1283 3393 1425 3465 quid
1456 3393 1772 3465 prophetes
1793 3393 1954 3448 Anna

280 3490 485 3550 dicit?
508 3510 538 3539 (ε
572 3485 860 3544 Dominus
915 3497 1232 3556 pauperem
1263 3481 1420 3551 facit,
1454 3482 1622 3550 ditat,
1657 3479 1952 3549 humiliat,

284 3585 346 3638 et
377 3576 698 3642 sublimat,
746 3572 1046 3630 suscitans
1076 3586 1112 3626 a
1160 3574 1315 3626 terra
1344 3571 1598 3642 inopem,
1628 3574 1687 3625 et
1715 3570 1784 3625 de
1814 3575 1956 3625 ster-

286 3685 430 3727 core
461 3665 701 3738 erigens
734 3676 1076 3735 pauperem,
1110 3662 1175 3714 ut
1196 3659 1398 3714 sedeat
1425 3675 1560 3714 cum
1588 3658 1954 3730 principibus

285 3763 354 3816 et
383 3755 610 3814 solinm
633 3751 838 3827 gloriae
855 3754 1071 3806 teneat.
1095 3748 1328 3804 Domini
1351 3748 1507 3803 enim
1529 3752 1668 3804 sunt
1688 3747 1956 3804 cardines

286 3852 469 3905 terra
500 3846 550 3907 tl
571 3845 700 3914 Reg.
733 3858 798 3911 η,
828 3841 909 3911 7).
952 3838 1018 3894 Ei
1050 3837 1248 3909 itaque
1285 3836 1624 3905 immortali,
1656 3837 1954 3905 invisibili,

289 3939 417 3994 Deo
474 3931 590 3989 soli
617 3931 808 3987 honor
850 3931 908 3984 et
961 3926 1150 4000 gloria
1203 3941 1310 3998 per
1361 3930 1572 3982 cuncta
1628 3925 1958 3982 seculorum

288 4021 530 4090 secula,
553 4037 748 4076 amen.

365 4114 469 4168 37.
507 4109 772 4180 Denique
790 4107 1051 4162 Remane
1073 4104 1422 4176 imperatore
1444 4104 1780 4171 constituto,
1804 4103 1962 4159 Chri-

291 4201 600 4266 stoforone,
631 4211 806 4269 quem
854 4198 988 4251 ante
1014 4192 1246 4266 imperii
1277 4192 1620 4266 dignitatem
1651 4193 1957 4259 habuerat,

291 4292 734 4363 imperatorem
761 4283 1096 4351 constituit;
1121 4285 1254 4355 post
1270 4277 1505 4353 imperii
1518 4297 1655 4338 vero
1682 4281 1772 4337 sui
1805 4282 1961 4336 ordi-

296 4378 614 4437 nationem
645 4391 791 4430 uxor
819 4373 948 4444 ejus
978 4371 1033 4428 ei
1069 4370 1255 4426 filium
1303 4369 1530 4442 peperit
1576 4368 1811 4425 nomine
1840 4374 1961 4424 Ste-

297 4470 545 4526 fanum.
572 4465 832 4520 Rursum
890 4465 1167 4533 concepto
1226 4459 1386 4526 ﬂatu,
1416 4458 1596 4514 etiam
1635 4459 1685 4514 ei
1741 4459 1965 4530 peperit

295 4552 605 4614 vocabula
654 4550 1102 4606 Constantinum
1139 4549 1225 4603 ³³⁸.
1277 4546 1430 4612 Quos
1463 4561 1666 4602 omnes
1713 4547 1963 4619 impera‘

2067 3390 2180 3446 lius
2197 3389 2532 3462 protraham
2551 3407 2902 3462 sermonem,
2927 3396 3189 3452 Catilinae
3217 3401 3457 3457 omnino
3480 3403 3712 3467 similis,

2065 3480 2162 3551 Qui
2196 3479 2348 3535 sicut
2378 3479 2678 3536 consulem
2709 3485 2766 3537 et
2798 3485 2878 3538 rei
2912 3483 3160 3556 publicae
3183 3489 3549 3544 defensorem
3573 3491 3718 3544 Mar-

2065 3585 2199 3624 cum
2230 3567 2486 3623 Tullium
2520 3569 2852 3626 Ciceronem
2879 3573 3207 3630 conabatur
3237 3576 3518 3644 occidere,
3553 3579 3634 3633 ita
3662 3577 3737 3633 et‘

2065 3658 2162 3713 hic
2190 3673 2384 3730 regem
2402 3656 2705 3728 Hugonem
2731 3661 2901 3714 morti
2933 3660 3173 3717 molitus
3195 3667 3284 3720 est
3304 3665 3551 3720 tradere.
3575 3666 3720 3730 Qua-

2066 3733 2201 3802 d'am
2234 3746 2385 3802 enim
2419 3744 2532 3814 die,
2567 3747 2709 3801 dum
2732 3747 2911 3803 nichil
2935 3749 3077 3804 mali
3099 3751 3409 3824 suspicans
3435 3771 3533 3810 rex
3554 3755 3718 3825 Hugo

2065 3836 2240 3908 Papie
2272 3851 2402 3891 cum
2423 3834 2630 3906 paucis
2652 3835 2906 3907 degeret,
2931 3836 3026 3893 hic
3053 3839 3340 3894 seditione
3369 3839 3521 3896 facta
3540 3840 3722 3896 voluit

2068 3940 2246 3996 seper
2274 3939 2407 3980 cum
2439 3924 2696 3992 irruere;
2733 3926 2836 3981 sed
2861 3925 3185 4000 Walperto,
3220 3929 3320 4000 qui
3354 3945 3471 3984 non
3502 3933 3623 3985 tam
3646 3930 3722 3984 fe-

2070 4015 2221 4070 rocis
2254 4013 2431 4068 animi
2465 4018 2608 4080 erat,
2644 4019 2992 4083 remorante,
3025 4018 3292 4073 tardatus
3323 4021 3431 4073 est.

2141 4105 2228 4158 40.
2262 4103 2377 4159 Nec
2408 4101 2606 4159 minus
2627 4103 2805 4160 etiam
2836 4121 2935 4161 eos
2966 4121 3065 4160 rex
3085 4105 3249 4178 Hugo
3272 4106 3396 4162 suis
3419 4106 3723 4162 rhetoricis

2070 4196 2128 4248 et
2158 4191 2330 4247 melle
2357 4191 2719 4248 dulcioribus
2744 4193 2949 4266 elogiis
2981 4194 3052 4249 ab
3087 4195 3318 4266 incepto
3349 4195 3544 4251 furore
3565 4207 3720 4250 con-

2071 4281 2315 4352 pescuit.
2354 4281 2499 4335 Dum
2537 4281 2693 4336 enim
2727 4282 3072 4338 seditionem
3106 4297 3282 4353 super
3310 4297 3371 4338 se
3419 4283 3720 4337 exhortam

2071 4369 2313 4440 atquein
2339 4370 2510 4423 domo
2526 4369 2805 4440 Walperti
2830 4374 3239 4442 cengregatam
3258 4369 3327 4403 ’33
3341 4384 3468 4424 esse
3481 4384 3724 4440 cognos-

2071 4461 2242 4521 ceret,
2278 4457 2616 4528 hujusmodi
2648 4473 2852 4514 omnes
2882 4474 2986 4528 per
3011 4457 3404 4512 internuntios
3447 4472 3720 4512 sermone

2073 4546 2372 4602 convenit:
2439 4565 2463 4592 σε
2485 4546 2634 4608 Quid
2682 4550 2790 4612 est,
2825 4545 2980 4616 quod
3011 4548 3329 4616 tantopere,
3363 4543 3469 4599 viri
3519 4546 3720 4613 fortes,

300 4651 472 4704 tores
505 4640 894 4708 comtituens,
921 4639 1232 4709 contrajus
1264 4637 1470 4708 fasque
1491 4649 1553 4692 se
1574 4639 1632 4691 et
1652 4635 1969 4691 Christofo-
1998 4657 2043 4721 Ι)
2071 4639 2311 4706 tamque
2342 4634 2633 4704 insperate
2664 4639 2866 4688 contra
2894 4633 3222 4698 dominum,
3274 4632 3454 4688 immo
3500 4648 3719 4721 regem,

298 4751 426 4791 ron
447 4729 913 4804 primogenitum
941 4727 1179 4782 domi-no
1211 4725 1280 4761 ²²⁹
1304 4739 1410 4780 suo
1450 4723 1786 4796 imperatori
1818 4723 1965 4779 Con-

2077 4727 2335 4779 vestrum
2353 4721 2626 4777 commoti
2651 4721 2794 4777 estis
2806 4721 2835 4775 ?
2846 4721 2904 4777 Si
2929 4721 3232 4793 quippiam
3251 4722 3410 4792 quod
3422 4720 3726 4794 displiceat

301 4820 590 4881 manune
613 4816 1105 4890 Perphyrogenito
1143 4812 1487 4888 praeposuit;
1520 4812 1662 4867 adeo
1694 4811 1885 4884 plane,
1910 4817 1976 4867 ut
2083 4815 2279 4867 actum
2304 4809 2838 4876 est,eonsolidetur.
2855 4810 3056 4881 Neque
3067 4809 3226 4865 enim
3248 4825 3378 4865 sera
3398 4810 3726 4867 emendatio

304 4908 707 4985 procedentes
725 4906 776 4962 is
800 4906 884 4961 tin
908 4903 1286 4978 prolempsin,
1305 4901 1418 4958 hoc
1436 4904 1525 4957 est
1553 4900 1626 4956 ad
1651 4900 1974 4973 publicum,
2084 4898 2430 4972 reprehendi
2479 4899 2643 4964 solet,
2701 4899 3021 4970 praesertim
3053 4899 3103 4954 si
3151 4897 3314 4954 nulla
3366 4898 3732 4972 neglegentia

306 5001 392 5057 ad
443 4999 712 5054 metam
742 4995 1034 5069 Sephyam
1064 4991 1306 5059 scilicet,
1346 4989 1434 5046 vel
1483 4991 1552 5045 ad
1599 4989 1974 5057 Vlachernas,

309 5103 428 5147 seu
464 5086 543 5144 ad
573 5089 815 5144 sanctos
856 5081 1190 5157 Apostolos,
1221 5077 1517 5136 Romanos
1544 5094 1678 5134 cum
1727 5078 1981 5135 Christo-

312 5178 520 5252 pham
545 5173 930 5248 primogenita
953 5170 1362 5245 praeederent,
1393 5169 1812 5224 Constantinus
1843 5168 1978 5223 Por-

2086 4987 2480 5062 praetermissa
2495 4991 2604 5042 est.
2635 5008 2662 5037 »
2680 4987 2780 5043 His
2803 4986 3043 5054 auditis,
3059 4987 3312 5043 furorem
3335 4988 3526 5043 cuncti
3550 4987 3729 5044 animi

2088 5078 2450 5150 mitigarunt.
2476 5076 2647 5133 Solus
2665 5077 2831 5141 Gezo,
2846 5075 2903 5130 in
2919 5092 3035 5148 qua
3055 5076 3219 5149 prius
3240 5076 3426 5133 fuerat
3447 5078 3735 5149 protervia

2091 5183 2359 5234 manens,
2393 5180 2626 5238 operam
2659 5164 2834 5222 dabat
2863 5180 2978 5236 quo
3010 5181 3213 5223 omnes
3244 5181 3419 5238 super
3439 5181 3635 5239 regem
3663 5167 3736 5221 ir-

1686 5361 1928 5419 VARIZE
1989 5360 2379 5420 LECTIONES

401 5547 468 5582 ²²⁵
497 5545 746 5604 blehem.
780 5546 832 5604 4.
909 5546 976 5582 ²²⁶
1007 5542 1210 5601 riculu.
1238 5542 1292 5600 l.

1394 5543 1461 5577 ²²⁷
1494 5540 1648 5597 mitti
1695 5556 1836 5596 corr.
1888 5541 2069 5599 mixto
2102 5543 2154 5598 1.

2254 5541 2320 5575 ²²⁸
2349 5537 2630 5595 vocabulo
2680 5555 2786 5593 con
2845 5539 3060 5597 ultima
3115 5539 3312 5596 codicis
3362 5539 3733 5597 Claustroneo-

328 5619 621 5690 bmgensis
651 5634 820 5684 voces,
865 5618 998 5690 folio
1052 5616 1522 5690 sequentiexciso.
1565 5688 1571 5690 _
1601 5613 1672 5690 ηεξ
1700 5612 1758 5668 in
1946 5611 2546 5690 vocedesinitjogiqx
2597 5610 2888 5690 γὶηρθὺονξ.
2940 5613 3251 5690 Ηέδιιλρνοί.
3286 5616 3353 5668 Ν.
3381 5611 3491 5690 _338
3537 5613 3632 5690 .9“
3659 5612 3736 5665 sic

323 5691 354 5748 4
377 5731 392 5744 .
426 5681 655 5760 fortasse
678 5681 1173 5763 Argos'legenduin
1245 5688 1307 5722 ²³¹
1343 5685 1618 5742 costituta
1651 5683 1696 5742 Ι.
1778 5685 1845 5720 ’θ’
1877 5688 1954 5741 ita
1984 5685 2035 5742 l.
2069 5687 2300 5754 fortasse
2335 5681 2652 5740 Gislcberto
2683 5682 2984 5754 legendum.
3065 5681 3132 5717 ’33
3161 5686 3495 5753 congretam
3527 5682 3575 5736 l.
