4030 6184
331 391 448 457 851

1294 392 1773 458 LlUTPRANDI
1817 388 2365 454 CREMONENSIS
2408 387 2791 452 EPISCOPI.

3628 375 3741 443 852

338 529 574 585 ruerent
586 542 839 601 eumque
858 525 1984 599 morteturpissimacruciarent.Verum
2014 527 2071 593 Α
2099 524 2287 580 sthisa
2314 522 2580 595 epirosen
2604 524 2802 587 auton,
2831 519 2978 576 Zeus
3001 517 3072 573 de
3093 514 3419 572 echarisato
3441 517 3578 570 auto
3602 513 3741 588 polis

340 617 682 690 disponente
693 617 830 686 Deo,
852 617 1094 673 aﬂ‘ectus
1109 618 1237 688 ejus
1261 633 1473 689 pravus
1487 617 1757 672 eﬂ‘ectum
1782 615 1994 670 habere

2101 612 2220 668 zise
2249 611 2414 680 etesi,
2441 613 2513 666 ke
2545 627 2647 666 osa
2678 609 2897 682 elegem
2920 606 3180 663 mantica
3193 604 3371 678 legio.
3404 608 3538 660 Hac
3560 608 3647 661 est
3666 605 3746 660 in-

341 724 460 764 non
492 707 700 781 potuit.
738 707 971 763 Reversi
1008 705 1187 779 igitur
1216 708 1287 762 ad
1323 722 1513 777 regem
1560 705 1769 772 nuntii,
1821 705 1994 777 prout
2099 701 2465 773 terpretatio:
2491 700 2719 772 Jupiter
2738 703 2795 755 et
2818 699 2972 755 Juno
2993 696 3419 753 contenderunt
3438 694 3510 751 de
3539 694 3748 750 amori-

339 797 610 856 viderant
638 801 697 853 et
725 795 1050 864 audierant,
1079 800 1448 852 enarrarunt.

416 885 504 942 41.
536 885 723 958 Igitur
747 901 845 941 rex
880 887 1039 959 llugo
1074 885 1192 940 hac
1225 885 1423 940 omnia
1453 884 1620 955 quasi
1652 900 1756 955 pro
1779 880 1992 937 nichilo

346 977 541 1031 mente
571 973 819 1030 subdola
849 974 1089 1040 ducens,
1124 973 1301 1045 Papia
1348 989 1639 1045 egressus,
1673 972 1843 1043 longe
1883 969 1995 1025 alio

347 1080 660 1138 properare
693 1063 950 1131 festinat,
986 1063 1303 1134 missisque
1326 1062 1704 1117 circumcirca
1723 1061 1890 1116 libris
1906 1060 1993 1126 πθ,

350 1153 568 1209 milites
589 1170 729 1209 suos
746 1153 818 1208 ad
832 1170 893 1208 se
904 1152 1099 1208 venire
1113 1151 1565 1223 praeepit.Quos
1578 1150 1731 1205 inter
1749 1150 1997 1205 Samson

351 1244 680 1314 prapotens
731 1257 926 1295 comes
959 1241 1288 1305 advenerat,
1323 1240 1422 1311 qui
1447 1241 1573 1310 jam
1606 1239 1758 1294 dicto
1787 1237 1999 1293 Gezoni

349 1328 801 1385 inimicissimus
833 1332 976 1384 erat.
1006 1329 1059 1384 Is
1083 1329 1336 1401 denique
1361 1346 1552 1403 regem
1585 1332 1649 1383 ut
1677 1327 1841 1393 vidit,
1862 1343 1998 1382 eum

353 1418 437 1473 ita
466 1416 768 1474 convenit:
807 1440 835 1467 «
862 1416 1185 1473 Sollicitum
1230 1421 1285 1473 te
1319 1418 1592 1489 equidem
1641 1419 1711 1473 de
1759 1415 2000 1472 urbanis

354 1506 531 1563 rebus
561 1509 763 1562 contra
793 1510 846 1561 te
878 1506 1240 1562 tumultuose
1279 1511 1335 1561 et
1381 1507 1624 1563 moleste
1654 1505 1745 1561 his
1794 1505 2001 1561 diebus

358 1594 506 1651 actis
537 1595 799 1663 intueor;
832 1612 1035 1651 verum
1065 1596 1116 1650 si
1166 1612 1259 1651 me
1290 1596 1459 1651 audis
1489 1596 1753 1667 mihique
1783 1598 2004 1651 obtem-

358 1700 548 1758 peras,
568 1682 704 1740 suis
736 1684 847 1755 ipsi
879 1684 1106 1756 laqueis
1140 1685 1463 1759 capientur.
1497 1685 1655 1741 Alter
1686 1686 1865 1753 enim,
1899 1682 2001 1755 qui

359 1772 573 1849 meliqs
601 1772 916 1831 consilium
947 1775 1083 1832 dare
1114 1774 1301 1849 possit
1332 1794 1508 1849 quam
1532 1793 1656 1849 ego,
1694 1793 1809 1831 non
1837 1772 2006 1829 facile

359 1862 606 1921 inveniri
629 1867 851 1939 potest;
880 1865 986 1921 tibi
1009 1882 1143 1922 vero
1166 1866 1279 1938 ipsi
1300 1870 1455 1922 certe
1482 1882 1653 1921 nemo
1676 1864 1887 1920 melius
1909 1864 2007 1919 da-

358 1955 468 2011 bit.
488 1958 684 2010 Unum
708 1958 906 2011 tamen
930 1959 1085 2027 peto,
1113 1958 1178 2009 ut
1197 1956 1339 2010 dum
1363 1955 1516 2027 capti
1538 1970 1669 2010 mea
1690 1970 1864 2025 opera
1884 1952 2005 2007 fue-

361 2043 502 2115 rint,
531 2046 678 2099 Gezo
710 2059 847 2098 eum
878 2043 1038 2099 omni
1072 2060 1179 2098 sua
1204 2044 1462 2116 ypostasi
1494 2043 1642 2098 meis
1662 2042 1929 2098 tradatur
1950 2040 2009 2095 in

362 2133 705 2190 manibus.»
737 2133 920 2197 Quem
952 2133 1093 2188 dum
1125 2133 1251 2188 dari
1277 2132 1391 2188 sibi
1421 2150 1455 2188 a
1486 2148 1619 2205 rege
1643 2130 1884 2198 audivit,
1908 2130 2009 2184 ad-

357 2222 527 2296 jecit:
553 2244 581 2272 «
606 2222 736 2290 Leo,
757 2221 1086 2278 Ticinensis
1107 2220 1415 2294 episcopus
1436 2219 2012 2292 civitatis,Walperto

365 2315 424 2367 et
448 2311 658 2367 Gezoni
691 2327 805 2366 non
828 2310 1076 2366 habetur
1107 2311 1361 2380 amicus;
1396 2311 1435 2365 ii
1468 2325 1608 2366 sane
1640 2325 2013 2380 quocumque

366 2403 617 2473 possunt
645 2403 701 2456 et
730 2398 1085 2455 omnimodis
1114 2400 1514 2455 adversantur.
1540 2398 1712 2454 Scitis
1738 2396 2011 2469 denique,

368 2488 551 2545 moris
579 2505 727 2555 esse,
751 2487 871 2561 regi
902 2487 973 2544 ab
997 2487 1128 2544 aliis
1155 2487 1297 2544 locis
1317 2488 1559 2560 Papiam
1581 2484 1841 2542 tendenti
1862 2486 2015 2540 cives

368 2578 644 2634 forciores
672 2581 833 2633 extra
883 2576 1087 2633 urbem
1137 2594 1457 2633 occurrere.
1510 2576 1780 2631 Mandate
1822 2576 2018 2647 itaque

371 2664 523 2724 clam
554 2666 848 2738 episcopo,
872 2670 938 2721 ut
966 2667 1109 2721 dum
1132 2671 1394 2738 tempore
1424 2669 1641 2722 statuto
1666 2665 1905 2736 Papiam
1927 2681 2019 2720 ve-

371 2754 597 2823 neritis,
617 2758 676 2810 et
703 2753 815 2825 ipsi
846 2754 1015 2810 nobis
1046 2758 1205 2809 extra
1234 2755 1441 2809 urbem
1474 2754 1703 2808 obviam
1732 2753 2018 2823 venerint,

373 2846 574 2915 portas
595 2841 847 2897 civitatis
868 2858 1070 2897 omnes
1092 2858 1317 2897 serrare
1350 2841 1543 2909 faciat,
1574 2841 1880 2913 clavesque
1908 2840 2022 2897 sibi

374 2930 640 3000 retineat,
670 2946 785 3001 quo
816 2931 960 2985 dum
984 2947 1188 3002 capere
1209 2946 1308 2986 eos
1329 2930 1680 3003 ceperimus,
1706 2946 1809 2985 nec
1838 2930 1898 2984 in
1924 2947 2020 2985 ur-

374 3019 510 3074 bem
539 3018 872 3090 confugere,
906 3033 1011 3073 nec
1034 3017 1106 3072 ab
1129 3018 1270 3072 urbe
1294 3017 1523 3089 possint
1544 3015 1828 3072 auxilium
1854 3031 2021 3087 expe-

377 3110 552 3163 ctare.
580 3129 608 3157 ››
632 3106 795 3174 Quod
823 3109 880 3162 et
910 3106 1129 3162 factum
1160 3110 1267 3161 est.
1287 3106 1434 3161 Nam
1459 3105 1599 3160 dum
1632 3108 1853 3161 statuto
1879 3107 2024 3160 tem-

378 3211 518 3269 pore
549 3212 648 3251 rex
675 3194 913 3267 Papiam
945 3195 1226 3261 tenderet,
1258 3198 1315 3250 et
1361 3193 1667 3250 memorati
1713 3193 1942 3250 obviam
1972 3192 2024 3248 ei

2105 791 2239 859 bus,
2263 790 2396 862 quis
2427 789 2621 860 plures
2652 789 2891 844 haberet
2918 786 3195 841 libidines
3226 784 3286 839 in
3318 784 3498 840 coitu.
3522 784 3593 839 Et
3615 788 3749 839 tunc

2104 879 2388 935 Tiresiam
2415 878 2552 933 Euri
2574 877 2763 932 ﬁlium
2784 875 3195 948 quaesiverunt.
3211 877 3326 930 Iste
3337 872 3568 929 enimin
3585 872 3752 928 utris-

2109 985 2223 1041 que
2250 966 2476 1024 naturis
2497 969 2925 1022 transmutatus
2946 969 3053 1031 est,
3080 963 3220 1036 quia
3240 963 3554 1018 draconem
3575 960 3755 1018 calca-

2104 1058 2205 1113 vit.
2240 1058 2344 1113 Hic
2379 1072 2515 1129 ergo
2537 1058 2739 1113 contra
2752 1055 3044 1111 Junonem
3070 1052 3488 1127 pronuntiavit.
3513 1052 3581 1107 Et
3602 1052 3755 1107 Juno

2110 1147 2256 1203 irata
2277 1147 2567 1204 excecavit
2596 1162 2750 1201 eum.
2775 1146 2805 1203 J
2816 1144 3044 1219 uppiter
3064 1147 3261 1201 autem
3281 1141 3517 1199 donavit
3535 1141 3588 1197 ei
3613 1140 3760 1197 mul-

2106 1237 2182 1293 tis
2211 1237 2400 1293 vivere
2428 1237 2621 1304 annis,
2650 1241 2708 1293 et
2727 1239 2948 1309 quanta
2968 1235 3208 1302 diceret,
3233 1233 3549 1289 divinando
3567 1232 3757 1288 dicere

2109 1325 2219 1381 Sed
2254 1325 2562 1381 redeamus
2593 1324 2663 1379 ad
2689 1340 2834 1379 rem.
2862 1324 3032 1390 Gezo,
3057 1324 3123 1378 ut
3143 1319 3543 1393 praediximus,
3574 1334 3756 1373 mem-

2110 1413 2231 1469 bris
2245 1414 2551 1479 defadato,
2568 1411 3073 1469 substantiaitlius
3086 1410 3380 1483 diripitur.
3397 1407 3578 1465 Ceteri
3601 1425 3755 1463 com-

2110 1503 2307 1576 plures
2337 1502 2604 1559 custodie
2638 1502 3069 1574 mancipantur.
3101 1499 3441 1572 Walpertus
3470 1497 3532 1553 in
3563 1496 3763 1553 crasti-

2110 1610 2255 1649 num
2286 1593 2473 1666 capite
2501 1596 2825 1659 truncatur,
2851 1590 3168 1647 thesaurus
3189 1590 3317 1661 ejus
3332 1586 3600 1643 infinitus
3622 1586 3761 1641 diri-

2113 1682 2290 1756 pitur.
2323 1682 2577 1737 Gristina
2606 1698 2751 1736 uxor
2781 1679 2940 1735 illius
2972 1680 3220 1753 capitur,
3257 1683 3315 1733 et
3348 1682 3416 1733 ut
3456 1677 3763 1734 thesauros

2115 1772 2374 1828 occultos
2405 1772 2619 1839 tradat,
2654 1771 2898 1826 diversis
2929 1768 3203 1825 crucibus
3250 1767 3526 1824 laniatur.
3578 1765 3763 1821 Crevit

2113 1866 2325 1918 extunc
2355 1877 2469 1916 non
2488 1859 2678 1916 solum
2691 1858 2904 1932 Papia,
2921 1859 3022 1915 sed
3042 1862 3100 1914 et
3122 1857 3183 1912 in
3200 1872 3404 1914 omnes
3422 1855 3597 1912 Italia
3618 1856 3762 1911 ﬁnes

2119 1951 2274 2024 regis
2304 1950 2479 2005 timor
2503 1967 2516 2018 ;
2552 1965 2740 2021 neque
2761 1948 2919 2004 hunc
2942 1951 3006 2004 ut
3026 1962 3190 2020 reges
3213 1950 3436 2002 ceteros
3458 1944 3764 2018 floccipen-

2119 2041 2274 2108 dere,
2307 2055 2508 2094 verum
2542 2037 2732 2094 modis
2753 2037 3031 2093 omnibus
3060 2036 3370 2092 honorare.

2193 2130 2279 2184 42.
2313 2128 2528 2183 Eodem
2558 2132 2820 2199 tempore
2845 2124 3130 2192 Ildoinus,
3173 2123 3590 2180 Laudociensis
3621 2122 3765 2196 (106)

2122 2217 2375 2274 ecclesia
2403 2215 2978 2289 episcopus,propria
3004 2214 3141 2270 sede
3163 2211 3443 2286 expulsus
3470 2212 3587 2284 (an.
3619 2213 3763 2284 928),

2124 2308 2196 2362 ad
2214 2307 2515 2379 llugonem
2536 2320 2751 2377 regem,
2773 2304 2864 2359 cui
2888 2302 3190 2360 afﬁnitatis
3216 2301 3373 2358 linea
3383 2301 3765 2374 jungebatur,

2123 2395 2184 2451 in
2216 2395 2441 2451 Italiam
2471 2393 2643 2450 venit.
2677 2393 2786 2459 Qui
2818 2392 3135 2449 honorifice
3165 2391 3239 2447 ab
3267 2407 3335 2446 eo
3365 2391 3763 2463 suseeptusm,

2123 2485 2517 2540 Veronensem
2548 2484 2598 2539 ei
2632 2482 3034 2555 episcopatum
3065 2482 3139 2537 ad
3165 2480 3441 2553 stipendii
3488 2480 3767 2536 concessit

2126 2591 2320 2630 usum.
2360 2575 2600 2630 Factum
2633 2577 2723 2628 est
2752 2576 2975 2639 autem,
3007 2575 3074 2626 ut
3104 2574 3236 2644 post
3263 2569 3574 2643 paululum
3604 2571 3763 2626 Lam-

2126 2668 2328 2735 pertus
2359 2661 2832 2735 archiepiscopus
2864 2664 3208 2728 moreretur,
3241 2663 3297 2716 et
3337 2659 3432 2715 hic
3470 2658 3600 2716 loco
3648 2660 3764 2730 ejus

2129 2751 2463 2809 Mediolanii
2496 2751 2806 2823 episcopus
2852 2749 3246 2805 ordinaretur.
3276 2748 3533 2805 Venerat
3581 2753 3763 2804 autem

2131 2858 2264 2896 cum
2277 2858 2391 2913 pra
2400 2841 2513 2896 fato
2536 2839 2762 2896 Ilduino
2785 2838 3111 2895 monachus
3126 2837 3663 2911 quidam.Raterius
3674 2853 3764 2893 no-

2099 3000 2115 3011 .
2130 2930 2414 3000 mine,qui
2426 2929 2498 2985 ob
2514 2924 2852 3002 religionem
2867 2925 3550 3000 septemqueliberalium
3565 2927 3766 2983 artium

2130 3017 2399 3092 peritiam
2428 3017 2652 3073 Verene
2675 3016 2984 3089 episcopus
3001 3015 3395 3083 constituitur,
3415 3014 3516 3071 ubi
3536 3018 3596 3071 et
3616 3014 3761 3082 Milo,

2133 3124 2307 3181 quem
2338 3123 2520 3179 supra
2566 3105 3044 3177 memoravimus,
3097 3122 3292 3162 comes
3321 3104 3651 3161 habebatur
3676 3122 3759 3160 an.

2134 3197 2280 3269 932).

378 3284 620 3354 exirent,
652 3283 959 3358 episcopus
990 3282 1256 3354 libenter,
1283 3287 1348 3338 ut
1368 3283 1420 3339 ei
1438 3283 1789 3355 imperatum
1813 3283 2021 3351 fuerat,
2054 3271 2097 3338 C
2203 3288 2295 3356 1:3,
2320 3286 2488 3343 Wido
2512 3285 2751 3352 interea,
2772 3283 2998 3341 Tuscia
3020 3283 3326 3356 provincia
3353 3283 3762 3351 marchio,cum

381 3374 536 3431 fecit.
572 3375 690 3431 Rex
718 3374 914 3446 itaque
943 3390 1146 3429 omnes
1177 3388 1404 3445 capere,
1437 3376 1501 3427 ut
1545 3372 1793 3428 Samson
1834 3371 2024 3428 consi-

379 3462 527 3520 lium
558 3465 815 3532 dederat,
841 3462 1044 3535 jussit.
1063 3461 1379 3518 Confestim
1402 3461 1581 3533 igitur
1609 3460 1756 3517 Gezo
1778 3461 2026 3517 Samson

378 3552 653 3622 traditus,
677 3557 927 3626 utroque
948 3550 1172 3607 lumine
1194 3550 1479 3623 privatur,
1502 3554 1558 3606 et
1586 3549 1942 3623 lingua,qua
1966 3551 2024 3605 in

374 3658 573 3716 regem
604 3639 1035 3715 blasphemiam
1058 3640 1300 3706 dixerat,
1325 3639 1375 3694 ei
1397 3637 1788 3695 absciditur.0
1805 3640 2025 3695 factum

374 3730 544 3800 bene,
576 3731 626 3787 si
657 3730 809 3786 sicut
837 3747 1049 3799 cacus,
1080 3729 1160 3785 ita
1181 3732 1237 3784 et
1257 3733 1458 3783 mutus
1490 3727 1717 3783 cunctis
1738 3728 2028 3784 extitisset

375 3818 773 3892 temporibus!
810 3819 921 3873 Sed
951 3835 983 3873 o
1016 3816 1229 3883 scelus,
1257 3817 1537 3888 quoniam
1566 3815 1770 3888 lingua
1799 3815 2029 3872 abscisa

379 3906 675 3979 loquelam
689 3922 804 3961 non
817 3905 1422 3978 perdidit,secundum
1445 3904 1761 3961 Grecorum
1775 3904 2025 3973 fabulas,

381 3994 687 4052 oculorum
707 3994 1030 4066 privatione
1049 3993 1228 4049 vitam
1251 3993 1361 4048 sibi
1378 3991 1705 4064 protelavit,
1733 4009 1861 4064 qua
1881 3993 2029 4048 mul-

379 4083 458 4139 tis
488 4083 560 4138 ad
592 4081 908 4154 perniciem
930 4096 1117 4153 usque
1139 4080 1198 4134 in
1220 4083 1568 4153 prasentem
1588 4081 1744 4135 diem
1766 4097 1894 4137 esse
1910 4082 2027 4136 non

383 4170 577 4229 desiit.
597 4168 825 4227 Fabula
836 4186 970 4226 vero
987 4168 1457 4237 1udum,curceci
1475 4167 1797 4240 plurimum
1810 4169 2024 4236 vivant,

380 4261 708 4318 secundum
734 4258 1051 4315 Grecorum
1076 4256 1358 4329 ineptiam
1389 4256 1486 4313 hic
1516 4257 1870 4326 inseramus,
1900 4274 2026 4329 qua

2134 3374 2387 3431 Marocia
2410 3392 2588 3430 uxore
2600 3391 2709 3430 sua
2730 3374 2800 3430 de
2810 3372 3097 3429 Johannis
3117 3389 3278 3446 papa
3290 3372 3610 3445 dejectione
3630 3371 3765 3445 cepit

2133 3464 2505 3520 vehementer
2554 3465 2822 3531 tractare,
2856 3465 3030 3533 atque
3058 3461 3169 3519 hoc
3212 3466 3448 3534 propter
3478 3460 3762 3529 invidiam,

2136 3569 2313 3624 quam
2337 3554 2504 3607 Petro
2527 3551 2690 3607 fratri
2713 3567 2876 3623 papa
2898 3550 3216 3618 habebant,
3239 3550 3520 3622 quoniam
3541 3550 3763 3623 quidem

2135 3641 2303 3697 illum
2337 3657 2489 3713 papa
2509 3640 2662 3696 sicut
2682 3640 2919 3695 fratrem
2940 3640 3243 3712 proprium
3273 3639 3618 3695 honorabat.
3641 3644 3767 3694 Con-

2134 3731 2267 3804 tigit
2295 3731 2493 3802 itaque
2526 3730 2691 3785 Petro
2722 3729 2904 3784 Rome
2933 3728 3199 3801 degente,
3222 3728 3536 3785 Widonem
3566 3728 3767 3784 multos

2136 3819 2415 3875 habuisse
2437 3818 2587 3874 clam
2609 3816 2827 3873 milites
2839 3821 3240 3891 congregatos.
3261 3816 3771 3889 Cumquediequa—

2137 3909 2272 3964 dam
2305 3925 2457 3980 papa
2476 3924 2612 3963 cum
2633 3908 2809 3962 fratre
2830 3907 3150 3978 paucisque
3171 3906 3301 3962 aliis
3326 3905 3387 3961 in
3408 3902 3769 3962 Lateraneusi

2137 3996 2351 4069 palatio
2382 4000 2554 4053 esset.
2574 3994 2845 4051 Widonis
2874 3999 2930 4051 et
2947 3994 3208 4051 Marocia
3231 4011 3408 4066 super
3435 4010 3537 4050 eos
3568 3994 3771 4050 milites

2136 4087 2444 4155 irruentes,
2474 4084 2708 4140 Petrum
2731 4082 2927 4139 fratris
2955 4082 3144 4155 ipsius
3165 4087 3299 4138 ante
3318 4082 3520 4139 oculos
3549 4083 3770 4139 interfe-

2137 4179 2372 4241 cerunt;
2408 4174 2659 4229 eundem
2690 4189 2824 4228 vero
2846 4188 3059 4245 papam
3079 4172 3663 4244 comprehendentes,
3684 4188 3772 4227 cu-

2139 4263 2327 4319 stodie
2356 4263 2791 4334 manciparunt,
2823 4262 2883 4317 in
2917 4278 3035 4333 qua
3062 4277 3177 4317 non
3205 4261 3393 4318 multo
3423 4264 3560 4333 post
3576 4265 3668 4318 est
3684 4261 3773 4316 de-

381 4348 516 4406 talis
561 4354 651 4406 est
702 4365 715 4403 ε
766 4358 875 4411 Ζεὺς
914 4357 995 4404 καὶ
1039 4359 1168 4419 ’Ἥρα
1213 4354 1389 4418 ἤρισαν
1433 4356 1548 4418 περὶ
1588 4354 1894 4419 ἀφροδισιῶν,
1940 4358 2013 4414 τὴ

2137 4352 2339 4408 funtus
2370 4352 2458 4406 ³³⁸.
2486 4351 2665 4406 Aiunt
2688 4350 2844 4406 enim
2876 4351 3032 4423 quod
3062 4349 3305 4406 cervical
3354 4366 3534 4423 super
3562 4367 3628 4407 os
3657 4351 3772 4422 ejus

379 4445 583 4495 πλιιόνα
628 4446 733 4512 ἔχει
777 4445 962 4507 ἣδομας
1002 4443 1053 4491 ἐν
1097 4447 1160 4507 τῇ
1208 4445 1483 4493 συννουσῖω
1530 4460 1612 4492 και
1654 4443 1763 4492 τότε
1807 4443 2013 4508 Τιρεσίαη

2136 4442 2501 4513 inponerent,
2536 4439 2736 4511 sicque
2784 4455 2919 4495 eum
2952 4439 3209 4511 pessime
3237 4438 3612 4495 suﬂ'ocarent.
3663 4440 3771 4504 Quo

377 4536 558 4601 ’Ἕϐρου
616 4534 719 4584 υἲον
770 4533 1031 4595 ἐζήτησαν.
1090 4533 1239 4588 Οὕτος
1293 4536 1387 4597 γὰρ
1454 4532 1504 4580 ἐν
1567 4536 1669 4589 ταῖς
1734 4534 2013 4598 αμφοτέραα

2137 4533 2365 4585 mortuo
2383 4529 2430 4600 (4
2442 4530 2532 4601 07)
2554 4530 2668 4600 [αη.
2696 4526 2846 4601 927],
2875 4528 3064 4600 ipsius
3086 4527 3340 4584 Marotia
3356 4526 3549 4583 ﬁlium
3573 4526 3776 4584 Johan-

380 4625 580 4689 φύπσοι
632 4623 1008 4689 μεταμορφώθη,
1067 4621 1191 4671 ἐπιδι
1244 4621 1487 4687 δράκοντα
1543 4622 1804 4682 ἑπάτησεν.
1872 4623 2013 4677 Οὗτος

2140 4635 2272 4674 nem
2304 4617 2558 4686 nomine,
2592 4632 2769 4689 quem
2800 4632 2868 4672 ex
2909 4614 3109 4688 Sergio
3148 4632 3301 4688 papa
3337 4616 3615 4671 meretrix
3655 4615 3773 4687 ipsa

378 4715 466 4763 οὖν
520 4715 649 4762 κατὰ
697 4716 784 4773 τὴς
838 4718 990 4777 Ἥρας
1046 4712 1379 4776 ἀπεφκύνατο,
1429 4714 1511 4759 καὶ
1563 4717 1693 4776 Ἥρα
1746 4711 2013 4776 ὀργισθεῖσα

2127 4711 2428 4780 genuerat,
2462 4723 2675 4779 papam
2721 4705 2867 4776 (408)
2887 4705 3270 4760 constituunt.
3294 4703 3465 4761 Wido
3494 4721 3629 4761 vero
3665 4719 3769 4759 non

380 4802 635 4867 ἕπήρωσεν
684 4801 854 4863 αὐτὸν,
903 4805 1012 4858 Ζεὺς
1060 4802 1111 4851 δὲ
1160 4801 1421 4868 ἐχαρίσατο
1477 4800 1610 4849 αὐτῶ
1665 4801 1829 4857 πολοῖς
1886 4801 2007 4861 ζήσα

2135 4795 2321 4851 multo
2350 4799 2483 4868 post
2514 4793 2784 4862 moritur,
2819 4793 3114 4864 fraterque
3137 4794 3266 4865 ejus
3294 4793 3643 4865 Lampertus
3669 4790 3769 4864 ipsi

379 4892 523 4952 ἔτεσι,
553 4891 637 4940 καί
662 4890 753 4941 ὅσα
782 4892 949 4956 ἔλεγεν
980 4893 1201 4956 μάντιτια,
1217 4891 1398 4954 λέγειν,
1429 4882 1576 4938 Zeus
1605 4883 1676 4937 ke
1713 4886 1806 4937 Ira
1843 4881 2013 4938 irisau

2133 4883 2390 4939 vicarius
2423 4883 2748 4938 ordinatur.

377 4972 499 5045 peri
522 4972 942 5041 afrodision,tis
960 4972 1159 5045 pliona
1175 4971 1303 5027 echi
1325 4971 1551 5026 idomas
1565 4987 1635 5025 en
1651 4975 1709 5043 ty
1722 4970 2021 5043 synnusia;
2207 4973 2296 5026 44.
2320 4971 2568 5026 Marozia
2591 4975 2849 5027 scortum
2868 4970 3183 5042 impudens
3200 4971 3366 5039 satis,
3392 4972 3631 5028 nuntios
3642 4985 3768 5026 suos

377 5062 450 5118 ke
479 5065 598 5119 tote
626 5062 890 5119 Tiresian
913 5062 1067 5117 Euru
1105 5077 1217 5132 you
1241 5059 1504 5127 ezitisan,
1530 5063 1661 5115 utos
1704 5075 1809 5132 ger
1840 5076 1910 5114 en
1938 5063 2026 5116 tes
2135 5063 2265 5133 post
2299 5059 2562 5117 Widonis
2581 5058 2777 5114 mariti
2800 5059 2892 5113 sui
2912 5062 3159 5116 mortem
3188 5058 3419 5132 Hugoni
3442 5060 3563 5133 regi
3584 5056 3766 5130 dirigit

377 5151 689 5208 amfoteres
721 5150 895 5224 fysesi
927 5148 1351 5205 metamorforti
1374 5146 1529 5220 epidi
1550 5148 1831 5204 draconta
1851 5148 2028 5220 epati-
2135 5151 2246 5222 (an.
2280 5148 2429 5220 932),
2482 5146 2971 5220 eumque'invitat
2999 5150 3067 5202 ut
3112 5164 3174 5205 se
3203 5148 3377 5204 adeat
3420 5148 3761 5219 Romamque

376 5256 503 5308 sen,
535 5244 671 5295 utos
700 5255 780 5293 un
811 5242 939 5294 cata
967 5237 1043 5294 tis
1076 5237 1199 5293 Iras
1245 5236 1615 5308 apefkynato,
1660 5238 1729 5291 ke
1760 5237 1850 5292 Ira
1878 5236 2027 5310 orgi-
2137 5237 2561 5293 nobilissimam
2581 5235 2873 5291 civitatem
2890 5235 3005 5292 sibi
3027 5236 3642 5294 adsumat.Hocautem
3655 5248 3753 5290 non

1721 5325 1962 5381 VARle
2015 5326 2430 5382 LECTIONES.

447 5398 517 5432 ’3‘
545 5399 622 5454 ita
654 5396 707 5467 4,
740 5400 799 5452 ut
828 5404 880 5453 et
909 5397 1006 5455 lib.
1042 5413 1103 5464 ιι,
1132 5395 1186 5451 9.
1263 5396 1330 5431 ³³⁵
1359 5398 1399 5450 i.
1430 5412 1478 5451 ε.
1512 5400 1844 5468 susceptus.
1921 5397 1988 5432 ³³⁸
2014 5398 2053 5452 ἰ.
2087 5413 2134 5453 e.
2169 5396 2498 5453 defunctus.

475 5556 599 5630 486)
632 5555 987 5630 Leodiensis.
1206 5629 1210 5630 ν
1272 5628 1280 5630 Α
1972 5485 2187 5546 NOTAE
2208 5558 2357 5630 (408)
2372 5558 2654 5614 Joannem
2677 5556 2770 5625 XI,
2789 5557 2889 5630 qui
2914 5557 3334 5616 menseMartio
3354 5553 3596 5616 anni93l
3613 5565 3750 5610 sum-

381 5703 437 5754 et
451 5627 505 5755 (ἐ
509 5627 889 5773 ῗέἐῂλὲἓὲιιέξῧ
895 5627 1092 5697 etiam,
1117 5629 1215 5699 qui
1234 5628 1284 5685 ei
1308 5633 1728 5697 successerant,
1752 5631 1938 5686 Leone
1950 5630 2027 5684 VI
2137 5627 2299 5686 mum
2324 5630 2728 5703 pontiﬁcatum
2753 5627 2998 5703 adeptus
3029 5634 3141 5687 est.

651 5717 761 5758 ano
796 5717 909 5758 νυ.
