4030 6184
305 256 431 324 853

1248 265 1869 336 ANTAPODOSEOS
1910 266 2120 339 LIBRI
2166 276 2339 341 SEX.
2371 284 2452 327 -°-
2478 278 2625 343 LIB.
2670 277 2780 344 ῙῙῙ.

3594 276 3713 344 854

308 394 480 488 aliter
508 408 681 488 posse
711 396 836 454 ﬁeri
866 400 1215 471 testabatur,
1245 401 1358 459 nisi
1374 419 1503 460 eam
1526 421 1624 461 rex
1654 406 1819 480 Hugo
1844 406 1958 465 sibi
1986 409 2043 476 Α
2072 410 2307 468 creditis
2328 412 2356 468 ?
2383 415 2470 468 An
2501 413 2984 488 Burgundionum
3015 409 3389 470 voracitatem
3420 415 3477 468 et
3508 428 3708 484 super-

309 482 587 540 maritam
618 483 849 542 faceret.

1027 624 1238 681 Versus.

304 751 454 819 Quid
485 752 712 809 veneris
746 754 970 813 facibus
1000 759 1304 832 compulsa
1334 761 1587 819 Marozia
1617 764 1823 821 saevis?

303 841 585 916 Conjugis
612 860 742 900 ecce
769 845 855 900 tui
888 851 1117 918 spectas
1146 853 1210 904 tu
1241 851 1441 907 suavia
1473 851 1690 917 fratris,

302 932 535 988 Nubere
564 933 860 1005 germanis
888 940 1161 1009 satagens
1193 938 1443 995 Herodia
1471 941 1725 1009 duobus,

302 1022 623 1078 Immemor
645 1038 717 1077 en
746 1022 960 1080 videris
992 1027 1263 1099 praecepti
1290 1045 1425 1085 ceca
1453 1030 1761 1101 Johannis,

302 1110 411 1175 Qui
441 1110 605 1166 fratri
635 1110 821 1167 vetuit
852 1112 1049 1170 fratris
1078 1114 1294 1173 violare
1325 1119 1620 1175 maritam.

300 1199 431 1255 Haec
461 1199 566 1255 tibi
598 1199 825 1256 Moseos
856 1218 971 1257 non
1006 1207 1288 1275 przestant
1317 1207 1580 1262 carmina
1608 1208 1777 1278 vatis,

299 1288 409 1355 Qui
439 1288 604 1343 fratri
635 1288 900 1346 subolem
934 1291 1129 1349 fratris
1160 1294 1231 1349 de
1262 1294 1497 1350 nomine
1519 1296 1702 1366 jussit

299 1377 500 1446 Edere,
533 1377 583 1433 si
618 1375 843 1450 primus
875 1385 1126 1453 nequeat
1154 1382 1267 1438 sibi
1289 1384 1531 1457 gignere
1558 1390 1783 1441 natum.

298 1466 508 1522 Nostra
529 1469 628 1521 tuo
659 1467 956 1539 peperisse
984 1470 1107 1526 viro
1138 1475 1212 1538 te,
1246 1473 1446 1528 secula
1476 1479 1712 1529 norunt.

297 1553 699 1625 Respondens,
732 1557 872 1624 scio,
906 1562 1001 1614 tu:
1034 1560 1219 1616 Νίσήιί
1249 1561 1348 1616 hoc
1383 1564 1552 1617 Venus
1582 1565 1736 1619 ebria
1765 1568 1941 1619 curat.

292 1642 540 1699 Advenit
567 1647 804 1716 optatus
828 1663 931 1701 ceu
961 1647 1069 1703 bos
1095 1648 1200 1703 tibi
1232 1649 1446 1705 ductus
1476 1651 1549 1706 ad
1581 1668 1742 1707 aram

294 1729 413 1786 Rex
447 1732 629 1805 llugo,
652 1733 972 1789 Romanam
988 1737 1183 1806 potius
1200 1739 1694 1795 commotusmob
1709 1742 1936 1798 urbem.
1975 1777 2023 1841 Β

294 1819 440 1841 n_-:.n
475 1820 631 1841 .’-____L
675 1821 1011 1841 AL-_-I__,IA,
1122 1824 1133 1835 ⁸
1326 1825 1336 1835 ο
1512 1827 1527 1841 ς
1790 1832 1800 1841 .
1917 1828 1944 1841 η

293 1819 440 1884 Quid
466 1820 652 1891 juvat,
668 1821 1047 1891 obscelerata,
1081 1824 1270 1879 virum
1289 1825 1373 1880 sic
1391 1827 1631 1897 perdere
1643 1828 1944 1884 sanctum?

289 1908 545 1965 Crimine
575 1909 716 1965 dum
750 1913 911 1965 tanto
943 1911 1163 1985 satagis
1197 1913 1400 1986 regina
1428 1914 1632 1984 videri,

288 1996 506 2053 Amitis
537 2014 812 2072 magnam
844 2000 1092 2057 Domino
1125 2006 1188 2057 tu
1212 2002 1411 2074 judice
1443 2004 1710 2060 Romam.

288 2086 454 2151 Quod
485 2091 638 2143 recte
669 2105 799 2145 esse
829 2094 1046 2157 actum,
1080 2107 1197 2146 non
1228 2090 1420 2147 solum
1453 2098 1708 2165 sensata,
1737 2109 1939 2151 verum

287 2176 469 2232 etiam
502 2176 822 2246 insensata,
857 2178 1430 2237 animadvertunt”.
1455 2185 1520 2236 In
1552 2183 1821 2255 ingressu
1836 2184 1944 2240 Ro-

289 2282 477 2321 mante
503 2265 667 2321 urbis
700 2268 967 2338 quaedam
999 2272 1087 2325 sst
1116 2269 1249 2324 miri
1283 2270 1473 2342 operis
1497 2271 1761 2344 mireque
1786 2272 1944 2329 forti-

286 2353 516 2410 tudinis
548 2355 867 2411 constituta
898 2357 1168 2427 munitio;
1195 2363 1327 2415 ante
1348 2361 1518 2431 cujus
1533 2361 1781 2431 januam
1794 2379 1943 2434 pons

287 2445 383 2500 est
406 2443 895 2516 praeciosissimus
931 2463 1109 2518 super
1136 2446 1393 2503 Tiberim
1445 2448 1783 2516 fabricatus,
1839 2451 1940 2522 qui

286 2532 524 2604 pervius
555 2531 1021 2604 ingredientibus
1043 2535 1288 2591 Romam
1304 2542 1477 2608 atque
1508 2537 1943 2609 egredientibus

285 2624 399 2690 est;
434 2636 540 2677 nec
569 2625 662 2677 est
690 2620 823 2689 alia,
858 2622 969 2678 nisi
1002 2639 1106 2696 per
1134 2640 1291 2693 eum,
1324 2625 1668 2682 transeundi
1691 2627 1802 2682 via.
1830 2628 1943 2683 Hoc

284 2713 509 2779 tamen,
546 2709 659 2766 nisi
689 2727 978 2768 consensu
1024 2712 1412 2770 munitionem
1460 2714 1940 2786 custodientium,

286 2799 418 2855 ﬁeri
450 2815 567 2855 non
600 2804 809 2872 potest.
844 2800 1089 2857 Munitio
1119 2819 1254 2859 vero
1286 2803 1435 2876 ipsa,
1470 2809 1536 2859 ut
1565 2805 1940 2861 ceteradesi-

290 2904 455 2955 nam,
488 2891 661 2944 tautae
694 2888 1023 2946 altitudinis
1054 2895 1161 2960 est,
1194 2896 1259 2947 ut
1288 2891 1532 2949 ecclesia
1563 2910 1690 2965 quae
1722 2893 1781 2948 in
1812 2894 1939 2966 ejus

282 2977 500 3034 vertice
532 2977 783 3046 videtur,
815 2977 875 3034 in
905 2979 1124 3036 honore
1146 2981 1362 3036 summi
1382 2987 1439 3038 et
1469 2981 1699 3038 celestis
1712 2982 1939 3038 milicize

284 3065 572 3138 principis
603 3066 935 3139 archangeli
977 3068 1319 3125 Michahelis
1360 3070 1657 3138 fabricaia,
1707 3071 1937 3127 dicatur

2067 499 2224 556 biam
2258 501 2591 575 ignoratis?
2645 504 2841 576 Ipsam
2872 501 3079 560 saltem
3130 500 3387 558 nominis
3444 500 3711 559 etimolo-

2065 589 2221 662 giam
2254 592 2322 625 ²⁴²
2350 592 2657 665 dispicite:
2690 592 3141 665 Burgundiones
3173 592 3303 648 ideo
3328 590 3538 661 dictos,
3567 607 3714 663 quo-

2066 678 2226 734 niam
2255 680 2398 737 dum
2424 681 2691 748 Romani,
2725 683 2864 738 orbe
2904 681 3152 750 devicto,
3185 698 3253 738 ex
3283 685 3453 755 gente
3485 681 3595 736 hac
3625 698 3715 737 ca-

2063 768 2250 840 ptivos
2281 769 2561 826 ducerent
2587 770 2828 841 multos,
2863 770 3296 827 constituerunt
3327 769 3410 827 eis
3455 774 3521 825 ut
3551 773 3713 825 extra

2063 857 2269 913 urbem
2300 858 2506 915 domos
2533 860 2643 915 sibi
2677 859 3088 926 sustollerent;
3123 877 3156 915 a
3186 858 3401 931 quibus
3429 863 3486 914 et
3534 858 3709 931 paulo

2061 950 2193 1017 post
2214 964 2248 1002 a
2278 946 2555 1003 Romanis
2578 948 2651 1003 ob
2674 947 3011 1020 superbiam
3044 952 3185 1003 sunt
3203 946 3461 1020 expulsi;
3484 951 3541 1003 et
3569 964 3710 1018 quo-

2060 1034 2219 1091 niam
2240 1035 2350 1107 ipsi
2373 1036 2679 1093 domorum
2699 1037 3231 1110 congregationem,
3258 1052 3386 1109 quas
3404 1054 3572 1092 muro
3588 1053 3705 1092 non

2059 1122 2372 1195 clauditur,
2392 1125 2645 1198 burgum
2670 1126 2818 1196 (109)
2835 1129 3061 1189 vocant,
3088 1125 3534 1197 Burgundiones
3558 1126 3705 1197 (110)

2059 1228 2093 1267 a
2123 1213 2421 1282 Romanis,
2454 1215 2720 1287 quod'est
2750 1231 2784 1270 a
2803 1215 2991 1287 burgo
3016 1214 3267 1285 expulsi,
3291 1213 3524 1285 apellati
3545 1218 3703 1270 sunt.

2058 1300 2322 1357 Ceterum
2355 1304 2682 1359 secundum
2707 1302 2971 1359 naturale
2988 1319 3221 1359 nomem
3243 1301 3388 1358 Galli
3408 1302 3705 1376 Allobrogi

2058 1395 2443 1461 nuncupantu
2459 1408 2505 1446 r.
2541 1392 2659 1463 Ego
2686 1396 2881 1447 tamen
2912 1392 3197 1448 secndum
3253 1393 3320 1426 "3
3351 1391 3496 1446 mihi
3524 1392 3703 1448 tradi-

2058 1481 2179 1532 tam
2205 1478 2483 1547 fronesin,
2510 1480 2568 1534 id
2601 1484 2691 1535 est
2722 1479 3093 1551 sapientiam,
3128 1479 3573 1552 Burgundiones
3607 1497 3706 1538 eos

2055 1566 2223 1638 quasi
2236 1567 2616 1640 gurguliones
2633 1566 2845 1641 apello,
2859 1568 2973 1635 vel,
2997 1569 3153 1640 quod
3173 1569 3366 1624 verius
3387 1573 3494 1635 est,
3519 1570 3709 1625 edaci-

2053 1658 2176 1709 toto
2223 1658 2461 1727 gutture
2517 1655 2860 1732 loquantur,
2894 1656 3004 1725 vel,
3034 1658 3188 1730 quod
3238 1658 3312 1712 ob
3369 1658 3706 1731 superbiam

2053 1742 2155 1797 tati
2173 1744 2260 1812 ω,
2281 1761 2407 1815 quae
2424 1761 2529 1816 per
2541 1745 2740 1817 gulam
2761 1749 3082 1811 exercetur,
3101 1746 3280 1802 nimis
3293 1747 3657 1821 indulgeant.
3673 1769 3702 1797 »

2052 1830 2167 1885 Nec
2185 1848 2368 1898 mora,
2389 1832 2482 1888 his
2503 1833 2742 1899 auditis,
2761 1834 3065 1907 Hugonem
3094 1851 3288 1908 regem
3312 1836 3512 1892 duncti
3537 1837 3703 1893 dese-

2050 1922 2387 1992 runt,atque
2405 1920 2992 1977 eundemAlberieum
3007 1922 3118 1977 sibi
3132 1922 3439 1979 dominum
3452 1924 3698 1998 eligunt;

2050 2012 2108 2063 et
2129 2025 2200 2063 ne
2218 2009 2481 2081 spacium
2505 2009 2742 2081 quidem
2762 2009 2977 2066 milites
3008 2011 3417 2069 introducendi
3442 2030 3581 2070 suos
3602 2031 3700 2070 rex

2050 2096 2215 2171 Hugo
2236 2096 2496 2166 haberet,
2522 2097 2911 2155 munitionem
2936 2099 3241 2157 confestim
3260 2101 3601 2175 obpugnare
3616 2104 3702 2158 in-

2051 2190 2303 2258 ceptant.

2123 2277 2191 2330 45
2220 2276 2306 2331 ω,
2324 2276 2533 2349 Liquet
2553 2276 2760 2331 divinae
2783 2277 3241 2349 dispensationis
3264 2278 3374 2334 hoc
3387 2279 3699 2335 consilium

2053 2379 2200 2435 esse,
2226 2369 2291 2419 ut
2338 2365 2494 2436 quod
2527 2381 2626 2420 rex
2660 2366 2821 2437 Hugo
2846 2370 2965 2421 tam
2996 2365 3248 2437 turpiter
3293 2373 3539 2438 coeperat
3566 2384 3696 2424 sce—

2053 2450 2189 2519 lere,
2224 2469 2358 2507 enm
2391 2452 2745 2508 omnimodis
2795 2453 3056 2525 optinere
3087 2470 3201 2508 non
3247 2470 3440 2525 posse.
3506 2457 3697 2511 Tanto

2053 2541 2267 2613 quippe
2297 2545 2387 2596 est
2407 2544 2626 2597 terrore
2654 2546 2909 2611 coactus,
2941 2546 3009 2597 ut
3030 2558 3135 2614 per
3165 2542 3369 2597 restim
3404 2559 3464 2597 se
3494 2543 3693 2615 ipsum

2051 2645 2119 2684 ea
2148 2646 2216 2684 ex
2246 2634 2409 2702 parte
2439 2647 2555 2702 qua
2586 2630 2835 2687 civitatis
2875 2647 3045 2686 muro
3076 2630 3325 2686 munitio
3374 2631 3693 2687 inhaerebat

2051 2717 2370 2790 deponens,
2402 2735 2530 2775 eam
2552 2720 2862 2787 desereret,
2883 2723 3059 2792 atque
3081 2721 3152 2775 ad
3174 2736 3313 2776 suos
3334 2721 3691 2793 confugeret.

2050 2806 2336 2879 Expulsus
2370 2807 2549 2880 igitur
2580 2825 2679 2864 rex
2730 2812 2896 2881 Hugo
2927 2825 3060 2864 cum
3120 2808 3362 2880 praefata
3416 2808 3692 2877 Marioza,

2050 2895 2323 2951 Romamn
2349 2896 2512 2952 urbis
2532 2896 2835 2953 Albericus
2857 2897 3259 2953 monarchiam
3282 2897 3492 2965 tenuit,
3516 2897 3693 2953 fratre

2048 3002 2154 3040 suo
2184 2984 2448 3042 Johanne
2480 2986 2698 3042 summi
2730 2990 2906 3059 atque
2963 2985 3312 3042 universalis
3344 2985 3692 3058 praesulatus

2049 3074 2170 3130 sedi
2202 3074 2571 3146 praesidente.

293 3137 317 3205 ἆ
350 3137 543 3211 sancti
570 3154 774 3228 Angeli
802 3155 1045 3213 ecclesia
1065 3175 1252 3230 usque
1273 3160 1345 3215 ad
1367 3159 1560 3215 ocelos.
1589 3182 1616 3209 »
1639 3160 1757 3215 Rex
1778 3160 1934 3216 deni-
1965 3137 2008 3205 C
2119 3164 2187 3217 46
2216 3165 2302 3219 ²⁴⁶.
2336 3164 2515 3219 Aiunt
2543 3164 2804 3234 quidam,
2840 3165 3091 3235 Bertam,
3119 3165 3382 3238 Hugonis
3397 3165 3550 3237 regis
3577 3182 3695 3220 ma-

284 3260 422 3317 que,
458 3244 531 3300 ob
564 3244 910 3301 munitionis
940 3247 1351 3303 confidentiam
1377 3247 1573 3303 relicto
1589 3247 1760 3322 longe
1775 3266 1934 3304 exer-

283 3334 428 3401 citu,
463 3349 596 3389 cum
628 3333 829 3405 paucis
881 3335 1127 3391 Romam
1175 3336 1429 3391 advenit.
1490 3338 1613 3402 Quo
1662 3338 1933 3393 decenter

283 3439 320 3478 a
350 3420 628 3478 Romanis
659 3427 989 3495 susceptus,
1014 3423 1072 3478 in
1093 3424 1425 3495 praedictam
1456 3424 1844 3481 munitionem
1861 3427 1932 3481 ad

280 3510 549 3567 Maroziae
581 3512 907 3568 meretricis
937 3512 1006 3553 ⁸³9
1027 3512 1355 3569 thalamum
1388 3512 1718 3579 declinavit,
1750 3515 1931 3585 Cujus

278 3598 503 3656 incesto
534 3600 675 3656 dum
702 3600 1089 3673 potitusesset
1109 3602 1747 3671 concubitu,Romanos
1761 3603 1931 3675 quasi

269 3689 401 3761 jam
438 3705 681 3745 securus
695 3690 995 3763 despicere
1013 3691 1204 3764 erepit.
1221 3690 1518 3747 Habuerat
1529 3707 1669 3747 sane
1682 3691 1934 3747 Morazia

275 3777 469 3833 ﬁlium
503 3778 737 3834 nomine
766 3778 1122 3845 Albericum,
1158 3797 1331 3852 quem
1362 3797 1431 3836 ex
1459 3780 1722 3836 Alberico
1747 3797 1931 3836 mar--

277 3866 490 3923 chione
519 3868 649 3939 ipsa
677 3872 978 3940 genuerat.
1003 3869 1111 3934 Qui
1143 3869 1283 3925 dum
1316 3871 1522 3926 matris
1552 3869 1786 3926 hortatu
1817 3870 1932 3926 Hu-

275 3955 418 4029 goni
438 3955 579 4028 regi,
604 3955 804 4012 vitrico
823 3956 1067 4029 scilicet,
1091 3974 1306 4030 aquam
1326 3958 1612 4027 funderet,
1636 3964 1703 4014 ut
1720 3976 1930 4015 manus

276 4044 562 4110 ablueret,
596 4045 668 4100 ab
692 4044 762 4080 ²⁴⁰
790 4062 855 4101 eo
887 4062 991 4118 pro
1022 4047 1376 4104 correctione
1408 4048 1467 4103 in
1497 4048 1705 4104 faciem
1759 4066 1929 4105 cesus

276 4135 390 4201 est,
423 4148 489 4187 eo
521 4132 675 4203 quod
711 4148 827 4187 non
861 4133 1157 4190 moderate
1198 4137 1255 4189 et
1300 4136 1586 4206 pudenter
1614 4134 1680 4169 ²⁴¹
1712 4152 1928 4207 aquam

272 4220 620 4278 effunderet.
653 4220 708 4276 Is
738 4238 892 4291 vero,
926 4226 992 4278 ut
1020 4222 1265 4279 inlatam
1296 4223 1408 4279 sibi
1440 4228 1639 4296 posset
1683 4223 1922 4280 ulcissci

277 4307 967 4384 injuriam,congregatis
997 4310 1058 4365 in
1077 4328 1260 4366 unum
1279 4312 1555 4367 Romanis
1588 4313 1688 4383 huj
1700 4313 1927 4368 usmodi

277 4415 379 4456 eos
411 4414 679 4455 sermone
709 4398 1009 4455 convenit:
1043 4422 1071 4450 «
1096 4400 1368 4455 Romanae
1390 4400 1555 4456 urbis
1587 4400 1843 4473 dignitas
1856 4402 1926 4456 ad

2048 3255 2219 3313 trem,
2253 3250 2562 3307 Adclbcrto
2594 3252 2920 3307 marchioni
2950 3252 3075 3308 viro
3107 3271 3213 3309 suo
3235 3253 3463 3309 nullum
3499 3253 3689 3309 filium

2044 3338 2361 3411 peperisse,
2397 3339 2496 3394 sed
2529 3339 2602 3394 ab
2631 3339 2760 3395 aliis
2808 3339 3154 3396 mulieribus
3184 3341 3337 3396 clam
3396 3347 3685 3412 acceptos,

2047 3426 2328 3482 simulato
2360 3431 2549 3499 partu,
2578 3428 2885 3484 Widonem
2915 3433 2972 3484 et
3003 3430 3378 3485 Lambertum
3411 3429 3521 3483 sibi
3550 3446 3690 3500 sup-

2047 3516 2339 3587 posuisse,
2373 3516 2651 3588 quatinus
2690 3520 2825 3588 post
2855 3522 3105 3572 mortem
3135 3515 3450 3587 Adelberti,
3486 3517 3694 3572 Bertze-

2045 3604 2149 3659 ﬁlii
2181 3621 2295 3660 non
2329 3606 2617 3671 deessent,
2643 3621 2895 3676 quorum
2926 3604 3216 3676 adjutorio
3243 3621 3477 3661 omnem
3498 3605 3693 3661 mariti

2043 3693 2134 3750 sui
2168 3693 2487 3766 potentiam
2520 3693 2865 3766 possideret.
2903 3694 3018 3750 Hoc
3074 3698 3271 3749 autem
3326 3693 3690 3751 mendatium

2043 3782 2185 3837 mihi
2218 3783 2346 3838 ideo
2376 3782 2606 3838 videtur
2621 3799 2751 3839 esse
2767 3782 3090 3851 inventum,
3104 3782 3383 3856 quatinus
3397 3784 3690 3840 incestum

2040 3887 2214 3927 suum
2244 3871 2353 3927 hac
2406 3871 2709 3927 occasione
2757 3889 2856 3927 rex
2906 3873 3072 3945 Hugo
3128 3877 3367 3946 tegeret,
3427 3873 3683 3930 infamia;

2040 3969 2194 4033 ὺόριν,
2220 3960 2274 4015 id
2308 3964 2397 4017 est
2424 3960 2874 4033 turpitudinem.
2910 3963 3195 4025 evaderet.
3230 3963 3311 4018 Ea
3340 3966 3537 4019 tamen
3560 3981 3687 4036 quae

2038 4066 2193 4105 nunc
2214 4049 2505 4105 narranda
2535 4053 2644 4119 est,
2679 4066 2783 4104 cur
2803 4050 2912 4106 hoc
2938 4051 3159 4107 dictum
3185 4051 3280 4120 sit,
3303 4051 3422 4107 veri
3444 4051 3693 4109 similior

2039 4138 2181 4193 mihi
2214 4139 2444 4194 videtur
2469 4138 2730 4195 assertio.
2760 4140 3120 4208 Lambertus,
3146 4140 3246 4213 qui
3266 4145 3397 4212 post
3416 4141 3687 4196 Widonis

2039 4226 2235 4281 fratris
2267 4227 2357 4283 sui
2417 4230 2664 4281 mortem
2696 4228 2916 4282 Tuscia:
2978 4245 3237 4282 marcam
3296 4229 3549 4294 tenebat,
3602 4228 3693 4281 vir

1974 4308 1983 4315 ’
2039 4319 2162 4368 erat
2182 4313 2496 4369 bellicosus
2518 4318 2573 4369 et
2589 4315 2661 4369 ad
2689 4314 2991 4385 quodlibet
3016 4314 3245 4370 facinus
3268 4315 3482 4369 audax.
3509 4316 3691 4379 Quem

2039 4402 2111 4457 ob
2142 4418 2387 4473 regnum
2420 4401 2689 4457 Italicum
2721 4420 2820 4457 rex
2842 4403 3006 4475 Hugo
3035 4407 3378 4475 suspectum
3398 4401 3575 4457 nimis
3593 4401 3689 4457 ha-

276 4490 505 4543 tantam
537 4492 626 4543 est
654 4487 968 4544 stultitiam
1000 4489 1196 4557 ducta,
1223 4494 1288 4544 ut
1332 4488 1704 4545 meretricum
1752 4490 1928 4546 etiam
1965 4497 2007 4561 D
2040 4490 2231 4546 bebat.
2266 4490 2536 4546 Timebat
2567 4490 2725 4545 enim
2758 4507 2830 4545 ne
2879 4490 3184 4546 Italienses
3218 4507 3280 4546 se
3331 4491 3686 4559 desererent,

276 4576 528 4649 imperio
559 4580 798 4649 pareat.
835 4577 983 4642 Quid
1014 4578 1172 4634 enim
1206 4577 1416 4647 fedius,
1441 4578 1653 4651 quidve
1673 4579 1926 4651 turpius,

276 4682 462 4738 quom
492 4669 559 4721 ut
587 4666 764 4722 unius
816 4666 1082 4723 mulieris
1128 4666 1358 4723 incestu
1408 4666 1671 4722 Romana
1727 4666 1929 4724 civitas

275 4753 510 4827 pereat?
541 4753 938 4810 Romanorum
962 4754 1276 4827 aliquando
1290 4754 1462 4825 servi,
1485 4755 1929 4828 Burgundiones

275 4841 523 4910 scilicet,
556 4843 837 4900 Romanis
866 4844 1183 4916 imperent?
1215 4844 1274 4900 Si
1306 4860 1518 4912 meam,
1553 4844 1800 4919 privigni
1817 4846 1927 4902 sci-

275 4931 418 4988 licet
448 4931 563 5001 sui,
598 4932 805 4988 faciem
836 4931 1064 4999 cecidit,
1096 4949 1231 4989 cum
1263 4935 1588 5005 praesertim
1621 4951 1803 4991 novus
1825 4934 1929 4991 ha~

2038 4584 2093 4636 et
2126 4581 2501 4635 Lambertum
2552 4595 2747 4652 regem
2766 4579 3213 4636 constituerent.
3246 4580 3393 4637 Boso
3412 4580 3683 4652 denique,

2038 4687 2107 4726 ex
2136 4669 2341 4725 eodem
2379 4673 2540 4740 patre
2571 4669 2724 4742 regis
2777 4669 3042 4742 Hugonis
3086 4670 3286 4736 frater,
3336 4668 3692 4725 insidiarum

2038 4759 2279 4830 laqueos
2311 4757 2449 4813 huic
2478 4761 2801 4830 paraverat,
2835 4774 2901 4813 eo
2934 4759 3087 4831 quod
3118 4758 3245 4831 ipse
3276 4756 3540 4814 marchio
3567 4758 3692 4813 Tu-

2041 4848 2172 4905 sciae
2206 4847 2329 4903 fieri
2388 4846 2763 4902 vehementer
2819 4846 3151 4903 anhelabat.
3209 4845 3465 4903 Consilio
3510 4845 3693 4918 igitur

2018 4937 2220 5008 hujus
2241 4937 2305 4971 "7
2327 4952 2428 4991 rex
2450 4935 2613 5008 Hugo
2640 4934 2949 4992 Lamberto
2974 4936 3324 4993 cominando
3347 4934 3676 4999 denuntiat,

276 5020 488 5077 beatur
515 5019 750 5094 hospes,
782 5020 923 5094 quid
949 5020 1116 5078 vobis
1137 5021 1264 5092 jam
1305 5020 1693 5079 inveteratum
1745 5024 1934 5080 facere
2042 5043 2114 5082 ne
2146 5043 2208 5082 se
2238 5026 2480 5081 fratrem
2497 5041 2671 5080 suum
2698 5023 2953 5096 amplius
2978 5025 3169 5081 dicere
3194 5026 3427 5082 audeat.
3446 5028 3504 5081 Is
3522 5040 3675 5090 vero,

1636 5137 1879 5195 VARl/E
1917 5142 2370 5198 LECTIONNES.

366 5235 437 5318 ἴτ’
462 5238 795 5318 communis
830 5237 881 5318 1ἶ
957 5235 1331 5318 ’{amhic‘aliut‘i’
1352 5243 1514 5318 caput
1539 5237 1781 5318 incipere
1809 5240 1977 5295 coclea:
2006 5240 2057 5297 l.
2090 5240 2406 5318 signiﬁcafe
2432 5237 2666 5318 videtur.
2723 5239 2813 5318 f9
2841 5238 3152 5318 m_iret_r_iei_s
3179 5239 3233 5295 l.
3265 5240 3359 5318 ff"
3389 5240 3505 5318 _l_cg'c_
3517 5251 3698 5318 prose-

278 5308 471 5412 πρίω·
496 5308 552 5361 5.
626 5307 693 5342 ²⁵¹
726 5310 827 5362 ita.
863 5310 914 5364 1.
990 5309 1059 5343 ²⁴²
1113 5307 1496 5380 etimoligiam
1527 5307 1581 5363 l.
1658 5309 1725 5343 ²¹ο³
1771 5326 1820 5365 s.
1877 5327 1955 5366 m.

377 5376 570 5412 γῐνιῐ
625 5377 651 5412 ι
755 5378 989 5412 sumus
1045 5378 1067 5412 ι

2091 5307 2305 5368 desunt
2332 5311 2369 5365 5
2396 5326 2449 5365 a.
2482 5310 2518 5364 5
2569 5311 2644 5364 a'.

376 5376 591 5433 XLVII.
625 5377 679 5434 4.
755 5380 822 5413 ²⁴⁷
852 5378 1009 5435 hius.
1044 5378 1096 5435 Ι.

2721 5311 2790 5345 ²⁴⁴
2842 5311 3053 5367 edaciti
3113 5313 3164 5366 1.
3264 5313 3333 5347 ²⁴⁵
3388 5310 3579 5366 XLVI.
3643 5310 3693 5361 1.

1874 5471 2106 5529 ΝΟΤᾹΞ.

361 5514 512 5621 (los)
543 5546 739 5607 Italica
770 5548 950 5621 borgo.

2121 5550 2270 5624 (110)
2296 5549 2359 5608 Id
2391 5553 2480 5607 est
2505 5549 2631 5607 sine
2662 5549 2823 5623 (ohne
2852 5552 3214 5625 Germanice)
3247 5553 3454 5622 burgo.
