4068 6178
456 304 588 385 εδδ
1433 304 1921 372 LIU'I‘PBANDI
1947 303 2496 370 GREMQNENSIS
2537 302 2915 368 EPISGOP}.
3717 303 3819 371 εκ

464 446 531 500 ut
554 442 675 499 erat
705 435 888 497 animi
918 438 1126 496 ferocis
1156 441 1330 512 atque
1364 440 1809 513 indieciplinati,
1841 459 1957 499 non
1989 457 2110 497 mo-
2137 442 2193 508 Α
2293 442 2383 498 48.
2414 439 2711 497 Arnaldus
2738 436 3161 511 Bagoariorum
3180 437 3818 511 etCmentanerum-dux,

466 530 682 597 derata,
716 532 784 585 ut
823 528 1052 601 debuit,
1087 530 1189 585 sed
1221 530 1499 586 effrenate
1544 530 1626 586 ita
1658 529 2013 602 respondit:
2044 531 2121 585 Ne
2226 530 2397 601 cujus
2412 525 3590 601 superiusfecimusmentionem,cumnon
3605 526 3823 586 multum

467 618 716 691 inﬁciari
743 634 846 675 rex
868 621 1040 692 possit
1068 635 1156 675 me
1180 622 1414 691 fratrem
1437 636 1598 674 suum
1626 635 1759 686 esse,
1791 636 1889 676 nos
1920 635 2030 675 uno
2050 635 2120 675 ex
2226 619 2299 675 ab
2330 618 2500 675 Italia
2525 616 2697 689 longe
2710 616 2989 685 .distaret,
3037 614 3295 672 collectis
3348 615 3545 688 copiis,
3588 617 3823 689 quatinus

468 722 694 781 corpore
723 708 1063 780 eundemque
1099 725 1201 781 per
1249 709 1465 765 aditum
1495 711 1557 764 in
1606 710 1784 765 lucem
1826 709 2117 781 prodiisse,
2227 708 2455 782 Hugoni
2489 723 2735 779 regnum
2767 705 3021 763 auferret
3050 705 3283 762 advenit
3312 704 3429 777 (an.
3458 704 3826 777 935).QuiTri-

470 797 652 854 duello
683 797 844 869 cupio
872 796 941 831 ²⁴⁸
969 798 1176 852 cunctis
1204 796 1552 853 cernentibus
1579 795 2118 867 comprobare.Qued
2229 798 2530 854 dentinam
2561 812 2629 851 ea
2659 812 2728 851 ex
2758 799 2921 867 parte
2951 793 3202 867 primam
3232 792 3408 850 Italiae
3453 810 3692 851 marcam
3718 813 3824 869 per-

470 903 572 970 rex
593 890 657 945 ut
674 886 915 959 audivit,
938 886 1210 957 jevenem
1245 886 1564 958 quendam,
1620 885 1953 941 Teudinum
2014 900 2118 940 no-
2227 886 2542 951 transiens,
2573 884 2864 940 Veronam
2896 883 3377 956 usquepervenit.
3400 882 3461 938 In
3480 884 3828 956 quaaMilone

473 975 657 1042 mine,
687 974 879 1048 elegit,
914 974 1014 1047 qui
1045 991 1180 1030 cum
1211 991 1277 1030 eo
1317 974 1467 1030 hanc
1498 974 1571 1031 ob
1601 991 1724 1030 rem
1757 973 2120 1047 singularem
2229 975 2443 1051 comite
2472 980 2651 1047 atque
2681 972 2910 1029 Raterio
2942 972 3215 1046 episc0po
3242 971 3512 1040 libenter,
3540 976 3602 1028 ut
3620 973 3827 1046 quicum

469 1081 734 1139 pugnam
759 1064 1070 1121 commisit.
1099 1064 1253 1120 Deus
1283 1068 1503 1130 autem,
1553 1064 1654 1136 qui
1676 1064 1877 1135 justus
1922 1067 2031 1134 est,
2064 1066 2123 1119 et
2228 1066 2569 1132 invitarant,
2600 1062 2924 1136 suscipitur
2976 1062 3138 1127 Quod
3191 1078 3292 1119 rex
3338 1062 3504 1136 Hugo
3533 1065 3594 1118 ut
3627 1062 3825 1129 audivit,

471 1158 696 1217 rectum
723 1158 813 1212 est
832 1153 1131 1225 judicium
1161 1154 1289 1225 ejus
1313 1153 1509 1225 (Psal..
1534 1169 1723 1220 cxvm,
1750 1153 1896 1227 137),
1918 1152 1979 1208 in
2006 1169 2121 1224 quo
2230 1155 2472 1213 collecto
2503 1154 2760 1210 exercitu
2790 1152 2842 1209 ei
2875 1150 3106 1209 obviam
3135 1152 3343 1208 tendit.

469 1260 587 1300 non
609 1246 699 1299 est
725 1241 1028 1315 iniquitas,
1059 1246 1126 1297 ut
1146 1240 1644 1313 amphibologiam
1668 1241 2030 1314 dirumperet
2055 1258 2121 1297 ac
2302 1244 2390 1300 49.
2446 1243 2712 1315 Cumque
2768 1242 2973 1299 eodem
3029 1242 3413 1315 pervenisset,
3460 1245 3521 1298 et
3566 1240 3831 1298 caballica-

467 1331 779 1389 veritatem-
807 1330 1035 1389 cunctis
1067 1331 1420 1399 ostenderet,
1453 1330 1593 1386 fecit
1621 1333 1686 1385 ut
1717 1331 2019 1387 Teudinus
2040 1331 2119 1386 ei-
2230 1338 2323 1391 tas
2353 1334 2520 1407 (112),
2581 1336 2647 1388 ut
2674 1330 2848 1405 vulgo
2909 1330 3095 1401 aiunt,
3144 1330 3525 1388 circumcirca
3574 1329 3830 1404 dirigeret,

470 1420 702 1478 tissime
733 1420 983 1486 caderet,
1017 1423 1074 1475 et
1097 1420 1444 1492 Lampertus
1480 1419 1785 1475 victoriam
1812 1419 2118 1477 obtineret.
2232 1422 2652 1497 Bagoariorum
2683 1421 2953 1494 quaedam
2985 1437 3122 1494 pars
3153 1437 3269 1477 non
3302 1419 3547 1477 minima
3572 1420 3638 1499 de
3675 1424 3830 1481 oestro

474 1509 866 1576 Quamobrem
893 1525 991 1564 rex
1012 1510 1174 1581 Hugo
1199 1525 1314 1564 non
1331 1507 1801 1587 mediocriterest
1817 1509 2120 1566 confusus.
2230 1510 2514 1568 vocabulo
2544 1510 2918 1584 Gauseningo
2957 1510 3282 1584 egrediens,
3333 1525 3467 1566 cum
3513 1504 3831 1567 Italiensibus

472 1596 728 1656 Concilio
763 1601 959 1655 autem
978 1601 1239 1669 accepto,
1262 1597 1516 1654 eundem
1539 1597 1915 1654 Lambertum
1937 1598 2127 1655 tenuit
2232 1616 2495 1675 pugnare
2526 1600 2700 1672 cepit.
2731 1602 2782 1654 Α
2808 1599 3024 1673 quibus
3052 1598 3306 1673 graviter
3348 1599 3634 1666 confossa,
3676 1597 3758 1654 vix
3781 1615 3833 1654 ex

392 1736 397 1737 κ
473 1691 533 1747 et
563 1686 839 1749 custodiae
867 1686 1129 1746 tradidit.
1173 1687 1476 1762 Timuerat
1504 1688 1682 1755 enim,
1716 1704 1809 1756 ne,
1852 1687 1904 1744 si
1944 1706 2006 1745 se
2036 1688 2125 1743 di-
2234 1707 2322 1760 ea,
2352 1689 2444 1746 vel
2476 1690 2576 1762 qui
2608 1689 2720 1745 hoc
2749 1689 2970 1746 caeteris
2999 1688 3316 1757 nuntiaret,
3348 1688 3549 1746 evasit.
3592 1689 3833 1754 Quaene

476 1778 758 1852 mitteret,
808 1794 1058 1853 regnum
1110 1776 1193 1833 illi
1236 1759 1510 1835 au‘ferret.
1548 1778 1662 1833 Hoc
1709 1776 1888 1849 igitur
1936 1781 2124 1849 capto,
2154 1819 2204 1884 Β
2232 1759 2526 1835 Arnaldus
2557 1778 2677 1833 dux
2706 1794 2822 1834 non
2850 1794 3027 1850 parva
3057 1780 3148 1834 est
3177 1777 3518 1835 confusione
3534 1776 3778 1845 repletus.

474 1870 688 1927 Bosoni
717 1868 884 1927 fratri
921 1885 1029 1924 suo
1060 1867 1288 1924 Tuscia:
1333 1883 1593 1923 marcam
1647 1866 2003 1922 contradidit
2023 1888 2042 1935 ,-
2072 1871 2129 1922 et
2157 1865 2204 1884 ”
2306 1868 2379 1924 5ft
2409 1869 2495 1922 πο.
2530 1867 2695 1923 Unde
2731 1867 2950 1923 factum
2980 1867 3044 1901 ²⁵¹
3074 1869 3184 1935 est,
3222 1870 3289 1923 ut
3336 1865 3577 1924 consilio
3622 1868 3834 1938 accepto,

481 1975 601 2015 non
629 1957 814 2014 multo
844 1960 978 2029 post
1007 1957 1426 2013 Lambertuum
1457 1955 1682 2011 lumine
1712 1955 1974 2027 privavit.
2239 1958 2516 2014 Milonem
2547 1956 2821 2013 comitem
2845 1955 3018 2013 vellet
3048 1972 3257 2030 capere
3287 1960 3463 2030 atque
3491 1955 3651 2016 Italia
3668 1953 3834 2013 dereli-

544 2048 634 2103 47.
665 2045 771 2102 His
788 2044 1153 2123 temporibus
1183 2042 1483 2101 Italienses
1529 2044 1588 2099 in
1621 2043 2021 2116 Burgundiam
2054 2044 2125 2100 ob
2240 2051 2333 2103 cta
2359 2063 2561 2103 secum
2593 2045 2762 2103 illum
2793 2046 2853 2102 in
2878 2046 3223 2120 Bagoariam
3249 2046 3483 2115 ducere,
3507 2044 3839 2119 quatinusre-

475 2134 817 2203 Rodulfum,
849 2138 915 2190 ut
945 2134 1238 2203 adveniat,
1272 2133 1533 2189 mittunt.
1558 2132 1720 2199 Quod
1741 2132 1909 2207 Hugo
1942 2149 2041 2189 rex
2064 2137 2130 2188 ut
2239 2140 2442 2209 parate
2472 2136 2750 2203 exercitu,
2778 2152 2915 2192 cum
2945 2152 3011 2192 eo
3042 2136 3257 2192 iterum
3289 2138 3489 2208 posset
3505 2132 3834 2206 redire;un

478 2224 735 2299 agnovit,
761 2224 984 2280 nuntiis
1008 2224 1079 2279 ad
1102 2224 1351 2279 eundem
1375 2221 1635 2288 directis,
1658 2238 1891 2279 omnem
1909 2226 2127 2280 terram
2240 2224 2518 2283 Milonem
2551 2243 2666 2281 non
2688 2224 2879 2282 latuit.

480 2331 660 2389 quam
690 2313 753 2369 in
784 2312 972 2372 Gallia
999 2316 1138 2369 ante
1169 2314 1333 2386 regni
1358 2311 1792 2385 susceptionem
1825 2313 1892 2347 “9
1916 2312 2127 2382 tenuit,
2311 2317 2400 2371 41.
2434 2314 2541 2382 Qui
2569 2314 2815 2371 diversis
2835 2315 3293 2389 cogitationibus
3312 2318 3572 2382 estuans,
3598 2311 3725 2388 quid
3738 2326 3836 2383 age-

484 2403 734 2463 Rodulfo
765 2403 947 2471 dedit,
980 2406 1156 2475 atque
1199 2403 1271 2458 ab
1316 2419 1383 2459 eo
1422 2401 1871 2474 jusjurandum,
1919 2418 1992 2458 ne
2023 2400 2129 2457 ali-
2240 2409 2328 2460 ret
2356 2404 2612 2476 poenitus
2642 2404 2970 2477 ignorabat.
3003 2404 3313 2479 Hugonem
3361 2420 3574 2478 regem,
3616 2401 3765 2475 plane
3788 2403 3837 2454 ut

484 2494 724 2568 quando.
746 2492 807 2549 in
839 2491 1066 2549 Italiam
1088 2490 1333 2561 veniret,
1355 2490 2130 2565 accepit.Nccminusetiam
2241 2498 2556 2564 meruerat,
2589 2493 2750 2550 adire
2779 2493 3041 2563 timebat;
3075 2511 3211 2550 cum
3241 2493 3492 2550 Arnaldo
3522 2508 3646 2549 vero
3678 2490 3730 2546 in
3754 2489 3837 2544 Ba-

484 2583 844 2657 Heinricum,
871 2598 1047 2656 quem
1079 2598 1259 2655 supra
1288 2581 1763 2650 memoravimus,
1796 2597 1991 2654 regem
2014 2580 2129 2637 for-
2241 2583 2504 2656 goariam
2534 2582 2691 2653 duci,
2734 2600 2850 2638 non
2911 2581 3105 2641 solum
3156 2587 3408 2640 mortem
3438 2582 3537 2640 sed
3589 2580 3836 2637 infernum

483 2672 809 2744 tissimum,
841 2671 1046 2729 multis
1076 2669 1305 2727 collatis
1337 2671 1683 2727 muneribus
1713 2669 1970 2726 amicum
2018 2668 2131 2726 sibi
2243 2673 2507 2746 putabat.
2543 2674 2658 2728 Hac
2675 2671 2871 2745 itaque
2892 2672 2951 2729 in
2964 2673 3376 2746 ambiguitate,
3405 2669 3838 2745 quoniamregem

488 2762 792 2830 etl'ecerat;
827 2762 1000 2832 cujus
1028 2777 1099 2816 ex
1120 2759 1231 2816 hoc
1254 2761 1410 2832 apud
1441 2759 1617 2816 Italos
1646 2776 1857 2815 nomen
1881 2758 2134 2816 maxime
2244 2762 2550 2835 Hugonem
2573 2761 2688 2817 cito
2710 2760 3364 2818 misericordianoverat
3380 2759 3658 2829 inclinari,
3681 2753 3840 2813 Arual-

488 2853 634 2905 tunc
660 2849 939 2919 clarabat,
974 2848 1132 2920 quod
1186 2850 1398 2917 Danos,
1451 2847 1596 2903 nulli
1629 2850 1763 2903 ante
1810 2848 2131 2920 subjectos,
2244 2852 2389 2907 dum
2419 2851 2636 2924 fugere,
2664 2855 2723 2907 et
2754 2851 2827 2907 ad
2861 2867 2997 2908 eum
3015 2850 3310 2908 deliberat
3327 2845 3840 2908 tendere.Arnaldus

486 2937 650 2995 solus
682 2938 809 3011 ipse
837 2936 1153 2994 debellaret
1172 2954 1238 2993 ac
1255 2936 1600 2992 tributarios
1615 2937 1827 2992 faceret
1843 2949 1958 3010 (an.
1982 2938 2131 3010 934).
2243 2957 2397 3008 vero,
2429 2943 2602 3013 prout
2612 2939 2786 2995 citius
2800 2939 3007 3012 potuit,
3027 2941 3087 2995 in
3100 2939 3450 3013 Bagoariam
3461 2941 3548 2995 est
3566 2948 3836 3008 regressus.

484 3028 591 3085 Est
606 3027 768 3084 enim
785 3024 1259 3100 gensindomita,
1280 3026 1391 3082 sub
1414 3025 1829 3098 septemtrione
1847 3026 1906 3081 in
1919 3043 2133 3084 oceano
2246 3029 2632 3085 Munitienem
2658 3033 2877 3097 autem,
2927 3046 3058 3102 quas
3083 3029 3141 3084 in
3203 3029 3412 3086 eadem
3469 3026 3691 3085 civitate
3722 3025 3837 3088 erat,

483 3117 719 3189 degens,
759 3116 932 3186 cujus
955 3114 1161 3172 sevitia
1182 3114 1504 3171 multarum
1521 3131 1675 3188 saepe
1691 3115 1953 3188 gentium
1976 3116 2136 3173 nobi-
2178 3190 2185 3191 ί
2242 3118 2407 3191 prius
2438 3133 2806 3190 oppugnans,
2839 3117 3079 3175 fratrem
3108 3117 3344 3175 Milonis
3375 3116 3832 3187 militesquesuosy

482 3205 620 3263 litas
636 3205 803 3262 luxit.
830 3205 898 3260 lli
918 3204 1236 3277 aliquando
1258 3204 1546 3261 classibus
1568 3221 1670 3277 per
1695 3205 1883 3261 Rheni
1923 3206 2129 3263 sevitia
2158 3190 2203 3257 C
2242 3190 2343 3280 qui
2373 3224 2503 3264 eam
2533 3206 2844 3264 defendere
2858 3208 3222 3264 conabantur
3237 3221 3443 3265 secum
3458 3206 3516 3262 in
3547 3200 3837 3277 Bagoariam

482 3294 748 3353 ﬂuminis
764 3293 997 3363 alveum
1019 3294 1496 3363 conscendentes,
1520 3295 1673 3350 ferro
1693 3299 1750 3350 et
1767 3294 1889 3368 igni
1919 3301 2128 3353 cuncta
2226 3297 2430 3353 .duxit.

484 3384 695 3442 misere
712 3384 1014 3442 laniarunt
1034 3402 1048 3453 ;
1073 3385 1235 3456 ipsas
1255 3383 1497 3456 insuper
1513 3382 1914 3441 nobilissimas
1934 3385 2131 3441 civita—
2309 3386 2398 3441 52.
2418 3385 2487 3420 ³⁸³
2517 3384 2638 3449 Quo
2669 3382 3002 3441 discedente
3018 3385 3104 3452 ²¹³,
3137 3383 3379 3457 Hugonir
3392 3383 3510 3458 regi
3538 3398 3662 3439 mox
3674 3378 3839 3436 civitas

482 3473 993 3549 tes,Agrippinam
1034 3490 1161 3545 quis
1203 3490 1360 3530 nunc
1390 3472 1625 3530 Colonia
1660 3478 1917 3540 vocatur,
1954 3478 2130 3546 atque
2241 3473 2525 3542 redditur,
2556 3478 2614 3529 et
2643 3472 2913 3530 Raterius
2943 3472 3484 3546 ejusdem-civitatis
3500 3466 3837 3545 episcopusab

483 3564 780 3623 Treverim
827 3562 1001 3638 longe
1045 3580 1082 3620 a
1126 3563 1327 3620 Rheno
1374 3563 1647 3635 positam,
1699 3563 2129 3636 nonnullasque
2239 3579 2306 3619 eo
2337 3567 2565 3634 captus,
2596 3562 2771 3634 Papie
2805 3561 2975 3619 exilio
3005 3561 3308 3636 religatur.
3347 3563 3412 3620 In
3442 3578 3555 3634 quo
3583 3561 3837 3617 facetas!-

482 3653 631 3712 alias
657 3653 719 3710 in
759 3668 939 3726 regno
988 3651 1247 3709 Letharii
1295 3651 1652 3709 debellantes
1708 3652 1762 3708 vi
1807 3659 2124 3726 ceperunt,
2238 3652 2314 3709 tis
2339 3652 2670 3708 urbanitate
2698 3651 2770 3707 de
2800 3651 2956 3707 exilii
2988 3651 3079 3708 sui
3110 3668 3385 3709 erumma
3414 3651 3622 3708 librum
3642 3660 3840 3718 compo-

480 3742 829 3815 eanotisqne
859 3741 1091 3811 ablatis,
1125 3759 1194 3798 ea
1216 3758 1345 3814 quae
1364 3757 1564 3799 secum
1594 3741 1819 3798 deferre
1838 3760 1955 3799 non
1975 3750 2130 3815 pote-
2238 3757 2375 3798 nere
2404 3740 2577 3814 cepit.
2608 3743 2790 3807 Quem
2820 3741 2870 3797 si
2903 3742 3039 3814 quis
3069 3739 3295 3815 legerit,
3334 3738 3639 3799 nonnullas
3665 3734 3836 3793 i-bihac

482 3836 636 3902 rant,
667 3832 1140 3888 combusserunt.
1174 3832 1458 3888 Thermas
1487 3831 1664 3887 etiam
1694 3831 1873 3888 Grani
1899 3831 2124 3905 palatii,
2236 3831 2349 3887 sub
2375 3829 2679 3887 occasione
2728 3846 2822 3886 res
2869 3829 3153 3903 expolitae
3208 3828 3488 3898 inveniet,
3517 3843 3641 3901 qua
3677 3824 3837 3897 legen-

482 3925 659 3994 atque
679 3918 896 3992 palatia
914 3921 1368 3978 combusserunt
1383 3921 1436 3991 (Ι
1450 3921 1559 3984 11).
1580 3920 1823 3989 Verum,
1839 3920 1933 3977 his
1954 3922 2130 3979 omis-
2235 3920 2386 3976 tium
2415 3917 2812 3977 intellectibus
2836 3936 2954 3977 non
2964 3918 3165 3978 minus
3181 3918 3411 3993 placere
3430 3917 3687 3993 poterunt
3698 3923 3838 3986 quam

483 4009 591 4079 sis,
618 4009 692 4066 ad
725 4009 1004 4066 narrandi
1033 4008 1245 4086 seriem
1275 4010 1606 4067 redeamus.
2237 4010 2536 4083 prodesse.

1659 4167 1915 4208 expucrr
1952 4167 2120 4209 LIBER
2154 4152 2719 4210 Maronessesuu.

1463 4292 1865 4359 INCIPIUNT
1907 4297 2298 4361 CAPITULA
2340 4293 2551 4356 LIBRI
2594 4293 2915 4365 QUARTI.

481 4448 536 4506 1.
570 4448 653 4506 De
676 4464 743 4506 eo
775 4448 932 4520 quod
963 4464 1121 4505 nunc
1152 4462 1343 4521 usque
1371 4447 1675 4521 scripserit
1703 4448 1928 4518 audita,
1946 4449 2129 4521 scrip-
2161 4451 2209 4517 D
2347 4445 2665 4503 commissa
2694 4461 2893 4519 pugna
2913 4460 3118 4502 omnes
3146 4447 3415 4518 pereunt.

550 4541 725 4595 turus
742 4518 952 4595 amodo
982 4534 1051 4574 ’⁸⁸
1077 4518 1264 4595 visa.‘
1428 4608 1434 4614 ἰ
1491 4518 1512 4521 ἡ
2066 4518 2085 4521 _
2239 4538 2295 4593 5.
2338 4539 2404 4592 In
2468 4534 2757 4593 Januensi
2790 4518 2793 4519 ν
2823 4533 3056 4590 civitate
3122 4533 3255 4591 fons
3336 4529 3632 4607 sanguinis
3690 4518 3838 4585 ιιωῶ,

478 4628 536 4684 2.
567 4626 686 4684 Rex
763 4627 928 4701 Hugo
1003 4627 1191 4684 filium
1259 4643 1435 4684 suum
1504 4624 1844 4682 Lotharium
1925 4640 2123 4699 regem
2344 4641 2459 4698 quo
2527 4640 2681 4681 anno
2747 4623 2820 4680 ab
2892 4622 3184 4680 Africanis
3254 4626 3434 4696 capta
3499 4624 3588 4679 est
3643 4616 3840 4674 Same‘

552 4715 874 4784 constituit,
903 4720 971 4773 et
994 4716 1241 4775 Romam
1271 4732 1404 4771 cum
1438 4713 1693 4771 exercitu
1726 4714 1935 4787 pergit.
2345 4715 2460 4771 nis.

479 4804 533 4861 3.
567 4805 689 4861 Rex
716 4804 882 4877 Huge
915 4803 1096 4860 ﬁliam
1155 4820 1326 4860 suam
1356 4802 1606 4859 albarico
1659 4803 1971 4876 conjugem
2002 4804 2123 4874 dat,
2239 4808 2291 4860 6.
2350 4804 2476 4868 Qua
2533 4801 2763 4865 ratione
2817 4801 3118 4858 Manassae
3173 4798 3529 4858 Arelatensis
3576 4793 3839 4868 θρᾰωορυε

554 4897 621 4950 ut
648 4892 845 4966 ipsum
874 4908 977 4964 per
1006 4908 1136 4949 eam
1165 4888 1438 4965 decipiat.
2344 4890 2641 4964 propriam
2674 4889 2960 4946 mclesiam
2992 4888 3333 4947 deseruisse
3355 4905 3417 4947 se
3446 4888 3597 4949 dicat
3618 4886 3675 4940 et
3692 4877 3839 4966 aliaat

482 4983 536 5039 4.
568 4964 845 5040 Saraceni
871 4981 944 5037 de
1000 4964 1315 5038 Fraxeneto
1368 4982 1567 5053 Aquas
1615 4979 1882 5049 veniunt,
1942 4982 2041 5037 ubi
2072 4985 2129 5038 et
2344 4977 2771 5052 absumpsisse,
2803 4964 3837 5052 etquodinveetivarespensionemw

1858 5094 2101 5152 VARI/E
2147 5093 2539 5151 LECTIONES

550 5183 617 5218 ³⁸⁸
650 5183 815 5255 copie
845 5184 897 5255 1.
936 5252 945 5255 _
973 5182 1041 5219 "9
1068 5180 1488 5255 suseptionem.
1516 5183 1566 5255 1,
1641 5183 1709 5217 ’⁵ο
1739 5183 2079 5255 hicindicem
2104 5191 2316 5241 sectatus
2344 5186 2509 5253 caput
2525 5183 2616 5255 5_O.
2649 5182 2876 5255 incipio.
2954 5182 3019 5217 ²⁶¹
3051 5182 3274 5237 factutu
3306 5182 3328 5234 1
3356 5250 3371 5255 _
3410 5167 3831 5255 ’ξξ

478 5256 539 5311 in
569 5237 1122 5326 voce‘Miunitionem
1158 5237 1329 5326 deriput
1372 5253 1470 5309 hoc
1511 5237 1724 5326 incipit.
1803 5237 1872 5289 “3
1904 5237 2239 5326 dic-anteit.”
2292 5255 2358 5326 ’ξε
2390 5237 2607 5326 amodo
2643 5254 2694 5307 1.
2726 5237 2924 5309 "ianus
2960 5257 3143 5309 tamen
3170 5250 3406 5309 secunda
3434 5251 3631 5307 lineam
3654 5237 3826 5298 dm

478 5325 698 5382 lineolis
729 5326 1053 5382 transversis
1079 5327 1159 5381 ita
1187 5322 1403 5393 delevit,
1438 5325 1578 5380 utin
1606 5322 1789 5381 codice
1817 5327 1870 5380 2.
1904 5324 2169 5383 eiamodo
2198 5325 2366 5381 scribi
2388 5325 2649 5396 potuerit.

2046 5442 2270 5499 NOTAE.

549 5527 698 5612 _(_l11)
730 5527 810 5584 Cf.
841 5530 989 5584 Ann.
1022 5528 1389 5612 Vadastinos,
1425 5544 1675 5612 quorum
1709 5531 1996 5612 sententia
2017 5547 2123 5612 pa—
2233 5529 2582 5612 rali‘pe‘la‘t‘ia
2608 5527 2734 5612 loco
2760 5528 3037 5612 palatium
3067 5544 3272 5588 ansam
3304 5527 3542 5586 fortasse
3567 5513 3727 5576 dedit.

481 5601 620 5657 latia
648 5615 859 5674 quoque
888 5617 1083 5671 regum
1108 5607 1163 5658 et
1190 5601 1395 5658 υἰιιαε..
1415 5599 1554 5672 igne
1581 5608 1964 5660 (removerunt
1990 5599 2122 5676 plu-
2307 5599 2459 5672 (1'12)
2490 5599 2777 5671 Equitum
2799 5604 3046 5658 turmas.
3122 5650 3126 5655 .
