4030 6184
1227 301 1848 367 ΑΝΤΑΡΟΒΟῧΕΟΒ
1890 303 2098 368 LIIII
2138 305 2586 372 SEX—HD.
2629 307 2736 372 ιν.

375 451 438 492 se
469 453 584 493 non
601 434 794 510 egisse
823 437 1248 511 scripturarum
1268 425 1621 495 testimoniis
1643 454 1913 511 compro-
1941 441 1997 507 Α
2025 443 2114 497 2i.
2155 439 2516 498 Gislebcrtus
2535 445 2594 498 et
2613 442 2976 499 Heverardus
3007 440 3346 499 Heinricum
3377 444 3449 500 de
3477 453 3673 505 custo-

374 527 565 584 betur.

262 618 318 673 7.
365 615 554 680 Quam
597 631 838 671 uxorem
867 614 1253 690 Berengarius
1297 615 1607 690 acceperit,
1637 617 1782 674 etde
1800 619 1920 673 An-

375 703 566 761 scario
597 704 777 760 fratre
806 705 956 777 ejus.

259 797 315 852 8.
358 795 440 851 De
469 792 770 850 Tedbaldo
816 794 1180 863 marchione,
1214 794 1316 868 qui
1340 799 1544 851 contra
1565 795 1776 852 Grecos
1807 813 1917 870 pu-

371 883 594 957 gnavit,
623 887 682 939 et
705 887 904 956 captos
938 885 1236 941 castravit.

259 991 313 1047 9.
355 991 583 1056 Quanto
613 988 867 1046 ludibrio
888 991 1155 1062 quaedam
1177 991 1387 1047 mulier
1410 1008 1587 1048 suum
1608 994 1909 1059 maritum,

368 1095 441 1135 ne
471 1083 853 1147 castraretur,
872 1079 1162 1136 liberavit.

2135 531 2236 587 dia
2259 530 2584 587 dimittunt.

2026 620 2114 675 22.
2148 621 2272 686 Qua
2327 619 2649 677 calliditate
2703 621 3066 678 Heverardus
3115 622 3450 699 Heinricum
3499 628 3674 698 atque

2133 709 2523 766 Gislebertum
2557 709 2616 766 in
2660 711 3026 783 adquirenda
3074 729 3252 786 regno
3278 713 3548 787 decipere
3573 733 3675 772 vo-

2134 797 2267 854 luit.
3629 823 3632 826 ’

2021 888 2113 943 23.
2154 888 2235 944 De
2279 887 2614 944 admirabili
2660 889 2902 946 victoria
2951 907 3128 962 quam
3162 909 3260 947 rex
3289 891 3422 947 Otto
3451 893 3670 949 orando

2130 977 2404 1050 optinuit,
2458 983 2516 1034 et
2553 979 2623 1034 de
2672 979 2946 1054 Heinriqp
2972 980 3033 1037 in
3064 981 3302 1037 brachio
3333 982 3401 1016 ³⁸⁸
3423 983 3443 1004 '
3472 981 3672 1038 vulne-

2131 1070 2277 1122 rato.

267 1170 350 1224 t0.
393 1169 514 1224 Rex
544 1164 709 1242 Hugo
740 1168 979 1224 fratrem
1002 1185 1176 1225 suum
1199 1170 1507 1238 Bosonem,
1536 1170 1635 1243 qui
1667 1171 1901 1228 consilic

2041 1155 2110 1210 24.
2152 1155 2411 1220 Qualiter
2439 1171 2539 1212 rex
2567 1156 3162 1214 Heinrieussanctanr
3183 1157 3448 1216 lanceam
3475 1158 3677 1232 adqui-

369 1257 569 1313 uxoris
601 1273 706 1313 sue
735 1257 786 1313 ei
832 1259 1090 1330 perﬁdus
1120 1258 1408 1327 extiterat,
1441 1258 1596 1330 cepit
1624 1262 1682 1315 et
1721 1267 1914 1317 custo-

373 1347 465 1402 die
495 1346 761 1402 tradidit.

269 1437 350 1492 11.
394 1431 654 1503 Qualiter
681 1435 847 1507 Hugo
881 1452 980 1492 rex
1009 1436 1526 1492 Willam.Bosonis
1549 1454 1810 1506 uxorem,
1843 1440 1914 1495 ab

368 1523 536 1579 Italia
582 1523 773 1596 ejecit,
827 1529 884 1580 et
938 1525 1010 1582 de
1059 1525 1273 1592 balteo,
1317 1525 1476 1598 turpi
1531 1525 1592 1581 in
1647 1527 1773 1582 loco
1828 1527 1916 1582 in-

363 1617 555 1668 vento.

261 1701 346 1757 12.
388 1705 467 1756 De
494 1705 680 1758 morte
711 1702 942 1758 Rodulil
978 1702 1152 1773 regis,
1174 1703 1599 1773 cujusuxorcm
1630 1721 1728 1760 rex
1749 1705 1913 1776 Hugo

358 1791 538 1856 ducit,
573 1805 863 1864 suamque
893 1791 1075 1847 ﬁliam
1107 1807 1215 1847 suo
1249 1791 1370 1847 ﬁlio
1402 1793 1603 1848 tradit.

251 1897 336 1953 i3.
381 1901 456 1952 De
489 1896 732 1970 Hugone
760 1913 921 1970 rege,
954 1897 1054 1970 qui
1089 1913 1329 1953 uxorem
1351 1914 1519 1954 suam
1539 1899 1610 1954 ob
1629 1901 1909 1956 concubi-

347 2003 454 2043 nas
483 1984 663 2043 hodio
698 1987 927 2043 habuit.

229 2093 342 2175 di.
385 2093 464 2151 De
495 2098 680 2150 morte
714 2093 968 2150 Heinrici
1000 2095 1154 2169 regis
1188 2099 1245 2151 et
1275 2095 1375 2151 ubi
1417 2095 1495 2152 sit
1541 2095 1823 2153 humatus
1855 2099 1911 2152 et

363 2183 433 2239 de
461 2182 596 2240 ﬁliis
627 2182 776 2255 ejus.

258 2269 346 2328 i5.
391 2273 468 2328 De
497 2273 814 2345 prudentia
840 2273 1094 2329 Heinrici
1119 2272 1600 2346 regis,quifilium
1619 2291 1794 2331 suum
1818 2274 1912 2332 Ot-

362 2365 562 2418 tonem
593 2379 789 2436 regem
821 2362 1147 2418 constituit.

2130 1243 2346 1301 siverit.

2023 1332 2111 1387 25.
2151 1335 2580 1406 Argumentum
2613 1351 2682 1391 ex
2710 1335 3021 1408 scripturis
3046 1335 3672 1410 sanctis,quedhujus-

2132 1421 2291 1476 modi
2318 1423 2561 1479 victoria
2589 1424 2716 1479 sive
2741 1424 2959 1480 bellum
2991 1443 3108 1480 non
3151 1426 3394 1483 fortuitu
3424 1428 3530 1484 sed
3558 1428 3673 1484 Deo

2131 1509 2478 1581 disponente
2505 1511 2848 1583 provenerit.

2022 1598 2110 1654 26.
2145 1599 2226 1655 De
2265 1616 2333 1656 eo
2377 1601 2534 1672 quod
2587 1616 2782 1673 regem
2830 1605 3097 1658 castrum
3122 1602 3385 1659 Brieicau
3423 1605 3490 1640 ²⁵⁵
3517 1605 3676 1661 obsi-

2129 1689 2385 1758 dentem,
2436 1689 2682 1746 consilio
2732 1689 3010 1746 Friderici
3044 1691 3476 1766 archiepiscopi
3506 1693 3676 1750 multi

2130 1777 2430 1832 deserunt.

2021 1865 2110 1918 27.
2152 1869 2230 1920 De
2261 1865 2593 1922 admirabili
2647 1868 2981 1925 constantia
3024 1872 3082 1926 et
3111 1871 3490 1942 responsione
3517 1872 3675 1945 regis

2128 1953 2376 2010 Ottonis.

2017 2043 2109 2098 28.
2149 2043 2682 2114 Quemadmodum,
2704 2045 2824 2101 Deo
2855 2061 2960 2118 pro
2992 2059 3125 2119 rege
3155 2052 3480 2121 pugnante;
3493 2049 3674 2108 Gisia-

2125 2131 2326 2189 bertus
2356 2137 2530 2205 atque
2561 2134 2930 2190 Heverardus
2969 2135 3050 2191 ab
3096 2136 3410 2195 Hutone-et
3436 2138 3674 2198 Cimon-

2127 2223 2270 2278 rado
2300 2222 2372 2278 ad
2393 2223 2782 2280 Andemacha
2811 2222 2938 2280 sint
2961 2225 3162 2282 occisi.

2016 2311 2107 2365 29.
2142 2311 2223 2366 De
2253 2311 2458 2368 nuntio
2489 2312 2590 2384 qui
2622 2312 2835 2368 horum
2851 2317 3102 2370 mortem
3119 2315 3241 2387 regi
3274 2315 3510 2373 nuntiat
3529 2318 3671 2376 dum

2128 2399 2434 2456 ecclesiam
2467 2405 2706 2473 peteret.

260 2471 350 2526 ιδ-
393 2473 472 2566 De
501 2468 628 2526 ﬁlia
656 2468 1038 2566 fratrisresis
1063 2470 1412 2566 Anglorum,
1447 2489 1626 2544 quam
1654 2489 1754 2528 rex
1779 2473 1908 2529 Otto
2016 2489 2107 2544 30.
2152 2489 2270 2544 Rex
2301 2489 2434 2545 Otto
2465 2468 2536 2546 ae
2568 2489 2818 2546 istorum
2850 2494 3044 2546 morte
3069 2491 3672 2566 Berialdo-Bagoario-

364 2564 498 2615 ante
528 2558 691 2631 regni
725 2559 1162 2631 susceptionem
1195 2560 1378 2616 duxit.

257 2668 348 2724 l7.
388 2665 468 2721 De
498 2665 784 2732 Heinriro,
817 2665 917 2737 qui
950 2678 1357 2738 perversurum
1388 2666 1696 2724 hominum
1714 2671 1908 2726 consi-

363 2755 444 2811 lio
473 2755 636 2811 fratri
663 2755 899 2810 rebellis
926 2756 1013 2810 fit.

261 2846 353 2900 18.
389 2844 625 2901 Metrice
664 2843 948 2901 invectiva
977 2846 1161 2902 oratio
1191 2845 1264 2902 ad
1297 2846 1655 2918 Heinricum,
1684 2851 1744 2903 et
1771 2864 1907 2905 con-

363 2937 455 2990 tra
485 2933 810 3002 diabolum,
841 2935 1012 3006 cujus
1037 2951 1218 3007 opera
1255 2952 1390 2991 cum
1422 2937 1601 2994 fratre
1648 2954 1909 3011 pugnare

363 3023 678 3081 desiderat.

2128 2591 2258 2634 rum
2289 2579 2446 2647 duci,
2479 2583 2540 2634 et
2567 2578 2722 2651 quod
2757 2579 2809 2634 ei
2840 2591 3099 2636 sororem
3131 2579 3252 2637 sive
3291 2582 3509 2640 sonoris
3551 2601 3670 2641 suae

2127 2667 2310 2723 ﬁliam
2339 2668 2651 2741 conjugem
2683 2669 2821 2724 dare
2851 2667 3008 2735 velit,
3044 2669 3372 2726 denuntiat.

2015 2757 2106 2812 3i.
2148 2757 2231 2813 De
2260 2755 2556 2812 Friderico
2580 2756 3019 2828 archiepiscopo
3049 2757 3148 2830 qui
3171 2758 3300 2829 jam
3321 2759 3550 2817 dudum
3572 2778 3670 2819 re-

2123 2859 2256 2919 gem
2283 2845 2543 2902 deseruit
2571 2849 2630 2901 et
2658 2845 2730 2901 ad
2762 2845 3079 2901 Metensem
3111 2847 3177 2882 ²⁵⁶
3201 2848 3417 2904 urbem
3441 2854 3506 2906 ut
3534 2865 3668 2909 ccl-

2121 2937 2389 3009 gregaret
2417 2933 2733 2990 exercitum
2763 2934 2831 2969 ³⁵⁸
2862 2933 2983 2990 ivit.
3021 2934 3115 2990 ubi
3147 2935 3219 2992 de
3248 2941 3434 2994 inerte
3461 2954 3666 2996 eorum

2123 3023 2363 3082 audivit.

252 3115 343 3171 t9.
387 3115 466 3170 De
495 3113 845 3181 Reverardo,
880 3113 981 3186 qui
1032 3114 1369 3171 Heinricum
1404 3116 1598 3171 adhuc
1645 3116 1765 3190 regi
1797 3134 1904 3173 suo
1949 3187 1975 3190 ι
2012 3115 2101 3170 32.
2143 3114 2224 3170 De
2246 3114 2450 3170 eodem
2483 3111 2923 3186 archiepiscopo
2942 3117 3108 3188 cepto
3137 3117 3193 3173 et
3223 3118 3504 3175 custodia
3537 3122 3659 3177 trai-

360 3203 531 3260 fratri
583 3201 815 3258 ﬁdelem
865 3203 926 3258 in
972 3203 1210 3260 castello
1271 3206 1527 3278 quodam
1594 3187 1902 3278 degentem
1934 3187 1978 3256 Ca

2123 3204 2265 3258 dito.

362 3293 530 3348 initio
589 3291 924 3349 rebellionis
982 3309 1103 3348 suae
1162 3294 1318 3366 cepit
1358 3299 1420 3351 et
1473 3294 1536 3350 in
1597 3295 1903 3351 Franciam
2013 3293 2102 3348 33.
2145 3293 2227 3347 De
2252 3289 2520 3346 Heinrico
2548 3291 2656 3362 qui
2684 3307 2718 3345 α
2746 3307 2946 3347 sorore
2970 3293 3499 3364 probibetur,nein
3530 3315 3661 3357 mu-

361 3383 552 3438 duxit.

2123 3379 2378 3435 nitiones
2400 3383 2604 3434 contra
2623 3395 2823 3451 regem
2841 3379 3233 3451 ingrediatur.

246 3471 344 3527 20.
389 3472 517 3536 Qua
541 3470 766 3527 ratione
796 3470 1160 3528 Heverardus
1189 3469 1580 3528 Gisiebertum
1611 3488 1646 3528 a
1677 3471 1910 3544 regisﬁ-
2013 3470 2087 3525 34
2122 3469 2202 3525 De
2219 3468 2424 3523 eodem
2436 3466 2706 3539 quiregis
2723 3470 3660 3539 postmodumad-misericordiam

354 3559 591 3616 domate
624 3560 706 3631 sej
717 3559 967 3615 nnxerit.

2121 3555 2298 3614 venit.

1601 3755 1955 3804 EXPIJCIUNT
1996 3749 2312 3801 CAPITUM.

905 3937 1315 4026 INCIPIT
1373 3935 1694 4025 LIBER
1759 3931 2298 4054 QUARTUS
2359 3933 2982 4026 FELICITER.

320 4131 365 4186 ι.
400 4127 693 4190 Hactenus
723 4145 851 4206 qua
900 4133 1126 4207 digesta
1158 4138 1316 4203 sunt,
1350 4136 1622 4193 sacerdos
1653 4133 1896 4192 sanctis-
1923 4134 1972 4201 D
2005 4137 2062 4189 et
2090 4131 2813 4204 provinciaseircumcirca
2826 4131 3036 4191 misere
3049 4135 3656 4212 devastaret,eamque

232 4217 415 4288 sime,
447 4220 599 4278 sicut
629 4237 662 4278 a
691 4221 1188 4296 gravis‘simis,qui
1218 4239 1288 4280 ea
1316 4225 1615 4281 creverant
1637 4226 1703 4297 [ἱ.
1737 4241 1784 4281 e.
1807 4223 1892 4279 vi-

233 4307 494 4381 derant],
540 4307 682 4368 viris
727 4310 945 4381 audivi;
979 4312 1259 4385 exposui;
1293 4317 1566 4370 caeterum
1598 4327 1724 4387 quae
1757 4327 1890 4369 nar-

237 4397 430 4454 randa
461 4403 620 4472 sunt,
653 4400 735 4456 ita
764 4403 829 4457 ut
859 4399 960 4474 qui
991 4400 1377 4469 interfuerim,
1405 4399 1894 4474 explicabo.Easi-

233 4487 480 4561 quidem
512 4492 858 4562 tempestate
878 4493 1076 4546 tantus
1093 4491 1440 4562 eram,qu‘od
1465 4491 1616 4562 regis
1628 4489 1714 4545 Hu
1722 4491 1889 4564 gonis

230 4575 490 4651 gratiam
522 4577 702 4633 michi
731 4579 888 4635 vocis
913 4577 1710 4650 duicedineadqui‘rebamjs
1730 4576 1888 4632 enim

229 4665 599 4738 euphoniam
633 4667 778 4724 adeo
816 4671 874 4735 [ἰ.
909 4685 954 4724 e.
988 4666 1179 4741 valde]
1211 4665 1509 4740 diligebat,
1561 4667 1618 4722 in
1650 4679 1767 4738 qua
1796 4679 1888 4722 me

231 4752 604 4827 coequalium
638 4767 959 4829 puerorum
991 4766 1161 4812 nemo
1192 4756 1421 4811 vincere
1463 4759 1707 4828 poterat.

303 4846 361 4899 2.
396 4843 581 4919 Igitur
610 4863 709 4902 rex
738 4843 903 4918 Hugo
935 4843 1076 4901 dum
1097 4843 1884 4918 properarisibicunctapro-

231 4929 508 5006 spiceret,
567 4931 750 4989 filium
807 4949 984 4989 suum
1039 4932 1404 5000 Lotharium,
1439 4944 1613 5006 quem
1644 4947 1710 4989 ex
1741 4933 1886 4990 Alda

231 5033 412 5078 uxore
460 5031 570 5080 sua
612 5026 914 5096 genuerat,
947 5022 1176 5078 cunctis
1207 5021 1626 5092 ccniventibus,
1660 5027 1792 5096 post
1822 5035 1884 5079 se

231 5119 434 5185 regem
457 5107 763 5174 Constituit
787 5112 900 5186 (an.
934 5107 1059 5180 93f,
1090 5109 1215 5167 Μαί.
1252 5109 1360 5182 15).
1394 5107 1516 5177 Quo
1549 5112 1880 5178 constituto,

233 5195 489 5272 qualiter
509 5195 780 5269 Romam,
799 5211 866 5257 ex
879 5199 1255 5273 quaturpite'r
1273 5197 1712 5271 ejectusfuerat,
1748 5211 1881 5271 pos-

233 5289 326 5343 Set
374 5285 703 5361 adquirere.
750 5289 1065 5362 cogitabat.
1119 5283 1369 5344 Collecta
1416 5287 1616 5361 itaque
1684 5289 1882 5345 multi-

233 5377 863 5450 tudine,proiiciscitur
891 5379 1162 5435 Romam.
1177 5377 1360 5450 Cujus
1373 5391 1734 5451 quamquam
1755 5379 1885 5436 loca

2001 4221 2192 4294 ipsam
2224 4219 2541 4277 cottidiano
2571 4217 2794 4294 impetu
2839 4222 3234 4296 impugnaret,
3283 4225 3650 4298 ingrediendi

1999 4315 2196 4366 tamen
2229 4323 2357 4366 eam
2391 4309 2659 4365 eil’ectum
2693 4323 2806 4366 non
2840 4311 3032 4382 potuit
3062 4311 3346 4368 obtinere.

2071 4397 2125 4453 3.
2160 4397 2414 4468 Sperans
2457 4395 2732 4468 denique,
2798 4396 3114 4455 calliditate
3168 4417 3278 4456 sua
3319 4399 3654 4460 Albericum

2003 4499 2177 4559 posse
2207 4484 2490 4556 decipere,
2525 4483 2920 4553 eidenuntiat,
2939 4491 3003 4542 ut
3025 4485 3205 4544 iiiiam
3229 4503 3399 4544 suam
3420 4489 3650 4560 Aldam,

1999 4573 2258 4630 Lotharii
2284 4573 2442 4644 regis
2470 4573 2590 4628 nati
2623 4573 2716 4628 sui
2741 4575 3224 4646 germanam,sibi
3248 4577 3521 4651 conjugis
3544 4579 3652 4635 tol-

1997 4664 2101 4731 lat,
2135 4662 2338 4734 sicque
2369 4677 2507 4735 pace
2533 4661 2752 4729 habita,
2775 4666 2839 4717 ut
2865 4678 3009 4718 suus
3032 4663 3221 4736 ipsius
3235 4663 3391 4722 ﬁlius
3409 4683 3652 4725 securus

1996 4754 2359 4826 permaneat.
2393 4750 2695 4806 Albericus
2728 4748 2928 4824 igitur,
2963 4755 3028 4807 ut
3058 4751 3147 4807 vir
3176 4752 3651 4823 infatuusﬁliam

1995 4837 3013 4915 ejussibiconjugiojunxitﬂomam
3035 4845 3253 4913 autem,
3269 4859 3448 4916 quam
3471 4845 3652 4904 nimis

1994 4930 2385 4998 ardebat,non
2397 4926 2928 5012 tradidit,seque.ei
2945 4929 3188 4988 minime
3207 4933 3474 4989 credidit.
3504 4935 3650 4993 Vere

1996 5024 2192 5076 tamen
2241 5016 2575 5074 Ai’bericum
2625 5033 2724 5074 rex
2773 5017 2938 5093 Hugo
2977 5018 3266 5077 inescaret
3312 5027 3370 5079 et
3394 5030 3646 5096 caperet,

1992 5117 2150 5181 τούτῳ
2178 5116 2280 5180 τῷν
2298 5115 2577 5180 ἇγκήσδρῳ,
2593 5111 2713 5163 toto
2745 5111 2802 5163 to
2825 5109 3166 5181 agkistroﬁd
3189 5115 3281 5166 est
3302 5111 3414 5169 isto
3446 5113 3645 5184 hamo,

1993 5197 2108 5255 nisi
2139 5211 2382 5254 suorum
2414 5195 2522 5251 hoc
2551 5196 2765 5252 faceret
2795 5195 3018 5254 fallatia
3049 5198 3327 5272 militum,
3377 5203 3484 5277 qui
3509 5220 3644 5260 eum

1993 5287 2308 5360 aliquando
2340 5296 2545 5357 pacem
2576 5297 2711 5341 cum
2742 5285 2871 5357 ipso
2901 5286 3119 5344 habere
3168 5306 3284 5346 non
3336 5296 3636 5364 cuperent.

1992 5377 2056 5434 Si
2103 5389 2279 5450 quem
2337 5373 2495 5430 enim
2542 5390 2643 5430 rex
2692 5391 2937 5432 suorum
2985 5376 3157 5434 vellet
3209 5379 3521 5454 corripere,
3568 5381 3640 5438 ad

1597 5498 1838 5562 VARIE
1877 5497 2292 5561 LECTIONEB.

305 5599 397 5635 ’5“
428 5600 665 5661 brachio
701 5607 746 5674 ιχ.
825 5603 892 5640 ³³⁸
919 5600 1187 5659 briuicau
1219 5602 1270 5657 2.
1352 5601 1538 5659 littera
1562 5617 1703 5660 voca
1726 5605 1917 5676 pina
1954 5603 2054 5660 υάε
2081 5597 2465 5668 distinguitur.
2542 5597 2610 5635 ³⁵⁷
2638 5598 2889 5658 exercitu
2923 5601 3076 5660 ibi»
3095 5602 3278 5660 dalata
3303 5603 3354 5659 t.
