4030 6184
424 308 545 379 859

1385 304 1864 380 LU~ITPRANDI
1908 302 2460 374 CREMONENSIS
2502 304 2881 375 EPISCOPI.

3716 304 3826 375 860

397 445 755 507 ‘Albericum
782 464 918 507 mox
946 445 1175 508 studuit
1204 447 1425 524 fugere,
1458 467 1493 507 a
1520 466 1634 522 quo
1665 446 1818 521 regis
1848 447 1920 503 ob
1943 462 2063 502 me-
2092 444 2150 512 Α
2177 446 2506 520 pernitiem,
2557 463 2673 503 non
2719 447 2791 504 ad
2837 446 3110 505 salutem.
3164 444 3393 513 Scisne,
3452 443 3637 513 hunc,
3685 461 3812 504 cum

424 542 551 596 tum
581 542 881 614 gratanter
929 543 1240 614 susceptus
1272 540 1465 597 Roma
1496 540 1778 613 deguerat
1820 537 2068 594 honora-

422 632 541 686 tus.

494 719 547 774 4.
581 721 731 775 Dum
752 718 858 775 hec
889 722 1162 792 aguntur,
1192 718 1467 776 Saraceni
1499 719 1884 774 Fraxenetum
1906 715 2070 771 inha-

423 807 700 875 bitantes,
728 808 965 864 collecta
987 807 1388 875 multitudine,
1421 809 1663 881 Aquas‘,
1690 808 1760 863 50
1802 804 2073 861 miliariis

425 896 602 969 Papia
632 896 878 967 distans,
899 914 1085 970 usque
1106 901 1505 970 pervenerant.
1541 897 1757 953 Horum
1783 901 2068 968 πρώόωλος,

423 985 711 1059 provolos,
740 985 797 1041 id
829 990 918 1043 est
946 987 1207 1058 prsedux,
1240 987 1504 1059 Sagittus
1536 986 1860 1042 Saracenus
1882 983 2068 1056 pessi-

422 1092 558 1131 mus
588 1074 924 1149 impiusque
946 1075 1354 1131 extiterat.Deo
1376 1079 1571 1130 tamen
1592 1074 2069 1147 propitio,pugna

421 1164 759 1234 commissa,
788 1172 1078 1237 ταλέπορος,
1115 1162 1426 1235 taleporos,
1473 1163 1531 1217 id
1574 1167 1665 1219 est
1693 1161 1896 1229 miser,
1944 1160 2069 1232 ipse

423 1268 557 1309 cum
589 1252 866 1308 omnibus
894 1252 1019 1307 suis
1041 1252 1283 1308 interiit.

493 1341 548 1396 5.
580 1341 689 1395 Per
730 1339 886 1395 idem
933 1345 1168 1412 tempus
1218 1340 1276 1395 in
1305 1340 1585 1396 Januensi
1618 1340 1779 1407 urbe,
1822 1356 1949 1412 quae
1981 1343 2070 1394 est

422 1428 483 1484 in
513 1428 759 1501 Alpibus
788 1428 1354 1502 Cotzie,octingentis
1385 1429 1591 1485 stadiis
1623 1429 1797 1501 Papia
1817 1428 2064 1494 distans,

421 1520 601 1590 snpra
630 1517 972 1574 Africanum
1019 1535 1177 1574 mare
1216 1518 1553 1587 constituta,
1590 1518 1719 1574 fons
1751 1517 2065 1589 sanguinis

421 1606 751 1681 largissime
773 1607 1413 1675 fluxit,subsecuturam
1426 1607 1653 1664 cunctis
1670 1610 1935 1681 patenter
1954 1606 2067 1661 rui-

394 1688 399 1692 ’
421 1713 558 1752 nam
589 1695 1138 1753 insinuans.Eodem
1163 1698 1379 1770 quippe
1402 1714 1555 1753 anno
1570 1684 1735 1751 Poeni
1755 1712 1888 1751 cum
1912 1692 2064 1749 mul-

420 1784 670 1883 titudine
699 1783 976 1883 classium
1000 1784 1101 1883 illo
1131 1785 1496 1883 perveniunt,
1529 1785 1871 1858 civibusque
1900 1784 2065 1883 igno-
2096 1816 2145 1883 B

421 1873 709 1941 rentibus,
744 1873 1035 1928 civitatem
1082 1864 1516 1946 ingrediuntur,
1570 1877 1833 1939 cunctos,
1867 1872 2064 1945 pueris

422 1961 678 2033 exceptis
695 1961 763 1996 ²δ⁸
781 1964 838 2017 et
866 1960 1235 2024 mulieribus.
1261 1962 1620 2017 trucidantes
1658 1979 1671 2029 ;
1706 1964 2066 2032 cunctosque

423 2048 673 2104 civitatis
701 2052 757 2103 et
778 2048 1124 2105 eclesiarum
1150 2050 1249 2105 Dei
1272 2049 1581 2106 thesauros
1602 2050 1850 2106 navibus
1878 2050 2069 2121 impo-

394 2140 648 2205 ~nentes,
680 2136 741 2192 in
770 2137 1022 2193 Africam
1052 2142 1191 2194 sunt
1216 2138 1450 2194 reversi.

493 2228 547 2283 6.
568 2227 685 2282 Hoc
708 2225 768 2282 in
799 2229 1059 2299 tempore
1080 2227 1800 2299 Mannasses,Arelatensis
1814 2226 2063 2283 civitatis

421 2315 755 2388 episcopus,
788 2316 988 2389 agnita
1031 2316 1184 2390 regis
1232 2317 1496 2391 Hugonis
1527 2316 1802 2390 potentia,
1839 2334 1873 2372 a
1901 2316 2070 2387 cujus

420 2403 547 2478 ipse
572 2404 874 2461 affinitatis
903 2403 1202 2467 mlineam
1225 2407 1511 2480 sanguine
1540 2409 1809 2474 traxerat,
1843 2406 2072 2461 deserta

420 2493 533 2552 sibi
562 2494 876 2552 commissa
926 2493 1172 2563 aeclesia,
1205 2494 1549 2551 ambitionis
1580 2494 1811 2568 spiritu,
1849 2494 2064 2549 multas

418 2582 742 2640 violaturus
762 2584 829 2619 ’⁸ο
851 2582 1031 2638 immo
1051 2582 1414 2641 laceraturus
1430 2584 1708 2652 ecclesias,
1724 2582 1956 2640 Italiam
1969 2599 2066 2656 pe-

420 2673 532 2730 tiit.
555 2673 721 2745 Hugo
748 2676 943 2728 autem
977 2687 1077 2727 rex
1108 2690 1355 2746 regnum
1379 2673 1645 2729 securius
1664 2673 1926 2729 obtinere
1940 2689 2070 2745 spe-

421 2777 580 2828 rans,
614 2761 665 2816 si
696 2760 982 2816 affinitate
1013 2759 1468 2832 sibiconjunctis
1499 2760 1661 2834 regni
1683 2759 2069 2833 ofﬁcialargi-

425 2852 614 2914 retur,
640 2849 951 2919 contrajus
976 2849 1183 2920 fasque
1211 2848 1632 2917 Veronensem,
1664 2850 2069 2906 Tridentinam

424 2941 598 3010 atque
627 2936 1007 2992 Mantuanam
1052 2937 1502 3008 commendavit,
1533 2954 1660 3010 seu,
1694 2939 1848 3010 quod
1877 2938 2073 2994 verius

423 3028 533 3093 est,
565 3023 628 3081 in
659 3040 855 3081 escam
903 3022 1083 3091 dedit,
1131 3024 1439 3080 aaclesiam.
1469 3027 1544 3081 Ac
1574 3044 1678 3083 nec
1711 3026 1802 3082 his
1833 3026 2071 3099 quidem

422 3117 752 3183 contentus,
785 3111 1190 3169 Tridentinam
1213 3114 1457 3186 adeptus
1488 3119 1579 3171 est
1607 3132 1864 3172 marcum
1890 3134 1902 3183 ;
1933 3133 2070 3188 quo,

421 3202 756 3276 impellente
777 3201 1028 3270 diabolo,
1051 3202 1193 3258 dum
1210 3183 1377 3260 miles
1391 3204 1833 3278 essein'ciperet,
1850 3183 2070 3280 episco-
2099 3183 2143 3252 α

422 3309 535 3366 pus
562 3308 692 3349 esse
720 3290 1029 3348 desineret.
1060 3291 1225 3348 Libet
1256 3296 1474 3363 autem,
1509 3297 1673 3367 pater
1711 3296 1859 3369 agie,
1893 3295 1951 3350 id
1981 3298 2070 3352 est

421 3385 643 3450 sancte,
676 3380 1111 3454 aliquantulum
1140 3383 1529 3452 immorarier,
1564 3402 1851 3458 suamque
1883 3385 2069 3458 ipsius

423 3471 775 3528 sententiam
808 3488 913 3528 cur
928 3470 1038 3528 hoc
1060 3472 1400 3545 ageret,Deo
1422 3472 1704 3547 largiente
1728 3476 1814 3540 ²⁶¹,
1836 3475 2072 3548 propria

412 3560 706 3634 jugulare.
736 3584 765 3612 «
800 3561 1032 3629 Beatus,
1059 3560 1271 3633 inquit,
1304 3563 1530 3633 Petrus,
1562 3564 1881 3621 Antiocena
1909 3564 2072 3621 insti-

418 3654 548 3708 tuta
576 3649 901 3717 melesia,ad
931 3654 1254 3708 Romanam
1277 3652 1505 3721 urbem,
1521 3670 1647 3725 quae
1659 3654 1930 3726 potentiae
1945 3670 2068 3708 ma-

421 3738 730 3813 gnitudine
748 3739 976 3795 cunctis
1006 3743 1147 3794 tunc
1179 3739 1516 3797 nationibus
1548 3741 1893 3815 imperabat,
1912 3747 2068 3816 post-

424 3828 665 3883 modum
693 3825 1207 3883 transvolavit.Ubi
1239 3845 1373 3883 cum
1413 3829 1528 3885 Deo
1566 3830 1910 3904 disponente
1937 3849 2070 3887 san-

424 3919 578 3973 ctam
590 3917 828 3988 totoque
844 3915 982 3970 orbe
993 3915 1452 3972 2“venerandam
1466 3918 1741 3974 fundaret
1760 3920 2068 3990 aeclesiam,

425 4003 714 4076 discipulo
737 4020 843 4059 suo
874 4004 1041 4059 beato
1073 4004 1480 4077 euvaugelistae
1515 4008 1708 4062 Marco
1736 4007 2068 4081 pristinam,

422 4091 800 4151 Antiocenam
834 4091 1076 4159 scilicet,
1118 4094 1583 4164 commendavit;
1629 4095 1712 4151 ita
1757 4100 1976 4165 tamen,
2008 4102 2073 4153 ut

423 4181 871 4255 Aquilegensem
886 4184 943 4238 et
954 4180 1077 4254 ipse
1088 4181 1278 4254 primo
1291 4181 1822 4258 institueret,atque
1832 4185 2075 4243 Alexan-

421 4272 653 4328 drinam
684 4269 906 4327 concite
928 4273 1168 4344 peteret.
1189 4271 1351 4337 Quod
1378 4272 1463 4328 ita
1483 4276 1677 4329 actum
1703 4291 1851 4344 esse,
1886 4275 2070 4331 nemi-

423 4377 558 4419 nem
591 4359 693 4434 qui
725 4375 929 4416 eorum
958 4362 1125 4416 actus
1143 4357 1369 4433 legerit,
1392 4378 1507 4417 non
1531 4363 1755 4419 nescire
1774 4365 2071 4437 cognosci-

422 4468 578 4508 mus.
609 4471 639 4503 »
675 4449 788 4507 Sed
820 4452 907 4517 ut,
940 4447 1109 4506 nobis
1140 4450 1648 4522 respondentibus.
1685 4470 1717 4508 o
1747 4454 2070 4522 Manasses,

2177 536 2627 610 temptationum
2667 535 2885 608 jaculis
2928 536 3237 593 dominum
3287 538 3344 593 et
3400 534 3823 609 redemptorem

2180 630 2445 681 nostrum
2494 627 2699 682 Jesum
2740 625 3042 682 Christum
3091 643 3241 683 ausu
3299 625 3522 682 nefario
3570 624 3825 682 sautiare

2179 718 2506 782 conaretur,
2532 714 2623 771 his
2654 715 3009 788 propheticis
3042 715 3195 773 male
3226 732 3404 771 usum
3431 713 3673 772 verbis?
3695 716 3822 784 Quo-

2176 807 2333 860 niam
2362 806 2573 876 angelis
2600 806 2716 859 suis
2747 804 3030 860 mandavit
3058 805 3125 861 de
3155 808 3224 874 te,
3255 809 3306 860 et
3338 806 3399 859 in
3428 805 3690 859 manibus
3734 804 3823 859 tol-

2179 896 2290 950 lent
2321 898 2387 962 te,
2420 911 2488 950 ne
2519 911 2779 966 umquam
2808 893 3051 967 offendas
3080 894 3150 949 ad
3182 894 3417 965 lapidem
3443 893 3639 965 pedem
3680 896 3817 949 tuam

2177 986 2326 1054 (Luc.
2362 989 2457 1051 iv).
2491 984 2608 1039 Hoc
2640 1000 2780 1039 sane
2808 983 2893 1039 ita
2921 999 3049 1039 esse
3092 982 3380 1055 scriptum
3413 998 3480 1038 ac
3510 982 3584 1038 de
3614 997 3681 1037 eo
3712 983 3819 1039 dic-

2154 1077 2324 1141 .tum,
2374 1071 2574 1129 nullus
2625 1070 2890 1128 fidelium
2922 1071 3189 1144 ambigit.
3226 1072 3338 1129 Sed
3370 1088 3551 1144 quam
3584 1071 3813 1127 fraudu-

2175 1162 2362 1218 lenter
2390 1177 2524 1217 vera
2553 1161 2673 1217 haec
2694 1161 3009 1218 Leviathan
3041 1159 3137 1216 ille
3159 1160 3463 1232 proferret,
3487 1160 3703 1233 ipsius,
3728 1159 3818 1233 qui

2177 1268 2294 1307 non
2326 1250 2515 1307 solum
2541 1248 2879 1307 mortalium
2910 1250 3011 1306 sed
3027 1253 3085 1305 et
3102 1248 3445 1322 angelorum
3468 1265 3682 1306 sensus
3703 1266 3821 1305 exu-

2177 1344 2359 1413 perat,
2412 1338 2790 1412 responsione
2840 1338 3305 1394 animadvertere
3371 1336 3646 1409 poteris;
3715 1340 3818 1393 Non

2175 1431 2483 1501 temptabis,
2535 1429 2735 1499 inquit,
2783 1427 3067 1483 dominum
3107 1428 3281 1482 Deum
3310 1434 3487 1481 tuum.
3516 1424 3694 1481 Vides
3724 1425 3818 1499 igi-

2175 1524 2273 1574 tur
2297 1522 2354 1574 et
2381 1523 2466 1584 tu,
2493 1517 2644 1574 veris
2676 1517 2915 1589 quidem
2947 1516 3050 1572 sed
3069 1514 3550 1571 frandulentibus
3566 1514 3820 1571 assertio-

2176 1607 2353 1662 nibus
2382 1606 2563 1661 uteris
2589 1624 2602 1674 ;
2635 1605 3135 1677 quemadmodum
3166 1608 3224 1659 et
3253 1608 3523 1676 apostata
3560 1602 3815 1659 Julianus

2176 1694 2551 1767 respondisse
2580 1691 3160 1761 diciturchristianis,
3191 1708 3339 1764 quos
3366 1690 3646 1747 aviditate
3670 1691 3812 1764 rapi-

2175 1802 2261 1840 nae
2290 1801 2468 1840 censu
2517 1783 2751 1857 proprio
2799 1781 3206 1839 defraudavit:
3256 1780 3455 1850 Nolite,
3488 1782 3617 1851 inﬁt
3650 1783 3808 1852 magi-

2177 1882 2289 1929 ster
2332 1877 2521 1941 vester,
2562 1871 2836 1945 possidere
2856 1871 2923 1907 ’6‘
2964 1887 3164 1926 aurum
3208 1886 3381 1944 neque
3410 1874 3725 1939 argentum.
3751 1870 3807 1925 Et

2176 1962 2354 2018 illud:
2388 1970 2734 2034 Εὐκοπώτερον
2787 1971 2880 2033 γάρ
2930 1968 3077 2028 ἔστην
3124 1967 3355 2032 κάμηλον
3412 1967 3493 2015 διά
3558 1968 3807 2033 spondis;

2181 2060 2370 2126 ραφὶδος
2434 2059 2692 2109 εἰπελθεὶν
2749 2076 2785 2119 η
2844 2058 3078 2107 πλουσιον
3130 2056 3193 2114 εἷς
3241 2057 3333 2117 τήν
3405 2056 3675 2121 βασιλείαν,
3722 2058 3797 2104 τοῦ

2176 2144 2675 2213 eeoo,eucopoteron
2716 2156 2818 2212 gar
2843 2141 2981 2195 estin
3023 2139 3261 2194 camiion
3300 2137 3395 2193 dia
3425 2138 3703 2193 trimalias
3730 2153 3811 2192 ra-

2177 2232 2310 2303 ﬁdos
2355 2231 2577 2286 iseithin
2606 2232 2629 2286 i
2652 2230 2873 2302 ptusion
2923 2231 2969 2284 is
2995 2230 3079 2285 tin
3112 2229 3373 2284 basiliam
3401 2231 3461 2283 tu
3492 2228 3642 2295 then,
3674 2225 3808 2298 quod

2180 2325 2269 2376 est
2300 2338 2313 2376 :
2345 2320 2585 2375 Facilius
2615 2323 2695 2375 est
2712 2318 2981 2374 camelum
3000 2334 3103 2388 per
3129 2319 3379 2390 foramen
3412 2333 3543 2371 acus
3574 2316 3806 2380 transiri,

2179 2426 2343 2482 quam
2371 2409 2596 2464 divitem
2644 2410 2855 2463 intrare
2895 2409 2953 2462 in
3001 2423 3231 2478 regnum
3256 2407 3523 2463 caelorum
3552 2405 3733 2476 (Marc.
3759 2422 3806 2473 ι,

2178 2500 2293 2570 25).
2324 2499 2395 2554 Et
2426 2497 2600 2552 item:
2634 2499 2739 2566 Qui
2765 2512 2877 2552 non
2905 2497 3202 2552 renuntiat.
3217 2496 3470 2551 omnibus
3499 2509 3627 2566 quae
3653 2494 3808 2566 possi-

2178 2589 2265 2643 det
2281 2588 2368 2654 ’65,
2390 2603 2500 2643 non
2515 2591 2694 2659 potest
2714 2602 2863 2642 meus
2891 2602 3003 2642 esse
3030 2584 3328 2656 discipulus
3373 2585 3527 2654 (Luc.
3558 2599 3675 2650 xxv,
3703 2583 3803 2654 33).

2186 2677 2339 2733 Cedo
2373 2675 2572 2749 igitur,
2603 2675 2744 2747 quid
2776 2673 3105 2747 perversius
3147 2673 3262 2741 ille,
3299 2673 3511 2746 quidve
3541 2671 3748 2727 fmdius
3768 2676 3815 2726 te

2178 2765 2396 2822 dixisse
2425 2764 2751 2820 credendus
2766 2763 2985 2819 mest?
3013 2763 3176 2829 Quod
3209 2762 3363 2818 enim
3394 2761 3606 2817 Petrus
3635 2761 3705 2816 ad
3727 2761 3812 2832 ju~

2180 2855 2423 2923 stitiam,
2455 2857 2519 2908 tu
2548 2853 2835 2909 transfers
2865 2853 2937 2908 ad
2960 2850 3214 2924 culpam.
3238 2851 3420 2907 Credo
3441 2851 3511 2886 ³⁸⁷
3532 2849 3811 2922 equidem,

2180 2949 2237 3000 te
2268 2947 2433 2999 actus
2454 2941 2849 3015 apostolorum
2870 2958 2985 2997 non
3005 2939 3377 3009 intellexisse,
3394 2942 3518 3006 aut,
3539 2938 3695 3012 quod
3708 2955 3814 2994 crc-

2181 3032 2420 3088 dibilius
2448 3036 2555 3099 est,
2590 3030 2832 3086 minime
2856 3028 3087 3102 legisse.
3118 3030 3201 3085 lbi
3230 3028 3404 3101 plane
3433 3027 3523 3084 sic
3540 3027 3811 3100 scriptum

2181 3121 2474 3195 repperies
2507 3119 2787 3193 quoniam
2807 3118 3008 3175 fideles
3035 3119 3369 3175 vendebant
3394 3116 3615 3190 praedia
3627 3120 3813 3183 sua,et

2178 3211 2473 3284 ponebant
2502 3208 2779 3283 praecium
2810 3212 2945 3264 ante
2976 3209 3153 3280 pedes
3178 3205 3810 3280 apostolorum,quibus

2176 3304 2343 3357 erant
2372 3298 2570 3356 omnia
2600 3298 2939 3355 communia
2964 3301 3102 3369 (Act.
3131 3314 3193 3365 II,
3226 3296 3338 3369 35),
3373 3312 3479 3353 nec
3511 3295 3809 3369 quisquam

2178 3389 2400 3462 aliquid
2433 3404 2607 3445 suum
2641 3404 2768 3444 esse
2797 3386 3061 3456 dicebat;
3093 3385 3460 3442 dividebatur
3481 3388 3681 3441 autem
3708 3382 3812 3437 sin-

2149 3478 2354 3552 vgulis,
2387 3481 2562 3550 prout
2609 3477 2821 3548 cuique
2859 3492 3009 3549 opus
3040 3479 3166 3532 erat
3194 3478 3332 3543 (Act.
3369 3491 3446 3542 iv,
3483 3473 3594 3545 45).
3630 3472 3689 3528 Si
3715 3470 3812 3545 igi-

2178 3568 2455 3642 tur,quod
2471 3566 2800 3642 inhumano
2831 3581 3011 3621 censu
3029 3562 3367 3638 praeciosius
3387 3561 3621 3635 tibique
3632 3561 3813 3618 anima

2178 3662 2280 3714 tua
2305 3640 2519 3725 carius,
2552 3657 2758 3712 Petrus
2782 3640 3021 3723 laurum,
3056 3652 3227 3726 quasi
3271 3651 3558 3726 quiddam
3588 3649 3816 3724 pestife-

2180 3765 2332 3816 rum,
2372 3751 2611 3819 tangere
2652 3743 2858 3812 noluit,
2902 3760 3021 3816 qua
3059 3742 3284 3799 retione
3322 3757 3483 3813 eum,
3515 3741 3819 3797 Antioceua

2180 3837 2432 3901 deserta,
2478 3835 2549 3891 ad
2601 3834 2927 3890 Romanam
2978 3831 3195 3888 asseris
3244 3828 3538 3885 aeolesiam
3568 3834 3820 3885 transvo-

2178 3926 2335 3983 lasse
2361 3929 2387 3979 .9
2411 3925 2470 3979 Si
2517 3923 2720 3991 latras,
2769 3922 2961 3991 illum,
3010 3921 3163 3994 quod
3198 3918 3441 3976 omnino
3470 3917 3693 3974 falsum
3723 3920 3820 3983 est,

2181 4013 2517 4088 quaesivisse
2574 4028 2837 4081 censum,
2900 4028 3005 4084 ego
3068 4009 3405 4066 animarum
3475 4007 3713 4063 lucrum
3776 4008 3826 4061 et

2179 4103 2494 4176 comprobo
2524 4100 2847 4174 gioriosum
2880 4097 3246 4171 martyrium.
3266 4095 3606 4153 Predictum
3619 4094 3823 4169 quippe

2180 4192 2294 4249 sibi
2322 4192 2388 4228 ’⁸⁸
2417 4208 2453 4247 a
2499 4190 2803 4263 magistro,
2847 4188 3029 4244 immo
3078 4190 3337 4243 creatore
3366 4190 3426 4242 et
3469 4186 3828 4258 redemptore

2181 4298 2287 4339 suo
2336 4281 2543 4345 fuerat,
2596 4277 2921 4352 quoniam:
2974 4277 3107 4333 Cum
3153 4292 3290 4334 esses
3310 4275 3532 4346 junior,
3584 4273 3829 4346 cingebat

2180 4375 2250 4440 te,
2284 4378 2334 4426 et
2382 4368 2701 4426 ambulabas
2747 4368 2842 4422 ubi
2889 4367 3127 4432 volebas,
3176 4382 3302 4421 eum
3352 4368 3539 4420 autem
3567 4363 3828 4425 senuerit,

2181 4456 2433 4513 extendes
2458 4472 2657 4511 manus
2687 4463 2826 4524 tuas,
2859 4457 2910 4509 et
2957 4454 3103 4510 alius
3149 4462 3201 4509 te
3226 4454 3429 4525 cinget,
3468 4457 3523 4508 et
3545 4451 3707 4508 ducet
3736 4463 3831 4523 quo

419 4556 557 4597 vera
583 4543 640 4596 te
669 4554 849 4612 super
876 4537 970 4593 his
1019 4555 1135 4594 non
1174 4538 1393 4596 sentire
1441 4556 1779 4614 cognoscas,
1816 4542 2071 4600 nominis
2101 4554 2150 4621 Ι)
2180 4548 2247 4583 ²⁶⁹
2306 4550 2368 4602 tu
2394 4562 2507 4601 non
2546 4545 2647 4600 vis.
2691 4545 2797 4599 Hoc
2864 4551 3048 4598 autem
3111 4543 3278 4607 dixit,
3347 4540 3674 4611 signiﬁcans
3732 4555 3829 4612 qua

422 4629 509 4685 tui
529 4627 928 4702 etimologiam
946 4630 1360 4701 parentestuos
1371 4628 1634 4686 videntes
1650 4630 1832 4688 fuisse
1847 4630 2068 4689 intelle-

422 4733 544 4791 ges.
568 4718 835 4774 Manases
856 4716 1073 4789 quippe
1092 4716 1405 4786 obliv?osus,
1442 4734 1545 4773 seu
1589 4720 1791 4776 oblivio
1821 4722 2062 4790 Domini,

421 4804 1011 4877 interpretatur.Quid
1043 4805 1213 4861 enim
1231 4805 1425 4861 verius
1443 4811 1547 4863 aut
1575 4809 1840 4880 npertius
1862 4827 2068 4882 paren-

419 4896 507 4949 tes
537 4892 605 4928 ³⁸³
650 4891 712 4966 [i.
745 4909 791 4949 e.
828 4892 1164 4965 prophetas]
1217 4894 1302 4951 tui
1343 4894 1453 4950 hoc
1488 4896 1723 4953 nomine
1751 4897 2066 4958 vaticinare

421 4985 739 5056 potuerunt
758 4980 913 5051 ?Ita,
954 4981 1218 5055 inquam,
1252 5000 1315 5040 es
1346 4983 1562 5040 oblitus
1593 4985 1699 5054 tui,
1734 4990 1799 5042 ut
1822 5005 1929 5045 nec
1956 4989 2064 5046 ho-

420 5070 640 5128 minem
662 5070 900 5144 quidem
916 5074 973 5127 te
983 5086 1112 5127 esse
1128 5071 1523 5130 reminiscere.
1541 5074 1819 5132 Diabolus
1848 5078 2065 5152 quippe

420 5159 746 5233 scripturas
793 5160 974 5227 novit,
1032 5164 1092 5217 et
1149 5165 1369 5231 tamen,
1420 5166 1486 5218 ut
1537 5180 1871 5236 perversus,
1930 5185 2060 5240 per-

418 5265 585 5306 verse
630 5264 729 5306 eas
780 5248 1213 5322 interpretatur,
1264 5254 1322 5305 et
1388 5267 1523 5307 cum
1581 5252 1672 5310 his
1732 5255 1935 5324 utitur,
1990 5258 2063 5313 ad

2175 4644 2348 4692 morte
2388 4634 2792 4704 clariﬁcaturus
2843 4639 2979 4688 esset
3005 4632 3177 4687 Deum
3217 4632 3398 4701 (Joan.
3430 4647 3551 4698 xxx,
3592 4630 3699 4699 18).
3729 4627 3829 4683 De—

2174 4725 2351 4797 nique
2377 4726 2435 4779 et
2462 4721 2577 4778 alio
2608 4721 2667 4776 in
2700 4720 2825 4776 loco
2860 4722 2994 4792 post
3022 4718 3512 4775 resurrectionem
3544 4718 3712 4774 Petro
3744 4730 3824 4781 se,

2175 4830 2290 4886 quo
2319 4809 2861 4882 iret,interroganti,
2883 4808 3258 4880 respondisse
3277 4807 3568 4864 Dominus
3586 4804 3823 4879 legitur:

2176 4904 2399 4959 Romam
2441 4901 2646 4955 iterum
2682 4898 2955 4969 crueiﬁgi.
3008 4897 3181 4953 Venit
3231 4896 3417 4969 igitur
3445 4896 3675 4964 Petrus,
3703 4909 3813 4948 non

2174 4989 2493 5048 ambitione
2518 4987 2756 5043 inflatus
2787 4985 2891 5043 sed
2923 4985 3187 5042 martirio
3220 4985 3666 5055 animatus,uon
3690 4995 3822 5055 que.

2172 5096 2308 5136 rens
2357 5094 2568 5134 aurum
2616 5075 2719 5134 sed
2778 5073 3111 5131 animarum
3161 5073 3415 5131 lucrum.
3464 5074 3511 5131 Ο
3563 5072 3803 5138 felicem,

2171 5167 2356 5224 immo
2387 5168 2646 5233 beatum,
2679 5163 2729 5220 si
2760 5162 2936 5219 talem
2966 5166 3024 5220 te
3050 5166 3153 5219 tua
3190 5162 3557 5220 conscientia
3587 5164 3813 5219 testare-

2174 5264 2270 5313 tur
2307 5256 2320 5310 !
2371 5255 2485 5312 Nec
2532 5251 2781 5310 inficiari
2829 5251 3074 5325 inquam
3105 5254 3293 5325 potes,
3342 5252 3731 5310 Veronensem
3760 5249 3810 5300 te

1796 5371 2034 5430 VARI/13
2075 5373 2379 5432 LECTION
2385 5372 2490 5428 ES.

490 5462 559 5498 ³³⁸
588 5453 844 5531 θξοθριὶε
882 5458 969 5531 1.-
1006 5455 1075 5491 ³⁵9
1112 5454 1491 5531 atinitatisl.
1568 5457 1636 5494 ’⁸ο
1677 5458 1737 5514 ui
1785 5459 2121 5521 uiolaturus
2159 5462 2369 5519 duabus
2399 5461 2563 5516 lineis
2599 5466 2644 5515 1.
2722 5458 2787 5495 ²⁶¹
2816 5457 3081 5531 largente
3114 5458 3165 5514 1.
3200 5458 3313 5531 η²⁶²
3343 5457 3483 5515 orbe
3514 5457 3565 5512 1.
3635 5452 3698 5489 ³⁸³
3725 5448 3802 5503 ἀεῖ

420 5534 589 5593 eam
616 5527 1098 5635 3°.£C°ft‘t‘.‘i‘:i’:.
1120 5527 1768 5635 “means-.3“
1811 5532 2045 5635 ροεξίξξι
2098 5542 2144 5593 ι·
2342 5531 2649 5635 eadem
2704 5534 2749 5585 ι·

1292 5599 1353 5655 Ρ.
1385 5599 1499 5656 sibi
1530 5616 1587 5671 q.
1623 5599 1858 5661 sibiaf.
1933 5606 2002 5643 ’δυ
2035 5623 2147 5679 q:

422 5623 647 5658 αποστων
672 5598 793 5660 neu
819 5598 1037 5657 dixisse
1064 5599 1119 5656 3.

3077 5527 3354 5602 equidem
3394 5552 3490 5599 την
3517 5533 3696 5602 πραξην
3718 5540 3801 5579 των

2161 5606 2317 5679 quod
2342 5605 2394 5660 1.
