4030 6184
169 335 286 404 861

1114 339 1736 405 ANTAPODESEOS
1781 339 1989 404 LIBRI
2035 340 2205 404 SEX.
2236 371 2315 388 -—
2342 339 2489 404 LIB.
2531 339 2636 403 IV.

3467 337 3585 399 862

173 473 536 550 episcopium
569 472 813 530 minime
858 474 1214 542 vendidisse,
1268 476 1426 547 quod
1464 475 1653 542 Petro,
1704 493 1820 530 non
1852 481 1904 544 Α
1935 475 2285 548 amputare?
2308 476 2365 531 in
2395 475 2611 548 quibus
2642 471 2823 529 nostri
2854 469 3170 529 refocilatio
3201 473 3480 547 corporis,
3506 479 3583 544 et,

174 566 414 623 cuilibet
446 564 547 621 sed
582 561 842 636 apostolo
881 563 1085 632 illo‘m,
1137 581 1462 636 numquam
1512 564 1828 621 didicimus

175 654 516 728 contigisse.
572 654 696 718 Qua
726 670 795 709 ex
843 669 904 709 re
948 671 1062 708 non
1117 653 1307 709 solum
1355 653 1828 725 spiritaliverum

175 745 353 802 etiam
388 741 672 816 corporali
707 742 943 810 honore,
978 759 1188 798 census
1211 743 1566 798 animatione
1596 744 1742 814 (113)
1775 747 1829 798 te

174 835 474 908 prfvatum
504 848 633 888 esse
663 832 1060 896 cognovimus.
1093 832 1223 886 Haec
1264 836 1458 886 autem
1491 831 1723 886 interim
1756 832 1827 887 ad

172 923 544 996 propositum
592 921 886 976 redeundo
937 921 1093 976 dicta
1123 920 1433 990 suffitiant,
1486 921 1675 992 quoad
1708 920 1830 975 lar-

172 1012 371 1086 giente
425 1011 541 1066 Deo
575 1009 702 1065 suis
750 1009 807 1063 in
838 1009 999 1076 locis,
1037 1009 1286 1080 qualiter
1335 1009 1828 1065 Mediolanensem

177 1099 557 1174 usurpaveris
588 1098 949 1164 cathedram,
981 1099 1308 1154 veniamus.

246 1195 303 1246 7.
331 1192 406 1246 ΕΟ
429 1191 493 1223 ²⁷¹
513 1193 773 1260 tempore
796 1187 1180 1260 Berengarius
1197 1188 1503 1258 iste,cujus
1527 1188 1831 1260 tyrannide

181 1286 307 1336 tota
338 1295 494 1334 nunc
515 1277 760 1349 ’"luget
782 1276 1266 1349 Italia,Eporegi:e
1291 1276 1542 1331 civitatis
1570 1277 1830 1332 marchio

177 1369 526 1425 habebatur.
559 1365 662 1422 Cui
695 1381 792 1420 rex
805 1365 969 1438 Hugo
989 1365 1209 1436 neptim
1224 1381 1416 1430 suam,
1435 1365 1673 1421 nomine
1689 1365 1834 1419 Wil-

177 1457 322 1522 lam,
348 1472 522 1525 quam
553 1472 621 1510 ex
648 1453 822 1511 Willa
853 1469 1026 1508 uxore
1045 1470 1153 1508 sua
1185 1454 1330 1508 Boso
1351 1454 1574 1509 Tusciae
1597 1454 1833 1525 provin-

180 1547 285 1602 cias
317 1544 596 1611 marchio,
644 1543 796 1616 regis
829 1543 1027 1608 frater,
1068 1546 1371 1615 genuerat;
1393 1543 1703 1614 conjugem
1735 1543 1835 1598 dc-

177 1633 286 1688 dit.
337 1634 655 1688 Anscarius
705 1648 860 1699 vero,
910 1631 1241 1703 Berengarii
1293 1631 1490 1699 frater,
1542 1647 1716 1702 quem
1767 1648 1835 1686 ex

171 1722 485 1777 Adelberto
538 1721 976 1792 Hermengarda
1026 1719 1180 1792 regis
1231 1718 1493 1790 Hugonis
1551 1724 1834 1791 genuerat

172 1828 361 1878 soror,
395 1810 609 1864 virium
643 1810 882 1864 audatia
911 1807 1286 1880 potentiaque
1320 1807 1592 1862 clarebat.

247 1901 303 1966 8,
335 1897 667 1955 Tedbaldus
687 1899 754 1931 ’73
803 1897 978 1953 etiam
1038 1897 1210 1951 heros
1259 1896 1522 1968 quidam,
1573 1897 1839 1966 proxima

175 1988 413 2062 Hugoni
435 1987 557 2060 regi
588 1985 870 2042 affinitate
900 1986 1228 2056 conjuctus,
1253 1984 1756 2041 Cammerinorum
1780 1990 1837 2041 et

175 2078 617 2151 Spoletinorum
653 2075 913 2131 marchio
941 2079 1083 2130 erat.
1113 2074 1214 2129 Hic
1246 2074 1305 2128 in
1339 2073 1622 2129 auxilium
1655 2075 1833 2130 Bene-

168 2167 413 2224 ventani
457 2165 740 2239 principis
771 2169 972 2220 contra
1016 2164 1248 2229 Grecos,
1290 2163 1388 2235 qui
1421 2180 1555 2218 eum
1586 2164 1838 2235 graviter

172 2259 616 2330 obpresserant,
674 2254 838 2309 abiit.
892 2252 1113 2316 Quibus
1144 2268 1278 2307 cum
1327 2251 1547 2307 bellum
1576 2252 1835 2320 inferret,

170 2347 526 2403 victoriaest
555 2343 800 2416 potitus.
835 2341 1091 2415 Contigit
1111 2341 1363 2412 denique
1387 2340 1604 2397 multos
1636 2341 1839 2397 Greco-

173 2453 340 2504 rum,
357 2435 607 2507 jamjam
632 2450 747 2488 non
771 2449 907 2487 arva
929 2432 1030 2486 sed
1049 2436 1240 2486 castra
1252 2430 1837 2499 obtinentium,hunc

172 2525 447 2598 cepisse.
484 2523 707 2588 Quibus
741 2523 882 2576 dum
913 2519 1106 2574 virilia
1137 2523 1484 2590 amputaret,
1517 2519 1658 2574 talia
1687 2524 1835 2575 stra-

175 2616 308 2688 tigo
331 2615 432 2687 qui
465 2615 549 2671 eis
581 2616 824 2686 prmcrat
858 2609 1184 2664 nuntiavit:
1221 2631 1247 2657 «
1282 2608 1567 2671 Quoniam
1598 2608 1835 2680 quidem

166 2709 376 2761 vestro
404 2707 604 2759 sancto
635 2699 972 2772 imperatori
1004 2697 1366 2770 spadonibus
1398 2696 1478 2752 nil
1510 2697 1838 2769 przetiosius

169 2811 314 2850 esse
345 2792 607 2866 cognovi,
655 2790 763 2844 hos
795 2787 995 2844 studui
1039 2785 1322 2859 pauculos
1356 2786 1466 2842 sibi
1515 2788 1838 2843 verecunde

169 2882 628 2948 transmittere;
700 2877 896 2951 plures
956 2875 1326 2948 qucntocius,
1389 2880 1504 2930 Deo
1564 2875 1832 2948 propitio,

171 2971 662 3028 transmissurus.
694 2990 721 3017 »

250 3063 310 3116 9.
346 3059 691 3116 Ludibrium
741 3061 958 3125 autem,
1011 3058 1192 3112 immo
1243 3056 1612 3128 sapientiam,
1657 3073 1835 3128 quam

182 3151 461 3225 quaedam
493 3153 631 3203 tunc
677 3146 889 3202 mulier
918 3145 1116 3218 gessit,
1151 3145 1245 3200 hic
1298 3145 1651 3200 inseramus.
1687 3150 1834 3200 Dum

176 3219 346 3298 enim
376 3239 469 3294 die
500 3238 755 3310 quadam
779 3235 943 3291 Greci
968 3252 1100 3290 cum
1120 3233 1307 3306 ipsius
1327 3238 1477 3290 terre
1498 3234 1838 3291 hominibus
1868 3219 1914 3290 α

177 3335 351 3386 extra
380 3331 637 3383 castrum
665 3325 958 3396 quoddam
991 3324 1062 3378 ad
1097 3339 1356 3396 pugnam
1388 3323 1666 3378 adversus
1697 3324 1842 3378 Ted-

178 3418 431 3474 baldum
451 3418 840 3471 memoratum
862 3410 1374 3480 exirent,nonnulli
1397 3412 1467 3466 ab
1481 3412 1682 3466 eodem
1701 3417 1842 3468 sunt

179 3507 363 3579 capti.
398 3509 551 3572 Quos
583 3505 724 3559 dum
776 3502 1148 3558 enuchizaret
1178 3517 1392 3572 eosque
1437 3500 1494 3554 in
1535 3499 1839 3556 castellum

179 3596 486 3669 dirigeret,
519 3592 731 3648 mulier
761 3592 1048 3663 quaedam,
1081 3589 1274 3644 mariti
1304 3605 1501 3644 amore
1535 3605 1835 3657 succensa,

178 3687 318 3757 ejus
351 3701 454 3756 pro
503 3681 786 3738 membris
820 3697 934 3734 non
985 3695 1194 3751 parum
1244 3677 1492 3733 sollicita
1511 3679 1599 3744 επ,
1648 3678 1839 3750 passis

177 3773 450 3829 crinibus
463 3773 534 3828 de
547 3769 783 3826 castello
802 3768 939 3824 exiit
961 3767 1300 3822 furibunda.
1326 3767 1458 3830 Quae
1474 3782 1609 3821 cum
1629 3782 1839 3821 cruen-

172 3863 257 3919 tis
287 3860 586 3932 unguibus
638 3875 738 3913 ora
779 3857 1153 3927 discerperet,
1189 3858 1362 3925 atque
1395 3858 1528 3910 ante
1556 3853 1836 3909 Tedbaldi

175 3950 501 4008 tentorium
534 3947 809 4004 clamosis
858 3945 1098 4000 vocibus
1149 3943 1347 3999 ﬂeret:
1385 3966 1412 3993 ‹‹
1458 3943 1604 4007 Quid
1647 3960 1836 3999 causae

172 4046 294 4108 est,
329 4039 541 4111 inquit,
569 4035 802 4104 mulier,
835 4035 989 4106 quod
1022 4038 1142 4089 tam
1178 4033 1409 4089 sonoris
1430 4033 1670 4088 vocibus
1694 4049 1834 4104 que-

174 4129 372 4185 reris?
402 4149 430 4178 »
465 4127 599 4191 Quae
624 4125 849 4197 —quia
875 4123 1186 4178 stultitiam
1223 4120 1508 4177 simulare
1541 4121 1666 4177 loco
1697 4139 1833 4194 pru-

173 4217 384 4276 dentia
414 4232 650 4272 summa
679 4219 788 4280 est,
820 4245 888 4253 —
929 4213 1008 4266 ita
1035 4211 1374 4283 respondit:
1410 4233 1439 4260 »
1470 4210 1694 4266 Novum
1726 4211 1834 4266 hoc

173 4306 636 4377 inauditamque
679 4304 909 4358 facinus
954 4305 1060 4368 est,
1094 4300 1321 4365 heroes,
1354 4303 1420 4354 ut
1467 4298 1685 4354 bellum
1718 4317 1833 4355 non

176 4395 652 4469 repugnantibus
664 4390 1011 4447 mulieribus
1023 4387 1659 4443 inferatis.Nostrarum
1674 4386 1836 4441 nulla

176 4503 250 4542 ex
261 4486 690 4539 Amazonarum
707 4479 994 4552 sanguine
1011 4474 1344 4548 prosapiam
1359 4475 1548 4540 ducit;
1565 4475 1834 4530 Minervae

1943 567 2096 639 quod
2130 566 2392 622 omnium
2419 563 2793 638 potissimum
2815 566 2925 631 est,
2949 563 3258 619 nasciturae
3285 581 3418 637 spes
3434 569 3590 621 extat

1939 655 2162 728 prolis?
2195 657 2340 710 Dum
2370 655 2524 711 enim
2547 671 2645 710 eos
2678 651 3098 721 eunuchizatis,
3134 670 3250 708 non
3278 655 3434 726 quod
3466 653 3588 710 illo-

1938 763 2092 813 rum,
2126 746 2227 801 sed
2259 745 2420 810 Quod
2454 749 2721 801 nostrum
2754 751 2862 813 est,
2901 744 3124 801 tollitis.
3158 744 3310 799 Num
3342 743 3586 816 inquam

1939 839 2338 890 armentorum
2370 851 2472 890 seu
2505 833 2698 890 ovium
2733 835 2919 908 copia,
2939 851 3115 906 quam
3139 833 3282 889 mihi
3309 832 3433 889 dies
3455 837 3588 889 ante

1939 924 2046 980 hos
2078 923 2425 989 abstulistis,
2457 928 2648 978 vestra
2681 941 2773 980 me
2805 930 2996 979 castra
3026 923 3184 979 adire
3199 921 3586 995 coegit?Ani-

1939 1013 2181 1068 malium
2206 1013 2420 1085 quippe
2447 1029 2573 1084 quae
2606 1013 2751 1068 mihi
2787 1014 3004 1070 fecistis
3035 1012 3344 1084 dispendia
3372 1012 3544 1068 laudo
3572 1030 3585 1080 ;

1930 1103 2226 1173 jacturam
2258 1101 2408 1157 hanc
2455 1104 2679 1157 tantam
2731 1107 2852 1157 tam
2884 1100 3199 1169 credulam,
3232 1104 3470 1173 tamque
3500 1099 3590 1154 in-

1939 1191 2419 1264 rccuperabilem,
2439 1190 2628 1246 modis
2651 1191 2946 1257 omnibus,
2979 1189 3208 1258 horreo,
3239 1189 3588 1262 fugio,nolo.

1941 1280 2137 1336 Sancti
2178 1280 2303 1345 Dei,
2334 1296 2537 1336 omnes
2589 1279 2765 1335 talem
2799 1297 2832 1336 a
2863 1295 2956 1335 me
2987 1279 3226 1335 avertite
3256 1282 3479 1350 pestem
3507 1277 3518 1331 !
3557 1299 3585 1328 ››

1941 1370 2044 1424 His
2075 1369 2309 1436 auditis,
2344 1369 2524 1424 nimio
2557 1373 2695 1424 sunt
2724 1386 2928 1424 omnes
2962 1367 3246 1424 cachinno
3287 1367 3590 1435 commoti,

1941 1461 2257 1529 tantusque
2287 1456 2347 1511 in
2377 1473 2507 1511 eam
2557 1456 2754 1530 populi
2806 1458 2968 1512 favor
2996 1457 3244 1512 excrevit
3263 1458 3330 1492 ⁷⁸⁷⁸
3379 1459 3444 1511 ut
3475 1473 3592 1511 non

1945 1546 2138 1602 solum
2168 1547 2359 1601 virum
2394 1546 3012 1618 suumintegrum,sed
3027 1549 3080 1600 et
3098 1550 3308 1600 cuncta
3325 1561 3451 1616 quas
3475 1543 3587 1599 sibi

1943 1635 2137 1691 ablata
2167 1635 2396 1690 fuerant
2445 1634 2742 1701 animalia,
2795 1634 3047 1706 recipere
3089 1638 3424 1689 mereretur.
3460 1635 3595 1698 Quae

1943 1741 2076 1779 cum
2110 1725 2202 1780 his
2233 1724 2480 1796 receptis
2498 1723 2928 1790 abiret,directo
2952 1724 3286 1779 Tedbaldus
3318 1726 3450 1795 post
3467 1739 3596 1778 eam

1865 1851 1914 1915 B
1944 1830 2145 1885 puero,
2198 1813 2576 1885 interrogavit
2628 1814 2767 1886 quid
2819 1813 2937 1870 viro
2970 1831 3076 1869 suo
3116 1814 3388 1880 auferret,
3441 1813 3490 1868 si
3524 1811 3595 1867 ad

1947 1919 2202 1974 pugnam
2281 1901 2536 1974 amplius
2586 1907 2791 1957 contra
2844 1920 2908 1958 se
2965 1903 3036 1958 de
3093 1902 3309 1958 castelo
3369 1899 3598 1959 exiret?

1945 2014 1973 2042 ‹‹
2009 1989 2193 2059 Oculi,
2228 1991 2439 2064 inquit,
2487 1995 2626 2046 sunt
2657 1990 2762 2058 illi,
2799 2007 2989 2059 nares,
3025 2008 3258 2059 manus,
3297 1995 3354 2046 et
3396 1991 3595 2064 pedes.

1946 2080 2004 2137 Si
2037 2080 2142 2136 hec
2173 2081 2375 2153 egerit,
2406 2081 2518 2136 sibi
2551 2097 2675 2153 quas
2707 2097 2815 2136 sua
2845 2082 3256 2148 suntauferat;
3286 2096 3415 2152 quae
3441 2097 3594 2148 mea,

1945 2187 2063 2224 sua:
2096 2169 2318 2226 scilicet
2349 2170 2657 2240 ancillulas,
2708 2169 3096 2242 derelinquat.
3134 2192 3162 2219 »
3190 2169 3410 2226 Verum
3458 2169 3600 2242 quia

1947 2259 2199 2314 favorem
2234 2258 2431 2331 populi
2483 2258 2673 2330 prima
2723 2257 2835 2313 sibi
2867 2257 3160 2314 locutione
3192 2275 3293 2331 per
3322 2258 3510 2313 risum
3543 2262 3600 2314 et

1946 2346 2140 2402 mariti
2172 2347 2391 2401 donum
2436 2347 2640 2402 adesse
2685 2346 2986 2414 intellexit,
3019 2347 3170 2402 hanc
3215 2347 3597 2418 postmodum

1944 2453 2048 2508 per
2075 2436 2363 2491 directum
2396 2435 2669 2490 nuntium
2703 2435 3084 2490 remandavit.

2022 2525 2106 2580 10.
2139 2525 2248 2580 Pcr
2275 2523 2431 2579 idem
2464 2528 2698 2595 tempus
2741 2523 2893 2594 regis
2924 2522 3186 2594 Hugonis
3218 2523 3398 2578 frater
3428 2523 3599 2593 Boso,

1947 2613 2124 2669 Willa
2154 2630 2329 2669 uxore
2361 2629 2469 2668 sua
2500 2611 2887 2685 cupidissima
2902 2613 2967 2646 ’77
3001 2611 3363 2683 stimulante,
3401 2612 3601 2668 adver-

1947 2721 2048 2759 sus
2082 2719 2280 2776 regem
2334 2719 2483 2758 nova
2514 2702 2779 2774 quadam
2808 2705 2865 2756 et
2916 2717 3185 2773 perversa
3226 2700 3464 2757 molitus
3514 2705 3605 2757 est

1947 2809 2134 2866 agere.
2170 2792 2332 2857 Quod
2382 2792 2690 2863 Hugonem
2738 2807 2854 2846 non
2905 2790 3094 2846 latuit.
3127 2790 3250 2854 Qua
3291 2807 3359 2846 ex
3411 2807 3470 2846 re
3509 2807 3602 2847 ca-

1945 2881 2395 2954 ptus,custodizc
2424 2885 2523 2937 est
2554 2881 2829 2936 continuo
2855 2880 3127 2936 traditus.
3151 2880 3604 2954 Causadenique

1946 2971 2288 3042 dejectionis
2327 2972 2454 3042 ejus
2503 2970 2626 3026 haec
2657 2969 2786 3025 fuit.
2838 2970 2990 3026 Dum
3043 2970 3378 3040 Lamberto,
3428 2987 3603 3042 quem

1946 3079 2125 3134 supra
2153 3060 2631 3127 memoravimus,
2665 3059 2887 3115 lumine
2936 3059 3186 3131 privato,
3237 3059 3424 3116 isdem
3454 3059 3603 3117 Boso

1946 3167 2204 3206 marcam
2226 3149 2449 3206 Tusciae
2473 3149 2780 3216 obtineret,
2814 3149 3028 3220 conjux
3054 3148 3362 3204 suaWilla
3377 3149 3605 3222 phylar-

1949 3239 2107 3312 giriaa
2136 3239 2288 3311 cepit
2325 3254 2521 3293 amore
2560 3237 2805 3308 ﬂagrare
2835 3254 2848 3303 ;
2883 3237 3026 3293 adeo
3056 3241 3123 3292 ut
3168 3238 3352 3293 totius
3381 3238 3603 3294 Tusciae

1951 3327 2256 3399 provincia:
2287 3325 2449 3380 nulla
2482 3323 2766 3380 nobilium
2799 3328 3200 3380 matronarum
3223 3325 3520 3397 quantivis
3542 3342 3603 3381 se

1949 3416 2140 3488 praecii
2172 3414 2533 3471 ornamentis
2556 3412 2857 3468 excolerct.
2891 3413 3020 3468 Haec
3053 3431 3187 3469 cum
3228 3414 3452 3486 prolem
3485 3431 3602 3469 non

1948 3505 2189 3560 haberet
2233 3503 2482 3571 virilem,
2529 3505 2806 3573 quattuor
2851 3501 3058 3556 habuit
3107 3505 3294 3569 natas,
3344 3502 3598 3568 Bertam,

1947 3593 2204 3662 Willam,
2225 3591 2550 3647 Richildam
2574 3595 2630 3647 et
2650 3589 2893 3646 Gislam.
2927 3590 3147 3645 Harum
3168 3589 3368 3657 Willa,
3391 3589 3604 3645 Beren-

1947 3682 2093 3755 garii
2141 3682 2343 3752 hujus,
2393 3679 2495 3752 qui
2544 3695 2700 3734 nunc
2732 3682 3018 3750 superest,
3060 3694 3191 3734 vere
3225 3677 3459 3746 marita,
3491 3678 3602 3734 hoc

1946 3771 2156 3837 effecit,
2192 3786 2263 3824 ne
2297 3767 2546 3841 genitrix
2578 3783 2686 3822 sua
2715 3765 2979 3821 omnium
2998 3769 3151 3821 esset
3172 3763 3489 3821 mulierum
3513 3783 3608 3821 ne-

1948 3860 2254 3933 quissima.
2313 3857 2387 3912 Ut
2420 3861 2616 3912 autem
2649 3872 2764 3911 non
2800 3872 2904 3927 per
2932 3855 3136 3928 longas
3170 3855 3446 3928 ambages
3476 3855 3604 3926 ejus

1947 3954 2075 4006 acta
2105 3965 2415 4022 ponamus,
2461 3963 2578 4001 uno
2631 3943 2975 4017 turpissimo
3024 3943 3336 4017 descripto,
3392 3962 3518 4017 qua:
3549 3949 3606 4000 et

1946 4043 2176 4112 quanta
2200 4039 2258 4092 in
2291 4036 2515 4093 caeteris
2548 4035 2754 4103 fuerat,
2789 4034 3247 4090 animadvertere
3277 4035 3514 4107 poteris.

2017 4129 2104 4184 11.
2137 4126 2240 4181 Vir
2270 4125 2459 4198 ipsius
2490 4125 2637 4180 Boso
2659 4122 2805 4178 mire
2837 4122 3224 4196 longitudinis
3251 4127 3309 4178 et
3349 4122 3606 4179 latitudi-

1946 4217 2038 4272 nis
2069 4231 2312 4271 aureum
2366 4215 2654 4269 habuerat
2683 4211 2965 4281 balteum,
3020 4213 3120 4284 qui
3169 4211 3490 4267 multarum
3543 4215 3601 4267 et

1945 4305 2350 4377 praetiosarum
2370 4301 2992 4374 splendebatmnitore
3004 4316 3393 4372 gemmarum.
3411 4300 3598 4363 Hunc,

1945 4411 2077 4448 cum
2123 4393 2268 4447 Boso
2301 4393 2625 4461 caperetur,
2661 4405 2837 4459 super
2866 4404 3070 4443 omnes
3101 4403 3274 4458 gazas
3305 4387 3434 4456 ejus
3466 4385 3598 4440 dili-

1943 4485 2146 4555 genter
2176 4495 2275 4534 rex
2297 4476 2480 4549 jussit
2498 4475 2714 4547 inquiri
2745 4493 2758 4542 ;
2792 4476 3164 4547 sumptisque
3185 4473 3426 4541 divitiis,
3460 4490 3597 4528 uxo-

174 4574 401 4647 quippe
432 4571 624 4628 solum
665 4568 941 4642 operibus
986 4565 1216 4630 deditae,
1251 4579 1548 4619 armorum
1580 4564 1834 4636 poenitus

1947 4587 2069 4626 rem
2099 4570 2249 4640 ejus,
2277 4566 2446 4640 quasi
2487 4565 2786 4638 profanam
2821 4568 2879 4619 et
2909 4563 3145 4618 sceleris
3174 4563 3356 4618 totius
3387 4561 3602 4618 auctri-

172 4678 392 4720 sumus
424 4661 657 4734 ignarae.
685 4682 712 4708 »
731 4657 834 4714 Cui
861 4673 994 4712 cum
1018 4654 1352 4711 Tedbaldus
1383 4653 1601 4709 diceret
1622 4672 1678 4710 :«
1697 4655 1837 4720 Quis

171 4765 446 4824 unquam
497 4765 637 4806 sane
683 4747 892 4819 capitis
922 4746 1115 4811 heros,
1162 4751 1369 4815 praeter
1406 4745 1832 4800 Amazonarum

168 4837 799 4912 temporibus,bellum
818 4831 1419 4890 mulieribusintulit?
1438 4855 1467 4883 »
1503 4849 1570 4889 ea
1593 4850 1834 4906 respon-

170 4930 298 4986 dit:
335 4951 364 4978 ‹‹
399 4928 567 4995 Qtod,
591 4927 752 4996 cedo,
783 4922 1082 4980 crudelius
1113 4920 1464 4977 mulieribus
1495 4921 1712 4977 bellum
1743 4922 1832 4977 in-

174 5019 351 5086 ferre,
387 5015 596 5088 quidve
628 5011 1062 5070 incommodius
1093 5011 1187 5066 his
1231 5010 1554 5081 potestis“
1585 5010 1831 5081 auferre,

175 5122 364 5180 quam
398 5111 459 5161 ut
489 5120 694 5162 earum
741 5102 881 5158 viris
931 5100 1162 5157 certetis
1211 5098 1475 5155 orchidia
1511 5099 1834 5170 [testiculos

1947 4675 2098 4727 cem,
2142 4657 2393 4730 turpiter
2443 4655 2513 4710 dc
2561 4669 2738 4726 regno
2798 4651 2998 4708 Italico
3052 4651 3326 4724 praecepit
3373 4649 3599 4723 expelli,

1946 4753 2119 4820 atque
2150 4747 2209 4802 in
2241 4744 2662 4817 Burgundiam,
2695 4743 2766 4798 de
2798 4758 2911 4813 qua
2931 4741 3180 4796 oriunda
3200 4741 3407 4808 fuerat,
3442 4740 3599 4795 duci.

1943 4837 2159 4893 Verum
2209 4850 2342 4890 cum
2382 4832 2694 4904 diligenter
2722 4831 2921 4885 omnia
2951 4829 3299 4903 perscrutati
3339 4828 3598 4886 balteum

1945 4943 2060 4981 non
2092 4921 2473 4996 reppererint,
2495 4924 2701 4976 caetera
2733 4919 2923 4974 nuntii
2955 4923 3338 4991 reportantes,
3363 4923 3499 4975 sunt
3522 4919 3594 4974 ad

1944 5015 2248 5087 Hugonem
2277 5009 2512 5067 reversi.
2546 5010 2696 5064 Tum
2729 5024 2828 5064 rex
2853 5025 2866 5063 :
2890 5030 2919 5058 «
2956 5009 3350 5076 Revertentes,
3382 5006 3596 5079 inquit,

1943 5102 2258 5159 falerarum
2287 5101 2415 5172 ejus
2444 5113 2678 5154 omnem
2710 5100 3079 5169 apparatum,
3104 5095 3374 5170 pulvinar
3389 5096 3595 5166 etiam,

1544 5197 1783 5254 νΑΒΙιΕ
1822 5200 2234 5257 LECTIONES.

252 5295 321 5329 ²⁷⁰
350 5296 390 5348 i.
424 5309 471 5349 e.
506 5292 614 5348 illi.
691 5292 756 5325 ²⁷¹
810 5290 893 5362 Εον
937 5293 1222 5362 tempore
1243 5293 1436 5362 ouroib
1467 5297 1763 5362 Γεριγγεριος
1786 5313 1938 5362 -ουτου
1966 5298 2258 5362 τυρανρτβῶ
2314 5294 2414 5353 αλη
2443 5309 2478 5351 η
2511 5293 2692 5362 ιταλᾳω
2723 5308 2790 5338 νω
2821 5284 3087 5362 eporegie
3116 5285 3169 5339 3.
3245 5274 3486 5362 "anum
3532 5283 3585 5362 4.

178 5367 252 5402 '73
283 5363 694 5435 Thiebbaldus
731 5363 784 5417 5.
862 5361 930 5435 ²Ῐ⁴
979 5355 1173 5435 sollita
1205 5360 1293 5435 l.__
1333 5357 1400 5435 ’7}
1429 5355 1731 5435 potestatis
1772 5360 1824 5415 4.
1902 5362 1970 5435 Ψ
1994 5355 2277 5435 sequentia
2319 5373 2486 5430 usque
2530 5356 2599 5411 ad
2642 5355 2702 5411 in
2752 5355 3055 5412 saxoniafn
3094 5372 3216 5430 cap.
3267 5356 3355 5412 14.
3399 5355 3593 5413 desunt

175 5438 343 5494 nulla
373 5438 572 5492 lacuna
599 5433 846 5490 indicata
874 5433 927 5487 3.
1003 5431 1068 5464 ²⁷⁷
1101 5428 1485 5501 cupidissima
1517 5430 1566 5483 1.

1644 5429 1710 5464 ²⁷³
1741 5429 2072 5504 spendebaf
2090 5433 2116 5487 1
2130 5474 2142 5486 .

257 5623 406 5697 (113)
439 5622 499 5680 Id
528 5625 615 5679 est
645 5619 783 5693 quia
812 5580 1146 5674 incensum
1177 5615 1494 5682 animatus,
1528 5629 1742 5674 census
1767 5528 2010 5687 ἓξὲξ,
2043 5621 2186 5674 erat.
