4030 6184
153 328 274 392 865

1099 332 1720 398 ANTAPODOSEOS
1767 334 1974 398 LIBRI
2021 337 2190 399 SEX.
2222 337 2478 402 —IAB.
2526 341 2632 406 IV.

154 461 344 519 lautia
373 460 671 535 placidum
697 480 711 531 ;
743 464 916 535 cujus
947 466 1160 521 recenti
1189 483 1290 540 pro
1321 467 1546 540 funere(
1557 470 1679 540 118)
1696 487 1812 526 non
1844 473 1895 540 Α
1925 471 2060 527 dine
2091 473 2396 530 aberravit.
2432 475 2578 549 Ergo
2609 492 2734 550 age,
2769 494 2957 550 neque
2989 479 3145 535 enim
3177 477 3285 534 tibi
3327 478 3575 535 deerunt

157 550 486 608 mediocres
519 552 712 608 adhuc
738 551 1012 610 lacrimas
1035 555 1635 614 fundimus.'l‘ercium
1655 561 1815 616 dein-

155 641 229 696 de
261 645 456 696 Bruno
488 642 723 697 nomine
756 642 926 715 (119),
959 661 1133 716 quem
1166 654 1330 717 pater
1373 651 1634 716 sanctus,
1668 667 1813 721 quo-

157 729 684 788 niamNordmanni
699 733 1128 804 Trajectensem
1143 735 1554 792 destruxerant
1575 739 1813 794 omnino

154 817 454 878 eclesiam.
482 821 554 874 ob
585 820 848 890 ejusdem
880 823 1380 894 recuperationem
1413 825 1600 882 eidem
1633 827 1816 882 voluit

158 907 435 963 militare.
465 908 680 964 Verum
715 914 776 964 ut
809 911 1054 966 istorum
1088 917 1252 968 actus
1287 914 1411 969 suis
1444 914 1502 969 in
1537 915 1679 970 locis
1728 915 1811 971 1a-

159 997 279 1054 tlus
306 995 693 1069 explicemus,
727 999 797 1055 ad
834 1001 1198 1072 propositum
1233 1003 1562 1060 redeamus.

233 1088 320 1142 15.
341 1087 580 1150 Quantae
603 1087 778 1142 fuerit
799 1089 1120 1160 prudentiae
1145 1096 1494 1164 quantaeque
1529 1111 1624 1149 rex
1647 1094 1817 1150 Hein-

154 1174 315 1231 ricus
347 1175 750 1244 scientie,hinc
782 1178 1012 1249 probari
1045 1182 1415 1252 potest,quod
1441 1183 1813 1254 potissimum

155 1281 223 1320 ac
258 1263 770 1337 religiosissimum
803 1271 1072 1323 natorum
1105 1286 1346 1325 suorum
1375 1287 1570 1344 regem
1603 1277 1815 1327 consti-

159 1353 300 1408 tuit.
325 1353 672 1409 Imminebat
701 1355 879 1422 enim,
914 1375 1010 1412 rex
1040 1358 1685 1430 prudentissime,obitu
1716 1365 1816 1415 tuo

161 1443 346 1498 totius
367 1443 565 1516 populi
588 1445 834 1511 casus,si
863 1451 1064 1502 tantus
1082 1447 1250 1520 regite
1270 1447 1538 1520 dignitati
1556 1466 1669 1504 non
1684 1449 1819 1505 sub-

162 1531 688 1599 iretvicarius.Qua
715 1551 783 1588 ex
817 1552 876 1590 re
907 1537 965 1590 in
992 1537 1296 1592 amborum
1332 1537 1502 1592 laude
1535 1537 1643 1593 hos
1675 1556 1817 1611 pan-

167 1619 368 1690 gimus
396 1637 598 1677 versus
632 1640 646 1677 :

379 1714 509 1783 Ipse
541 1713 640 1783 qui
676 1714 924 1768 condam
957 1730 1236 1786 superare
1260 1719 1460 1786 gentes

378 1799 595 1871 Impias
627 1800 776 1856 bello
809 1801 1016 1857 solitus
1051 1807 1313 1869 cruento,

383 1887 662 1944 Novimus
694 1907 867 1959 nunc,
901 1907 1019 1956 rex,
1054 1891 1282 1946 dederis
1316 1891 1542 1964 p0pello

383 1977 565 2034 Morte
597 1982 658 2032 tu
692 1983 944 2050 quantas
975 1979 1207 2052 propria
1237 1979 1456 2036 ruinas.

379 2067 577 2123 Turba
607 2068 870 2124 certatim
901 2068 1139 2124 viduata
1166 2070 1305 2125 karo

383 2155 556 2228 Rege,
581 2156 705 2228 jam
739 2161 925 2212 cesset
954 2156 1280 2225 lacrimare,
1315 2159 1548 2230 quando

376 2244 534 2300 Alter
564 2245 793 2318 exurgit
821 2247 1189 2303 venerandus
1220 2247 1366 2316 orbi,

378 2334 582 2399 Filius,
611 2335 760 2407 patri
793 2335 1004 2391 similis
1036 2335 1253 2392 cluenti

377 2422 507 2479 Otto
539 2441 658 2492 rex,
692 2429 893 2496 gentes
919 2425 1146 2480 dicione
1179 2443 1393 2497 magna

378 2511 484 2576 Qui
518 2518 763 2585 premet,
790 2530 1108 2586 pacemque
1143 2515 1283 2569 feret
1313 2515 1562 2570 beatam.

378 2601 662 2674 Quicquid
697 2602 926 2656 Henrici
959 2602 1132 2674 periit
1169 2619 1422 2671 recessu,

377 2690 637 2747 Prestitit
668 2690 824 2747 claro
855 2690 1087 2763 populis
1118 2691 1212 2746 hic
1241 2696 1391 2757 ertu,

377 2777 635 2834 Blandus
669 2783 726 2834 et
757 2778 919 2851 mitis
952 2779 1297 2851 patiensque
1327 2780 1568 2845 sanctis,

380 2867 620 2924 Pestifer
650 2868 834 2922 durus
867 2869 931 2902 ²⁹¹
965 2869 1321 2941 rabidusque
1353 2869 1540 2924 saevis.

379 2956 536 3012 Bella
566 2956 870 3012 nonnullis
894 2957 998 3011 tibi
1033 2962 1173 3012 sunt
1200 2959 1453 3030 gerenda
1478 2976 1491 3025 ;

388 3047 468 3102 Ex
497 3046 712 3119 quibus
744 3063 954 3102 nomen
987 3047 1244 3102 referens
1275 3046 1333 3102 in
1367 3052 1544 3115 astra,

377 3136 600 3191 Cuncta
629 3135 881 3190 calcabis
913 3135 1160 3208 pedibus
1193 3153 1294 3209 per
1325 3137 1546 3204 orbem,

377 3225 512 3289 Quae
546 3225 758 3297 premit
787 3225 990 3280 tardus
1024 3225 1258 3282 radians
1286 3226 1513 3296 Bootes,

371 3315 442 3370 Et
465 3314 682 3385 quibus
716 3331 928 3370 nomen
959 3315 1119 3369 dedit
1149 3315 1369 3386 Hesper
1398 3314 1591 3370 almus
1622 3333 1634 3370 :

379 3402 611 3458 Lucifer
640 3419 846 3458 rursus
877 3402 1165 3457 vocitatus
1197 3403 1372 3469 idem,

373 3492 572 3565 Surgit
589 3492 658 3527 ’9’
671 3491 1102 3562 Eoo[.sm’l.cum]
1120 3507 1438 3563 properans
1464 3507 1705 3547 corusco
1725 3492 1814 3547 "3.

219 3582 322 3637 46.
357 3583 606 3636 Duxerat
635 3579 789 3635 idem
825 3597 920 3634 rex
953 3580 1086 3634 Otto
1119 3584 1252 3634 ante
1285 3578 1448 3651 regni
1499 3580 1819 3652 susceptio-

147 3687 298 3727 nem
330 3687 398 3726 ex
428 3670 747 3742 Anglorum
782 3674 952 3741 gente
984 3668 1354 3724 nobilissima
1403 3667 1557 3741 regis
1607 3668 1815 3724 Hadel-

146 3759 314 3817 stani
346 3760 542 3815 fratris
567 3757 1019 3829 tiliam(120)sibi
1045 3773 1307 3825 uxorem,
1332 3757 1568 3814 nomine
1588 3757 1813 3830 Otgith;

146 3869 219 3905 cx
258 3865 379 3921 qna
398 3853 457 3904 et
477 3848 664 3903 ﬁlium
689 3847 1155 3921 genuit,nomine
1181 3845 1618 3902 LIUTOLFUM.
1636 3846 1817 3918 Cujus

145 3940 226 3994 ob
265 3940 554 3993 recentem
576 3938 870 4007 jacturam
929 3937 1072 4009 (121)
1131 3935 1410 4008 quociens
1470 3935 1814 3991 memoriam

146 4029 415 4102 agimus,
447 4025 708 4083 lacrimis
741 4027 934 4082 sinum
967 4024 1284 4098 replemus.
1319 4024 1362 4080 Ο
1413 4025 1460 4080 si
1512 4042 1814 4097 nunquam

149 4121 362 4184 natus,
395 4120 497 4172 aut
523 4132 635 4171 non
671 4119 791 4171 tam
820 4119 1048 4171 mature
1078 4115 1389 4170 defunctus
1415 4118 1569 4170 esset
1595 4113 1607 4168 Ξ

225 4207 319 4262 17.
347 4205 468 4271 (An.
500 4202 660 4266 939.)
689 4207 811 4271 Quo
845 4204 903 4260 in
938 4208 1200 4276 tempore
1223 4203 1376 4276 regis
1409 4203 1671 4274 ejusdem
1701 4203 1813 4258 fra-

144 4301 242 4352 ter
277 4293 585 4350 Heinricus
605 4295 980 4366 quorundam
1004 4311 1406 4365 perversorum
1430 4293 1721 4349 instinctu
1742 4292 1818 4347 ei-

143 4386 292 4441 dem
324 4388 414 4440 est
436 4382 686 4438 nimium
720 4383 1081 4438 adversatus.
1108 4383 1160 4437 Is
1193 4381 1478 4453 enim,qui
1510 4385 1642 4454 post
1662 4397 1816 4435 crea-

1923 560 2137 632 copize;
2175 563 2411 618 fratrem
2443 564 2622 631 deice,
2658 582 2902 638 regnum
2935 568 3170 640 accipe;
3222 568 3416 641 sitque
3466 567 3572 624 tibi

1924 651 2208 722 regnandi
2237 651 2508 722 facultas,
2536 654 2631 708 cui
2662 655 2896 722 accidit,
2931 660 3042 711 Deo
3090 656 3393 729 largiente,
3426 661 3482 712 et
3513 657 3571 712 in

1923 739 2124 794 eadem
2158 740 2441 812 dignitate
2473 742 2766 800 nativitas.

2648 834 2856 888 Versus.

1992 917 2079 970 18.
2108 918 2410 990 Regnandi
2439 918 2545 974 tibi
2571 920 2711 991 quid
2738 923 3022 992 juvenem
3053 925 3174 978 tam
3205 921 3333 980 dira
3362 923 3573 998 cupido

2065 1005 2293 1077 Optime
2325 1007 2677 1079 Saxigenum
2699 1011 2727 1064 ?
2758 1010 3032 1065 Prohibet
3064 1011 3237 1079 Deus,

1923 1093 2086 1148 Haud
2112 1099 2276 1166 pater
2295 1095 2620 1164 Heinricus;
2636 1098 2795 1152 dedit
2818 1098 2866 1153 is
2885 1099 3025 1170 quia
3045 1104 3580 1173 sceptra;moncbat

2065 1184 2430 1256 Astripotens
2462 1185 2652 1241 bonus
2684 1186 2806 1259 ipse
2836 1192 2988 1243 Deus
3019 1188 3176 1260 pius.

1924 1273 2046 1338 Quo
2069 1273 2193 1328 sine
2220 1290 2323 1328 nec
2346 1291 2592 1346 regnum
2622 1276 2871 1347 capitur,
2907 1292 3010 1331 nec
3038 1281 3304 1350 tempora
3331 1279 3573 1337 sistunt.

2068 1361 2351 1433 Quicquid
2385 1363 2443 1416 in
2474 1363 2612 1419 orbe
2644 1363 2798 1420 Deus
2829 1365 3051 1437 geritur
3071 1366 3264 1437 jubet,

1927 1450 2034 1505 Per
2054 1466 2228 1520 quem
2255 1451 2386 1521 jura
2406 1452 2584 1508 duces
2605 1459 2851 1508 cernunt
2873 1471 3155 1526 regesque
3185 1456 3573 1530 triumphant.

2071 1539 2381 1594 Fraternas
2411 1540 2567 1596 acies
2597 1558 2751 1596 nunc
2786 1559 2941 1597 nunc
2972 1543 3124 1598 male

1927 1627 2251 1683 Conﬂctare
2283 1629 2468 1700 cupis,
2501 1628 2692 1696 fallax,
2726 1629 3004 1699 crudelis,
3035 1632 3235 1704 inique
3255 1634 3284 1687 ?

2072 1720 2099 1782 ³(
2137 1716 2318 1788 Impie
2351 1717 2664 1773 chiathan
2700 1719 3040 1786 Behemotb,
3062 1737 3236 1793 paras

1849 1842 1898 1906 Β
1926 1805 2248 1875 Antiquam
2287 1821 2561 1861 renovare
2594 1811 2696 1862 tua
2718 1808 2845 1878 jam
2879 1809 3082 1864 fraude
3113 1809 3398 1866 duellum.

2071 1892 2325 1948 Crimine
2356 1909 2460 1964 pro
2493 1901 2700 1951 cuncto
2730 1913 2932 1968 pmnas
2963 1897 3110 1965 lues,

1927 1979 2044 2034 Hoc
2073 1981 2384 2051 reprobum
2410 1999 2690 2038 numerus
2712 1984 2959 2056 culpans
2981 1987 3136 2057 quod
3160 1991 3360 2059 peccat
3381 1988 3439 2042 in
3461 2005 3578 2044 eave

2069 2068 2335 2140 Improbe
2368 2071 2721 2143 supplicium
2757 2073 2968 2129 referes
2998 2073 3175 2130 simul
3203 2092 3217 2143 ;

1924 2158 1991 2212 Et
2021 2174 2404 2232 quaecumque
2437 2159 2606 2216 malis
2639 2161 2925 2217 debentur
2949 2164 3224 2220 ﬂammea
3253 2165 3480 2222 cunctis

2064 2246 2331 2314 Vincula,
2362 2253 2528 2319 parta
2559 2249 2660 2303 tibi
2694 2251 2945 2319 misero;
2980 2269 3168 2324 neque

1924 2335 2252 2407 Ignivomas
2285 2335 2482 2391 herebi
2505 2338 2667 2407 juste
2698 2338 2990 2394 dimersus
3021 2342 3116 2408 [ad
3148 2341 3337 2398 undas
3365 2343 3456 2414 m]

2066 2424 2347 2494 Perpetuo
2379 2429 2568 2479 tecum
2599 2443 2838 2482 arsuros
2869 2427 3068 2482 trabes

1925 2511 2298 2567 Christicolas
2325 2530 2337 2579 ;
2373 2512 2512 2583 quia
2541 2513 2589 2569 si
2623 2530 2739 2584 qua
2764 2531 2930 2570 sacro
2957 2516 3311 2588 baptismate
3339 2518 3443 2574 loti

2067 2599 2272 2656 Debita
2302 2605 2435 2672 post
2464 2605 2709 2669 traxere,
2739 2603 2838 2658 Dei
2871 2609 3070 2659 manet

1917 2689 2144 2757 Gratia,
2174 2705 2300 2760 qua
2334 2688 2530 2761 lapsos
2561 2691 2741 2746 erexit
2771 2692 3056 2765 sanguine
3087 2693 3289 2767 gratis.

1997 2778 2085 2832 19.
2121 2779 2291 2833 Tanti
2320 2778 2500 2850 hujus
2531 2796 2595 2835 ac
2626 2781 2938 2852 perniciosi
2971 2783 3248 2840 facinoris
3287 2784 3424 2841 illex
3469 2785 3581 2843 ﬂe-

1924 2867 2204 2922 verardu’s
2236 2868 2425 2923 extitit
2454 2885 2667 2925 comes.
2689 2869 2874 2942 Hujus
2903 2871 3059 2926 enim
3093 2872 3296 2944 prima:
3319 2874 3581 2932 rebellio-

1926 2956 2018 3010 nis
2047 2960 2308 3028 tempore
2331 2955 2506 3022 (anno
2534 2960 2664 3027 938)
2699 2959 3004 3017 Hcinricus
3029 2961 3191 3017 fratri
3224 2980 3332 3020 suo
3361 2965 3485 3037 regi
3525 2968 3582 3022 et

1924 3044 2184 3112 domino,
2220 3050 2392 3119 prout
2423 3047 2724 3117 debuerat,
2747 3049 3127 3106 amminicula
3160 3051 3584 3121 dederat,nisu-

1924 3151 2037 3206 que
2069 3134 2229 3190 omni
2260 3137 2622 3194 adversarios
2646 3137 3176 3210 fatigabat.Ver.um
3196 3140 3584 3212 quiaincuria

1843 3209 1888 3276 C
1928 3240 2044 3279 non
2071 3222 2262 3279 solum
2296 3225 2717 3296 temporalibus
2749 3209 2948 3294 rebus,
2979 3229 3080 3283 sed
3125 3229 3356 3284 aeternis
3404 3231 3581 3286 etiam

1925 3312 2159 3378 deditis,
2193 3317 2366 3383 atque
2399 3314 2458 3367 in
2487 3313 2618 3384 ipsa
2648 3314 2890 3369 interna:
2931 3317 3446 3390 contemplationis
3495 3319 3581 3374 vi-

1925 3401 2089 3455 sione
2120 3401 2479 3471 constitutis,
2511 3400 2745 3473 lapsum
2773 3419 3197 3476 nonnunquam
3229 3409 3414 3476 parat,
3435 3411 3493 3462 et
3515 3412 3585 3462 ut

1924 3488 2200 3561 Vegetius
2233 3489 2492 3544 Renatus
2525 3489 2581 3544 in
2614 3490 2762 3545 libro
2804 3492 2886 3546 rei
2943 3492 3215 3548 militaris
3274 3494 3355 3548 ait
3415 3495 3581 3565 (122),

1925 3578 2086 3649 quod
2115 3580 2422 3633 necessario
2449 3579 2688 3650 amplior
2707 3582 2968 3635 securitas
2988 3583 3213 3649 gravius
3231 3583 3368 3636 solet
3389 3581 3586 3638 habere

1923 3666 2239 3732 discrimen,
2274 3665 2606 3722 Heinricum
2640 3668 2896 3739 quodam
2929 3668 2987 3722 in
3022 3668 3196 3739 opido
3240 3674 3583 3726 manentem

1925 3754 2338 3828 incautiusque
2394 3772 2458 3811 se
2513 3760 2796 3823 tuentem,
2852 3757 3163 3828 praedictus
3213 3757 3578 3815 Heverardus

1925 3844 2164 3901 collecta
2189 3844 2569 3901 multitudine
2601 3845 2921 3917 obsedit,ac
2952 3847 3299 3920 priusquam
3329 3849 3509 3905 frater
3532 3847 3584 3906 ei

1925 3952 2024 3990 rex
2055 3933 2487 3990 amminiculari
2512 3938 2730 4007 posset,
2752 3937 3123 4008 expugnavit,
3155 3953 3480 4010 secumque
3508 3937 3584 3993 il-

1924 4024 2049 4080 lum
2082 4029 2138 4079 et
2168 4040 2373 4097 gazam
2397 4041 2512 4080 non
2539 4041 2775 4096 parvam
2800 4025 2861 4080 in
2885 4026 3120 4099 prepria
3144 4028 3581 4101 transportavit.

1923 4114 2045 4170 Rex
2075 4114 2258 4187 igitur
2287 4118 2516 4170 tantum
2548 4114 2968 4183 fratris,immo
2999 4134 3198 4186 suum,
3225 4118 3469 4191 cupiens
3489 4119 3588 4174 de»

1925 4205 2104 4259 decus
2152 4203 2472 4272 vindicare,
2534 4205 2840 4276 praefatum
2895 4205 3291 4264 Heverardum
3348 4206 3583 4280 sibique

1923 4292 2255 4350 coniventes
2285 4297 2370 4348 tot
2398 4294 2551 4366 cepit
2582 4294 2888 4350 conamine
2917 4296 3210 4368 persequi.

1993 4382 2480 4438 20.'Ileverardus
2505 4399 2644 4437 sane
2672 4383 3063 4439 Gislebertum
3091 4382 3581 4454 Lotharingarum

145 4473 339 4530 tionis
371 4489 490 4528 sua:
521 4489 655 4528 mox
712 4471 1100 4528 clarissimam
1158 4471 1503 4544 dignitatem
1561 4469 1816 4525 Creatori
1926 4472 2131 4526 ducem
2167 4489 2200 4526 a
2231 4471 2384 4541 regis
2416 4470 2694 4526 fidelitate
2726 4471 3080 4541 sejunxerat,
3098 4471 3269 4541 cujus
3293 4470 3583 4541 adjutorie

143 4580 261 4619 suo
287 4577 350 4618 se
381 4562 634 4618 similem
667 4562 854 4616 facere
874 4560 1188 4632 voluit,per
1209 4559 1504 4614 auditores
1525 4575 1662 4613 suos
1695 4557 1819 4613 talf-
1849 4579 1895 4644 Β
1927 4559 2048 4633 regi
2073 4576 2186 4615 non
2215 4559 2442 4614 modice
2462 4558 2789 4614 resistebat.
2823 4561 3190 4631 Quamquam
3221 4560 3292 4594 ³³⁸
3311 4558 3470 4615 enim
3499 4559 3582 4616 is-

143 4654 266 4708 bus
299 4651 638 4707 Heinricum
669 4655 874 4705 contra
907 4649 1127 4715 fratris,
1179 4649 1360 4703 immo
1409 4647 1563 4720 regis
1611 4653 1666 4702 et
1714 4649 1815 4704 do-
1928 4650 2059 4705 dem
2091 4648 2452 4705 Gislebertus
2477 4647 2630 4720 regis
2653 4663 2912 4704 sororem
2935 4648 3176 4704 haberet
3197 4664 3585 4717 uxorem,ma-

143 4741 301 4798 mini
321 4741 792 4807 “,sermonibus
818 4739 1123 4811 instigavit
1157 4757 1203 4793 :u
1240 4739 1560 4794 Rectumne
1592 4742 1815 4810 patrem
1925 4736 2034 4792 luit
2064 4742 2283 4805 tamen,
2313 4736 2672 4810 suscipiendi
2726 4736 2888 4810 regni
2946 4755 3050 4809 spe
3105 4737 3426 4805 animatus,
3454 4738 3583 4811 regi

142 4831 345 4904 egisse
365 4841 526 4898 ‘rere,
562 4829 720 4903 rcgia
752 4829 857 4883 tibi
883 4828 939 4882 in
961 4827 1242 4900 dignitate
1265 4827 1602 4895 genito,non
1631 4827 1688 4882 in
1722 4845 1815 4884 ea-
1923 4825 2404 4898 resistere,quam
2428 4843 2586 4892 eum,
2612 4829 2674 4881 ut
2704 4825 3001 4893 debuerat,
3023 4831 3224 4883 contra
3250 4843 3393 4883 suos
3424 4844 3583 4883 emu-

145 4921 288 4976 dem
321 4919 594 4992 genitum
626 4917 1053 4991 proponendo?
1093 4916 1268 4971 Plane
1300 4933 1414 4971 non
1449 4917 1816 4972 discretionis
1925 4914 2013 4970 los
2046 4916 2342 4987 adjuvare.
2379 4917 2490 4971 Sed
2527 4933 2660 4971 cum
2705 4933 2767 4972 se
2827 4933 2931 4972 nec
2985 4917 3071 4972 sic
3130 4918 3401 4974 resistere
3459 4915 3581 4991 regi

144 5008 266 5066 hoc
297 5025 550 5065 censura
581 5006 946 5080 ponderavit,
968 5022 1167 5062 verum
1201 5004 1496 5077 passionis
1519 5005 1814 5076 magnitu-
1925 5021 2096 5075 posse
2123 5005 2550 5076 conspicerent,
2585 5022 2699 5060 non
2731 5005 3004 5062 incallido
3032 5007 3100 5042 ’97
3130 5008 3456 5064 secundum
3483 5006 3584 5063 ho-

219 5179 291 5218 ¹⁹¹
323 5177 490 5233 duris
519 5178 555 5232 5
585 5194 638 5232 a.
716 5177 784 5212 ευ
812 5175 1014 5248 Surgit
1043 5173 1264 5230 scilicet
1292 5189 1425 5248 cum
1458 5103 1858 5248 θοζέῐῗὲῗῐιὲ

1929 5102 2372 5248 :Edgliiijnseoos
2401 5191 2454 5230 a.
2486 5190 2696 5248 voces.
2757 5173 3021 5247 (scilicet)
3077 5193 3232 5234 mare
3279 5176 3575 5235 intellecta.

144 5250 222 5334 ²⁹ξ
251 5251 470 5334 ultimae
501 5246 1550 5334 sy‘llabmmhgjm'aocisnsupersctriptum
1581 5262 1679 5328 sa:
1700 5246 1841 5334 1.1.2.

1929 5247 1985 5282 m
2012 5247 2131 5330 scil.
2167 5246 2528 5334 ﬁdelitatem.
2594 5247 2673 5334 :9}
2705 5249 2805 5334 It'a,
2836 5246 3200 5334 δξιρριενξάιιηὲ
3253 5265 3379 5304 ωιτη
3427 5250 3464 5334 {5
3502 5267 3576 5334 δὲ)

141 5321 225 5429 :9
253 5321 505 5449 umetggs
694 5321 761 5355 ²⁹⁶
791 5321 928 5374 Hinc
957 5319 1059 5375 lin.
1093 5319 1147 5373 6.
1178 5319 1306 5391 folii
1334 5319 1424 5374 64.
1459 5333 1626 5390 usque
1658 5319 1716 5373 in
1742 5319 1910 5390 [ineat
1935 5321 2156 5392 pagina:
2179 5320 2383 5392 prima."
2433 5319 2531 5389 [οι.
2592 5319 2682 5374 65.
2739 5319 3124 5392 Liudprandus
3175 5323 3291 5396 ipse
3339 5323 3578 5401 scripsit.

251 5408 344 5448 me
470 5407 500 5448 e
569 5433 582 5446 .

218 5535 368 5606 (118)
401 5536 510 5590 An.
547 5533 672 5606 955,
706 5533 850 5606 Nov.
887 5531 937 5588 1.

209 5604 528 5669 (119οὺἰὶι
556 5605 650 5662 die
682 5604 739 5662 11
775 5604 902 5662 Oct.
934 5604 1065 5664 965.

216 5678 371 5754 (120)
399 5675 706 5747 Adelsteni
732 5690 1024 5741 sororem.

1746 5461 1978 5521 NOTAE.

1992 5533 2141 5607 (121)
2176 5531 2273 5607 Die
2301 5533 2336 5588 6
2361 5534 2517 5607 Sept.
2543 5529 2692 5607 anni
2720 5530 2846 5596 957.

1997 5602 2150 5686 (122)
2175 5603 2302 5664 Lib.
2332 5602 2500 5678 m,‘o.
2531 5603 2625 5667 22.
