  <div class='ocr_page' id='page_1' title='image "/cluster/home/n/w/nwhite01/storage/ocr_20150623/136/hvd.32044054759964/442.png"; bbox 0 0 4068 6178; ppageno 0'>
   <div class='ocr_carea' id='block_1_1' title="bbox 173 296 297 359">
    <p class='ocr_par' dir='ltr' id='par_1_1' title="bbox 173 296 297 359">
     <span class='ocr_line' id='line_1_1' title="bbox 173 296 297 359; baseline 0.008 -1"><span class='ocrx_word' id='word_1_1' title='bbox 173 296 297 359; x_wconf 81' lang='lat'><strong>869</strong></span> 
     </span>
    </p>
   </div>
   <div class='ocr_carea' id='block_1_2' title="bbox 1136 289 2707 360">
    <p class='ocr_par' dir='ltr' id='par_1_2' title="bbox 1136 289 2707 360">
     <span class='ocr_line' id='line_1_2' title="bbox 1136 289 2707 360; baseline 0.004 -6"><span class='ocrx_word' id='word_1_2' title='bbox 1136 291 1788 354; x_wconf 84' lang='lat' dir='ltr'>ANTAPODOSEOS</span> <span class='ocrx_word' id='word_1_3' title='bbox 1835 289 2069 354; x_wconf 82' lang='lat' dir='ltr'>LIBRI&#39;</span> <span class='ocrx_word' id='word_1_4' title='bbox 2095 294 2271 356; x_wconf 88' lang='lat' dir='ltr'>SEX.</span> <span class='ocrx_word' id='word_1_5' title='bbox 2303 329 2381 341; x_wconf 90' lang='lat'><em>—</em></span> <span class='ocrx_word' id='word_1_6' title='bbox 2410 297 2559 360; x_wconf 91' lang='lat' dir='ltr'>LIB.</span> <span class='ocrx_word' id='word_1_7' title='bbox 2604 299 2707 360; x_wconf 86' lang='lat' dir='ltr'>IV.</span> 
     </span>
    </p>
   </div>
   <div class='ocr_carea' id='block_1_3' title="bbox 3528 304 3647 365">
    <p class='ocr_par' dir='ltr' id='par_1_3' title="bbox 3528 304 3647 365">
     <span class='ocr_line' id='line_1_3' title="bbox 3528 304 3647 365; baseline -0.017 1"><span class='ocrx_word' id='word_1_8' title='bbox 3528 304 3647 365; x_wconf 84' lang='lat'>870</span> 
     </span>
    </p>
   </div>
   <div class='ocr_carea' id='block_1_4' title="bbox 174 423 3644 505">
    <p class='ocr_par' dir='ltr' id='par_1_4' title="bbox 174 423 3644 505">
     <span class='ocr_line' id='line_1_4' title="bbox 174 423 3644 505; baseline 0.001 -17"><span class='ocrx_word' id='word_1_9' title='bbox 174 426 585 503; x_wconf 86' lang='lat' dir='ltr'>temptavit,si</span> <span class='ocrx_word' id='word_1_10' title='bbox 618 425 874 499; x_wconf 63' lang='lat' dir='ltr'>praemiis</span> <span class='ocrx_word' id='word_1_11' title='bbox 905 424 1204 498; x_wconf 84' lang='lat' dir='ltr'>aliquibus</span> <span class='ocrx_word' id='word_1_12' title='bbox 1231 425 1290 480; x_wconf 89' lang='lat' dir='ltr'>id</span> <span class='ocrx_word' id='word_1_13' title='bbox 1322 426 1530 496; x_wconf 86' lang='lat' dir='ltr'>posset</span> <span class='ocrx_word' id='word_1_14' title='bbox 1562 423 1880 496; x_wconf 80' lang='lat' dir='ltr'>adquirere</span> <span class='ocrx_word' id='word_1_15' title='bbox 1909 425 1968 492; x_wconf 81' lang='grc' dir='ltr'><strong>Α</strong></span> <span class='ocrx_word' id='word_1_16' title='bbox 1996 431 2229 484; x_wconf 90' lang='lat' dir='ltr'>suetum</span> <span class='ocrx_word' id='word_1_17' title='bbox 2263 445 2486 486; x_wconf 92' lang='lat' dir='ltr'>morem</span> <span class='ocrx_word' id='word_1_18' title='bbox 2514 448 2726 504; x_wconf 88' lang='lat' dir='ltr'>panem</span> <span class='ocrx_word' id='word_1_19' title='bbox 2741 432 3323 505; x_wconf 78' lang='lat' dir='ltr'>benedixit,fregit,ac</span> <span class='ocrx_word' id='word_1_20' title='bbox 3338 433 3644 501; x_wconf 89' lang='lat' dir='ltr'>dedit,non</span> 
     </span>
    </p>
   </div>
   <div class='ocr_carea' id='block_1_5' title="bbox 172 510 1884 592">
    <p class='ocr_par' dir='ltr' id='par_1_5' title="bbox 172 510 1884 592">
     <span class='ocr_line' id='line_1_5' title="bbox 172 510 1884 592; baseline -0.005 -14"><span class='ocrx_word' id='word_1_21' title='bbox 172 519 423 592; x_wconf 84' lang='lat' dir='ltr'>sibique</span> <span class='ocrx_word' id='word_1_22' title='bbox 456 516 741 573; x_wconf 87' lang='lat' dir='ltr'>adversus</span> <span class='ocrx_word' id='word_1_23' title='bbox 768 513 1031 571; x_wconf 86' lang='lat' dir='ltr'>visibiles</span> <span class='ocrx_word' id='word_1_24' title='bbox 1065 519 1243 587; x_wconf 90' lang='lat' dir='ltr'>atque</span> <span class='ocrx_word' id='word_1_25' title='bbox 1286 510 1626 568; x_wconf 87' lang='lat' dir='ltr'>invisibiles</span> <span class='ocrx_word' id='word_1_26' title='bbox 1676 512 1884 570; x_wconf 88' lang='lat' dir='ltr'>hostes</span> 
     </span>
    </p>
   </div>
   <div class='ocr_carea' id='block_1_6' title="bbox 173 603 1885 677">
    <p class='ocr_par' dir='ltr' id='par_1_6' title="bbox 173 603 1885 677">
     <span class='ocr_line' id='line_1_6' title="bbox 173 603 1885 677; baseline -0.006 -10"><span class='ocrx_word' id='word_1_27' title='bbox 173 625 354 667; x_wconf 86' lang='lat' dir='ltr'>arma</span> <span class='ocrx_word' id='word_1_28' title='bbox 385 604 781 663; x_wconf 80' lang='lat' dir='ltr'>invictissime</span> <span class='ocrx_word' id='word_1_29' title='bbox 809 603 1302 677; x_wconf 83' lang='lat' dir='ltr'>triumphumque</span> <span class='ocrx_word' id='word_1_30' title='bbox 1333 603 1696 673; x_wconf 88' lang='lat' dir='ltr'>perpetuum</span> <span class='ocrx_word' id='word_1_31' title='bbox 1732 618 1885 674; x_wconf 74' lang='lat' dir='ltr'>prae-</span> 
     </span>
    </p>
   </div>
   <div class='ocr_carea' id='block_1_7' title="bbox 174 689 1888 775">
    <p class='ocr_par' dir='ltr' id='par_1_7' title="bbox 174 689 1888 775">
     <span class='ocr_line' id='line_1_7' title="bbox 174 689 1888 775; baseline -0.005 -20"><span class='ocrx_word' id='word_1_32' title='bbox 174 696 597 775; x_wconf 83' lang='lat' dir='ltr'>parare.Quod</span> <span class='ocrx_word' id='word_1_33' title='bbox 632 710 763 750; x_wconf 90' lang='lat' dir='ltr'>cum</span> <span class='ocrx_word' id='word_1_34' title='bbox 798 708 899 748; x_wconf 87' lang='lat' dir='ltr'>rex</span> <span class='ocrx_word' id='word_1_35' title='bbox 929 692 1219 749; x_wconf 83' lang='lat' dir='ltr'>Rodulfus</span> <span class='ocrx_word' id='word_1_36' title='bbox 1267 689 1459 746; x_wconf 86' lang='lat' dir='ltr'>modis</span> <span class='ocrx_word' id='word_1_37' title='bbox 1492 690 1793 747; x_wconf 89' lang='lat' dir='ltr'>omnibus</span> <span class='ocrx_word' id='word_1_38' title='bbox 1826 709 1888 747; x_wconf 90' lang='lat' dir='ltr'>se</span> 
     </span>
    </p>
   </div>
   <div class='ocr_carea' id='block_1_8' title="bbox 176 778 1886 861">
    <p class='ocr_par' dir='ltr' id='par_1_8' title="bbox 176 778 1886 861">
     <span class='ocr_line' id='line_1_8' title="bbox 176 778 1886 861; baseline -0.005 -16"><span class='ocrx_word' id='word_1_39' title='bbox 176 803 524 861; x_wconf 85' lang='lat' dir='ltr'>numquam</span> <span class='ocrx_word' id='word_1_40' title='bbox 580 785 687 839; x_wconf 87' lang='lat' dir='ltr'>hoc</span> <span class='ocrx_word' id='word_1_41' title='bbox 735 785 1010 838; x_wconf 88' lang='lat' dir='ltr'>acturum</span> <span class='ocrx_word' id='word_1_42' title='bbox 1055 782 1331 850; x_wconf 83' lang='lat' dir='ltr'>ediceret,</span> <span class='ocrx_word' id='word_1_43' title='bbox 1382 794 1482 832; x_wconf 86' lang='lat' dir='ltr'>rex</span> <span class='ocrx_word' id='word_1_44' title='bbox 1536 778 1886 847; x_wconf 86' lang='lat' dir='ltr'>Heinricus,</span> 
     </span>
    </p>
   </div>
   <div class='ocr_carea' id='block_1_9' title="bbox 173 867 1889 953">
    <p class='ocr_par' dir='ltr' id='par_1_9' title="bbox 173 867 1889 953">
     <span class='ocr_line' id='line_1_9' title="bbox 173 867 1889 953; baseline -0.008 -17"><span class='ocrx_word' id='word_1_45' title='bbox 173 880 329 953; x_wconf 83' lang='lat' dir='ltr'>quia</span> <span class='ocrx_word' id='word_1_46' title='bbox 377 874 612 932; x_wconf 80' lang='lat' dir='ltr'>mollire</span> <span class='ocrx_word' id='word_1_47' title='bbox 661 871 818 928; x_wconf 87' lang='lat' dir='ltr'>hunc</span> <span class='ocrx_word' id='word_1_48' title='bbox 870 870 1224 931; x_wconf 79' lang='lat' dir='ltr'>muneribus</span> <span class='ocrx_word' id='word_1_49' title='bbox 1272 884 1387 923; x_wconf 89' lang='lat' dir='ltr'>non</span> <span class='ocrx_word' id='word_1_50' title='bbox 1431 867 1649 937; x_wconf 88' lang='lat' dir='ltr'>potuit,</span> <span class='ocrx_word' id='word_1_51' title='bbox 1693 869 1889 924; x_wconf 86' lang='lat' dir='ltr'>minis</span> 
     </span>
    </p>
   </div>
   <div class='ocr_carea' id='block_1_10' title="bbox 173 953 1886 1034">
    <p class='ocr_par' dir='ltr' id='par_1_10' title="bbox 173 953 1886 1034">
     <span class='ocr_line' id='line_1_10' title="bbox 173 953 1886 1034; baseline -0.007 -11"><span class='ocrx_word' id='word_1_52' title='bbox 173 972 407 1023; x_wconf 86' lang='lat' dir='ltr'>terrere</span> <span class='ocrx_word' id='word_1_53' title='bbox 438 974 797 1034; x_wconf 77' lang='lat' dir='ltr'>magnopere</span> <span class='ocrx_word' id='word_1_54' title='bbox 837 959 1090 1014; x_wconf 83' lang='lat' dir='ltr'>curavit.</span> <span class='ocrx_word' id='word_1_55' title='bbox 1125 957 1309 1014; x_wconf 91' lang='lat' dir='ltr'>Omne</span> <span class='ocrx_word' id='word_1_56' title='bbox 1357 953 1580 1026; x_wconf 89' lang='lat' dir='ltr'>quippe</span> <span class='ocrx_word' id='word_1_57' title='bbox 1620 971 1886 1027; x_wconf 82' lang='lat' dir='ltr'>regnum</span> 
     </span>
    </p>
   </div>
   <div class='ocr_carea' id='block_1_11' title="bbox 174 1042 1883 1128">
    <p class='ocr_par' dir='ltr' id='par_1_11' title="bbox 174 1042 1883 1128">
     <span class='ocr_line' id='line_1_11' title="bbox 174 1042 1883 1128; baseline -0.005 -16"><span class='ocrx_word' id='word_1_58' title='bbox 174 1056 314 1128; x_wconf 88' lang='lat' dir='ltr'>ejus</span> <span class='ocrx_word' id='word_1_59' title='bbox 346 1052 490 1110; x_wconf 90' lang='lat' dir='ltr'>cede</span> <span class='ocrx_word' id='word_1_60' title='bbox 540 1053 716 1121; x_wconf 90' lang='lat' dir='ltr'>atque</span> <span class='ocrx_word' id='word_1_61' title='bbox 763 1046 1065 1103; x_wconf 89' lang='lat' dir='ltr'>incendiis</span> <span class='ocrx_word' id='word_1_62' title='bbox 1107 1064 1169 1103; x_wconf 90' lang='lat' dir='ltr'>se</span> <span class='ocrx_word' id='word_1_63' title='bbox 1214 1042 1716 1117; x_wconf 87' lang='lat' dir='ltr'>depopulaturum</span> <span class='ocrx_word' id='word_1_64' title='bbox 1748 1062 1883 1103; x_wconf 90' lang='lat' dir='ltr'>esse</span> 
     </span>
    </p>
   </div>
   <div class='ocr_carea' id='block_1_12' title="bbox 175 1134 1883 1217">
    <p class='ocr_par' dir='ltr' id='par_1_12' title="bbox 175 1134 1883 1217">
     <span class='ocr_line' id='line_1_12' title="bbox 175 1134 1883 1217; baseline -0.006 -18"><span class='ocrx_word' id='word_1_65' title='bbox 175 1139 480 1217; x_wconf 84' lang='lat' dir='ltr'>promisit.</span> <span class='ocrx_word' id='word_1_66' title='bbox 516 1136 662 1204; x_wconf 87' lang='lat' dir='ltr'>Quia</span> <span class='ocrx_word' id='word_1_67' title='bbox 690 1149 825 1190; x_wconf 90' lang='lat' dir='ltr'>vero</span> <span class='ocrx_word' id='word_1_68' title='bbox 870 1135 1037 1206; x_wconf 91' lang='lat' dir='ltr'>quod</span> <span class='ocrx_word' id='word_1_69' title='bbox 1088 1134 1401 1207; x_wconf 81' lang='lat' dir='ltr'>petebatur</span> <span class='ocrx_word' id='word_1_70' title='bbox 1453 1148 1674 1188; x_wconf 88' lang='lat' dir='ltr'>munus</span> <span class='ocrx_word' id='word_1_71' title='bbox 1731 1138 1883 1205; x_wconf 86' lang='lat' dir='ltr'>erat,</span> 
     </span>
    </p>
   </div>
   <div class='ocr_carea' id='block_1_13' title="bbox 178 1221 1888 1305">
    <p class='ocr_par' dir='ltr' id='par_1_13' title="bbox 178 1221 1888 1305">
     <span class='ocr_line' id='line_1_13' title="bbox 178 1221 1888 1305; baseline -0.004 -19"><span class='ocrx_word' id='word_1_72' title='bbox 178 1248 307 1305; x_wconf 89' lang='lat' dir='ltr'>quo</span> <span class='ocrx_word' id='word_1_73' title='bbox 338 1227 680 1285; x_wconf 78' lang='lat' dir='ltr'>cmlestibus</span> <span class='ocrx_word' id='word_1_74' title='bbox 712 1229 869 1279; x_wconf 89' lang='lat' dir='ltr'>terra</span> <span class='ocrx_word' id='word_1_75' title='bbox 897 1223 1062 1279; x_wconf 91' lang='lat' dir='ltr'>Deus</span> <span class='ocrx_word' id='word_1_76' title='bbox 1092 1224 1222 1294; x_wconf 84' lang='lat' dir='ltr'>conj</span> <span class='ocrx_word' id='word_1_77' title='bbox 1236 1226 1479 1278; x_wconf 86' lang='lat' dir='ltr'>unxerat</span> <span class='ocrx_word' id='word_1_78' title='bbox 1505 1221 1759 1294; x_wconf 70' lang='lat' dir='ltr'>30°,lapis</span> <span class='ocrx_word' id='word_1_79' title='bbox 1780 1223 1888 1279; x_wconf 91' lang='lat' dir='ltr'>sci-</span> 
     </span>
    </p>
   </div>
   <div class='ocr_carea' id='block_1_14' title="bbox 176 1312 1884 1391">
    <p class='ocr_par' dir='ltr' id='par_1_14' title="bbox 176 1312 1884 1391">
     <span class='ocr_line' id='line_1_14' title="bbox 176 1312 1884 1391; baseline -0.004 -14"><span class='ocrx_word' id='word_1_80' title='bbox 176 1322 324 1377; x_wconf 82' lang='lat' dir='ltr'>licet</span> <span class='ocrx_word' id='word_1_81' title='bbox 354 1315 657 1391; x_wconf 90' lang='lat' dir='ltr'>angularis</span> <span class='ocrx_word' id='word_1_82' title='bbox 691 1312 913 1369; x_wconf 77' lang='lat' dir='ltr'>faciens</span> <span class='ocrx_word' id='word_1_83' title='bbox 951 1317 1207 1385; x_wconf 88' lang='lat' dir='ltr'>utraque</span> <span class='ocrx_word' id='word_1_84' title='bbox 1244 1312 1700 1378; x_wconf 82' lang='lat' dir='ltr'>unum,Rodulﬁ</span> <span class='ocrx_word' id='word_1_85' title='bbox 1726 1313 1884 1386; x_wconf 84' lang='lat' dir='ltr'>regis</span> 
     </span>
    </p>
   </div>
   <div class='ocr_carea' id='block_1_15' title="bbox 180 1402 1882 1476">
    <p class='ocr_par' dir='ltr' id='par_1_15' title="bbox 180 1402 1882 1476">
     <span class='ocr_line' id='line_1_15' title="bbox 180 1402 1882 1476; baseline -0.018 -9"><span class='ocrx_word' id='word_1_86' title='bbox 180 1427 292 1467; x_wconf 91' lang='lat' dir='ltr'>cor</span> <span class='ocrx_word' id='word_1_87' title='bbox 311 1405 619 1471; x_wconf 90' lang='lat' dir='ltr'>emollivit,</span> <span class='ocrx_word' id='word_1_88' title='bbox 645 1405 930 1476; x_wconf 86' lang='lat' dir='ltr'>justeque</span> <span class='ocrx_word' id='word_1_89' title='bbox 968 1402 1095 1475; x_wconf 88' lang='lat' dir='ltr'>regi</span> <span class='ocrx_word' id='word_1_90' title='bbox 1134 1402 1309 1473; x_wconf 87' lang='lat' dir='ltr'>justa</span> <span class='ocrx_word' id='word_1_91' title='bbox 1350 1402 1514 1472; x_wconf 89' lang='lat' dir='ltr'>juste</span> <span class='ocrx_word' id='word_1_92' title='bbox 1562 1404 1789 1472; x_wconf 56' lang='lat' dir='ltr'>petenti</span> <span class='ocrx_word' id='word_1_93' title='bbox 1815 1405 1882 1439; x_wconf 72' lang='lat'>30-:</span> 
     </span>
    </p>
   </div>
   <div class='ocr_carea' id='block_1_16' title="bbox 181 1491 1883 1563">
    <p class='ocr_par' dir='ltr' id='par_1_16' title="bbox 181 1491 1883 1563">
     <span class='ocr_line' id='line_1_16' title="bbox 181 1491 1883 1563; baseline -0.008 -5"><span class='ocrx_word' id='word_1_94' title='bbox 181 1499 468 1558; x_wconf 90' lang='lat' dir='ltr'>cominus</span> <span class='ocrx_word' id='word_1_95' title='bbox 500 1491 978 1562; x_wconf 87' lang='lat' dir='ltr'>tradidit.Neque</span> <span class='ocrx_word' id='word_1_96' title='bbox 1009 1492 1167 1548; x_wconf 91' lang='lat' dir='ltr'>enim</span> <span class='ocrx_word' id='word_1_97' title='bbox 1200 1508 1345 1563; x_wconf 88' lang='lat' dir='ltr'>pace</span> <span class='ocrx_word' id='word_1_98' title='bbox 1377 1495 1661 1563; x_wconf 71' lang='lat' dir='ltr'>praesente</span> <span class='ocrx_word' id='word_1_99' title='bbox 1678 1491 1883 1548; x_wconf 84' lang='lat' dir='ltr'>simul-</span> 
     </span>
    </p>
   </div>
   <div class='ocr_carea' id='block_1_17' title="bbox 182 1578 1881 1652">
    <p class='ocr_par' dir='ltr' id='par_1_17' title="bbox 182 1578 1881 1652">
     <span class='ocr_line' id='line_1_17' title="bbox 182 1578 1881 1652; baseline -0.005 -6"><span class='ocrx_word' id='word_1_100' title='bbox 182 1590 300 1646; x_wconf 88' lang='lat' dir='ltr'>tati</span> <span class='ocrx_word' id='word_1_101' title='bbox 331 1587 502 1643; x_wconf 90' lang='lat' dir='ltr'>locus</span> <span class='ocrx_word' id='word_1_102' title='bbox 530 1588 670 1641; x_wconf 88' lang='lat' dir='ltr'>erat.</span> <span class='ocrx_word' id='word_1_103' title='bbox 698 1580 844 1636; x_wconf 87' lang='lat' dir='ltr'>Nam</span> <span class='ocrx_word' id='word_1_104' title='bbox 876 1583 942 1634; x_wconf 88' lang='lat' dir='ltr'>et</span> <span class='ocrx_word' id='word_1_105' title='bbox 977 1595 1068 1651; x_wconf 91' lang='lat' dir='ltr'>eo,</span> <span class='ocrx_word' id='word_1_106' title='bbox 1103 1580 1204 1652; x_wconf 91' lang='lat' dir='ltr'>qui</span> <span class='ocrx_word' id='word_1_107' title='bbox 1240 1579 1336 1635; x_wconf 90' lang='lat' dir='ltr'>his</span> <span class='ocrx_word' id='word_1_108' title='bbox 1367 1578 1684 1637; x_wconf 87' lang='lat' dir='ltr'>cruciﬁxus</span> <span class='ocrx_word' id='word_1_109' title='bbox 1714 1586 1822 1649; x_wconf 87' lang='lat' dir='ltr'>est,</span> <span class='ocrx_word' id='word_1_110' title='bbox 1848 1600 1881 1637; x_wconf 88' lang='lat' dir='ltr'>a</span> 
     </span>
    </p>
   </div>
   <div class='ocr_carea' id='block_1_18' title="bbox 184 1668 1878 1741">
    <p class='ocr_par' dir='ltr' id='par_1_18' title="bbox 184 1668 1878 1741">
     <span class='ocr_line' id='line_1_18' title="bbox 184 1668 1878 1741; baseline -0.005 -6"><span class='ocrx_word' id='word_1_111' title='bbox 184 1678 383 1735; x_wconf 86' lang='lat' dir='ltr'>Pilato</span> <span class='ocrx_word' id='word_1_112' title='bbox 418 1675 492 1731; x_wconf 88' lang='lat' dir='ltr'>ad</span> <span class='ocrx_word' id='word_1_113' title='bbox 524 1671 808 1730; x_wconf 88' lang='lat' dir='ltr'>Herodem</span> <span class='ocrx_word' id='word_1_114' title='bbox 845 1673 1233 1741; x_wconf 85' lang='lat' dir='ltr'>properante,</span> <span class='ocrx_word' id='word_1_115' title='bbox 1273 1668 1407 1724; x_wconf 86' lang='lat' dir='ltr'>facti</span> <span class='ocrx_word' id='word_1_116' title='bbox 1441 1672 1581 1723; x_wconf 91' lang='lat' dir='ltr'>sunt</span> <span class='ocrx_word' id='word_1_117' title='bbox 1611 1671 1785 1726; x_wconf 89' lang='lat' dir='ltr'>amici</span> <span class='ocrx_word' id='word_1_118' title='bbox 1819 1671 1878 1726; x_wconf 90' lang='lat' dir='ltr'>in</span> 
     </span>
    </p>
   </div>
   <div class='ocr_carea' id='block_1_19' title="bbox 187 1755 1881 1835">
    <p class='ocr_par' dir='ltr' id='par_1_19' title="bbox 187 1755 1881 1835">
     <span class='ocr_line' id='line_1_19' title="bbox 187 1755 1881 1835; baseline -0.005 -12"><span class='ocrx_word' id='word_1_119' title='bbox 187 1767 299 1823; x_wconf 89' lang='lat' dir='ltr'>illa</span> <span class='ocrx_word' id='word_1_120' title='bbox 328 1766 449 1832; x_wconf 88' lang='lat' dir='ltr'>die,</span> <span class='ocrx_word' id='word_1_121' title='bbox 485 1761 587 1835; x_wconf 88' lang='lat' dir='ltr'>qui</span> <span class='ocrx_word' id='word_1_122' title='bbox 617 1760 780 1834; x_wconf 88' lang='lat' dir='ltr'>prius</span> <span class='ocrx_word' id='word_1_123' title='bbox 810 1755 1047 1812; x_wconf 91' lang='lat' dir='ltr'>inimici</span> <span class='ocrx_word' id='word_1_124' title='bbox 1073 1761 1242 1812; x_wconf 89' lang='lat' dir='ltr'>erant</span> <span class='ocrx_word' id='word_1_125' title='bbox 1270 1757 1342 1812; x_wconf 92' lang='lat' dir='ltr'>ad</span> <span class='ocrx_word' id='word_1_126' title='bbox 1375 1755 1881 1825; x_wconf 89' lang='lat' dir='ltr'>invicem.Quanto</span> 
     </span>
    </p>
   </div>
   <div class='ocr_carea' id='block_1_20' title="bbox 190 1844 1882 1917">
    <p class='ocr_par' dir='ltr' id='par_1_20' title="bbox 190 1844 1882 1917">
     <span class='ocr_line' id='line_1_20' title="bbox 190 1844 1882 1917; baseline -0.005 -4"><span class='ocrx_word' id='word_1_127' title='bbox 190 1860 401 1914; x_wconf 90' lang='lat' dir='ltr'>autem</span> <span class='ocrx_word' id='word_1_128' title='bbox 430 1867 629 1908; x_wconf 90' lang='lat' dir='ltr'>amore</span> <span class='ocrx_word' id='word_1_129' title='bbox 663 1865 760 1904; x_wconf 85' lang='lat' dir='ltr'>rex</span> <span class='ocrx_word' id='word_1_130' title='bbox 788 1844 1107 1902; x_wconf 88' lang='lat' dir='ltr'>Heinricus</span> <span class='ocrx_word' id='word_1_131' title='bbox 1139 1846 1452 1917; x_wconf 61' lang='lat' dir='ltr'>praefatum</span> <span class='ocrx_word' id='word_1_132' title='bbox 1486 1846 1882 1905; x_wconf 89' lang='lat' dir='ltr'>inestimabile</span> 
     </span>
    </p>
   </div>
   <div class='ocr_carea' id='block_1_21' title="bbox 192 1935 1879 2010">
    <p class='ocr_par' dir='ltr' id='par_1_21' title="bbox 192 1935 1879 2010">
     <span class='ocr_line' id='line_1_21' title="bbox 192 1935 1879 2010; baseline -0.005 -9"><span class='ocrx_word' id='word_1_133' title='bbox 192 1948 429 2002; x_wconf 88' lang='lat' dir='ltr'>donum</span> <span class='ocrx_word' id='word_1_134' title='bbox 471 1938 778 2010; x_wconf 87' lang='lat' dir='ltr'>acceperit,</span> <span class='ocrx_word' id='word_1_135' title='bbox 814 1953 953 1992; x_wconf 90' lang='lat' dir='ltr'>cum</span> <span class='ocrx_word' id='word_1_136' title='bbox 988 1935 1052 1990; x_wconf 91' lang='lat' dir='ltr'>in</span> <span class='ocrx_word' id='word_1_137' title='bbox 1096 1935 1400 1992; x_wconf 91' lang='lat' dir='ltr'>nonnullis</span> <span class='ocrx_word' id='word_1_138' title='bbox 1431 1937 1631 2004; x_wconf 87' lang='lat' dir='ltr'>rebus,</span> <span class='ocrx_word' id='word_1_139' title='bbox 1664 1940 1792 1993; x_wconf 89' lang='lat' dir='ltr'>tum</span> <span class='ocrx_word' id='word_1_140' title='bbox 1823 1938 1879 1992; x_wconf 88' lang='lat' dir='ltr'>in</span> 
     </span>
    </p>
   </div>
   <div class='ocr_carea' id='block_1_22' title="bbox 197 2024 1880 2105">
    <p class='ocr_par' dir='ltr' id='par_1_22' title="bbox 197 2024 1880 2105">
     <span class='ocr_line' id='line_1_22' title="bbox 197 2024 1880 2105; baseline -0.005 -15"><span class='ocrx_word' id='word_1_141' title='bbox 197 2035 316 2090; x_wconf 91' lang='lat' dir='ltr'>hoc</span> <span class='ocrx_word' id='word_1_142' title='bbox 349 2029 683 2105; x_wconf 75' lang='lat' dir='ltr'>przesertim</span> <span class='ocrx_word' id='word_1_143' title='bbox 714 2025 949 2092; x_wconf 85' lang='lat' dir='ltr'>claruit,</span> <span class='ocrx_word' id='word_1_144' title='bbox 982 2025 1136 2097; x_wconf 90' lang='lat' dir='ltr'>quod</span> <span class='ocrx_word' id='word_1_145' title='bbox 1170 2042 1284 2080; x_wconf 91' lang='lat' dir='ltr'>non</span> <span class='ocrx_word' id='word_1_146' title='bbox 1317 2024 1513 2081; x_wconf 90' lang='lat' dir='ltr'>solum</span> <span class='ocrx_word' id='word_1_147' title='bbox 1546 2042 1614 2082; x_wconf 90' lang='lat' dir='ltr'>eo</span> <span class='ocrx_word' id='word_1_148' title='bbox 1642 2028 1880 2082; x_wconf 88' lang='lat' dir='ltr'>dantem</span> 
     </span>
    </p>
   </div>
   <div class='ocr_carea' id='block_1_23' title="bbox 197 2114 1881 2191">
    <p class='ocr_par' dir='ltr' id='par_1_23' title="bbox 197 2114 1881 2191">
     <span class='ocr_line' id='line_1_23' title="bbox 197 2114 1881 2191; baseline -0.005 -11"><span class='ocrx_word' id='word_1_149' title='bbox 197 2140 261 2180; x_wconf 89' lang='lat' dir='ltr'>se</span> <span class='ocrx_word' id='word_1_150' title='bbox 294 2119 431 2177; x_wconf 85' lang='lat' dir='ltr'>auri</span> <span class='ocrx_word' id='word_1_151' title='bbox 464 2117 811 2191; x_wconf 90' lang='lat' dir='ltr'>argentique</span> <span class='ocrx_word' id='word_1_152' title='bbox 843 2114 1218 2182; x_wconf 87' lang='lat' dir='ltr'>muneribus,</span> <span class='ocrx_word' id='word_1_153' title='bbox 1253 2131 1456 2169; x_wconf 89' lang='lat' dir='ltr'>verum</span> <span class='ocrx_word' id='word_1_154' title='bbox 1506 2115 1684 2171; x_wconf 87' lang='lat' dir='ltr'>etiam</span> <span class='ocrx_word' id='word_1_155' title='bbox 1733 2117 1881 2172; x_wconf 83' lang='lat' dir='ltr'>Sue-</span> 
     </span>
    </p>
   </div>
   <div class='ocr_carea' id='block_1_24' title="bbox 197 2203 1882 2281">
    <p class='ocr_par' dir='ltr' id='par_1_24' title="bbox 197 2203 1882 2281">
     <span class='ocr_line' id='line_1_24' title="bbox 197 2203 1882 2281; baseline -0.004 -13"><span class='ocrx_word' id='word_1_156' title='bbox 197 2226 417 2268; x_wconf 86' lang='lat' dir='ltr'>verum</span> <span class='ocrx_word' id='word_1_157' title='bbox 450 2205 747 2281; x_wconf 90' lang='lat' dir='ltr'>provincie</span> <span class='ocrx_word' id='word_1_158' title='bbox 774 2207 942 2276; x_wconf 89' lang='lat' dir='ltr'>parte</span> <span class='ocrx_word' id='word_1_159' title='bbox 971 2220 1086 2258; x_wconf 90' lang='lat' dir='ltr'>non</span> <span class='ocrx_word' id='word_1_160' title='bbox 1120 2203 1369 2258; x_wconf 89' lang='lat' dir='ltr'>minima</span> <span class='ocrx_word' id='word_1_161' title='bbox 1390 2204 1882 2262; x_wconf 90' lang='lat' dir='ltr'>honoravit.Deus</span> 
     </span>
    </p>
   </div>
   <div class='ocr_carea' id='block_1_25' title="bbox 198 2292 1881 2369">
    <p class='ocr_par' dir='ltr' id='par_1_25' title="bbox 198 2292 1881 2369">
     <span class='ocr_line' id='line_1_25' title="bbox 198 2292 1881 2369; baseline -0.004 -12"><span class='ocrx_word' id='word_1_162' title='bbox 198 2295 543 2369; x_wconf 89' lang='lat' dir='ltr'>autem,qui</span> <span class='ocrx_word' id='word_1_163' title='bbox 577 2311 691 2367; x_wconf 91' lang='lat' dir='ltr'>quo</span> <span class='ocrx_word' id='word_1_164' title='bbox 724 2292 982 2366; x_wconf 91' lang='lat' dir='ltr'>quisque</span> <span class='ocrx_word' id='word_1_165' title='bbox 1013 2293 1153 2365; x_wconf 91' lang='lat' dir='ltr'>quid</span> <span class='ocrx_word' id='word_1_166' title='bbox 1188 2292 1387 2349; x_wconf 91' lang='lat' dir='ltr'>animo</span> <span class='ocrx_word' id='word_1_167' title='bbox 1419 2295 1881 2367; x_wconf 83' lang='lat' dir='ltr'>peragat,intue-</span> 
     </span>
    </p>
   </div>
   <div class='ocr_carea' id='block_1_26' title="bbox 200 2382 1880 2455">
    <p class='ocr_par' dir='ltr' id='par_1_26' title="bbox 200 2382 1880 2455">
     <span class='ocr_line' id='line_1_26' title="bbox 200 2382 1880 2455; baseline -0.004 -9"><span class='ocrx_word' id='word_1_168' title='bbox 200 2395 323 2455; x_wconf 88' lang='lat' dir='ltr'>tur,</span> <span class='ocrx_word' id='word_1_169' title='bbox 356 2403 479 2442; x_wconf 89' lang='lat' dir='ltr'>non</span> <span class='ocrx_word' id='word_1_170' title='bbox 516 2382 780 2439; x_wconf 89' lang='lat' dir='ltr'>muneris</span> <span class='ocrx_word' id='word_1_171' title='bbox 812 2382 1161 2455; x_wconf 85' lang='lat' dir='ltr'>quantitatis</span> <span class='ocrx_word' id='word_1_172' title='bbox 1202 2383 1303 2439; x_wconf 91' lang='lat' dir='ltr'>sed</span> <span class='ocrx_word' id='word_1_173' title='bbox 1353 2384 1520 2439; x_wconf 66' lang='lat' dir='ltr'>bona:</span> <span class='ocrx_word' id='word_1_174' title='bbox 1559 2383 1880 2441; x_wconf 85' lang='lat' dir='ltr'>voluntatis</span> 
     </span>
    </p>
   </div>
   <div class='ocr_carea' id='block_1_27' title="bbox 199 2470 1878 2549">
    <p class='ocr_par' dir='ltr' id='par_1_27' title="bbox 199 2470 1878 2549">
     <span class='ocr_line' id='line_1_27' title="bbox 199 2470 1878 2549; baseline -0.004 -15"><span class='ocrx_word' id='word_1_175' title='bbox 199 2478 515 2549; x_wconf 87' lang='lat' dir='ltr'>inspector</span> <span class='ocrx_word' id='word_1_176' title='bbox 542 2490 607 2529; x_wconf 91' lang='lat' dir='ltr'>ac</span> <span class='ocrx_word' id='word_1_177' title='bbox 639 2471 980 2539; x_wconf 89' lang='lat' dir='ltr'>retributor,</span> <span class='ocrx_word' id='word_1_178' title='bbox 1015 2475 1234 2543; x_wconf 90' lang='lat' dir='ltr'>quanta</span> <span class='ocrx_word' id='word_1_179' title='bbox 1264 2472 1335 2528; x_wconf 94' lang='lat' dir='ltr'>ob</span> <span class='ocrx_word' id='word_1_180' title='bbox 1367 2470 1731 2544; x_wconf 69' lang='lat' dir='ltr'>praelibatam</span> <span class='ocrx_word' id='word_1_181' title='bbox 1755 2490 1878 2528; x_wconf 91' lang='lat' dir='ltr'>rem</span> 
     </span>
    </p>
   </div>
   <div class='ocr_carea' id='block_1_28' title="bbox 200 2558 1875 2634">
    <p class='ocr_par' dir='ltr' id='par_1_28' title="bbox 200 2558 1875 2634">
     <span class='ocr_line' id='line_1_28' title="bbox 200 2558 1875 2634; baseline -0.004 -10"><span class='ocrx_word' id='word_1_182' title='bbox 200 2564 487 2623; x_wconf 88' lang='lat' dir='ltr'>mercede</span> <span class='ocrx_word' id='word_1_183' title='bbox 513 2566 726 2618; x_wconf 67' lang='lat' dir='ltr'>aeterno</span> <span class='ocrx_word' id='word_1_184' title='bbox 758 2561 820 2617; x_wconf 91' lang='lat' dir='ltr'>in</span> <span class='ocrx_word' id='word_1_185' title='bbox 852 2558 1064 2615; x_wconf 64' lang='lat' dir='ltr'>saeculo</span> <span class='ocrx_word' id='word_1_186' title='bbox 1111 2559 1272 2632; x_wconf 90' lang='lat' dir='ltr'>pium</span> <span class='ocrx_word' id='word_1_187' title='bbox 1306 2561 1608 2617; x_wconf 90' lang='lat' dir='ltr'>donaverit</span> <span class='ocrx_word' id='word_1_188' title='bbox 1657 2577 1875 2634; x_wconf 86' lang='lat' dir='ltr'>regem,</span> 
     </span>
    </p>
   </div>
   <div class='ocr_carea' id='block_1_29' title="bbox 200 2647 1874 2723">
    <p class='ocr_par' dir='ltr' id='par_1_29' title="bbox 200 2647 1874 2723">
     <span class='ocr_line' id='line_1_29' title="bbox 200 2647 1874 2723; baseline -0.004 -11"><span class='ocrx_word' id='word_1_189' title='bbox 200 2652 453 2712; x_wconf 86' lang='lat' dir='ltr'>indiciis</span> <span class='ocrx_word' id='word_1_190' title='bbox 485 2650 847 2722; x_wconf 80' lang='lat' dir='ltr'>quibusdam</span> <span class='ocrx_word' id='word_1_191' title='bbox 877 2647 987 2703; x_wconf 90' lang='lat' dir='ltr'>hoc</span> <span class='ocrx_word' id='word_1_192' title='bbox 1016 2648 1193 2703; x_wconf 88' lang='lat' dir='ltr'>etiam</span> <span class='ocrx_word' id='word_1_193' title='bbox 1224 2649 1280 2703; x_wconf 91' lang='lat' dir='ltr'>in</span> <span class='ocrx_word' id='word_1_194' title='bbox 1313 2653 1577 2722; x_wconf 89' lang='lat' dir='ltr'>tempore</span> <span class='ocrx_word' id='word_1_195' title='bbox 1597 2650 1874 2723; x_wconf 90' lang='lat' dir='ltr'>prodidit,</span> 
     </span>
    </p>
   </div>
   <div class='ocr_carea' id='block_1_30' title="bbox 200 2737 1875 2811">
    <p class='ocr_par' dir='ltr' id='par_1_30' title="bbox 200 2737 1875 2811">
     <span class='ocr_line' id='line_1_30' title="bbox 200 2737 1875 2811; baseline -0.004 -11"><span class='ocrx_word' id='word_1_196' title='bbox 200 2746 353 2801; x_wconf 88' lang='lat' dir='ltr'>dum</span> <span class='ocrx_word' id='word_1_197' title='bbox 381 2743 589 2797; x_wconf 85' lang='lat' dir='ltr'>contra</span> <span class='ocrx_word' id='word_1_198' title='bbox 613 2755 675 2795; x_wconf 91' lang='lat' dir='ltr'>se</span> <span class='ocrx_word' id='word_1_199' title='bbox 705 2740 1083 2811; x_wconf 85' lang='lat' dir='ltr'>insurgentes</span> <span class='ocrx_word' id='word_1_200' title='bbox 1113 2737 1221 2793; x_wconf 89' lang='lat' dir='ltr'>hoc</span> <span class='ocrx_word' id='word_1_201' title='bbox 1252 2737 1581 2794; x_wconf 83' lang='lat' dir='ltr'>victorifero</span> <span class='ocrx_word' id='word_1_202' title='bbox 1611 2756 1875 2811; x_wconf 69' lang='lat' dir='ltr'>prweun-</span> 
     </span>
    </p>
   </div>
   <div class='ocr_carea' id='block_1_31' title="bbox 198 2826 1875 2904">
    <p class='ocr_par' dir='ltr' id='par_1_31' title="bbox 198 2826 1875 2904">
     <span class='ocr_line' id='line_1_31' title="bbox 198 2826 1875 2904; baseline -0.004 -14"><span class='ocrx_word' id='word_1_203' title='bbox 198 2839 262 2890; x_wconf 86' lang='lat' dir='ltr'>te</span> <span class='ocrx_word' id='word_1_204' title='bbox 315 2833 495 2904; x_wconf 91' lang='lat' dir='ltr'>signo</span> <span class='ocrx_word' id='word_1_205' title='bbox 542 2844 774 2901; x_wconf 86' lang='lat' dir='ltr'>semper</span> <span class='ocrx_word' id='word_1_206' title='bbox 817 2827 1018 2882; x_wconf 88' lang='lat' dir='ltr'>hostes</span> <span class='ocrx_word' id='word_1_207' title='bbox 1045 2826 1250 2882; x_wconf 89' lang='lat' dir='ltr'>terruit</span> <span class='ocrx_word' id='word_1_208' title='bbox 1281 2831 1453 2900; x_wconf 86' lang='lat' dir='ltr'>atque</span> <span class='ocrx_word' id='word_1_209' title='bbox 1483 2828 1723 2900; x_wconf 84' lang='lat' dir='ltr'>fugavit.</span> <span class='ocrx_word' id='word_1_210' title='bbox 1756 2829 1875 2884; x_wconf 91' lang='lat' dir='ltr'>Hac</span> 
     </span>
    </p>
   </div>
   <div class='ocr_carea' id='block_1_32' title="bbox 202 2914 1876 2995">
    <p class='ocr_par' dir='ltr' id='par_1_32' title="bbox 202 2914 1876 2995">
     <span class='ocr_line' id='line_1_32' title="bbox 202 2914 1876 2995; baseline -0.003 -18"><span class='ocrx_word' id='word_1_211' title='bbox 202 2921 401 2995; x_wconf 83' lang='lat' dir='ltr'>igitur</span> <span class='ocrx_word' id='word_1_212' title='bbox 428 2916 752 2984; x_wconf 73' lang='lat' dir='ltr'>occasione,</span> <span class='ocrx_word' id='word_1_213' title='bbox 785 2915 968 2971; x_wconf 90' lang='lat' dir='ltr'>immo</span> <span class='ocrx_word' id='word_1_214' title='bbox 998 2915 1097 2971; x_wconf 89' lang='lat' dir='ltr'>Dei</span> <span class='ocrx_word' id='word_1_215' title='bbox 1129 2914 1445 2987; x_wconf 81' lang='lat' dir='ltr'>voluntate,</span> <span class='ocrx_word' id='word_1_216' title='bbox 1480 2921 1745 2973; x_wconf 89' lang='lat' dir='ltr'>sanctam</span> <span class='ocrx_word' id='word_1_217' title='bbox 1777 2934 1876 2974; x_wconf 89' lang='lat' dir='ltr'>rex</span> 
     </span>
    </p>
   </div>
   <div class='ocr_carea' id='block_1_33' title="bbox 203 3004 1871 3078">
    <p class='ocr_par' dir='ltr' id='par_1_33' title="bbox 203 3004 1871 3078">
     <span class='ocr_line' id='line_1_33' title="bbox 203 3004 1871 3078; baseline -0.002 -11"><span class='ocrx_word' id='word_1_218' title='bbox 203 3008 530 3067; x_wconf 82' lang='lat' dir='ltr'>Heinricus</span> <span class='ocrx_word' id='word_1_219' title='bbox 562 3005 905 3078; x_wconf 89' lang='lat' dir='ltr'>rompheam</span> <span class='ocrx_word' id='word_1_220' title='bbox 938 3004 1182 3077; x_wconf 84' lang='lat' dir='ltr'>adeptus</span> <span class='ocrx_word' id='word_1_221' title='bbox 1213 3009 1337 3073; x_wconf 88' lang='lat' dir='ltr'>est;</span> <span class='ocrx_word' id='word_1_222' title='bbox 1370 3022 1548 3077; x_wconf 89' lang='lat' dir='ltr'>quam</span> <span class='ocrx_word' id='word_1_223' title='bbox 1592 3005 1712 3062; x_wconf 85' lang='lat' dir='ltr'>ﬁlio</span> <span class='ocrx_word' id='word_1_224' title='bbox 1743 3023 1871 3076; x_wconf 88' lang='lat' dir='ltr'>suo,</span> 
     </span>
    </p>
   </div>
   <div class='ocr_carea' id='block_1_34' title="bbox 203 3094 1875 3173">
    <p class='ocr_par' dir='ltr' id='par_1_34' title="bbox 203 3094 1875 3173">
     <span class='ocr_line' id='line_1_34' title="bbox 203 3094 1875 3173; baseline -0.002 -17"><span class='ocrx_word' id='word_1_225' title='bbox 203 3102 284 3156; x_wconf 88' lang='lat' dir='ltr'>de</span> <span class='ocrx_word' id='word_1_226' title='bbox 308 3114 431 3173; x_wconf 89' lang='lat' dir='ltr'>quo</span> <span class='ocrx_word' id='word_1_227' title='bbox 443 3097 515 3133; x_wconf 78' lang='grc'>³⁰⁸</span> <span class='ocrx_word' id='word_1_228' title='bbox 541 3094 1048 3170; x_wconf 67' lang='grc' dir='ltr'>ἱηρῐυεεεθῐιιίωιυω</span> <span class='ocrx_word' id='word_1_229' title='bbox 1080 3094 1248 3150; x_wconf 88' lang='lat' dir='ltr'>nobis</span> <span class='ocrx_word' id='word_1_230' title='bbox 1273 3111 1466 3150; x_wconf 88' lang='lat' dir='ltr'>sermo</span> <span class='ocrx_word' id='word_1_231' title='bbox 1483 3098 1572 3151; x_wconf 91' lang='lat' dir='ltr'>est</span> <span class='ocrx_word' id='word_1_232' title='bbox 1588 3096 1875 3153; x_wconf 90' lang='lat' dir='ltr'>decedens</span> 
     </span>
    </p>
   </div>
   <div class='ocr_carea' id='block_1_35' title="bbox 1996 516 3645 595">
    <p class='ocr_par' dir='ltr' id='par_1_35' title="bbox 1996 516 3645 595">
     <span class='ocr_line' id='line_1_35' title="bbox 1996 516 3645 595; baseline 0.005 -25"><span class='ocrx_word' id='word_1_233' title='bbox 1996 516 2488 584; x_wconf 86' lang='lat' dir='ltr'>credis;omnibus</span> <span class='ocrx_word' id='word_1_234' title='bbox 2522 524 2713 577; x_wconf 89' lang='lat' dir='ltr'>tamen</span> <span class='ocrx_word' id='word_1_235' title='bbox 2749 520 3189 595; x_wconf 89' lang='lat' dir='ltr'>condiscipulis,</span> <span class='ocrx_word' id='word_1_236' title='bbox 3215 522 3645 594; x_wconf 85' lang='lat' dir='ltr'>quibusjanuis</span> 
     </span>
    </p>
   </div>
   <div class='ocr_carea' id='block_1_36' title="bbox 1996 604 3648 682">
    <p class='ocr_par' dir='ltr' id='par_1_36' title="bbox 1996 604 3648 682">
     <span class='ocr_line' id='line_1_36' title="bbox 1996 604 3648 682; baseline 0.005 -24"><span class='ocrx_word' id='word_1_237' title='bbox 1996 604 2212 663; x_wconf 88' lang='lat' dir='ltr'>clausis</span> <span class='ocrx_word' id='word_1_238' title='bbox 2266 609 2557 681; x_wconf 87' lang='lat' dir='ltr'>apparuit,</span> <span class='ocrx_word' id='word_1_239' title='bbox 2607 611 2748 682; x_wconf 91' lang='lat' dir='ltr'>quid</span> <span class='ocrx_word' id='word_1_240' title='bbox 2796 611 2973 667; x_wconf 88' lang='lat' dir='ltr'>ﬁdem</span> <span class='ocrx_word' id='word_1_241' title='bbox 3029 628 3145 666; x_wconf 91' lang='lat' dir='ltr'>non</span> <span class='ocrx_word' id='word_1_242' title='bbox 3193 610 3468 667; x_wconf 89' lang='lat' dir='ltr'>adhibere</span> <span class='ocrx_word' id='word_1_243' title='bbox 3516 628 3648 666; x_wconf 89' lang='lat' dir='ltr'>con-</span> 
     </span>
    </p>
   </div>
   <div class='ocr_carea' id='block_1_37' title="bbox 1996 695 3644 772">
    <p class='ocr_par' dir='ltr' id='par_1_37' title="bbox 1996 695 3644 772">
     <span class='ocr_line' id='line_1_37' title="bbox 1996 695 3644 772; baseline 0.004 -24"><span class='ocrx_word' id='word_1_244' title='bbox 1996 695 2234 751; x_wconf 87' lang='lat' dir='ltr'>tendis?</span> <span class='ocrx_word' id='word_1_245' title='bbox 2263 696 2676 767; x_wconf 90' lang='lat' dir='ltr'>Meministine,</span> <span class='ocrx_word' id='word_1_246' title='bbox 2731 699 2994 772; x_wconf 90' lang='lat' dir='ltr'>inquam,</span> <span class='ocrx_word' id='word_1_247' title='bbox 3028 699 3282 755; x_wconf 89' lang='lat' dir='ltr'>eundem</span> <span class='ocrx_word' id='word_1_248' title='bbox 3328 698 3644 755; x_wconf 90' lang='lat' dir='ltr'>Dominum</span> 
     </span>
    </p>
   </div>
   <div class='ocr_carea' id='block_1_38' title="bbox 1997 786 3645 859">
    <p class='ocr_par' dir='ltr' id='par_1_38' title="bbox 1997 786 3645 859">
     <span class='ocr_line' id='line_1_38' title="bbox 1997 786 3645 859; baseline 0.004 -23"><span class='ocrx_word' id='word_1_249' title='bbox 1997 786 2055 837; x_wconf 89' lang='lat' dir='ltr'>et</span> <span class='ocrx_word' id='word_1_250' title='bbox 2084 790 2496 857; x_wconf 76' lang='lat' dir='ltr'>przeceptorem</span> <span class='ocrx_word' id='word_1_251' title='bbox 2525 792 2716 856; x_wconf 90' lang='lat' dir='ltr'>tuum,</span> <span class='ocrx_word' id='word_1_252' title='bbox 2752 788 2843 843; x_wconf 90' lang='lat' dir='ltr'>cui</span> <span class='ocrx_word' id='word_1_253' title='bbox 2894 793 2949 844; x_wconf 89' lang='lat' dir='ltr'>te</span> <span class='ocrx_word' id='word_1_254' title='bbox 2980 787 3463 843; x_wconf 88' lang='lat' dir='ltr'>commoriturum</span> <span class='ocrx_word' id='word_1_255' title='bbox 3510 803 3645 859; x_wconf 85' lang='lat' dir='ltr'>pro-</span> 
     </span>
    </p>
   </div>
   <div class='ocr_carea' id='block_1_39' title="bbox 1998 871 3648 947">
    <p class='ocr_par' dir='ltr' id='par_1_39' title="bbox 1998 871 3648 947">
     <span class='ocr_line' id='line_1_39' title="bbox 1998 871 3648 947; baseline 0.004 -22"><span class='ocrx_word' id='word_1_256' title='bbox 1998 871 2294 941; x_wconf 83' lang='lat' dir='ltr'>mittebas,</span> <span class='ocrx_word' id='word_1_257' title='bbox 2337 879 2471 930; x_wconf 88' lang='lat' dir='ltr'>ante</span> <span class='ocrx_word' id='word_1_258' title='bbox 2504 876 2833 946; x_wconf 86' lang='lat' dir='ltr'>passionem</span> <span class='ocrx_word' id='word_1_259' title='bbox 2885 876 3005 932; x_wconf 68' lang='lat' dir='ltr'>haec</span> <span class='ocrx_word' id='word_1_260' title='bbox 3034 875 3231 931; x_wconf 90' lang='lat' dir='ltr'>omnia</span> <span class='ocrx_word' id='word_1_261' title='bbox 3260 874 3598 947; x_wconf 68' lang='lat' dir='ltr'>praedixisse</span> <span class='ocrx_word' id='word_1_262' title='bbox 3618 876 3648 930; x_wconf 85' lang='lat'><strong>?</strong></span> 
     </span>
    </p>
   </div>
   <div class='ocr_carea' id='block_1_40' title="bbox 1995 960 3649 1034">
    <p class='ocr_par' dir='ltr' id='par_1_40' title="bbox 1995 960 3649 1034">
     <span class='ocr_line' id='line_1_40' title="bbox 1995 960 3649 1034; baseline 0.003 -20"><span class='ocrx_word' id='word_1_263' title='bbox 1995 960 2090 1015; x_wconf 89' lang='lat' dir='ltr'>Ait</span> <span class='ocrx_word' id='word_1_264' title='bbox 2115 978 2366 1034; x_wconf 89' lang='lat' dir='ltr'>namque</span> <span class='ocrx_word' id='word_1_265' title='bbox 2398 980 2410 1018; x_wconf 90' lang='lat'><strong>:</strong></span> <span class='ocrx_word' id='word_1_266' title='bbox 2441 986 2469 1013; x_wconf 88' lang='grc'>‹‹</span> <span class='ocrx_word' id='word_1_267' title='bbox 2504 964 2642 1019; x_wconf 90' lang='lat' dir='ltr'>Ecce</span> <span class='ocrx_word' id='word_1_268' title='bbox 2674 965 3057 1020; x_wconf 88' lang='lat' dir='ltr'>ascendimus</span> <span class='ocrx_word' id='word_1_269' title='bbox 3081 963 3558 1034; x_wconf 86' lang='lat' dir='ltr'>Jherosolimam,</span> <span class='ocrx_word' id='word_1_270' title='bbox 3589 967 3649 1019; x_wconf 91' lang='lat' dir='ltr'>et</span> 
     </span>
    </p>
   </div>
   <div class='ocr_carea' id='block_1_41' title="bbox 1998 1052 3646 1124">
    <p class='ocr_par' dir='ltr' id='par_1_41' title="bbox 1998 1052 3646 1124">
     <span class='ocr_line' id='line_1_41' title="bbox 1998 1052 3646 1124; baseline 0.002 -20"><span class='ocrx_word' id='word_1_271' title='bbox 1998 1052 2568 1108; x_wconf 88' lang='lat' dir='ltr'>consummabuntur</span> <span class='ocrx_word' id='word_1_272' title='bbox 2596 1053 2794 1107; x_wconf 89' lang='lat' dir='ltr'>omnia</span> <span class='ocrx_word' id='word_1_273' title='bbox 2816 1070 2943 1124; x_wconf 73' lang='lat' dir='ltr'>quae</span> <span class='ocrx_word' id='word_1_274' title='bbox 2977 1052 3192 1124; x_wconf 88' lang='lat' dir='ltr'>scripta</span> <span class='ocrx_word' id='word_1_275' title='bbox 3218 1055 3356 1109; x_wconf 88' lang='lat' dir='ltr'>sunt</span> <span class='ocrx_word' id='word_1_276' title='bbox 3387 1069 3490 1124; x_wconf 92' lang='lat' dir='ltr'>per</span> <span class='ocrx_word' id='word_1_277' title='bbox 3510 1068 3646 1123; x_wconf 83' lang='lat' dir='ltr'>pro-</span> 
     </span>
    </p>
   </div>
   <div class='ocr_carea' id='block_1_42' title="bbox 1995 1138 3644 1213">
    <p class='ocr_par' dir='ltr' id='par_1_42' title="bbox 1995 1138 3644 1213">
     <span class='ocr_line' id='line_1_42' title="bbox 1995 1138 3644 1213; baseline 0.002 -21"><span class='ocrx_word' id='word_1_278' title='bbox 1995 1138 2204 1209; x_wconf 86' lang='lat' dir='ltr'>phetas</span> <span class='ocrx_word' id='word_1_279' title='bbox 2235 1140 2305 1195; x_wconf 92' lang='lat' dir='ltr'>de</span> <span class='ocrx_word' id='word_1_280' title='bbox 2337 1139 2455 1194; x_wconf 85' lang='lat' dir='ltr'>ﬁlio</span> <span class='ocrx_word' id='word_1_281' title='bbox 2504 1140 2781 1196; x_wconf 88' lang='lat' dir='ltr'>hominis.</span> <span class='ocrx_word' id='word_1_282' title='bbox 2817 1141 3104 1195; x_wconf 85' lang='lat' dir='ltr'>Tradetur</span> <span class='ocrx_word' id='word_1_283' title='bbox 3146 1140 3303 1196; x_wconf 91' lang='lat' dir='ltr'>enim</span> <span class='ocrx_word' id='word_1_284' title='bbox 3347 1139 3644 1213; x_wconf 88' lang='lat' dir='ltr'>gentibus,</span> 
     </span>
    </p>
   </div>
   <div class='ocr_carea' id='block_1_43' title="bbox 1994 1225 3648 1301">
    <p class='ocr_par' dir='ltr' id='par_1_43' title="bbox 1994 1225 3648 1301">
     <span class='ocr_line' id='line_1_43' title="bbox 1994 1225 3648 1301; baseline 0.002 -20"><span class='ocrx_word' id='word_1_285' title='bbox 1994 1231 2050 1282; x_wconf 89' lang='lat' dir='ltr'>et</span> <span class='ocrx_word' id='word_1_286' title='bbox 2106 1225 2405 1296; x_wconf 86' lang='lat' dir='ltr'>illudetur,</span> <span class='ocrx_word' id='word_1_287' title='bbox 2464 1233 2523 1284; x_wconf 88' lang='lat' dir='ltr'>et</span> <span class='ocrx_word' id='word_1_288' title='bbox 2582 1229 2990 1301; x_wconf 85' lang='lat' dir='ltr'>ﬂagellabitur,</span> <span class='ocrx_word' id='word_1_289' title='bbox 3044 1233 3103 1284; x_wconf 87' lang='lat' dir='ltr'>et</span> <span class='ocrx_word' id='word_1_290' title='bbox 3159 1233 3539 1301; x_wconf 86' lang='lat' dir='ltr'>conspuetur.</span> <span class='ocrx_word' id='word_1_291' title='bbox 3589 1233 3648 1285; x_wconf 90' lang='lat' dir='ltr'>et</span> 
     </span>
    </p>
   </div>
   <div class='ocr_carea' id='block_1_44' title="bbox 1994 1317 3647 1391">
    <p class='ocr_par' dir='ltr' id='par_1_44' title="bbox 1994 1317 3647 1391">
     <span class='ocr_line' id='line_1_44' title="bbox 1994 1317 3647 1391; baseline 0.002 -21"><span class='ocrx_word' id='word_1_292' title='bbox 1994 1320 2305 1388; x_wconf 86' lang='lat' dir='ltr'>postquam</span> <span class='ocrx_word' id='word_1_293' title='bbox 2338 1317 2774 1391; x_wconf 84' lang='lat' dir='ltr'>ﬂagellaverint,</span> <span class='ocrx_word' id='word_1_294' title='bbox 2810 1318 3077 1374; x_wconf 85' lang='lat' dir='ltr'>occident</span> <span class='ocrx_word' id='word_1_295' title='bbox 3105 1334 3262 1386; x_wconf 87' lang='lat' dir='ltr'>eum,</span> <span class='ocrx_word' id='word_1_296' title='bbox 3296 1323 3354 1373; x_wconf 90' lang='lat' dir='ltr'>et</span> <span class='ocrx_word' id='word_1_297' title='bbox 3391 1317 3485 1375; x_wconf 90' lang='lat' dir='ltr'>die</span> <span class='ocrx_word' id='word_1_298' title='bbox 3526 1321 3647 1374; x_wconf 89' lang='lat' dir='ltr'>ter-</span> 
     </span>
    </p>
   </div>
   <div class='ocr_carea' id='block_1_45' title="bbox 1992 1404 3646 1479">
    <p class='ocr_par' dir='ltr' id='par_1_45' title="bbox 1992 1404 3646 1479">
     <span class='ocr_line' id='line_1_45' title="bbox 1992 1404 3646 1479; baseline 0.003 -20"><span class='ocrx_word' id='word_1_299' title='bbox 1992 1404 2082 1459; x_wconf 87' lang='lat' dir='ltr'>cia</span> <span class='ocrx_word' id='word_1_300' title='bbox 2137 1411 2403 1478; x_wconf 87' lang='lat' dir='ltr'>resurget</span> <span class='ocrx_word' id='word_1_301' title='bbox 2466 1408 2615 1477; x_wconf 74' lang='lat' dir='ltr'>(Lur.</span> <span class='ocrx_word' id='word_1_302' title='bbox 2675 1426 2835 1473; x_wconf 83' lang='lat' dir='ltr'>xvm,</span> <span class='ocrx_word' id='word_1_303' title='bbox 2902 1408 3017 1478; x_wconf 89' lang='lat'>3|).</span> <span class='ocrx_word' id='word_1_304' title='bbox 3087 1408 3201 1463; x_wconf 92' lang='lat' dir='ltr'>Cur</span> <span class='ocrx_word' id='word_1_305' title='bbox 3251 1406 3450 1479; x_wconf 86' lang='lat' dir='ltr'>itaque</span> <span class='ocrx_word' id='word_1_306' title='bbox 3508 1424 3646 1464; x_wconf 89' lang='lat' dir='ltr'>eum</span> 
     </span>
    </p>
   </div>
   <div class='ocr_carea' id='block_1_46' title="bbox 1991 1495 3649 1567">
    <p class='ocr_par' dir='ltr' id='par_1_46' title="bbox 1991 1495 3649 1567">
     <span class='ocr_line' id='line_1_46' title="bbox 1991 1495 3649 1567; baseline 0.002 -19"><span class='ocrx_word' id='word_1_307' title='bbox 1991 1495 2381 1551; x_wconf 89' lang='lat' dir='ltr'>resurrexisse</span> <span class='ocrx_word' id='word_1_308' title='bbox 2411 1496 2670 1561; x_wconf 87' lang='lat' dir='ltr'>dubitas,</span> <span class='ocrx_word' id='word_1_309' title='bbox 2707 1513 2840 1550; x_wconf 91' lang='lat' dir='ltr'>cum</span> <span class='ocrx_word' id='word_1_310' title='bbox 2885 1496 3161 1567; x_wconf 87' lang='lat' dir='ltr'>gentibus</span> <span class='ocrx_word' id='word_1_311' title='bbox 3208 1495 3514 1564; x_wconf 89' lang='lat' dir='ltr'>traditum,</span> <span class='ocrx_word' id='word_1_312' title='bbox 3546 1496 3649 1552; x_wconf 86' lang='lat' dir='ltr'>ﬂa-</span> 
     </span>
    </p>
   </div>
   <div class='ocr_carea' id='block_1_47' title="bbox 1990 1582 3645 1657">
    <p class='ocr_par' dir='ltr' id='par_1_47' title="bbox 1990 1582 3645 1657">
     <span class='ocr_line' id='line_1_47' title="bbox 1990 1582 3645 1657; baseline 0.002 -21"><span class='ocrx_word' id='word_1_313' title='bbox 1990 1582 2291 1653; x_wconf 86' lang='lat' dir='ltr'>gellatum,</span> <span class='ocrx_word' id='word_1_314' title='bbox 2338 1589 2716 1657; x_wconf 82' lang='lat' dir='ltr'>consputum,</span> <span class='ocrx_word' id='word_1_315' title='bbox 2751 1585 3119 1650; x_wconf 82' lang='lat' dir='ltr'>cruciﬁxum,</span> <span class='ocrx_word' id='word_1_316' title='bbox 3170 1582 3325 1639; x_wconf 90' lang='lat' dir='ltr'>sicut</span> <span class='ocrx_word' id='word_1_317' title='bbox 3365 1585 3645 1655; x_wconf 69' lang='lat' dir='ltr'>praedixe-</span> 
     </span>
    </p>
   </div>
   <div class='ocr_carea' id='block_1_48' title="bbox 1991 1671 3644 1742">
    <p class='ocr_par' dir='ltr' id='par_1_48' title="bbox 1991 1671 3644 1742">
     <span class='ocr_line' id='line_1_48' title="bbox 1991 1671 3644 1742; baseline 0.002 -17"><span class='ocrx_word' id='word_1_318' title='bbox 1991 1672 2390 1739; x_wconf 86' lang='lat' dir='ltr'>rat,-videas?</span> <span class='ocrx_word' id='word_1_319' title='bbox 2439 1673 2605 1727; x_wconf 88' lang='lat' dir='ltr'>Haud</span> <span class='ocrx_word' id='word_1_320' title='bbox 2651 1673 2723 1727; x_wconf 87' lang='lat' dir='ltr'>ab</span> <span class='ocrx_word' id='word_1_321' title='bbox 2767 1689 2827 1727; x_wconf 90' lang='lat' dir='ltr'>rc</span> <span class='ocrx_word' id='word_1_322' title='bbox 2874 1676 2982 1738; x_wconf 91' lang='lat' dir='ltr'>est,</span> <span class='ocrx_word' id='word_1_323' title='bbox 3028 1672 3186 1742; x_wconf 91' lang='lat' dir='ltr'>quod</span> <span class='ocrx_word' id='word_1_324' title='bbox 3239 1671 3424 1728; x_wconf 88' lang='lat' dir='ltr'>Deum</span> <span class='ocrx_word' id='word_1_325' title='bbox 3471 1676 3644 1728; x_wconf 91' lang='lat' dir='ltr'>tuum</span> 
     </span>
    </p>
   </div>
   <div class='ocr_carea' id='block_1_49' title="bbox 1992 1759 3646 1833">
    <p class='ocr_par' dir='ltr' id='par_1_49' title="bbox 1992 1759 3646 1833">
     <span class='ocr_line' id='line_1_49' title="bbox 1992 1759 3646 1833; baseline 0.002 -19"><span class='ocrx_word' id='word_1_326' title='bbox 1992 1761 2265 1816; x_wconf 87' lang='lat' dir='ltr'>manibus</span> <span class='ocrx_word' id='word_1_327' title='bbox 2298 1760 2551 1833; x_wconf 90' lang='lat' dir='ltr'>propriis</span> <span class='ocrx_word' id='word_1_328' title='bbox 2592 1765 2841 1816; x_wconf 85' lang='lat' dir='ltr'>tractare</span> <span class='ocrx_word' id='word_1_329' title='bbox 2872 1759 3199 1815; x_wconf 83' lang='lat' dir='ltr'>contendis.</span> <span class='ocrx_word' id='word_1_330' title='bbox 3230 1760 3358 1833; x_wconf 90' lang='lat' dir='ltr'>Ipse</span> <span class='ocrx_word' id='word_1_331' title='bbox 3386 1777 3646 1833; x_wconf 89' lang='lat' dir='ltr'>namque</span> 
     </span>
    </p>
   </div>
   <div class='ocr_carea' id='block_1_50' title="bbox 1992 1849 3645 1922">
    <p class='ocr_par' dir='ltr' id='par_1_50' title="bbox 1992 1849 3645 1922">
     <span class='ocr_line' id='line_1_50' title="bbox 1992 1849 3645 1922; baseline 0.002 -19"><span class='ocrx_word' id='word_1_332' title='bbox 1992 1866 2090 1905; x_wconf 88' lang='lat' dir='ltr'>rex</span> <span class='ocrx_word' id='word_1_333' title='bbox 2115 1853 2332 1917; x_wconf 89' lang='lat' dir='ltr'>noster,</span> <span class='ocrx_word' id='word_1_334' title='bbox 2369 1850 2471 1922; x_wconf 90' lang='lat' dir='ltr'>qui</span> <span class='ocrx_word' id='word_1_335' title='bbox 2501 1855 2637 1905; x_wconf 91' lang='lat' dir='ltr'>ante</span> <span class='ocrx_word' id='word_1_336' title='bbox 2679 1849 2894 1905; x_wconf 76' lang='lat' dir='ltr'>smcula</span> <span class='ocrx_word' id='word_1_337' title='bbox 2941 1851 3215 1920; x_wconf 85' lang='lat' dir='ltr'>cperatus</span> <span class='ocrx_word' id='word_1_338' title='bbox 3257 1853 3346 1905; x_wconf 90' lang='lat' dir='ltr'>est</span> <span class='ocrx_word' id='word_1_339' title='bbox 3391 1849 3645 1906; x_wconf 87' lang='lat' dir='ltr'>salutem</span> 
     </span>
    </p>
   </div>
   <div class='ocr_carea' id='block_1_51' title="bbox 1992 1937 3648 2011">
    <p class='ocr_par' dir='ltr' id='par_1_51' title="bbox 1992 1937 3648 2011">
     <span class='ocr_line' id='line_1_51' title="bbox 1992 1937 3648 2011; baseline 0.001 -19"><span class='ocrx_word' id='word_1_340' title='bbox 1992 1938 2050 1993; x_wconf 90' lang='lat' dir='ltr'>in</span> <span class='ocrx_word' id='word_1_341' title='bbox 2085 1939 2276 1994; x_wconf 90' lang='lat' dir='ltr'>medio</span> <span class='ocrx_word' id='word_1_342' title='bbox 2308 1943 2473 1994; x_wconf 72' lang='lat' dir='ltr'>terra:</span> <span class='ocrx_word' id='word_1_343' title='bbox 2506 1940 2678 2011; x_wconf 81' lang='lat' dir='ltr'>(Psal.</span> <span class='ocrx_word' id='word_1_344' title='bbox 2723 1955 2916 2004; x_wconf 85' lang='lat' dir='ltr'>Lxxm,</span> <span class='ocrx_word' id='word_1_345' title='bbox 2954 1938 3061 2009; x_wconf 82' lang='lat' dir='ltr'>l2),</span> <span class='ocrx_word' id='word_1_346' title='bbox 3094 1937 3196 2008; x_wconf 90' lang='lat' dir='ltr'>qui</span> <span class='ocrx_word' id='word_1_347' title='bbox 3245 1937 3404 1993; x_wconf 90' lang='lat' dir='ltr'>novit</span> <span class='ocrx_word' id='word_1_348' title='bbox 3445 1938 3648 1994; x_wconf 91' lang='lat' dir='ltr'>omnia</span> 
     </span>
    </p>
   </div>
   <div class='ocr_carea' id='block_1_52' title="bbox 1992 2024 3649 2099">
    <p class='ocr_par' dir='ltr' id='par_1_52' title="bbox 1992 2024 3649 2099">
     <span class='ocr_line' id='line_1_52' title="bbox 1992 2024 3649 2099; baseline 0.002 -19"><span class='ocrx_word' id='word_1_349' title='bbox 1992 2031 2305 2099; x_wconf 88' lang='lat' dir='ltr'>antequam</span> <span class='ocrx_word' id='word_1_350' title='bbox 2338 2027 2501 2095; x_wconf 87' lang='lat' dir='ltr'>ﬁant,</span> <span class='ocrx_word' id='word_1_351' title='bbox 2538 2026 2761 2082; x_wconf 90' lang='lat' dir='ltr'>multos</span> <span class='ocrx_word' id='word_1_352' title='bbox 2788 2025 3129 2097; x_wconf 66' lang='lat' dir='ltr'>praeviderat</span> <span class='ocrx_word' id='word_1_353' title='bbox 3160 2024 3269 2081; x_wconf 89' lang='lat' dir='ltr'>hoc</span> <span class='ocrx_word' id='word_1_354' title='bbox 3300 2043 3492 2082; x_wconf 91' lang='lat' dir='ltr'>errore</span> <span class='ocrx_word' id='word_1_355' title='bbox 3521 2044 3649 2099; x_wconf 90' lang='lat' dir='ltr'>per-</span> 
     </span>
    </p>
   </div>
   <div class='ocr_carea' id='block_1_53' title="bbox 1992 2102 3643 2186">
    <p class='ocr_par' dir='ltr' id='par_1_53' title="bbox 1992 2102 3643 2186">
     <span class='ocr_line' id='line_1_53' title="bbox 1992 2102 3643 2186; baseline 0.002 -17"><span class='ocrx_word' id='word_1_356' title='bbox 1992 2114 2198 2183; x_wconf 72' lang='lat' dir='ltr'>ituros,</span> <span class='ocrx_word' id='word_1_357' title='bbox 2254 2119 2320 2170; x_wconf 87' lang='lat' dir='ltr'>ut</span> <span class='ocrx_word' id='word_1_358' title='bbox 2367 2121 2476 2182; x_wconf 89' lang='lat' dir='ltr'>est,</span> <span class='ocrx_word' id='word_1_359' title='bbox 2532 2114 2869 2169; x_wconf 88' lang='lat' dir='ltr'>misericors</span> <span class='ocrx_word' id='word_1_360' title='bbox 2927 2119 2983 2168; x_wconf 90' lang='lat' dir='ltr'>et</span> <span class='ocrx_word' id='word_1_361' title='bbox 3034 2112 3340 2171; x_wconf 89' lang='lat' dir='ltr'>clemens:</span> <span class='ocrx_word' id='word_1_362' title='bbox 3390 2137 3418 2166; x_wconf 86' lang='lat'><strong>«</strong></span> <span class='ocrx_word' id='word_1_363' title='bbox 3467 2102 3643 2186; x_wconf 79' lang='lat' dir='ltr'>Infer,</span> 
     </span>
    </p>
   </div>
   <div class='ocr_carea' id='block_1_54' title="bbox 1993 2202 3647 2276">
    <p class='ocr_par' dir='ltr' id='par_1_54' title="bbox 1993 2202 3647 2276">
     <span class='ocr_line' id='line_1_54' title="bbox 1993 2202 3647 2276; baseline 0.004 -20"><span class='ocrx_word' id='word_1_364' title='bbox 1993 2203 2092 2271; x_wconf 87' lang='lat' dir='ltr'>ait,</span> <span class='ocrx_word' id='word_1_365' title='bbox 2127 2202 2372 2276; x_wconf 86' lang='lat' dir='ltr'>dignum</span> <span class='ocrx_word' id='word_1_366' title='bbox 2408 2204 2544 2270; x_wconf 88' lang='lat' dir='ltr'>huc,</span> <span class='ocrx_word' id='word_1_367' title='bbox 2578 2209 2636 2257; x_wconf 87' lang='lat' dir='ltr'>et</span> <span class='ocrx_word' id='word_1_368' title='bbox 2684 2202 2849 2256; x_wconf 88' lang='lat' dir='ltr'>mitte</span> <span class='ocrx_word' id='word_1_369' title='bbox 2898 2219 3137 2257; x_wconf 88' lang='lat' dir='ltr'>manum</span> <span class='ocrx_word' id='word_1_370' title='bbox 3186 2208 3348 2259; x_wconf 87' lang='lat' dir='ltr'>tuam</span> <span class='ocrx_word' id='word_1_371' title='bbox 3398 2204 3458 2259; x_wconf 92' lang='lat' dir='ltr'>in</span> <span class='ocrx_word' id='word_1_372' title='bbox 3488 2203 3647 2263; x_wconf 90' lang='lat' dir='ltr'>latus</span> 
     </span>
    </p>
   </div>
   <div class='ocr_carea' id='block_1_55' title="bbox 1993 2290 3642 2365">
    <p class='ocr_par' dir='ltr' id='par_1_55' title="bbox 1993 2290 3642 2365">
     <span class='ocr_line' id='line_1_55' title="bbox 1993 2290 3642 2365; baseline 0.002 -19"><span class='ocrx_word' id='word_1_373' title='bbox 1993 2308 2213 2359; x_wconf 87' lang='lat' dir='ltr'>meum,</span> <span class='ocrx_word' id='word_1_374' title='bbox 2247 2296 2304 2348; x_wconf 91' lang='lat' dir='ltr'>et</span> <span class='ocrx_word' id='word_1_375' title='bbox 2347 2292 2466 2347; x_wconf 87' lang='lat' dir='ltr'>noli</span> <span class='ocrx_word' id='word_1_376' title='bbox 2518 2308 2649 2347; x_wconf 89' lang='lat' dir='ltr'>esse</span> <span class='ocrx_word' id='word_1_377' title='bbox 2698 2290 3054 2356; x_wconf 89' lang='lat' dir='ltr'>incredulus,</span> <span class='ocrx_word' id='word_1_378' title='bbox 3098 2292 3197 2346; x_wconf 91' lang='lat' dir='ltr'>scd</span> <span class='ocrx_word' id='word_1_379' title='bbox 3244 2291 3435 2348; x_wconf 87' lang='lat' dir='ltr'>ﬁdelis</span> <span class='ocrx_word' id='word_1_380' title='bbox 3464 2293 3642 2365; x_wconf 84' lang='lat' dir='ltr'>(Joan.</span> 
     </span>
    </p>
   </div>
   <div class='ocr_carea' id='block_1_56' title="bbox 1988 2379 3650 2451">
    <p class='ocr_par' dir='ltr' id='par_1_56' title="bbox 1988 2379 3650 2451">
     <span class='ocr_line' id='line_1_56' title="bbox 1988 2379 3650 2451; baseline 0.002 -17"><span class='ocrx_word' id='word_1_381' title='bbox 1988 2397 2083 2446; x_wconf 91' lang='lat' dir='ltr'>xx,</span> <span class='ocrx_word' id='word_1_382' title='bbox 2115 2380 2229 2451; x_wconf 87' lang='lat'>27).</span> <span class='ocrx_word' id='word_1_383' title='bbox 2285 2402 2313 2428; x_wconf 87' lang='lat'>»</span> <span class='ocrx_word' id='word_1_384' title='bbox 2348 2387 2550 2448; x_wconf 78' lang='grc' dir='ltr'>Ἐξαύδα</span> <span class='ocrx_word' id='word_1_385' title='bbox 2580 2386 2654 2446; x_wconf 77' lang='grc' dir='ltr'>δὲ,</span> <span class='ocrx_word' id='word_1_386' title='bbox 2683 2388 2820 2448; x_wconf 79' lang='grc' dir='ltr'>Θομά</span> <span class='ocrx_word' id='word_1_387' title='bbox 2849 2387 2970 2449; x_wconf 72' lang='grc' dir='ltr'>ἅγιε,</span> <span class='ocrx_word' id='word_1_388' title='bbox 3022 2379 3245 2434; x_wconf 87' lang='lat' dir='ltr'>exauda</span> <span class='ocrx_word' id='word_1_389' title='bbox 3291 2380 3364 2435; x_wconf 90' lang='lat' dir='ltr'>de</span> <span class='ocrx_word' id='word_1_390' title='bbox 3419 2380 3650 2438; x_wconf 89' lang='lat' dir='ltr'>Thoma</span> 
     </span>
    </p>
   </div>
   <div class='ocr_carea' id='block_1_57' title="bbox 1991 2466 3649 2540">
    <p class='ocr_par' dir='ltr' id='par_1_57' title="bbox 1991 2466 3649 2540">
     <span class='ocr_line' id='line_1_57' title="bbox 1991 2466 3649 2540; baseline 0.001 -16"><span class='ocrx_word' id='word_1_391' title='bbox 1991 2468 2140 2540; x_wconf 87' lang='lat' dir='ltr'>agie,</span> <span class='ocrx_word' id='word_1_392' title='bbox 2174 2469 2334 2540; x_wconf 91' lang='lat' dir='ltr'>quod</span> <span class='ocrx_word' id='word_1_393' title='bbox 2366 2472 2457 2524; x_wconf 91' lang='lat' dir='ltr'>est</span> <span class='ocrx_word' id='word_1_394' title='bbox 2489 2485 2502 2522; x_wconf 91' lang='lat'><strong>:</strong></span> <span class='ocrx_word' id='word_1_395' title='bbox 2534 2466 2811 2521; x_wconf 86' lang='lat' dir='ltr'>conﬁtere</span> <span class='ocrx_word' id='word_1_396' title='bbox 2842 2471 3037 2523; x_wconf 86' lang='lat' dir='ltr'>autem</span> <span class='ocrx_word' id='word_1_397' title='bbox 3080 2467 3306 2524; x_wconf 89' lang='lat' dir='ltr'>Thoma</span> <span class='ocrx_word' id='word_1_398' title='bbox 3335 2473 3555 2537; x_wconf 90' lang='lat' dir='ltr'>sancte,</span> <span class='ocrx_word' id='word_1_399' title='bbox 3587 2476 3649 2527; x_wconf 90' lang='lat' dir='ltr'>et</span> 
     </span>
    </p>
   </div>
   <div class='ocr_carea' id='block_1_58' title="bbox 1988 2555 3642 2630">
    <p class='ocr_par' dir='ltr' id='par_1_58' title="bbox 1988 2555 3642 2630">
     <span class='ocr_line' id='line_1_58' title="bbox 1988 2555 3642 2630; baseline 0.001 -18"><span class='ocrx_word' id='word_1_400' title='bbox 1988 2561 2091 2612; x_wconf 89' lang='lat' dir='ltr'>tua</span> <span class='ocrx_word' id='word_1_401' title='bbox 2121 2557 2426 2613; x_wconf 88' lang='lat' dir='ltr'>dubietate</span> <span class='ocrx_word' id='word_1_402' title='bbox 2458 2571 2632 2610; x_wconf 90' lang='lat' dir='ltr'>omne</span> <span class='ocrx_word' id='word_1_403' title='bbox 2664 2560 2929 2611; x_wconf 90' lang='lat' dir='ltr'>nostrum</span> <span class='ocrx_word' id='word_1_404' title='bbox 2952 2555 3191 2612; x_wconf 88' lang='lat' dir='ltr'>exclude</span> <span class='ocrx_word' id='word_1_405' title='bbox 3211 2557 3642 2630; x_wconf 85' lang='lat' dir='ltr'>amphibolum.</span> 
     </span>
    </p>
   </div>
   <div class='ocr_carea' id='block_1_59' title="bbox 1986 2644 3644 2721">
    <p class='ocr_par' dir='ltr' id='par_1_59' title="bbox 1986 2644 3644 2721">
     <span class='ocr_line' id='line_1_59' title="bbox 1986 2644 3644 2721; baseline 0.002 -20"><span class='ocrx_word' id='word_1_406' title='bbox 1986 2647 2275 2713; x_wconf 75' lang='lat' dir='ltr'>Dominus,</span> <span class='ocrx_word' id='word_1_407' title='bbox 2307 2644 2527 2718; x_wconf 88' lang='lat' dir='ltr'>inquit,</span> <span class='ocrx_word' id='word_1_408' title='bbox 2558 2659 2711 2699; x_wconf 77' lang='lat' dir='ltr'>meus</span> <span class='ocrx_word' id='word_1_409' title='bbox 2741 2652 2791 2700; x_wconf 76' lang='lat' dir='ltr'>et</span> <span class='ocrx_word' id='word_1_410' title='bbox 2827 2646 2962 2702; x_wconf 79' lang='lat' dir='ltr'>Deus</span> <span class='ocrx_word' id='word_1_411' title='bbox 3002 2660 3174 2702; x_wconf 74' lang='lat' dir='ltr'>meus.</span> <span class='ocrx_word' id='word_1_412' title='bbox 3206 2645 3249 2702; x_wconf 92' lang='grc' dir='ltr'><strong>Ο</strong></span> <span class='ocrx_word' id='word_1_413' title='bbox 3296 2647 3644 2721; x_wconf 86' lang='lat' dir='ltr'>ambiguum</span> 
     </span>
    </p>
   </div>
   <div class='ocr_carea' id='block_1_60' title="bbox 1987 2730 3645 2804">
    <p class='ocr_par' dir='ltr' id='par_1_60' title="bbox 1987 2730 3645 2804">
     <span class='ocr_line' id='line_1_60' title="bbox 1987 2730 3645 2804; baseline 0.002 -15"><span class='ocrx_word' id='word_1_414' title='bbox 1987 2734 2148 2790; x_wconf 91' lang='lat' dir='ltr'>omni</span> <span class='ocrx_word' id='word_1_415' title='bbox 2180 2734 2360 2792; x_wconf 88' lang='lat' dir='ltr'>laude</span> <span class='ocrx_word' id='word_1_416' title='bbox 2405 2730 2859 2804; x_wconf 80' lang='lat' dir='ltr'>dignissimum!</span> <span class='ocrx_word' id='word_1_417' title='bbox 2894 2735 2937 2791; x_wconf 94' lang='grc' dir='ltr'>Ο</span> <span class='ocrx_word' id='word_1_418' title='bbox 2968 2734 3213 2790; x_wconf 91' lang='lat' dir='ltr'>dubium</span> <span class='ocrx_word' id='word_1_419' title='bbox 3263 2735 3490 2792; x_wconf 92' lang='lat' dir='ltr'>cunctis</span> <span class='ocrx_word' id='word_1_420' title='bbox 3537 2753 3645 2792; x_wconf 70' lang='lat' dir='ltr'>se:-</span> 
     </span>
    </p>
   </div>
   <div class='ocr_carea' id='block_1_61' title="bbox 1984 2820 3647 2898">
    <p class='ocr_par' dir='ltr' id='par_1_61' title="bbox 1984 2820 3647 2898">
     <span class='ocr_line' id='line_1_61' title="bbox 1984 2820 3647 2898; baseline 0.001 -19"><span class='ocrx_word' id='word_1_421' title='bbox 1984 2822 2137 2879; x_wconf 92' lang='lat' dir='ltr'>culis</span> <span class='ocrx_word' id='word_1_422' title='bbox 2168 2820 2650 2897; x_wconf 78' lang='lat' dir='ltr'>praedicandum!</span> <span class='ocrx_word' id='word_1_423' title='bbox 2685 2821 2744 2878; x_wconf 91' lang='lat' dir='ltr'>Si</span> <span class='ocrx_word' id='word_1_424' title='bbox 2776 2827 2839 2879; x_wconf 92' lang='lat' dir='ltr'>tu</span> <span class='ocrx_word' id='word_1_425' title='bbox 2870 2841 2985 2880; x_wconf 91' lang='lat' dir='ltr'>non</span> <span class='ocrx_word' id='word_1_426' title='bbox 3035 2823 3365 2894; x_wconf 74' lang='lat' dir='ltr'>dubitares,</span> <span class='ocrx_word' id='word_1_427' title='bbox 3391 2842 3507 2881; x_wconf 91' lang='lat' dir='ltr'>non</span> <span class='ocrx_word' id='word_1_428' title='bbox 3539 2841 3647 2898; x_wconf 89' lang='lat' dir='ltr'>ego</span> 
     </span>
    </p>
   </div>
   <div class='ocr_carea' id='block_1_62' title="bbox 1983 2911 3649 2983">
    <p class='ocr_par' dir='ltr' id='par_1_62' title="bbox 1983 2911 3649 2983">
     <span class='ocr_line' id='line_1_62' title="bbox 1983 2911 3649 2983; baseline 0.002 -16"><span class='ocrx_word' id='word_1_429' title='bbox 1983 2916 2104 2967; x_wconf 87' lang='lat' dir='ltr'>tam</span> <span class='ocrx_word' id='word_1_430' title='bbox 2136 2913 2394 2970; x_wconf 87' lang='lat' dir='ltr'>ﬁrmiter</span> <span class='ocrx_word' id='word_1_431' title='bbox 2423 2911 2807 2968; x_wconf 86' lang='lat' dir='ltr'>crederem.Si</span> <span class='ocrx_word' id='word_1_432' title='bbox 2840 2913 3153 2969; x_wconf 89' lang='lat' dir='ltr'>mulierum</span> <span class='ocrx_word' id='word_1_433' title='bbox 3186 2914 3571 2983; x_wconf 90' lang='lat' dir='ltr'>credentium,</span> <span class='ocrx_word' id='word_1_434' title='bbox 3595 2915 3649 2971; x_wconf 91' lang='lat' dir='ltr'>si</span> 
     </span>
    </p>
   </div>
   <div class='ocr_carea' id='block_1_63' title="bbox 1984 3000 3648 3077">
    <p class='ocr_par' dir='ltr' id='par_1_63' title="bbox 1984 3000 3648 3077">
     <span class='ocr_line' id='line_1_63' title="bbox 1984 3000 3648 3077; baseline 0.003 -21"><span class='ocrx_word' id='word_1_435' title='bbox 1984 3001 2537 3074; x_wconf 91' lang='lat' dir='ltr'>condiscipulorum</span> <span class='ocrx_word' id='word_1_436' title='bbox 2554 3000 2724 3058; x_wconf 84' lang='lat' dir='ltr'>[idem</span> <span class='ocrx_word' id='word_1_437' title='bbox 2737 3001 3029 3069; x_wconf 85' lang='lat' dir='ltr'>hereticis,</span> <span class='ocrx_word' id='word_1_438' title='bbox 3050 3001 3149 3074; x_wconf 92' lang='lat' dir='ltr'>qui</span> <span class='ocrx_word' id='word_1_439' title='bbox 3166 3019 3278 3058; x_wconf 91' lang='lat' dir='ltr'>non</span> <span class='ocrx_word' id='word_1_440' title='bbox 3300 3020 3434 3060; x_wconf 92' lang='lat' dir='ltr'>vero</span> <span class='ocrx_word' id='word_1_441' title='bbox 3446 3021 3648 3077; x_wconf 89' lang='lat' dir='ltr'>corpo-</span> 
     </span>
    </p>
   </div>
   <div class='ocr_carea' id='block_1_64' title="bbox 1984 3089 3651 3150">
    <p class='ocr_par' dir='ltr' id='par_1_64' title="bbox 1984 3089 3651 3150">
     <span class='ocr_line' id='line_1_64' title="bbox 1984 3089 3651 3150; baseline 0.002 -5"><span class='ocrx_word' id='word_1_442' title='bbox 1984 3107 2045 3146; x_wconf 89' lang='lat' dir='ltr'>re</span> <span class='ocrx_word' id='word_1_443' title='bbox 2062 3090 2379 3148; x_wconf 90' lang='lat' dir='ltr'>dominum</span> <span class='ocrx_word' id='word_1_444' title='bbox 2402 3094 2671 3146; x_wconf 87' lang='lat' dir='ltr'>nostrum</span> <span class='ocrx_word' id='word_1_445' title='bbox 2706 3090 2907 3147; x_wconf 87' lang='lat' dir='ltr'>Jesum</span> <span class='ocrx_word' id='word_1_446' title='bbox 2936 3089 3235 3147; x_wconf 88' lang='lat' dir='ltr'>Christum</span> <span class='ocrx_word' id='word_1_447' title='bbox 3262 3092 3651 3150; x_wconf 82' lang='lat' dir='ltr'>resurrexisse</span> 
     </span>
    </p>
   </div>
   <div class='ocr_carea' id='block_1_65' title="bbox 206 3158 3650 3261">
    <p class='ocr_par' dir='ltr' id='par_1_65' title="bbox 206 3158 3650 3261">
     <span class='ocr_line' id='line_1_65' title="bbox 206 3158 3650 3261; baseline -0.001 -18"><span class='ocrx_word' id='word_1_448' title='bbox 206 3158 353 3247; x_wconf 76' lang='lat' dir='ltr'>cum</span> <span class='ocrx_word' id='word_1_449' title='bbox 386 3203 566 3261; x_wconf 90' lang='lat' dir='ltr'>regno</span> <span class='ocrx_word' id='word_1_450' title='bbox 598 3158 776 3242; x_wconf 77' lang='lat' dir='ltr'>simul</span> <span class='ocrx_word' id='word_1_451' title='bbox 805 3182 1156 3240; x_wconf 89' lang='lat' dir='ltr'>hereditario</span> <span class='ocrx_word' id='word_1_452' title='bbox 1184 3182 1497 3255; x_wconf 86' lang='lat' dir='ltr'>dereliquit</span> <span class='ocrx_word' id='word_1_453' title='bbox 1517 3184 1623 3247; x_wconf 88' lang='lat' dir='ltr'>Qui</span> <span class='ocrx_word' id='word_1_454' title='bbox 1655 3190 1877 3257; x_wconf 83' lang='lat' dir='ltr'>quanta</span> <span class='ocrx_word' id='word_1_455' title='bbox 1905 3158 1948 3226; x_wconf 59' lang='grc' dir='ltr'><strong>(ἶ</strong></span> <span class='ocrx_word' id='word_1_456' title='bbox 1986 3178 2310 3248; x_wconf 86' lang='lat' dir='ltr'>latrabant,</span> <span class='ocrx_word' id='word_1_457' title='bbox 2344 3181 2713 3249; x_wconf 76' lang='lat' dir='ltr'>diceremus,</span> <span class='ocrx_word' id='word_1_458' title='bbox 2734 3180 2921 3237; x_wconf 90' lang='lat' dir='ltr'>multa</span> <span class='ocrx_word' id='word_1_459' title='bbox 2942 3178 3111 3236; x_wconf 91' lang='lat' dir='ltr'>nobis</span> <span class='ocrx_word' id='word_1_460' title='bbox 3149 3184 3497 3252; x_wconf 87' lang='lat' dir='ltr'>argumenta</span> <span class='ocrx_word' id='word_1_461' title='bbox 3525 3180 3650 3239; x_wconf 87' lang='lat' dir='ltr'>dia-</span> 
     </span>
    </p>
   </div>
   <div class='ocr_carea' id='block_1_66' title="bbox 208 3272 1879 3341">
    <p class='ocr_par' dir='ltr' id='par_1_66' title="bbox 208 3272 1879 3341">
     <span class='ocr_line' id='line_1_66' title="bbox 208 3272 1879 3341; baseline -0.003 -6"><span class='ocrx_word' id='word_1_462' title='bbox 208 3281 445 3335; x_wconf 90' lang='lat' dir='ltr'>donum</span> <span class='ocrx_word' id='word_1_463' title='bbox 478 3272 873 3333; x_wconf 87' lang='lat' dir='ltr'>inestimabile</span> <span class='ocrx_word' id='word_1_464' title='bbox 920 3274 1287 3329; x_wconf 78' lang='lat' dir='ltr'>veneratione</span> <span class='ocrx_word' id='word_1_465' title='bbox 1334 3272 1598 3341; x_wconf 90' lang='lat' dir='ltr'>coluerit,</span> <span class='ocrx_word' id='word_1_466' title='bbox 1631 3274 1879 3330; x_wconf 88' lang='lat' dir='ltr'>victoria</span> 
     </span>
    </p>
   </div>
   <div class='ocr_carea' id='block_1_67' title="bbox 211 3361 1881 3434">
    <p class='ocr_par' dir='ltr' id='par_1_67' title="bbox 211 3361 1881 3434">
     <span class='ocr_line' id='line_1_67' title="bbox 211 3361 1881 3434; baseline -0.003 -10"><span class='ocrx_word' id='word_1_467' title='bbox 211 3385 337 3424; x_wconf 88' lang='lat' dir='ltr'>non</span> <span class='ocrx_word' id='word_1_468' title='bbox 370 3364 565 3423; x_wconf 92' lang='lat' dir='ltr'>solum</span> <span class='ocrx_word' id='word_1_469' title='bbox 596 3364 816 3420; x_wconf 90' lang='lat' dir='ltr'>indicat</span> <span class='ocrx_word' id='word_1_470' title='bbox 863 3378 1140 3434; x_wconf 80' lang='lat' dir='ltr'>praesens,</span> <span class='ocrx_word' id='word_1_471' title='bbox 1172 3378 1377 3417; x_wconf 85' lang='lat' dir='ltr'>verum</span> <span class='ocrx_word' id='word_1_472' title='bbox 1422 3361 1779 3429; x_wconf 90' lang='lat' dir='ltr'>divinorum,</span> <span class='ocrx_word' id='word_1_473' title='bbox 1814 3368 1881 3419; x_wconf 92' lang='lat' dir='ltr'>ut</span> 
     </span>
    </p>
   </div>
   <div class='ocr_carea' id='block_1_68' title="bbox 212 3449 1880 3530">
    <p class='ocr_par' dir='ltr' id='par_1_68' title="bbox 212 3449 1880 3530">
     <span class='ocr_line' id='line_1_68' title="bbox 212 3449 1880 3530; baseline -0.003 -18"><span class='ocrx_word' id='word_1_474' title='bbox 212 3453 515 3530; x_wconf 87' lang='lat' dir='ltr'>promturi</span> <span class='ocrx_word' id='word_1_475' title='bbox 548 3469 776 3520; x_wconf 89' lang='lat' dir='ltr'>sumus,</span> <span class='ocrx_word' id='word_1_476' title='bbox 804 3449 1401 3520; x_wconf 84' lang='lat' dir='ltr'>admirandalargitio</span> <span class='ocrx_word' id='word_1_477' title='bbox 1434 3451 1880 3507; x_wconf 85' lang='lat' dir='ltr'>munerum.His</span> 
     </span>
    </p>
   </div>
   <div class='ocr_carea' id='block_1_69' title="bbox 213 3539 1882 3618">
    <p class='ocr_par' dir='ltr' id='par_1_69' title="bbox 213 3539 1882 3618">
     <span class='ocr_line' id='line_1_69' title="bbox 213 3539 1882 3618; baseline -0.004 -16"><span class='ocrx_word' id='word_1_478' title='bbox 213 3546 426 3618; x_wconf 87' lang='lat' dir='ltr'>itaque</span> <span class='ocrx_word' id='word_1_479' title='bbox 475 3541 800 3616; x_wconf 87' lang='lat' dir='ltr'>perterritis</span> <span class='ocrx_word' id='word_1_480' title='bbox 854 3544 1027 3612; x_wconf 87' lang='lat' dir='ltr'>atque</span> <span class='ocrx_word' id='word_1_481' title='bbox 1089 3540 1323 3613; x_wconf 82' lang='lat' dir='ltr'>fugatis,</span> <span class='ocrx_word' id='word_1_482' title='bbox 1377 3555 1476 3594; x_wconf 82' lang='lat' dir='ltr'>rex</span> <span class='ocrx_word' id='word_1_483' title='bbox 1525 3539 1716 3607; x_wconf 87' lang='lat' dir='ltr'>rediit,</span> <span class='ocrx_word' id='word_1_484' title='bbox 1764 3557 1882 3595; x_wconf 89' lang='lat' dir='ltr'>non</span> 
     </span>
    </p>
   </div>
   <div class='ocr_carea' id='block_1_70' title="bbox 212 3627 1594 3701">
    <p class='ocr_par' dir='ltr' id='par_1_70' title="bbox 212 3627 1594 3701">
     <span class='ocr_line' id='line_1_70' title="bbox 212 3627 1594 3701; baseline -0.006 -10"><span class='ocrx_word' id='word_1_485' title='bbox 212 3637 457 3691; x_wconf 85' lang='lat' dir='ltr'>tantum</span> <span class='ocrx_word' id='word_1_486' title='bbox 489 3632 560 3687; x_wconf 91' lang='lat' dir='ltr'>de</span> <span class='ocrx_word' id='word_1_487' title='bbox 591 3630 788 3686; x_wconf 88' lang='lat' dir='ltr'>divina</span> <span class='ocrx_word' id='word_1_488' title='bbox 817 3627 1195 3685; x_wconf 89' lang='lat' dir='ltr'>miseratione</span> <span class='ocrx_word' id='word_1_489' title='bbox 1225 3627 1594 3701; x_wconf 86' lang='lat' dir='ltr'>magniﬁcus.</span> 
     </span>
    </p>
   </div>
   <div class='ocr_carea' id='block_1_71' title="bbox 290 3714 1885 3790">
    <p class='ocr_par' dir='ltr' id='par_1_71' title="bbox 290 3714 1885 3790">
     <span class='ocr_line' id='line_1_71' title="bbox 290 3714 1885 3790; baseline -0.004 -12"><span class='ocrx_word' id='word_1_490' title='bbox 290 3724 386 3778; x_wconf 88' lang='lat'>25.</span> <span class='ocrx_word' id='word_1_491' title='bbox 432 3720 600 3777; x_wconf 86' lang='lat' dir='ltr'>Libet</span> <span class='ocrx_word' id='word_1_492' title='bbox 647 3724 844 3775; x_wconf 89' lang='lat' dir='ltr'>autem</span> <span class='ocrx_word' id='word_1_493' title='bbox 892 3716 1201 3790; x_wconf 88' lang='lat' dir='ltr'>paululum</span> <span class='ocrx_word' id='word_1_494' title='bbox 1258 3714 1583 3784; x_wconf 89' lang='lat' dir='ltr'>immorari,</span> <span class='ocrx_word' id='word_1_495' title='bbox 1625 3721 1682 3772; x_wconf 90' lang='lat' dir='ltr'>et</span> <span class='ocrx_word' id='word_1_496' title='bbox 1729 3717 1885 3789; x_wconf 93' lang='lat' dir='ltr'>quod</span> 
     </span>
    </p>
   </div>
   <div class='ocr_carea' id='block_1_72' title="bbox 217 3805 1886 3879">
    <p class='ocr_par' dir='ltr' id='par_1_72' title="bbox 217 3805 1886 3879">
     <span class='ocr_line' id='line_1_72' title="bbox 217 3805 1886 3879; baseline -0.004 -10"><span class='ocrx_word' id='word_1_497' title='bbox 217 3829 343 3869; x_wconf 82' lang='lat' dir='ltr'>non</span> <span class='ocrx_word' id='word_1_498' title='bbox 393 3809 642 3866; x_wconf 82' lang='lat' dir='ltr'>fortuitu</span> <span class='ocrx_word' id='word_1_499' title='bbox 691 3808 793 3865; x_wconf 90' lang='lat' dir='ltr'>sed</span> <span class='ocrx_word' id='word_1_500' title='bbox 844 3807 959 3863; x_wconf 92' lang='lat' dir='ltr'>Deo</span> <span class='ocrx_word' id='word_1_501' title='bbox 1011 3806 1355 3879; x_wconf 90' lang='lat' dir='ltr'>disponente</span> <span class='ocrx_word' id='word_1_502' title='bbox 1394 3805 1516 3861; x_wconf 83' lang='lat' dir='ltr'>haec</span> <span class='ocrx_word' id='word_1_503' title='bbox 1547 3805 1631 3862; x_wconf 90' lang='lat' dir='ltr'>ita</span> <span class='ocrx_word' id='word_1_504' title='bbox 1659 3806 1886 3862; x_wconf 90' lang='lat' dir='ltr'>accide-</span> 
     </span>
    </p>
   </div>
   <div class='ocr_carea' id='block_1_73' title="bbox 218 3894 1890 3969">
    <p class='ocr_par' dir='ltr' id='par_1_73' title="bbox 218 3894 1890 3969">
     <span class='ocr_line' id='line_1_73' title="bbox 218 3894 1890 3969; baseline -0.004 -12"><span class='ocrx_word' id='word_1_505' title='bbox 218 3902 367 3969; x_wconf 86' lang='lat' dir='ltr'>rint,</span> <span class='ocrx_word' id='word_1_506' title='bbox 403 3915 697 3956; x_wconf 90' lang='lat' dir='ltr'>enarrare.</span> <span class='ocrx_word' id='word_1_507' title='bbox 747 3896 905 3963; x_wconf 90' lang='lat' dir='ltr'>Quod</span> <span class='ocrx_word' id='word_1_508' title='bbox 938 3895 1066 3952; x_wconf 90' lang='lat' dir='ltr'>luce</span> <span class='ocrx_word' id='word_1_509' title='bbox 1114 3894 1284 3951; x_wconf 90' lang='lat' dir='ltr'>nobis</span> <span class='ocrx_word' id='word_1_510' title='bbox 1333 3894 1548 3951; x_wconf 90' lang='lat' dir='ltr'>clarius</span> <span class='ocrx_word' id='word_1_511' title='bbox 1599 3895 1890 3952; x_wconf 89' lang='lat' dir='ltr'>constabit</span> 
     </span>
    </p>
   </div>
   <div class='ocr_carea' id='block_1_74' title="bbox 215 3983 1943 4061">
    <p class='ocr_par' dir='ltr' id='par_1_74' title="bbox 215 3983 1943 4061">
     <span class='ocr_line' id='line_1_74' title="bbox 215 3983 1943 4061; baseline -0.008 -15"><span class='ocrx_word' id='word_1_512' title='bbox 215 3991 317 4061; x_wconf 68' lang='grc' dir='ltr'>³⁸η,</span> <span class='ocrx_word' id='word_1_513' title='bbox 344 3988 397 4045; x_wconf 92' lang='lat' dir='ltr'>si</span> <span class='ocrx_word' id='word_1_514' title='bbox 430 3986 656 4044; x_wconf 91' lang='lat' dir='ltr'>domini</span> <span class='ocrx_word' id='word_1_515' title='bbox 685 3991 743 4042; x_wconf 88' lang='lat' dir='ltr'>et</span> <span class='ocrx_word' id='word_1_516' title='bbox 788 3984 1096 4042; x_wconf 85' lang='lat' dir='ltr'>salvatoris</span> <span class='ocrx_word' id='word_1_517' title='bbox 1127 3983 1311 4040; x_wconf 89' lang='lat' dir='ltr'>nostri</span> <span class='ocrx_word' id='word_1_518' title='bbox 1334 3983 1470 4040; x_wconf 84' lang='lat' dir='ltr'>Jesu</span> <span class='ocrx_word' id='word_1_519' title='bbox 1520 3983 1736 4041; x_wconf 86' lang='lat' dir='ltr'>Christi</span> <span class='ocrx_word' id='word_1_520' title='bbox 1786 4001 1886 4057; x_wconf 89' lang='lat' dir='ltr'>ap-</span> <span class='ocrx_word' id='word_1_521' title='bbox 1934 4027 1943 4033; x_wconf 84' lang='lat'>.</span> 
     </span>
    </p>
   </div>
   <div class='ocr_carea' id='block_1_75' title="bbox 218 4072 1890 4154">
    <p class='ocr_par' dir='ltr' id='par_1_75' title="bbox 218 4072 1890 4154">
     <span class='ocr_line' id='line_1_75' title="bbox 218 4072 1890 4154; baseline -0.004 -19"><span class='ocrx_word' id='word_1_522' title='bbox 218 4078 608 4154; x_wconf 89' lang='lat' dir='ltr'>paritionem,</span> <span class='ocrx_word' id='word_1_523' title='bbox 661 4092 789 4147; x_wconf 70' lang='lat' dir='ltr'>quae</span> <span class='ocrx_word' id='word_1_524' title='bbox 831 4078 965 4148; x_wconf 90' lang='lat' dir='ltr'>post</span> <span class='ocrx_word' id='word_1_525' title='bbox 1010 4072 1498 4130; x_wconf 72' lang='lat' dir='ltr'>resurrectionem</span> <span class='ocrx_word' id='word_1_526' title='bbox 1542 4073 1890 4130; x_wconf 90' lang='lat' dir='ltr'>mulieribus</span> 
     </span>
    </p>
   </div>
   <div class='ocr_carea' id='block_1_76' title="bbox 220 4163 1888 4239">
    <p class='ocr_par' dir='ltr' id='par_1_76' title="bbox 220 4163 1888 4239">
     <span class='ocr_line' id='line_1_76' title="bbox 220 4163 1888 4239; baseline -0.005 -13"><span class='ocrx_word' id='word_1_527' title='bbox 220 4186 293 4226; x_wconf 87' lang='lat' dir='ltr'>ac</span> <span class='ocrx_word' id='word_1_528' title='bbox 324 4164 639 4239; x_wconf 89' lang='lat' dir='ltr'>discipulis</span> <span class='ocrx_word' id='word_1_529' title='bbox 668 4165 821 4220; x_wconf 85' lang='lat' dir='ltr'>facta</span> <span class='ocrx_word' id='word_1_530' title='bbox 849 4168 959 4232; x_wconf 88' lang='lat' dir='ltr'>est,</span> <span class='ocrx_word' id='word_1_531' title='bbox 992 4164 1054 4220; x_wconf 91' lang='lat' dir='ltr'>in</span> <span class='ocrx_word' id='word_1_532' title='bbox 1086 4163 1347 4219; x_wconf 90' lang='lat' dir='ltr'>medium</span> <span class='ocrx_word' id='word_1_533' title='bbox 1378 4163 1767 4235; x_wconf 87' lang='lat' dir='ltr'>proferamus.</span> <span class='ocrx_word' id='word_1_534' title='bbox 1796 4163 1888 4219; x_wconf 88' lang='lat' dir='ltr'>Fi-</span> 
     </span>
    </p>
   </div>
   <div class='ocr_carea' id='block_1_77' title="bbox 222 4251 1890 4325">
    <p class='ocr_par' dir='ltr' id='par_1_77' title="bbox 222 4251 1890 4325">
     <span class='ocr_line' id='line_1_77' title="bbox 222 4251 1890 4325; baseline -0.003 -11"><span class='ocrx_word' id='word_1_535' title='bbox 222 4259 364 4314; x_wconf 86' lang='lat' dir='ltr'>dem</span> <span class='ocrx_word' id='word_1_536' title='bbox 400 4254 577 4323; x_wconf 88' lang='lat' dir='ltr'>Petri,</span> <span class='ocrx_word' id='word_1_537' title='bbox 611 4253 981 4310; x_wconf 89' lang='lat' dir='ltr'>dilectionem</span> <span class='ocrx_word' id='word_1_538' title='bbox 1014 4251 1259 4309; x_wconf 91' lang='lat' dir='ltr'>Joannis</span> <span class='ocrx_word' id='word_1_539' title='bbox 1300 4269 1480 4325; x_wconf 89' lang='lat' dir='ltr'>supra</span> <span class='ocrx_word' id='word_1_540' title='bbox 1511 4256 1714 4325; x_wconf 88' lang='lat' dir='ltr'>pectus</span> <span class='ocrx_word' id='word_1_541' title='bbox 1764 4269 1890 4309; x_wconf 90' lang='lat' dir='ltr'>ma-</span> 
     </span>
    </p>
   </div>
   <div class='ocr_carea' id='block_1_78' title="bbox 223 4341 1890 4420">
    <p class='ocr_par' dir='ltr' id='par_1_78' title="bbox 223 4341 1890 4420">
     <span class='ocr_line' id='line_1_78' title="bbox 223 4341 1890 4420; baseline -0.003 -18"><span class='ocrx_word' id='word_1_542' title='bbox 223 4345 404 4420; x_wconf 89' lang='lat' dir='ltr'>gistri</span> <span class='ocrx_word' id='word_1_543' title='bbox 436 4345 498 4400; x_wconf 91' lang='lat' dir='ltr'>in</span> <span class='ocrx_word' id='word_1_544' title='bbox 538 4360 684 4400; x_wconf 90' lang='lat' dir='ltr'>cena</span> <span class='ocrx_word' id='word_1_545' title='bbox 732 4343 1146 4410; x_wconf 90' lang='lat' dir='ltr'>recumbentis,</span> <span class='ocrx_word' id='word_1_546' title='bbox 1179 4341 1437 4397; x_wconf 87' lang='lat' dir='ltr'>Thomas</span> <span class='ocrx_word' id='word_1_547' title='bbox 1486 4342 1733 4398; x_wconf 85' lang='lat' dir='ltr'>ﬁrmiter</span> <span class='ocrx_word' id='word_1_548' title='bbox 1781 4359 1890 4397; x_wconf 86' lang='lat' dir='ltr'>no-</span> 
     </span>
    </p>
   </div>
   <div class='ocr_carea' id='block_1_79' title="bbox 226 4429 1891 4505">
    <p class='ocr_par' dir='ltr' id='par_1_79' title="bbox 226 4429 1891 4505">
     <span class='ocr_line' id='line_1_79' title="bbox 226 4429 1891 4505; baseline -0.004 -12"><span class='ocrx_word' id='word_1_549' title='bbox 226 4439 419 4505; x_wconf 82' lang='lat' dir='ltr'>verat,</span> <span class='ocrx_word' id='word_1_550' title='bbox 452 4449 554 4489; x_wconf 90' lang='lat' dir='ltr'>eos</span> <span class='ocrx_word' id='word_1_551' title='bbox 588 4432 659 4488; x_wconf 89' lang='lat' dir='ltr'>ad</span> <span class='ocrx_word' id='word_1_552' title='bbox 689 4431 1021 4504; x_wconf 86' lang='lat' dir='ltr'>sepulcrum</span> <span class='ocrx_word' id='word_1_553' title='bbox 1056 4429 1407 4498; x_wconf 87' lang='lat' dir='ltr'>cucurrisse,</span> <span class='ocrx_word' id='word_1_554' title='bbox 1431 4430 1731 4503; x_wconf 91' lang='lat' dir='ltr'>nichilque</span> <span class='ocrx_word' id='word_1_555' title='bbox 1753 4448 1891 4503; x_wconf 73' lang='lat' dir='ltr'>prae-</span> 
     </span>
    </p>
   </div>
   <div class='ocr_carea' id='block_1_80' title="bbox 1987 3264 3649 3343">
    <p class='ocr_par' dir='ltr' id='par_1_80' title="bbox 1987 3264 3649 3343">
     <span class='ocr_line' id='line_1_80' title="bbox 1987 3264 3649 3343; baseline 0.002 -20"><span class='ocrx_word' id='word_1_556' title='bbox 1987 3267 2175 3323; x_wconf 90' lang='lat' dir='ltr'>bolica</span> <span class='ocrx_word' id='word_1_557' title='bbox 2204 3269 2528 3326; x_wconf 89' lang='lat' dir='ltr'>calliditate</span> <span class='ocrx_word' id='word_1_558' title='bbox 2559 3274 2935 3343; x_wconf 90' lang='lat' dir='ltr'>opponerent.</span> <span class='ocrx_word' id='word_1_559' title='bbox 2968 3268 3082 3325; x_wconf 90' lang='lat' dir='ltr'>Sed</span> <span class='ocrx_word' id='word_1_560' title='bbox 3112 3284 3247 3324; x_wconf 91' lang='lat' dir='ltr'>cum</span> <span class='ocrx_word' id='word_1_561' title='bbox 3279 3264 3649 3327; x_wconf 89' lang='lat' dir='ltr'>dubitantem</span> 
     </span>
    </p>
   </div>
   <div class='ocr_carea' id='block_1_81' title="bbox 1986 3357 3649 3432">
    <p class='ocr_par' dir='ltr' id='par_1_81' title="bbox 1986 3357 3649 3432">
     <span class='ocr_line' id='line_1_81' title="bbox 1986 3357 3649 3432; baseline 0.002 -21"><span class='ocrx_word' id='word_1_562' title='bbox 1986 3357 2277 3413; x_wconf 89' lang='lat' dir='ltr'>Thomam</span> <span class='ocrx_word' id='word_1_563' title='bbox 2307 3376 2525 3432; x_wconf 84' lang='lat' dir='ltr'>corpus</span> <span class='ocrx_word' id='word_1_564' title='bbox 2555 3364 2860 3427; x_wconf 86' lang='lat' dir='ltr'>tractasse,</span> <span class='ocrx_word' id='word_1_565' title='bbox 2891 3357 3202 3414; x_wconf 84' lang='lat' dir='ltr'>vulnerum</span> <span class='ocrx_word' id='word_1_566' title='bbox 3234 3358 3537 3416; x_wconf 86' lang='lat' dir='ltr'>cicatrices</span> <span class='ocrx_word' id='word_1_567' title='bbox 3564 3364 3649 3415; x_wconf 84' lang='lat' dir='ltr'>te-</span> 
     </span>
    </p>
   </div>
   <div class='ocr_carea' id='block_1_82' title="bbox 1989 3446 3646 3519">
    <p class='ocr_par' dir='ltr' id='par_1_82' title="bbox 1989 3446 3646 3519">
     <span class='ocr_line' id='line_1_82' title="bbox 1989 3446 3646 3519; baseline 0.001 -17"><span class='ocrx_word' id='word_1_568' title='bbox 1989 3446 2220 3519; x_wconf 86' lang='lat' dir='ltr'>tigisse,</span> <span class='ocrx_word' id='word_1_569' title='bbox 2252 3465 2319 3504; x_wconf 93' lang='lat' dir='ltr'>ac</span> <span class='ocrx_word' id='word_1_570' title='bbox 2351 3466 2488 3504; x_wconf 89' lang='lat' dir='ltr'>mox</span> <span class='ocrx_word' id='word_1_571' title='bbox 2527 3449 2897 3505; x_wconf 90' lang='lat' dir='ltr'>dubitacione</span> <span class='ocrx_word' id='word_1_572' title='bbox 2940 3449 3164 3504; x_wconf 88' lang='lat' dir='ltr'>remota</span> <span class='ocrx_word' id='word_1_573' title='bbox 3209 3450 3389 3503; x_wconf 88' lang='lat' dir='ltr'>Deum</span> <span class='ocrx_word' id='word_1_574' title='bbox 3433 3450 3490 3504; x_wconf 91' lang='lat' dir='ltr'>et</span> <span class='ocrx_word' id='word_1_575' title='bbox 3535 3447 3646 3503; x_wconf 85' lang='lat' dir='ltr'>Do-</span> 
     </span>
    </p>
   </div>
   <div class='ocr_carea' id='block_1_83' title="bbox 1994 3534 3647 3609">
    <p class='ocr_par' dir='ltr' id='par_1_83' title="bbox 1994 3534 3647 3609">
     <span class='ocr_line' id='line_1_83' title="bbox 1994 3534 3647 3609; baseline 0 -19"><span class='ocrx_word' id='word_1_576' title='bbox 1994 3535 2226 3592; x_wconf 92' lang='lat' dir='ltr'>minum</span> <span class='ocrx_word' id='word_1_577' title='bbox 2258 3536 2619 3594; x_wconf 85' lang='lat' dir='ltr'>exclamasse</span> <span class='ocrx_word' id='word_1_578' title='bbox 2650 3538 2916 3607; x_wconf 89' lang='lat' dir='ltr'>audiunt,</span> <span class='ocrx_word' id='word_1_579' title='bbox 2948 3535 3049 3609; x_wconf 93' lang='lat' dir='ltr'>qui</span> <span class='ocrx_word' id='word_1_580' title='bbox 3074 3534 3238 3607; x_wconf 90' lang='lat' dir='ltr'>prius</span> <span class='ocrx_word' id='word_1_581' title='bbox 3279 3540 3446 3592; x_wconf 89' lang='lat' dir='ltr'>erant</span> <span class='ocrx_word' id='word_1_582' title='bbox 3493 3535 3647 3592; x_wconf 89' lang='lat' dir='ltr'>mul-</span> 
     </span>
    </p>
   </div>
   <div class='ocr_carea' id='block_1_84' title="bbox 1992 3624 3650 3698">
    <p class='ocr_par' dir='ltr' id='par_1_84' title="bbox 1992 3624 3650 3698">
     <span class='ocr_line' id='line_1_84' title="bbox 1992 3624 3650 3698; baseline 0.001 -18"><span class='ocrx_word' id='word_1_583' title='bbox 1992 3624 2195 3692; x_wconf 89' lang='lat' dir='ltr'>tisoni,</span> <span class='ocrx_word' id='word_1_584' title='bbox 2228 3642 2366 3681; x_wconf 86' lang='lat' dir='ltr'>mox</span> <span class='ocrx_word' id='word_1_585' title='bbox 2401 3628 2466 3680; x_wconf 91' lang='lat' dir='ltr'>ut</span> <span class='ocrx_word' id='word_1_586' title='bbox 2513 3626 2704 3697; x_wconf 89' lang='lat' dir='ltr'>pisces</span> <span class='ocrx_word' id='word_1_587' title='bbox 2734 3626 3006 3682; x_wconf 90' lang='lat' dir='ltr'>videntur</span> <span class='ocrx_word' id='word_1_588' title='bbox 3034 3624 3267 3693; x_wconf 85' lang='lat' dir='ltr'>insoni;</span> <span class='ocrx_word' id='word_1_589' title='bbox 3302 3640 3650 3698; x_wconf 89' lang='lat' dir='ltr'>cognoscen-</span> 
     </span>
    </p>
   </div>
   <div class='ocr_carea' id='block_1_85' title="bbox 1994 3713 3645 3787">
    <p class='ocr_par' dir='ltr' id='par_1_85' title="bbox 1994 3713 3645 3787">
     <span class='ocr_line' id='line_1_85' title="bbox 1994 3713 3645 3787; baseline 0.001 -18"><span class='ocrx_word' id='word_1_590' title='bbox 1994 3718 2083 3770; x_wconf 91' lang='lat' dir='ltr'>tes</span> <span class='ocrx_word' id='word_1_591' title='bbox 2133 3713 2273 3786; x_wconf 88' lang='lat' dir='ltr'>quia</span> <span class='ocrx_word' id='word_1_592' title='bbox 2329 3718 2383 3770; x_wconf 89' lang='lat' dir='ltr'>ct</span> <span class='ocrx_word' id='word_1_593' title='bbox 2426 3731 2563 3770; x_wconf 92' lang='lat' dir='ltr'>vera</span> <span class='ocrx_word' id='word_1_594' title='bbox 2609 3731 2743 3771; x_wconf 89' lang='lat' dir='ltr'>caro</span> <span class='ocrx_word' id='word_1_595' title='bbox 2789 3718 2897 3784; x_wconf 90' lang='lat' dir='ltr'>est,</span> <span class='ocrx_word' id='word_1_596' title='bbox 2958 3731 3085 3787; x_wconf 71' lang='lat' dir='ltr'>quae</span> <span class='ocrx_word' id='word_1_597' title='bbox 3142 3714 3378 3771; x_wconf 89' lang='lat' dir='ltr'>tractari</span> <span class='ocrx_word' id='word_1_598' title='bbox 3435 3714 3645 3787; x_wconf 91' lang='lat' dir='ltr'>potuit,</span> 
     </span>
    </p>
   </div>
   <div class='ocr_carea' id='block_1_86' title="bbox 1997 3802 3647 3876">
    <p class='ocr_par' dir='ltr' id='par_1_86' title="bbox 1997 3802 3647 3876">
     <span class='ocr_line' id='line_1_86' title="bbox 1997 3802 3647 3876; baseline 0.001 -17"><span class='ocrx_word' id='word_1_599' title='bbox 1997 3807 2053 3859; x_wconf 92' lang='lat' dir='ltr'>et</span> <span class='ocrx_word' id='word_1_600' title='bbox 2084 3803 2261 3870; x_wconf 90' lang='lat' dir='ltr'>Deus,</span> <span class='ocrx_word' id='word_1_601' title='bbox 2294 3802 2395 3875; x_wconf 91' lang='lat' dir='ltr'>qui</span> <span class='ocrx_word' id='word_1_602' title='bbox 2425 3802 2641 3861; x_wconf 88' lang='lat' dir='ltr'>clausis</span> <span class='ocrx_word' id='word_1_603' title='bbox 2662 3804 2870 3876; x_wconf 88' lang='lat' dir='ltr'>januis</span> <span class='ocrx_word' id='word_1_604' title='bbox 2900 3803 3154 3859; x_wconf 90' lang='lat' dir='ltr'>intravit.</span> <span class='ocrx_word' id='word_1_605' title='bbox 3182 3804 3254 3859; x_wconf 87' lang='lat' dir='ltr'>Et</span> <span class='ocrx_word' id='word_1_606' title='bbox 3298 3804 3455 3876; x_wconf 93' lang='lat' dir='ltr'>quod</span> <span class='ocrx_word' id='word_1_607' title='bbox 3494 3803 3647 3860; x_wconf 83' lang='lat' dir='ltr'>Tho-</span> 
     </span>
    </p>
   </div>
   <div class='ocr_carea' id='block_1_87' title="bbox 1997 3891 3645 3966">
    <p class='ocr_par' dir='ltr' id='par_1_87' title="bbox 1997 3891 3645 3966">
     <span class='ocr_line' id='line_1_87' title="bbox 1997 3891 3645 3966; baseline 0.001 -18"><span class='ocrx_word' id='word_1_608' title='bbox 1997 3909 2126 3948; x_wconf 89' lang='lat' dir='ltr'>mas</span> <span class='ocrx_word' id='word_1_609' title='bbox 2157 3892 2467 3961; x_wconf 87' lang='lat' dir='ltr'>dubitavit,</span> <span class='ocrx_word' id='word_1_610' title='bbox 2490 3910 2604 3949; x_wconf 91' lang='lat' dir='ltr'>non</span> <span class='ocrx_word' id='word_1_611' title='bbox 2629 3893 2747 3949; x_wconf 84' lang='lat' dir='ltr'>fors</span> <span class='ocrx_word' id='word_1_612' title='bbox 2771 3894 2872 3950; x_wconf 90' lang='lat' dir='ltr'>sed</span> <span class='ocrx_word' id='word_1_613' title='bbox 2904 3893 3103 3949; x_wconf 91' lang='lat' dir='ltr'>divina</span> <span class='ocrx_word' id='word_1_614' title='bbox 3129 3891 3495 3966; x_wconf 89' lang='lat' dir='ltr'>dispensacio</span> <span class='ocrx_word' id='word_1_615' title='bbox 3516 3892 3645 3949; x_wconf 80' lang='lat' dir='ltr'>fuit.</span> 
     </span>
    </p>
   </div>
   <div class='ocr_carea' id='block_1_88' title="bbox 1999 3980 3648 4055">
    <p class='ocr_par' dir='ltr' id='par_1_88' title="bbox 1999 3980 3648 4055">
     <span class='ocr_line' id='line_1_88' title="bbox 1999 3980 3648 4055; baseline -0.001 -16"><span class='ocrx_word' id='word_1_616' title='bbox 1999 3983 2094 4039; x_wconf 88' lang='lat' dir='ltr'>Sic</span> <span class='ocrx_word' id='word_1_617' title='bbox 2126 3982 2342 4055; x_wconf 89' lang='lat' dir='ltr'>itaque,</span> <span class='ocrx_word' id='word_1_618' title='bbox 2369 3982 2475 4048; x_wconf 91' lang='lat' dir='ltr'>sic,</span> <span class='ocrx_word' id='word_1_619' title='bbox 2508 3998 2608 4038; x_wconf 85' lang='lat' dir='ltr'>rex</span> <span class='ocrx_word' id='word_1_620' title='bbox 2638 3981 3267 4055; x_wconf 87' lang='lat' dir='ltr'>piissime,inseparata</span> <span class='ocrx_word' id='word_1_621' title='bbox 3293 3981 3367 4037; x_wconf 92' lang='lat' dir='ltr'>ob</span> <span class='ocrx_word' id='word_1_622' title='bbox 3389 3980 3648 4038; x_wconf 89' lang='lat' dir='ltr'>militum</span> 
     </span>
    </p>
   </div>
   <div class='ocr_carea' id='block_1_89' title="bbox 1999 4070 3649 4144">
    <p class='ocr_par' dir='ltr' id='par_1_89' title="bbox 1999 4070 3649 4144">
     <span class='ocr_line' id='line_1_89' title="bbox 1999 4070 3649 4144; baseline 0 -17"><span class='ocrx_word' id='word_1_623' title='bbox 1999 4071 2354 4144; x_wconf 85' lang='lat' dir='ltr'>paucitatem</span> <span class='ocrx_word' id='word_1_624' title='bbox 2397 4070 2642 4127; x_wconf 88' lang='lat' dir='ltr'>victoria</span> <span class='ocrx_word' id='word_1_625' title='bbox 2674 4070 2881 4126; x_wconf 64' lang='lat' dir='ltr'>divina:</span> <span class='ocrx_word' id='word_1_626' title='bbox 2913 4070 3227 4128; x_wconf 90' lang='lat' dir='ltr'>consilium</span> <span class='ocrx_word' id='word_1_627' title='bbox 3273 4070 3649 4144; x_wconf 74' lang='lat' dir='ltr'>providentiae</span> 
     </span>
    </p>
   </div>
   <div class='ocr_carea' id='block_1_90' title="bbox 2001 4159 3650 4234">
    <p class='ocr_par' dir='ltr' id='par_1_90' title="bbox 2001 4159 3650 4234">
     <span class='ocr_line' id='line_1_90' title="bbox 2001 4159 3650 4234; baseline 0.001 -20"><span class='ocrx_word' id='word_1_628' title='bbox 2001 4159 2130 4228; x_wconf 86' lang='lat' dir='ltr'>fuit,</span> <span class='ocrx_word' id='word_1_629' title='bbox 2161 4160 2360 4217; x_wconf 89' lang='lat' dir='ltr'>volens</span> <span class='ocrx_word' id='word_1_630' title='bbox 2391 4159 2742 4217; x_wconf 91' lang='lat' dir='ltr'>mortalibus</span> <span class='ocrx_word' id='word_1_631' title='bbox 2789 4160 3049 4217; x_wconf 88' lang='lat' dir='ltr'>indicare</span> <span class='ocrx_word' id='word_1_632' title='bbox 3088 4176 3267 4234; x_wconf 90' lang='lat' dir='ltr'>quam</span> <span class='ocrx_word' id='word_1_633' title='bbox 3314 4176 3485 4216; x_wconf 89' lang='lat' dir='ltr'>carus</span> <span class='ocrx_word' id='word_1_634' title='bbox 3531 4159 3650 4216; x_wconf 90' lang='lat' dir='ltr'>Deo</span> 
     </span>
    </p>
   </div>
   <div class='ocr_carea' id='block_1_91' title="bbox 2000 4248 3651 4321">
    <p class='ocr_par' dir='ltr' id='par_1_91' title="bbox 2000 4248 3651 4321">
     <span class='ocr_line' id='line_1_91' title="bbox 2000 4248 3651 4321; baseline -0.001 -16"><span class='ocrx_word' id='word_1_635' title='bbox 2000 4254 2157 4305; x_wconf 90' lang='lat' dir='ltr'>esset</span> <span class='ocrx_word' id='word_1_636' title='bbox 2186 4250 2288 4321; x_wconf 91' lang='lat' dir='ltr'>qui</span> <span class='ocrx_word' id='word_1_637' title='bbox 2320 4249 2541 4305; x_wconf 90' lang='lat' dir='ltr'>orando</span> <span class='ocrx_word' id='word_1_638' title='bbox 2562 4254 2682 4305; x_wconf 90' lang='lat' dir='ltr'>tam</span> <span class='ocrx_word' id='word_1_639' title='bbox 2712 4249 3071 4307; x_wconf 88' lang='lat' dir='ltr'>immensum</span> <span class='ocrx_word' id='word_1_640' title='bbox 3105 4265 3241 4306; x_wconf 91' lang='lat' dir='ltr'>cum</span> <span class='ocrx_word' id='word_1_641' title='bbox 3272 4248 3651 4320; x_wconf 85' lang='lat' dir='ltr'>paucissimis</span> 
     </span>
    </p>
   </div>
   <div class='ocr_carea' id='block_1_92' title="bbox 1999 4335 3649 4410">
    <p class='ocr_par' dir='ltr' id='par_1_92' title="bbox 1999 4335 3649 4410">
     <span class='ocr_line' id='line_1_92' title="bbox 1999 4335 3649 4410; baseline -0.001 -17"><span class='ocrx_word' id='word_1_642' title='bbox 1999 4337 2369 4410; x_wconf 90' lang='lat' dir='ltr'>triumphum</span> <span class='ocrx_word' id='word_1_643' title='bbox 2399 4337 2662 4409; x_wconf 87' lang='lat' dir='ltr'>optinere</span> <span class='ocrx_word' id='word_1_644' title='bbox 2695 4338 3037 4409; x_wconf 90' lang='lat' dir='ltr'>promeruit.</span> <span class='ocrx_word' id='word_1_645' title='bbox 3057 4338 3223 4393; x_wconf 91' lang='lat' dir='ltr'>Forte</span> <span class='ocrx_word' id='word_1_646' title='bbox 3251 4336 3434 4404; x_wconf 87' lang='lat' dir='ltr'>enim,</span> <span class='ocrx_word' id='word_1_647' title='bbox 3465 4335 3649 4392; x_wconf 91' lang='lat' dir='ltr'>immo</span> 
     </span>
    </p>
   </div>
   <div class='ocr_carea' id='block_1_93' title="bbox 1999 4424 3648 4498">
    <p class='ocr_par' dir='ltr' id='par_1_93' title="bbox 1999 4424 3648 4498">
     <span class='ocr_line' id='line_1_93' title="bbox 1999 4424 3648 4498; baseline -0.003 -14"><span class='ocrx_word' id='word_1_648' title='bbox 1999 4432 2176 4495; x_wconf 88' lang='lat' dir='ltr'>certe,</span> <span class='ocrx_word' id='word_1_649' title='bbox 2205 4429 2261 4482; x_wconf 92' lang='lat' dir='ltr'>et</span> <span class='ocrx_word' id='word_1_650' title='bbox 2286 4430 2346 4482; x_wconf 91' lang='lat' dir='ltr'>tu</span> <span class='ocrx_word' id='word_1_651' title='bbox 2378 4425 2542 4498; x_wconf 90' lang='lat' dir='ltr'>prius</span> <span class='ocrx_word' id='word_1_652' title='bbox 2576 4426 2910 4497; x_wconf 90' lang='lat' dir='ltr'>ignorabas,</span> <span class='ocrx_word' id='word_1_653' title='bbox 2944 4442 3122 4497; x_wconf 87' lang='lat' dir='ltr'>quam</span> <span class='ocrx_word' id='word_1_654' title='bbox 3154 4441 3326 4481; x_wconf 89' lang='lat' dir='ltr'>carus</span> <span class='ocrx_word' id='word_1_655' title='bbox 3377 4424 3494 4480; x_wconf 91' lang='lat' dir='ltr'>Deo</span> <span class='ocrx_word' id='word_1_656' title='bbox 3531 4425 3648 4480; x_wconf 82' lang='lat' dir='ltr'>exi-</span> 
     </span>
    </p>
   </div>
   <div class='ocr_carea' id='block_1_94' title="bbox 225 4512 3649 4592">
    <p class='ocr_par' dir='ltr' id='par_1_94' title="bbox 225 4512 3649 4592">
     <span class='ocr_line' id='line_1_94' title="bbox 225 4512 3649 4592; baseline -0.004 -11"><span class='ocrx_word' id='word_1_657' title='bbox 225 4530 320 4581; x_wconf 88' lang='lat' dir='ltr'>ter</span> <span class='ocrx_word' id='word_1_658' title='bbox 349 4521 700 4579; x_wconf 89' lang='lat' dir='ltr'>linteamina</span> <span class='ocrx_word' id='word_1_659' title='bbox 724 4520 1016 4577; x_wconf 86' lang='lat' dir='ltr'>invenisse</span> <span class='ocrx_word' id='word_1_660' title='bbox 1046 4518 1683 4592; x_wconf 85' lang='lat' dir='ltr'>audierat,angelorum</span> <span class='ocrx_word' id='word_1_661' title='bbox 1715 4520 1891 4577; x_wconf 91' lang='lat' dir='ltr'>etiam</span> <span class='ocrx_word' id='word_1_662' title='bbox 1923 4527 1970 4592; x_wconf 82' lang='lat'>1)</span> <span class='ocrx_word' id='word_1_663' title='bbox 2001 4523 2222 4584; x_wconf 89' lang='lat' dir='ltr'>steres;</span> <span class='ocrx_word' id='word_1_664' title='bbox 2257 4515 2411 4586; x_wconf 93' lang='lat' dir='ltr'>quod</span> <span class='ocrx_word' id='word_1_665' title='bbox 2443 4518 2575 4586; x_wconf 90' lang='lat' dir='ltr'>post</span> <span class='ocrx_word' id='word_1_666' title='bbox 2614 4517 2670 4568; x_wconf 89' lang='lat' dir='ltr'>te</span> <span class='ocrx_word' id='word_1_667' title='bbox 2717 4529 3067 4586; x_wconf 88' lang='lat' dir='ltr'>cognoscere</span> <span class='ocrx_word' id='word_1_668' title='bbox 3110 4512 3266 4580; x_wconf 87' lang='lat' dir='ltr'>fecit,</span> <span class='ocrx_word' id='word_1_669' title='bbox 3300 4528 3434 4567; x_wconf 89' lang='lat' dir='ltr'>cum</span> <span class='ocrx_word' id='word_1_670' title='bbox 3483 4515 3649 4568; x_wconf 89' lang='lat' dir='ltr'>tanta</span> 
     </span>
    </p>
   </div>
   <div class='ocr_carea' id='block_1_95' title="bbox 224 4608 1891 4684">
    <p class='ocr_par' dir='ltr' id='par_1_95' title="bbox 224 4608 1891 4684">
     <span class='ocr_line' id='line_1_95' title="bbox 224 4608 1891 4684; baseline -0.002 -14"><span class='ocrx_word' id='word_1_671' title='bbox 224 4613 516 4680; x_wconf 85' lang='lat' dir='ltr'>visiones,</span> <span class='ocrx_word' id='word_1_672' title='bbox 568 4611 666 4684; x_wconf 91' lang='lat' dir='ltr'>qui</span> <span class='ocrx_word' id='word_1_673' title='bbox 718 4627 850 4666; x_wconf 89' lang='lat' dir='ltr'>cum</span> <span class='ocrx_word' id='word_1_674' title='bbox 898 4610 1088 4665; x_wconf 87' lang='lat' dir='ltr'>vivere</span> <span class='ocrx_word' id='word_1_675' title='bbox 1141 4614 1488 4675; x_wconf 89' lang='lat' dir='ltr'>assererent,</span> <span class='ocrx_word' id='word_1_676' title='bbox 1545 4608 1891 4666; x_wconf 89' lang='lat' dir='ltr'>mulieribus</span> 
     </span>
    </p>
   </div>
   <div class='ocr_carea' id='block_1_96' title="bbox 230 4697 1890 4776">
    <p class='ocr_par' dir='ltr' id='par_1_96' title="bbox 230 4697 1890 4776">
     <span class='ocr_line' id='line_1_96' title="bbox 230 4697 1890 4776; baseline -0.003 -18"><span class='ocrx_word' id='word_1_677' title='bbox 230 4701 584 4776; x_wconf 89' lang='lat' dir='ltr'>apparuisse</span> <span class='ocrx_word' id='word_1_678' title='bbox 631 4703 996 4774; x_wconf 86' lang='lat' dir='ltr'>cognoverat.</span> <span class='ocrx_word' id='word_1_679' title='bbox 1029 4698 1143 4755; x_wconf 88' lang='lat' dir='ltr'>Sed</span> <span class='ocrx_word' id='word_1_680' title='bbox 1176 4701 1337 4767; x_wconf 90' lang='lat' dir='ltr'>esto;</span> <span class='ocrx_word' id='word_1_681' title='bbox 1373 4699 1517 4754; x_wconf 84' lang='lat' dir='ltr'>forte</span> <span class='ocrx_word' id='word_1_682' title='bbox 1548 4697 1702 4753; x_wconf 90' lang='lat' dir='ltr'>enim</span> <span class='ocrx_word' id='word_1_683' title='bbox 1753 4715 1890 4753; x_wconf 82' lang='lat' dir='ltr'>mu-</span> 
     </span>
    </p>
   </div>
   <div class='ocr_carea' id='block_1_97' title="bbox 230 4787 1889 4855">
    <p class='ocr_par' dir='ltr' id='par_1_97' title="bbox 230 4787 1889 4855">
     <span class='ocr_line' id='line_1_97' title="bbox 230 4787 1889 4855; baseline -0.002 -9"><span class='ocrx_word' id='word_1_684' title='bbox 230 4791 450 4848; x_wconf 88' lang='lat' dir='ltr'>lierum</span> <span class='ocrx_word' id='word_1_685' title='bbox 497 4789 900 4845; x_wconf 85' lang='lat' dir='ltr'>inﬁrmitatem</span> <span class='ocrx_word' id='word_1_686' title='bbox 950 4787 1348 4855; x_wconf 89' lang='lat' dir='ltr'>considerans,</span> <span class='ocrx_word' id='word_1_687' title='bbox 1396 4787 1742 4844; x_wconf 89' lang='lat' dir='ltr'>mulieribus</span> <span class='ocrx_word' id='word_1_688' title='bbox 1774 4805 1889 4843; x_wconf 92' lang='lat' dir='ltr'>non</span> 
     </span>
    </p>
   </div>
   <div class='ocr_carea' id='block_1_98' title="bbox 231 4875 1891 4951">
    <p class='ocr_par' dir='ltr' id='par_1_98' title="bbox 231 4875 1891 4951">
     <span class='ocr_line' id='line_1_98' title="bbox 231 4875 1891 4951; baseline -0.004 -13"><span class='ocrx_word' id='word_1_689' title='bbox 231 4881 533 4938; x_wconf 89' lang='lat' dir='ltr'>credebat.</span> <span class='ocrx_word' id='word_1_690' title='bbox 569 4879 739 4948; x_wconf 89' lang='lat' dir='ltr'>Cedo,</span> <span class='ocrx_word' id='word_1_691' title='bbox 773 4879 1036 4951; x_wconf 87' lang='lat' dir='ltr'>inquam,</span> <span class='ocrx_word' id='word_1_692' title='bbox 1071 4881 1273 4934; x_wconf 90' lang='lat' dir='ltr'>sancte</span> <span class='ocrx_word' id='word_1_693' title='bbox 1302 4875 1545 4939; x_wconf 89' lang='lat' dir='ltr'>Thoma,</span> <span class='ocrx_word' id='word_1_694' title='bbox 1579 4876 1629 4932; x_wconf 91' lang='lat' dir='ltr'>si</span> <span class='ocrx_word' id='word_1_695' title='bbox 1660 4877 1891 4932; x_wconf 92' lang='lat' dir='ltr'>duobus</span> 
     </span>
    </p>
   </div>
   <div class='ocr_carea' id='block_1_99' title="bbox 234 4965 1890 5043">
    <p class='ocr_par' dir='ltr' id='par_1_99' title="bbox 234 4965 1890 5043">
     <span class='ocr_line' id='line_1_99' title="bbox 234 4965 1890 5043; baseline -0.002 -17"><span class='ocrx_word' id='word_1_696' title='bbox 234 4968 550 5043; x_wconf 89' lang='lat' dir='ltr'>discipulis</span> <span class='ocrx_word' id='word_1_697' title='bbox 607 4969 677 5024; x_wconf 90' lang='lat' dir='ltr'>ad</span> <span class='ocrx_word' id='word_1_698' title='bbox 731 4966 1040 5024; x_wconf 90' lang='lat' dir='ltr'>castellum</span> <span class='ocrx_word' id='word_1_699' title='bbox 1089 4968 1371 5022; x_wconf 86' lang='lat' dir='ltr'>Emmaus</span> <span class='ocrx_word' id='word_1_700' title='bbox 1415 4965 1890 5038; x_wconf 88' lang='lat' dir='ltr'>properantibus,</span> 
     </span>
    </p>
   </div>
   <div class='ocr_carea' id='block_1_100' title="bbox 236 5053 1891 5131">
    <p class='ocr_par' dir='ltr' id='par_1_100' title="bbox 236 5053 1891 5131">
     <span class='ocr_line' id='line_1_100' title="bbox 236 5053 1891 5131; baseline -0.003 -17"><span class='ocrx_word' id='word_1_701' title='bbox 236 5058 460 5131; x_wconf 89' lang='lat' dir='ltr'>quibus</span> <span class='ocrx_word' id='word_1_702' title='bbox 492 5073 607 5113; x_wconf 92' lang='lat' dir='ltr'>non</span> <span class='ocrx_word' id='word_1_703' title='bbox 638 5056 831 5113; x_wconf 90' lang='lat' dir='ltr'>solum</span> <span class='ocrx_word' id='word_1_704' title='bbox 864 5055 1156 5129; x_wconf 89' lang='lat' dir='ltr'>apparuit,</span> <span class='ocrx_word' id='word_1_705' title='bbox 1190 5054 1290 5110; x_wconf 91' lang='lat' dir='ltr'>sed</span> <span class='ocrx_word' id='word_1_706' title='bbox 1321 5057 1377 5109; x_wconf 89' lang='lat' dir='ltr'>et</span> <span class='ocrx_word' id='word_1_707' title='bbox 1406 5053 1725 5126; x_wconf 87' lang='lat' dir='ltr'>scripturas</span> <span class='ocrx_word' id='word_1_708' title='bbox 1763 5071 1891 5127; x_wconf 76' lang='lat' dir='ltr'>quae</span> 
     </span>
    </p>
   </div>
   <div class='ocr_carea' id='block_1_101' title="bbox 240 5142 1893 5218">
    <p class='ocr_par' dir='ltr' id='par_1_101' title="bbox 240 5142 1893 5218">
     <span class='ocr_line' id='line_1_101' title="bbox 240 5142 1893 5218; baseline -0.002 -15"><span class='ocrx_word' id='word_1_709' title='bbox 240 5148 311 5205; x_wconf 90' lang='lat' dir='ltr'>de</span> <span class='ocrx_word' id='word_1_710' title='bbox 342 5164 408 5205; x_wconf 88' lang='lat' dir='ltr'>se</span> <span class='ocrx_word' id='word_1_711' title='bbox 438 5150 606 5204; x_wconf 87' lang='lat' dir='ltr'>erant</span> <span class='ocrx_word' id='word_1_712' title='bbox 633 5146 902 5218; x_wconf 89' lang='lat' dir='ltr'>apperuit</span> <span class='ocrx_word' id='word_1_713' title='bbox 920 5144 1197 5213; x_wconf 63' lang='lat' dir='ltr'>31°,immo</span> <span class='ocrx_word' id='word_1_714' title='bbox 1218 5142 1393 5200; x_wconf 91' lang='lat' dir='ltr'>etiam</span> <span class='ocrx_word' id='word_1_715' title='bbox 1413 5143 1737 5200; x_wconf 89' lang='lat' dir='ltr'>secundum</span> <span class='ocrx_word' id='word_1_716' title='bbox 1757 5160 1893 5200; x_wconf 91' lang='lat' dir='ltr'>con-</span> 
     </span>
    </p>
   </div>
   <div class='ocr_carea' id='block_1_102' title="bbox 1999 4599 3651 4672">
    <p class='ocr_par' dir='ltr' id='par_1_102' title="bbox 1999 4599 3651 4672">
     <span class='ocr_line' id='line_1_102' title="bbox 1999 4599 3651 4672; baseline -0.003 -10"><span class='ocrx_word' id='word_1_717' title='bbox 1999 4605 2240 4662; x_wconf 89' lang='lat' dir='ltr'>victoria</span> <span class='ocrx_word' id='word_1_718' title='bbox 2270 4601 2596 4659; x_wconf 89' lang='lat' dir='ltr'>honoravit.</span> <span class='ocrx_word' id='word_1_719' title='bbox 2631 4601 2827 4657; x_wconf 88' lang='lat' dir='ltr'>Sancti</span> <span class='ocrx_word' id='word_1_720' title='bbox 2858 4602 3074 4657; x_wconf 91' lang='lat' dir='ltr'>etenim</span> <span class='ocrx_word' id='word_1_721' title='bbox 3103 4599 3212 4657; x_wconf 89' lang='lat' dir='ltr'>viri</span> <span class='ocrx_word' id='word_1_722' title='bbox 3244 4600 3386 4672; x_wconf 89' lang='lat' dir='ltr'>quid</span> <span class='ocrx_word' id='word_1_723' title='bbox 3415 4599 3651 4657; x_wconf 92' lang='lat' dir='ltr'>virtutis</span> 
     </span>
    </p>
   </div>
   <div class='ocr_carea' id='block_1_103' title="bbox 2000 4688 3650 4763">
    <p class='ocr_par' dir='ltr' id='par_1_103' title="bbox 2000 4688 3650 4763">
     <span class='ocr_line' id='line_1_103' title="bbox 2000 4688 3650 4763; baseline -0.004 -10"><span class='ocrx_word' id='word_1_724' title='bbox 2000 4697 2273 4760; x_wconf 86' lang='lat' dir='ltr'>habeant,</span> <span class='ocrx_word' id='word_1_725' title='bbox 2307 4695 2363 4748; x_wconf 89' lang='lat' dir='ltr'>et</span> <span class='ocrx_word' id='word_1_726' title='bbox 2392 4689 2596 4763; x_wconf 88' lang='lat' dir='ltr'>quanti</span> <span class='ocrx_word' id='word_1_727' title='bbox 2646 4690 2707 4745; x_wconf 89' lang='lat' dir='ltr'>in</span> <span class='ocrx_word' id='word_1_728' title='bbox 2769 4694 3084 4763; x_wconf 88' lang='lat' dir='ltr'>conspectu</span> <span class='ocrx_word' id='word_1_729' title='bbox 3137 4688 3317 4745; x_wconf 88' lang='lat' dir='ltr'>divini</span> <span class='ocrx_word' id='word_1_730' title='bbox 3365 4688 3650 4747; x_wconf 88' lang='lat' dir='ltr'>examinis</span> 
     </span>
    </p>
   </div>
   <div class='ocr_carea' id='block_1_104' title="bbox 2002 4778 3649 4853">
    <p class='ocr_par' dir='ltr' id='par_1_104' title="bbox 2002 4778 3649 4853">
     <span class='ocr_line' id='line_1_104' title="bbox 2002 4778 3649 4853; baseline -0.004 -12"><span class='ocrx_word' id='word_1_731' title='bbox 2002 4784 2346 4849; x_wconf 86' lang='lat' dir='ltr'>consistant,</span> <span class='ocrx_word' id='word_1_732' title='bbox 2399 4779 2512 4835; x_wconf 91' lang='lat' dir='ltr'>nisi</span> <span class='ocrx_word' id='word_1_733' title='bbox 2565 4778 2956 4852; x_wconf 86' lang='lat' dir='ltr'>probaverint,</span> <span class='ocrx_word' id='word_1_734' title='bbox 3015 4779 3320 4853; x_wconf 89' lang='lat' dir='ltr'>ignorant;</span> <span class='ocrx_word' id='word_1_735' title='bbox 3369 4779 3525 4850; x_wconf 89' lang='lat' dir='ltr'>quod</span> <span class='ocrx_word' id='word_1_736' title='bbox 3575 4779 3649 4835; x_wconf 90' lang='lat' dir='ltr'>ad</span> 
     </span>
    </p>
   </div>
   <div class='ocr_carea' id='block_1_105' title="bbox 2001 4867 3650 4942">
    <p class='ocr_par' dir='ltr' id='par_1_105' title="bbox 2001 4867 3650 4942">
     <span class='ocr_line' id='line_1_105' title="bbox 2001 4867 3650 4942; baseline -0.004 -11"><span class='ocrx_word' id='word_1_737' title='bbox 2001 4872 2293 4931; x_wconf 86' lang='lat' dir='ltr'>Abraham</span> <span class='ocrx_word' id='word_1_738' title='bbox 2346 4870 2533 4925; x_wconf 86' lang='lat' dir='ltr'>ﬁlium</span> <span class='ocrx_word' id='word_1_739' title='bbox 2583 4867 2889 4924; x_wconf 90' lang='lat' dir='ltr'>immolare</span> <span class='ocrx_word' id='word_1_740' title='bbox 2928 4868 3219 4942; x_wconf 90' lang='lat' dir='ltr'>cupientis</span> <span class='ocrx_word' id='word_1_741' title='bbox 3247 4868 3313 4904; x_wconf 74' lang='lat'>3“</span> <span class='ocrx_word' id='word_1_742' title='bbox 3344 4884 3413 4924; x_wconf 84' lang='lat' dir='ltr'>ex</span> <span class='ocrx_word' id='word_1_743' title='bbox 3456 4867 3650 4925; x_wconf 88' lang='lat' dir='ltr'>verbis</span> 
     </span>
    </p>
   </div>
   <div class='ocr_carea' id='block_1_106' title="bbox 2003 4957 3651 5035">
    <p class='ocr_par' dir='ltr' id='par_1_106' title="bbox 2003 4957 3651 5035">
     <span class='ocr_line' id='line_1_106' title="bbox 2003 4957 3651 5035; baseline -0.004 -16"><span class='ocrx_word' id='word_1_744' title='bbox 2003 4962 2193 5035; x_wconf 88' lang='lat' dir='ltr'>angeli</span> <span class='ocrx_word' id='word_1_745' title='bbox 2224 4957 2471 5016; x_wconf 87' lang='lat' dir='ltr'>dicentis</span> <span class='ocrx_word' id='word_1_746' title='bbox 2493 4957 2762 5030; x_wconf 87' lang='lat' dir='ltr'>colligere</span> <span class='ocrx_word' id='word_1_747' title='bbox 2791 4973 3140 5029; x_wconf 90' lang='lat' dir='ltr'>possumus;</span> <span class='ocrx_word' id='word_1_748' title='bbox 3169 4958 3252 5013; x_wconf 89' lang='lat' dir='ltr'>ait</span> <span class='ocrx_word' id='word_1_749' title='bbox 3280 4957 3437 5013; x_wconf 91' lang='lat' dir='ltr'>enim</span> <span class='ocrx_word' id='word_1_750' title='bbox 3461 4973 3476 5012; x_wconf 91' lang='lat'><strong>:</strong></span> <span class='ocrx_word' id='word_1_751' title='bbox 3511 4978 3539 5007; x_wconf 90' lang='grc'>‹‹</span> <span class='ocrx_word' id='word_1_752' title='bbox 3567 4957 3651 5015; x_wconf 90' lang='lat' dir='ltr'>Ne</span> 
     </span>
    </p>
   </div>
   <div class='ocr_carea' id='block_1_107' title="bbox 2003 5045 3651 5121">
    <p class='ocr_par' dir='ltr' id='par_1_107' title="bbox 2003 5045 3651 5121">
     <span class='ocr_line' id='line_1_107' title="bbox 2003 5045 3651 5121; baseline -0.003 -11"><span class='ocrx_word' id='word_1_753' title='bbox 2003 5052 2283 5110; x_wconf 86' lang='lat' dir='ltr'>extendas</span> <span class='ocrx_word' id='word_1_754' title='bbox 2314 5064 2556 5104; x_wconf 90' lang='lat' dir='ltr'>manum</span> <span class='ocrx_word' id='word_1_755' title='bbox 2586 5051 2750 5104; x_wconf 88' lang='lat' dir='ltr'>tuam</span> <span class='ocrx_word' id='word_1_756' title='bbox 2782 5063 2960 5120; x_wconf 91' lang='lat' dir='ltr'>super</span> <span class='ocrx_word' id='word_1_757' title='bbox 2983 5063 3452 5121; x_wconf 90' lang='lat' dir='ltr'>puerum,neque</span> <span class='ocrx_word' id='word_1_758' title='bbox 3471 5045 3651 5105; x_wconf 82' lang='lat' dir='ltr'>facias</span> 
     </span>
    </p>
   </div>
   <div class='ocr_carea' id='block_1_108' title="bbox 2003 5134 3651 5215">
    <p class='ocr_par' dir='ltr' id='par_1_108' title="bbox 2003 5134 3651 5215">
     <span class='ocr_line' id='line_1_108' title="bbox 2003 5134 3651 5215; baseline -0.003 -17"><span class='ocrx_word' id='word_1_759' title='bbox 2003 5142 2087 5198; x_wconf 91' lang='lat' dir='ltr'>illi</span> <span class='ocrx_word' id='word_1_760' title='bbox 2118 5139 2478 5215; x_wconf 86' lang='lat' dir='ltr'>quicquam;</span> <span class='ocrx_word' id='word_1_761' title='bbox 2520 5153 2680 5193; x_wconf 92' lang='lat' dir='ltr'>nunc</span> <span class='ocrx_word' id='word_1_762' title='bbox 2727 5135 2969 5210; x_wconf 88' lang='lat' dir='ltr'>cognovi</span> <span class='ocrx_word' id='word_1_763' title='bbox 2998 5136 3154 5209; x_wconf 91' lang='lat' dir='ltr'>quod</span> <span class='ocrx_word' id='word_1_764' title='bbox 3196 5134 3404 5194; x_wconf 87' lang='lat' dir='ltr'>timeas</span> <span class='ocrx_word' id='word_1_765' title='bbox 3452 5135 3651 5194; x_wconf 91' lang='lat' dir='ltr'>Domi-</span> 
     </span>
    </p>
   </div>
   <div class='ocr_carea' id='block_1_109' title="bbox 1589 5312 2287 5372">
    <p class='ocr_par' dir='ltr' id='par_1_109' title="bbox 1589 5312 2287 5372">
     <span class='ocr_line' id='line_1_109' title="bbox 1589 5312 2287 5372; baseline -0.003 -4"><span class='ocrx_word' id='word_1_766' title='bbox 1589 5312 1829 5371; x_wconf 76' lang='lat' dir='ltr'>VARI/E</span> <span class='ocrx_word' id='word_1_767' title='bbox 1869 5312 2287 5372; x_wconf 85' lang='lat' dir='ltr'>LECTIONES.</span> 
     </span>
    </p>
   </div>
   <div class='ocr_carea' id='block_1_110' title="bbox 313 5427 3649 5524">
    <p class='ocr_par' dir='ltr' id='par_1_110' title="bbox 313 5427 3649 5524">
     <span class='ocr_line' id='line_1_110' title="bbox 313 5427 3649 5524; baseline -0 1"><span class='ocrx_word' id='word_1_768' title='bbox 313 5443 384 5478; x_wconf 75' lang='grc'>³⁸⁸</span> <span class='ocrx_word' id='word_1_769' title='bbox 412 5439 987 5524; x_wconf 55' lang='grc' dir='ltr'>οοηὶυρᾶμιξκθςαῌ-</span> <span class='ocrx_word' id='word_1_770' title='bbox 1036 5439 1132 5524; x_wconf 62' lang='lat'>..3°&quot;</span> <span class='ocrx_word' id='word_1_771' title='bbox 1158 5437 1482 5524; x_wconf 58' lang='grc' dir='ltr'>Ρθιθξξξθξιιί</span> <span class='ocrx_word' id='word_1_772' title='bbox 1517 5438 1567 5493; x_wconf 68' lang='grc'>1⁸</span> <span class='ocrx_word' id='word_1_773' title='bbox 1644 5439 2037 5524; x_wconf 52' lang='lat' dir='ltr'>“summie</span> <span class='ocrx_word' id='word_1_774' title='bbox 2066 5442 2141 5514; x_wconf 79' lang='grc'>(5·</span> <span class='ocrx_word' id='word_1_775' title='bbox 2175 5438 2212 5495; x_wconf 80' lang='lat'>5</span> <span class='ocrx_word' id='word_1_776' title='bbox 2236 5437 2316 5520; x_wconf 57' lang='lat' dir='ltr'>as)</span> <span class='ocrx_word' id='word_1_777' title='bbox 2343 5435 2466 5524; x_wconf 57' lang='grc' dir='ltr'>ξεῖ</span> <span class='ocrx_word' id='word_1_778' title='bbox 2502 5427 3317 5524; x_wconf 59' lang='lat' dir='ltr'>W9-§:P?£‘f&quot;4€£&#39;f9?‘f&quot;3?’</span> <span class='ocrx_word' id='word_1_779' title='bbox 3337 5428 3649 5524; x_wconf 68' lang='lat'>£-.‘.8,-.__.’°3</span> 
     </span>
    </p>
   </div>
   <div class='ocr_carea' id='block_1_111' title="bbox 243 5504 3644 5590">
    <p class='ocr_par' dir='ltr' id='par_1_111' title="bbox 243 5504 3644 5590">
     <span class='ocr_line' id='line_1_111' title="bbox 243 5504 3644 5590; baseline -0.001 -20"><span class='ocrx_word' id='word_1_780' title='bbox 243 5504 681 5590; x_wconf 61' lang='lat' dir='ltr'>concons&#39;tabit</span> <span class='ocrx_word' id='word_1_781' title='bbox 712 5515 759 5568; x_wconf 94' lang='grc'>1.</span> <span class='ocrx_word' id='word_1_782' title='bbox 791 5512 1001 5568; x_wconf 79' lang='lat' dir='ltr'>duabus</span> <span class='ocrx_word' id='word_1_783' title='bbox 1030 5504 1212 5590; x_wconf 60' lang='lat' dir='ltr'>lineis.</span> <span class='ocrx_word' id='word_1_784' title='bbox 1288 5510 1508 5590; x_wconf 66' lang='lat' dir='ltr'>3‘°__i._e.</span> <span class='ocrx_word' id='word_1_785' title='bbox 1535 5510 1782 5590; x_wconf 75' lang='lat' dir='ltr'>aperuit.</span> <span class='ocrx_word' id='word_1_786' title='bbox 1819 5584 1830 5590; x_wconf 29' lang='grc' dir='ltr'><strong>Δ</strong></span> <span class='ocrx_word' id='word_1_787' title='bbox 1851 5514 1926 5590; x_wconf 72' lang='lat'>_3“</span> <span class='ocrx_word' id='word_1_788' title='bbox 1958 5504 2093 5590; x_wconf 56' lang='lat' dir='ltr'>lege</span> <span class='ocrx_word' id='word_1_789' title='bbox 2140 5509 2473 5590; x_wconf 75' lang='lat' dir='ltr'>cupientem</span> <span class='ocrx_word' id='word_1_790' title='bbox 2498 5505 2873 5590; x_wconf 43' lang='grc' dir='ltr'>λιςοηεςινςιιεεὶο</span> <span class='ocrx_word' id='word_1_791' title='bbox 2893 5505 3125 5590; x_wconf 43' lang='lat' dir='ltr'>scilicet</span> <span class='ocrx_word' id='word_1_792' title='bbox 3172 5505 3289 5590; x_wconf 62' lang='grc' dir='ltr'>ιιῳο</span> <span class='ocrx_word' id='word_1_793' title='bbox 3326 5510 3405 5564; x_wconf 73' lang='lat' dir='ltr'>est</span> <span class='ocrx_word' id='word_1_794' title='bbox 3430 5520 3451 5563; x_wconf 69' lang='grc' dir='ltr'><em>ξ</em></span> <span class='ocrx_word' id='word_1_795' title='bbox 3482 5504 3644 5590; x_wconf 80' lang='lat' dir='ltr'>Quod</span> 
     </span>
    </p>
   </div>
   <div class='ocr_carea' id='block_1_112' title="bbox 241 5573 3034 5662">
    <p class='ocr_par' dir='ltr' id='par_1_112' title="bbox 241 5573 3034 5662">
     <span class='ocr_line' id='line_1_112' title="bbox 241 5573 3034 5662; baseline -0.002 -17"><span class='ocrx_word' id='word_1_796' title='bbox 241 5584 514 5662; x_wconf 73' lang='lat' dir='ltr'>colligam</span> <span class='ocrx_word' id='word_1_797' title='bbox 542 5600 860 5662; x_wconf 88' lang='lat' dir='ltr'>possumus</span> <span class='ocrx_word' id='word_1_798' title='bbox 892 5599 960 5645; x_wconf 85' lang='lat' dir='ltr'>ex</span> <span class='ocrx_word' id='word_1_799' title='bbox 988 5581 1180 5643; x_wconf 82' lang='lat' dir='ltr'>verbis</span> <span class='ocrx_word' id='word_1_800' title='bbox 1207 5580 1397 5660; x_wconf 79' lang='lat' dir='ltr'>angeli</span> <span class='ocrx_word' id='word_1_801' title='bbox 1420 5573 1668 5643; x_wconf 70' lang='lat' dir='ltr'>dicentis</span> <span class='ocrx_word' id='word_1_802' title='bbox 1698 5583 1770 5643; x_wconf 85' lang='lat' dir='ltr'>ad</span> <span class='ocrx_word' id='word_1_803' title='bbox 1800 5573 2098 5646; x_wconf 67' lang='lat' dir='ltr'>Abraham</span> <span class='ocrx_word' id='word_1_804' title='bbox 2128 5573 2462 5659; x_wconf 74' lang='lat' dir='ltr'>cupientem</span> <span class='ocrx_word' id='word_1_805' title='bbox 2493 5574 2684 5637; x_wconf 83' lang='lat' dir='ltr'>ﬁlium</span> <span class='ocrx_word' id='word_1_806' title='bbox 2708 5573 3034 5640; x_wconf 77' lang='lat' dir='ltr'>immolare.</span> 
     </span>
    </p>
   </div>
  </div>
