4014 6186
475 283 589 342 8ΰί

1425 277 1898 341 ιωτωρωι
1941 277 2100 340 ΟΗΕ]

2217 277 2496 339 NENSIS
2539 277 2663 338 EPl
2672 275 2921 338 SGOPI.
3697 280 3784 342 ΒὯ

475 429 618 469 num
648 412 801 484 (Gen.
824 429 965 480 xxu,
995 412 1109 484 t2),
1146 435 1173 461 ι›
1206 412 1262 467 id
1292 417 1384 468 est
1415 415 1470 468 te
1501 399 1706 484 ipsum
1753 416 1813 466 et
1859 415 2120 484 posteros
2149 411 2205 478 Α
2233 411 2412 468 saluti
2443 417 2580 480 tum,
2609 410 2734 467 loca
2763 411 2886 467 hinc
2917 410 3190 466 deserens
3207 410 3581 467 etSmniam
3616 416 3788 483 petens.

472 518 818 575 cognoscere
867 501 996 556 feci.
1049 502 1297 557 Noverat
1345 500 1500 556 enim
1543 500 1834 556 Dominus
1883 506 1939 556 et
1988 503 2121 555 ante

471 607 652 662 quam
684 589 873 646 filium
905 589 1212 646 immolare
1236 589 1428 657 vellet,
1463 593 1683 662 quanta
1712 589 2006 647 Abraham
2029 606 2124 661 pa-

471 679 730 735 triarcha
754 684 999 735 sanctus
1030 697 1166 735 eum
1193 678 1434 736 caritate
1465 679 1768 752 diligeret;
1803 679 1904 735 sed
1935 679 1986 733 is
2018 679 2119 750 qui

470 767 770 840 diligebat,
804 785 979 841 quam
1014 769 1262 840 perfecte
1306 768 1593 841 diligeret,
1625 785 1741 823 non
1793 767 1976 834 novit,
2018 768 2118 822 do-

469 874 576 913 nec
587 857 896 930 perdilecti
913 858 1014 912 ﬁlii
1029 857 1490 914 immolationem
1507 857 1873 930 apertissime
1886 855 2117 912 claruit.

469 945 790 1002 Possumus
817 952 876 1002 et
915 947 1066 1002 hanc
1108 963 1177 1003 ex
1208 947 1360 1003 beati
1394 947 1544 1002 Petri
1577 946 1966 1018 promissione
1989 961 2118 1000 sen-

466 1035 707 1091 tentiam
740 1037 1122 1109 approbare.«
1148 1037 1412 1102 Domine,
1437 1035 1847 1107 inquit,tccum
1881 1038 2120 1108 paratus

466 1138 599 1184 stlm
648 1129 705 1180 et
752 1125 811 1182 in
853 1141 1151 1180 carcerem
1202 1129 1258 1179 et
1305 1125 1364 1179 in
1397 1129 1643 1179 mortem
1678 1123 1780 1179 ire.
1818 1147 1845 1172 ››
1878 1123 1978 1178 Cui
2014 1124 2119 1178 Do-

465 1213 710 1268 minus:
761 1235 793 1262 «
845 1214 978 1268 Dico
1031 1212 1157 1278 tibi,
1190 1214 1293 1281 ait,
1347 1214 1532 1279 Petro,
1586 1230 1700 1268 non
1753 1212 2010 1268 cantabit
2059 1212 2117 1266 in

464 1301 573 1356 hac
605 1305 772 1357 nocte
792 1301 1195 1374 gallus,donec
1225 1305 1314 1356 ter
1343 1301 1598 1374 abneges
1630 1318 1804 1358 nosse
1834 1317 1928 1356 me
1960 1300 2112 1371 (Luc.

464 1407 604 1455 xm,
635 1390 748 1461 33).
800 1412 828 1439 »
876 1391 919 1446 Ο
965 1395 1165 1446 sancte
1219 1391 1402 1459 Petrc,
1458 1390 1670 1446 melius
1720 1376 1897 1462 quam
1949 1395 2011 1444 tu
2062 1393 2117 1446 te

464 1478 622 1535 novit
660 1479 761 1551 qui
807 1479 942 1534 fecit
986 1483 1060 1535 te.
1109 1481 1194 1534 Tu
1255 1479 1564 1551 proﬁteris,
1619 1479 2114 1551 quemadmodum

461 1571 658 1640 putas,
688 1583 885 1624 veram
916 1567 1224 1635 ﬁdem;sed
1258 1567 1358 1638 qui
1393 1567 1738 1639 priusquam
1765 1567 2117 1622 ﬁantomnia

462 1656 647 1724 novit,
679 1660 769 1710 ter
813 1673 878 1711 se
930 1662 1279 1729 negaturum
1323 1661 1381 1711 te
1426 1673 1557 1712 esse
1605 1655 1891 1728 praedixit.
1926 1656 2115 1725 Hujus

2232 503 2344 556 Nec
2375 501 2522 557 clam
2555 505 2612 556 te
2643 504 2749 567 est,
2785 500 2941 571 quod
2991 497 3295 554 Heinricus
3340 499 3509 554 frater
3545 503 3663 555 inus
3697 501 3791 556 bel-

2230 591 2353 646 lum
2384 590 2488 646 tibi
2521 590 2732 645 inferre
2761 592 3042 656 conetur;
3077 587 3177 660 qui
3211 587 3259 643 si
3292 590 3410 643 tam
3440 605 3621 660 pravas
3647 595 3793 645 tecum

2229 697 2358 736 esse
2390 680 2591 752 c0pias
2642 678 2912 743 senserit,
2945 677 3028 732 ita
3070 677 3254 732 irruet
3291 677 3618 748 repentinus,
3645 681 3795 733 utnec

2230 769 2488 841 fugiendi
2535 767 2772 840 quidem
2820 766 2898 820 sit
2944 765 3128 820 locus.
3179 763 3385 821 Melius
3429 769 3511 820 est
3550 764 3698 837 igitur
3731 784 3796 821 re-

2230 861 2434 930 parato
2466 856 2720 912 exercitu
2751 855 2964 910 iterum
3017 855 3227 921 redire,
3263 870 3432 924 quam
3462 859 3554 908 aut
3578 853 3699 909 mori
3723 854 3797 909 mi.

2227 963 2372 1016 sere,
2434 950 2534 1000 aut
2572 945 2822 1016 turpiter
2845 944 3061 1016 fugere.
3116 966 3142 992 »
3175 943 3395 1008 Quibus
3436 959 3526 998 rex
3567 942 3792 1014 inperter-

2229 1036 2398 1101 ritus,
2433 1039 2498 1089 ut
2528 1034 2824 1106 quondam
2861 1032 2985 1088 suis
3013 1032 3199 1087 Judas
3233 1035 3595 1104 cognomento
3619 1030 3793 1086 Macha-

2230 1125 2391 1180 bzeus
2425 1143 2438 1180 :
2494 1147 2521 1174 ‹‹
2566 1123 2774 1187 Nolite,
2815 1122 2917 1189 ait,
2969 1121 3146 1178 nolite
3197 1121 3342 1176 talia
3370 1120 3636 1193 loqui;et
3658 1121 3696 1175 si
3721 1121 3793 1174 ad-

2229 1213 2641 1287 prOpinuqavit
2689 1215 2922 1283 tempus
2954 1215 3245 1278 nostrum,
3295 1209 3594 1266 moriamur
3633 1209 3681 1263 in
3715 1209 3794 1263 vir-

2228 1307 2371 1371 tute,
2404 1308 2461 1358 et
2492 1319 2606 1358 non
2629 1301 2952 1356 inferamus
2974 1300 3193 1356 crimen
3226 1298 3420 1373 glorias
3450 1303 3635 1354 nostra:
3656 1301 3694 1368 (Ι
3715 1303 3795 1354 Ha-

2225 1392 2380 1447 rhab.
2424 1409 2502 1456 Ix,
2556 1391 2667 1456 10).
2718 1389 2926 1446 Melius
2973 1393 3062 1447 est
3110 1389 3269 1445 enim
3317 1405 3415 1459 pro
3462 1403 3587 1442 vera
3619 1386 3794 1457 jnstitia

2226 1486 2472 1536 mortem
2502 1480 2907 1550 subire,quam
2941 1495 3067 1534 eam
3101 1477 3376 1550 fugiendo
3399 1476 3792 1548 turpitervivere.

2224 1569 2484 1641 Denique
2517 1568 2566 1624 si
2599 1567 2728 1623 illos
2758 1567 2856 1622 Dei
2909 1566 3263 1624 ordinationi
3316 1566 3648 1630 resistentes,
3673 1564 3789 1618 auxi-

2223 1657 2368 1714 lium
2399 1676 2434 1714 a
2463 1657 2844 1713 multitudine
2872 1656 2997 1712 sola
3025 1660 3082 1712 et
3138 1672 3254 1711 non
3306 1671 3340 1710 a
3379 1654 3489 1710 Deo
3536 1657 3788 1725 sperantes,

460 1745 676 1816 quippe
707 1745 1007 1801 sententia:
1053 1763 1166 1800 non
1217 1745 1529 1812 inmemor,
1575 1761 1710 1800 cum
1760 1749 1817 1800 te
1863 1749 2114 1816 postmo-
2143 1780 2192 1845 Β
2219 1747 2442 1819 injuste
2473 1746 2744 1818 prazliari,
2777 1745 2923 1800 mori
2958 1750 3015 1800 et
3045 1745 3117 1800 ad
3158 1741 3581 1800 irremissibiles
3622 1740 3789 1841 bere.in

460 1834 625 1902 dum,
655 1851 731 1890 an
781 1851 844 1890 se
893 1832 1168 1905 diligeres
1197 1835 1284 1903 3",
1319 1834 1729 1906 interrogaret,
1762 1832 1950 1906 magis
1998 1832 2111 1905 ipsi
2144 1828 2192 1845 υ
2222 1853 2422 1908 poenas
2454 1835 2803 1890 descendere
2835 1834 3024 1905 juvat,
3060 1831 3475 1888 nichilominus
3522 1847 3622 1886 non
3660 1828 3787 1884 immo

460 1923 702 1980 credens
733 1940 911 1995 quam
942 1923 1073 1994 tibi,
1115 1940 1376 1978 amorem
1408 1927 1574 1977 tuum
1629 1921 1738 1977 bac
1791 1927 2112 1994 temperata

460 2010 838 2083 responsione
871 2011 1421 2078 declarasti,dicens
1450 2028 1462 2064 ε
1495 2035 1521 2059 ‹‹
1557 2011 1888 2076 Domine,tu
1913 2011 2112 2066 omnia

460 2100 638 2167 nosti,
684 2103 745 2154 tu
801 2100 917 2154 scis
967 2099 1105 2172 quia
1151 2116 1284 2154 amo
1332 2105 1388 2154 te
1435 2101 1613 2172 (1mm.
1645 2117 1760 2165 xxx,
1805 2101 1911 2171 15).
1958 2100 2108 2156 Con-

459 2188 704 2244 scientia
735 2188 971 2260 quidem
1007 2205 1137 2243 mea
1169 2188 1301 2260 plus
1332 2188 1510 2260 diligo
1542 2193 1595 2244 te
1628 2207 1805 2260 quam
1849 2206 1960 2255 me,
1995 2188 2108 2243 nisi

458 2278 597 2349 quia
626 2281 681 2333 te
711 2276 1006 2350 diligendo
1037 2277 1216 2350 diligo
1250 2295 1363 2333 me.
1399 2278 1604 2334 Utrum
1645 2283 1863 2346 autem,
1895 2283 1960 2332 ut
1990 2277 2108 2332 exi-

457 2366 657 2432 stimo,
702 2364 789 2420 ita
834 2383 962 2421 sese
1021 2367 1232 2424 veritas
1289 2367 1524 2434 habeat,
1585 2367 1710 2439 ipse
1766 2383 1942 2440 quam
2001 2383 2107 2439 ego

457 2454 667 2510 melius
713 2454 891 2522 nosti,
944 2455 1045 2525 qui
1097 2472 1187 2510 me
1231 2459 1297 2510 ut
1341 2471 1532 2510 essem
1585 2455 1793 2523 fecisti,
1840 2455 1891 2511 ei
1947 2459 2010 2510 ut
2053 2460 2108 2511 te

455 2542 758 2616 diligerem
775 2543 1314 2614 amorejustissimo
1330 2543 1709 2600 inﬂammasti
1723 2587 1733 2598 .
1747 2568 1772 2595 »
1797 2545 1952 2600 Bone
1967 2545 2109 2600 itaa-

455 2649 567 2704 que
595 2649 838 2700 rex,non
869 2633 941 2687 ob
973 2636 1137 2687 tuam
1169 2632 1391 2688 hocscd
1424 2634 1496 2688 ob
1521 2634 1889 2692 inﬁrmorum
1909 2640 2103 2689 actum

455 2727 543 2777 est
575 2721 772 2792 ﬁdem,
806 2721 907 2792 qui
936 2720 1238 2776 victoriam
1289 2739 1405 2777 non
1456 2722 1569 2778 nisi
1617 2722 1675 2778 in
1729 2723 2104 2778 multitudine

453 2813 664 2881 putant
683 2809 1000 2866 consistere
1015 2810 1120 2864 eth
1132 2826 1379 2866 umanas
1394 2827 1484 2866 res
1503 2827 1620 2867 non
1653 2811 1766 2866 nisi
1782 2810 1840 2866 in
1856 2812 2100 2868 fortuitu

452 2897 776 2970 provenire.
827 2896 1059 2954 Scimus
1108 2898 1287 2965 enim,
1323 2899 1462 2971 quia
1503 2905 1560 2954 et
1607 2899 1655 2956 si
1696 2916 1829 2954 cum
1864 2900 2102 2956 milibus

451 2988 520 3026 ³³³
549 2985 880 3059 legionibus
913 2986 1192 3042 transires
1221 3004 1287 3042 ac
1318 2987 1618 3043 victoriam
1650 2989 1964 3060 optineres,
1984 3007 2100 3045 non

453 3093 582 3132 eam
609 3075 739 3144 tibi,
758 3077 862 3132 sed
897 3075 1162 3143 Domino,
1191 3075 1535 3150 imputares.
1560 3078 1629 3132 Et
1657 3077 1778 3133 hinc
1809 3077 1955 3134 ratio
1986 3085 2094 3148 est,

2220 1925 2411 1980 acrius
2443 1940 2703 1996 pugnare
2733 1922 3112 1995 delcctet,qui
3143 1926 3202 1977 et
3233 1920 3475 1994 praeliari
3508 1936 3597 1992 pro
3609 1918 3788 1989 justicia

2219 2015 2431 2080 securi,
2463 2019 2518 2068 et
2548 2011 2883 2085 praeliando,
2919 2012 2969 2066 si
2999 2029 3127 2067 sors
3159 2011 3354 2067 carnis
3405 2010 3656 2066 universa)
3681 2005 3786 2060 acci.

2219 2103 2386 2167 derit,
2419 2102 2685 2157 securius
2718 2117 3036 2173 possumus
3082 2101 3255 2156 mori.
3290 2100 3431 2155 Nam
3479 2113 3571 2169 pro
3604 2095 3786 2167 justicia

2219 2197 2602 2265 pugnaturos,
2637 2191 2710 2245 ob
2741 2191 3041 2263 copiarum
3075 2189 3426 2262 paucitatem
3471 2190 3590 2240 ante
3631 2198 3786 2256 pugna

2218 2281 2678 2353 experimentum
2711 2285 2876 2351 terga
2905 2279 3062 2344 dare,
3098 2278 3216 2333 Deo
3248 2277 3503 2332 difﬁdere
3537 2278 3630 2329 est.
3660 2296 3682 2320 »
3715 2271 3784 2324 His

2219 2369 2389 2425 dictis
2419 2387 2534 2424 non
2568 2368 2758 2424 solum
2789 2385 2889 2424 eos
2927 2385 2962 2422 a
3008 2368 3159 2440 fugze
3211 2364 3500 2439 proposito
3546 2359 3780 2425 revocavit,

2215 2475 2416 2514 verum
2446 2459 2644 2525 etiam,
2679 2461 2744 2512 ut
2788 2457 3165 2513 vehementer
3211 2457 3546 2527 pugnarent,
3575 2449 3779 2524 protinus

2216 2549 2512 2605 animavit.

2283 2641 2372 2693 27.
2411 2637 2596 2692 Unum
2646 2640 2864 2702 autem,
2917 2651 3124 2699 unum,
3179 2638 3345 2706 pater
3393 2629 3618 2705 egregie,
3653 2626 3779 2682 velim

2213 2727 2524 2798 diligenter
2553 2726 2835 2780 adtendas
2861 2743 2874 2790 ;
2903 2724 3057 2796 quod
3095 2740 3230 2779 cum
3260 2720 3521 2788 audieris,
3553 2718 3662 2791 plus
3684 2730 3777 2770 cum

2212 2815 2393 2872 animi
2421 2814 2725 2886 passiones
2748 2830 2922 2886 quam
2958 2813 3156 2868 hostes
3189 2812 3393 2868 vicisse
3414 2803 3778 2866 mirabor-istiu-

2202 2904 2466 2976 jusmodi
2495 2904 2722 2959 vincere
2751 2903 3135 2969 adversarios,
3163 2901 3522 2974 permittente
3541 2899 3654 2964 Deo,
3673 2909 3774 2949 non-

2210 3009 2535 3066 numquam
2569 2997 2625 3048 et
2653 2996 2984 3064 peccatores
3016 2995 3285 3063 possunt;
3319 2990 3680 3046 inconcussam
3702 2998 3774 3037 au-

2207 3087 2324 3140 tem
2371 3081 2553 3138 animi
2601 3085 2798 3136 tenere
2825 3080 3119 3151 virtutem,
3153 3079 3460 3153 prospteris
3484 3074 3668 3131 scilicet
3690 3085 3772 3125 non

453 3165 608 3237 quod
641 3168 695 3220 te
722 3165 784 3220 in
838 3165 1039 3237 paucis
1089 3166 1308 3220 orando
1356 3165 1538 3221 voluit
1569 3167 1818 3233 vincere,
1855 3172 1916 3223 ut
1953 3167 2096 3223 etin

2212 3171 2418 3229 elevari
2449 3175 2506 3227 et
2535 3169 2795 3228 adversis
2825 3186 2942 3225 non
2970 3167 3185 3242 frangi,
3221 3169 3584 3242 perfecturum
3606 3160 3768 3218 solum-

452 3271 514 3310 se
539 3257 843 3324 sperantes
873 3254 940 3309 ad
973 3271 1235 3310 amorem
1265 3254 1357 3332 sui
1393 3255 1581 3328 magis
1630 3256 1986 3323 accenderet,
2018 3261 2093 3327 et,

449 3345 507 3397 te
531 3347 828 3414 quantum
879 3341 1166 3415 diligeret,
1200 3343 1596 3400 nescientibus
1647 3344 1950 3411 indicaret,
1984 3347 2095 3402 Sed

448 3431 544 3487 his
571 3431 873 3501 obmissis,
899 3432 973 3487 ad
1006 3432 1282 3487 narrandi
1312 3432 1524 3488 seriem
1553 3434 1864 3489 redeamus
1882 3435 1969 3488 3“.

513 3522 609 3576 ~26.
639 3521 745 3576 Est
771 3521 831 3575 in
863 3519 1100 3576 Alsaciaa
1161 3521 1430 3593 partibus
1475 3522 1803 3589 castellum,
1836 3522 2095 3578 Brisicau

449 3609 598 3682 (124)
631 3610 818 3682 patrie
847 3609 1130 3666 vocabulo
1148 3612 1737 3683 nuncupatum,quod
1769 3617 1828 3667 et
1857 3613 2095 3668 Rhenus

451 3697 779 3756 immodum
825 3697 1032 3754 insulae
1081 3699 1345 3771 cingens,
1377 3704 1434 3755 et
1479 3700 1762 3755 naturalis
1813 3701 1941 3772 ipsa
1982 3700 2094 3757 loci

449 3786 734 3856 asperitas
764 3787 975 3842 munit.
1010 3788 1074 3842 In
1122 3787 1232 3842 hoc
1281 3789 1476 3860 itaque
1525 3806 1768 3844 suorum
1819 3789 2095 3846 Hcverar-

449 3875 562 3930 dus
584 3879 858 3946 posuerat
874 3875 1312 3931 multitudinem
1326 3877 1579 3932 militum
1591 3895 1860 3950 ,quorum
1877 3883 2094 3935 terrore

449 3979 564 4018 non
596 3962 788 4018 solum
819 3980 1092 4036 magnam
1116 3965 1229 4020 sibi
1255 3969 1479 4036 partem
1513 3968 1764 4037 praefatae
1783 3968 2092 4039 provinciae

446 4050 812 4118 vendicabat,
843 4068 1043 4107 verum
1076 4052 1253 4108 etiam
1284 4053 1665 4110 circumcirca
1708 4055 1860 4128 regis
1891 4056 2092 4115 ﬁdeles

447 4139 659 4197 misere
689 4139 967 4196 laniabat.
1002 4141 1122 4200 Rex
1149 4141 1402 4214 denique
1434 4142 1643 4211 bonus,
1672 4160 1790 4198 non
1825 4161 1952 4216 quae
1984 4163 2092 4202 sua

445 4230 545 4286 sed
578 4246 706 4302 qua
737 4247 979 4286 suorum
1009 4235 1176 4286 erant
1219 4231 1620 4298 considerans,
1651 4232 1892 4290 collecto
1937 4251 2091 4291 exer-

443 4319 586 4387 citu,
617 4320 679 4375 in
703 4319 1005 4386 Alsatiam,
1041 4325 1105 4376 ut
1143 4320 1449 4394 preafatum
1499 4326 1756 4382 castrum
1802 4325 2086 4395 obsideat,

442 4409 1121 4483 proﬁcisciturﬂumque
1148 4411 1350 4468 eodem
1384 4412 1763 4484 pervenisset,
1779 4413 2086 4483 Frederici,

2207 3262 2379 3318 modo
2411 3264 2518 3316 est.
2552 3259 2700 3314 Audi
2733 3259 2912 3330 igitur
2939 3259 2996 3314 in
3029 3263 3198 3314 tanta
3227 3258 3334 3313 hac
3365 3255 3646 3311 ﬂuctuante
3677 3262 3769 3320 pro-

2207 3350 2352 3406 cella
2380 3365 2495 3421 quo
2535 3347 2668 3404 fidei
2721 3363 2900 3419 supra
2946 3350 3198 3418 petram,
3255 3363 3381 3418 qua:
3428 3342 3659 3399 Christus
3690 3339 3766 3396 est,

2205 3439 2282 3494 sit
2307 3439 2512 3494 ardore
2540 3436 2838 3492 fundatus.
2868 3435 3075 3491 Comes
3104 3435 3351 3506 quidam
3383 3437 3513 3488 tunc
3558 3423 3768 3501 praedives

2205 3545 2406 3584 secum
2438 3531 2579 3594 erat,
2614 3525 2783 3596 cujus
2817 3523 3133 3579 multitudo
3167 3524 3422 3579 militum
3467 3517 3600 3592 regis
3636 3511 3766 3569 aciem

2204 3616 2647 3674 condecorabat.
2682 3614 2786 3669 Hic
2836 3613 3032 3684 itaque
3078 3613 3307 3681 videns,
3341 3627 3506 3684 quam
3551 3602 3765 3678 plurimos

2203 3724 2272 3763 ex
2324 3706 2477 3778 regis
2509 3703 2630 3761 acie
2677 3705 3000 3759 desertores
3048 3719 3114 3757 ac
3157 3702 3486 3774 transfugas
3531 3693 3650 3758 ﬁeri,
3685 3701 3761 3743 non

2204 3795 2539 3851 interiorem
2580 3794 2680 3849 sed
2712 3792 3054 3848 exteriorem
3104 3792 3477 3848 considerans
3519 3781 3759 3840 hominem,

2201 3885 2415 3941 tacitus
2445 3883 2567 3938 haec
2598 3899 2798 3938 secum
2830 3880 3052 3937 volvere
3076 3881 3266 3953 cepit:
3291 3905 3316 3930 «
3340 3872 3596 3948 Quicquid
3624 3877 3760 3960 reget}!

2202 3974 2260 4030 in
2288 3975 2396 4030 hac
2424 3972 2760 4028 turbatione
2802 3970 3195 4026 constitutum
3245 3969 3474 4042 petiero,
3503 3964 3611 4019 sine
3637 3953 3760 4049 dubio

2199 4062 2545 4136 impetrabo,
2580 4059 2900 4133 praesertim
2947 4076 3084 4115 cum
3131 4063 3193 4114 et
3239 4041 3367 4116 acre
3409 4041 3759 4142 bellumne?!

2200 4133 2524 4218 immineat,
2574 4167 2639 4206 ac
2697 4166 2769 4206 ne
2824 4165 2887 4205 se
2944 4149 3213 4206 deseram
3269 4147 3478 4202 timeat.
3520 4164 3546 4192 ››
3586 4133 3758 4193 Nuntiis

2198 4241 2395 4314 itaque
2415 4239 2671 4309 directis,
2703 4238 2824 4310 regi
2855 4236 3168 4310 supplicat,
3204 4241 3268 4292 ut
3324 4231 3594 4291 abbatiam
3624 4232 3758 4310 qua“:

2197 4329 2334 4385 dam
2364 4327 2698 4384 Laresheim
2727 4326 2945 4381 dictam
2973 4326 3061 4390 ³⁸⁵,
3099 4325 3332 4398 praediis
3374 4317 3694 4378 ditissimum,
3716 4317 3750 4356 ει

2198 4419 2514 4487 concedat;
2546 4418 2716 4488 cujus
2746 4414 3223 4488 possessionibus
3244 4412 3394 4486 quod
3425 4407 3529 4465 sibi
3551 4399 3754 4459 dedam

442 4498 542 4571 qui
571 4514 706 4554 eum
745 4514 813 4554 eo
860 4501 1000 4558 tunc
1053 4499 1229 4556 simul
1281 4500 1500 4568 aderat,
1533 4501 1881 4573 Mogontiazs
1927 4503 2087 4560 sedis
2120 4521 2166 4586 Ι)
2196 4507 2485 4570 militibus
2527 4505 2652 4562 suis
2698 4504 3032 4560 ministrare
3081 4501 3404 4576 prawaleat.
3454 4498 3556 4586 Rei:
3595 4490 3752 4586 δυωξξξν

440 4586 886 4660 archiepiscopi,
919 4587 1319 4644 exhortatione
1342 4587 1749 4662 episcoporum
1781 4592 2091 4665 quamplu.

440 4675 598 4746 rimi,
648 4675 852 4731 defixis
901 4681 1071 4733 noctu
1122 4694 1224 4750 per
1268 4678 1461 4750 girum
1513 4679 1750 4736 amissis
1793 4681 2083 4750 tentoriis,

441 4769 742 4835 cmperunt
770 4781 964 4837 regem
994 4767 1263 4823 deserere
1293 4766 1562 4840 clamque
1574 4768 1644 4823 ad
1677 4768 1935 4825 civitates
1959 4787 2088 4843 pro-

439 4851 602 4925 prias
631 4851 850 4924 fugere,
886 4854 1187 4911 Frederico
1231 4872 1362 4912 cum
1413 4858 1616 4912 eodem
1666 4857 1908 4914 subdole
1958 4876 2085 4932 per-

443 4945 737 4998 manente.
767 4943 930 5008 Quod
962 4943 1116 5016 regis
1146 4944 1362 5000 milites
1393 4945 1851 5015 considerantes,
1883 4948 2089 5020 hujus-

440 5028 599 5087 modi
629 5045 826 5105 regem
856 5036 998 5088 sunt
1026 5049 1294 5092 sermone
1323 5035 1588 5108 adgressi
1613 5052 1626 5090 :
1661 5059 1682 5086 ι
1716 5035 2090 5109 Consule,rex

2200 4565 2535 4653 columbina
2560 4611 2676 4650 non
2705 4591 2896 4648 solum
2927 4593 3052 4661 sed,
3078 4565 3143 4647 ut
3169 4595 3319 4658 erat,
3349 4581 3614 4660 vippcrina
3643 4565 3753 4661 601E

2197 4686 2380 4742 ditate
2411 4683 2846 4751 suffarcinatus,
2883 4699 3000 4737 non
3039 4653 3342 4754 ’hoc‘quod
3381 4653 3750 4754 portendere-iv

2197 4775 2658 4832 animadvertere
2687 4742 2930 4828 minime
2963 4742 3452 4844 potuit‘;.unde.et
3487 4742 3751 4844 huius?“

2198 4863 2421 4920 nuntiis
2458 4860 2884 4934 apologaticum
2915 4835 3076 4916 dedit
3108 4878 3121 4917 :
3155 4835 3184 4910 (ξ
3218 4859 3323 4928 llli,
3353 4852 3482 4927 quid
3509 4857 3652 4917 super
3673 4835 3748 4890 hic

2195 4970 2259 5009 re
2288 4950 2753 5022 sentiam,verbis
2783 4949 2907 5022 ipse
2939 4949 3133 5022 potius
3153 4945 3440 5021 expllcabo
3459 4947 3612 5012 quam
3642 4935 3749 5022 ulla:

2196 5043 2318 5098 tiis.
2350 5063 2379 5093 »
2413 5041 2576 5107 Quod
2601 5039 2702 5113 qui
2735 5039 2843 5096 hoc
2863 5038 3154 5095 direxerat
3177 5009 3750 5101 audiens,immeueaesi

1785 5159 2026 5219 VARIAE
2065 5165 2483 5224 LECTIONES.

508 5260 576 5300 ³η
608 5260 868 5332 diligires
899 5267 950 5322 1.
1026 5266 1094 5302 διδ
1119 5266 1218 5324 x11
1248 5266 1487 5324 milibus
1517 5267 1569 5323 4.
1603 5270 1658 5322 2.
1693 5271 1741 5324 3.
1769 5268 1824 5324 5.
1857 5268 1954 5325 xu
1976 5272 2012 5326 5
2041 5288 2094 5330 a.
2125 5274 2437 5332 duodecim
2483 5274 2520 5328 5
2565 5273 2644 5328 a'.
2720 5271 2790 5306 θιι
2820 5269 2893 5328 ad
2923 5267 3040 5328 alia
3069 5271 3402 5330 festinemus
3437 5263 3485 5319 5.
3513 5257 3544 5315 5
3575 5267 3618 5308 a.
3642 5239 3744 5299 ὅτι

433 5334 506 5375 ³η
533 5335 573 5394 ι.
606 5335 664 5394 d.
696 5334 891 5394 desunt
912 5343 964 5395 3.
998 5338 1331 5416 lauresgein
1359 5343 1413 5398 2.
1445 5339 1801 5400 lauresbeim
1829 5339 1919 5400 vel
1947 5339 2261 5403 loresheim
2291 5347 2346 5404 5.
2420 5345 2488 5384 ⁸⁸⁵
2519 5342 2910 5420 pordendsret
2935 5343 2986 5402 1.

2014 5467 2256 5550 more,

507 5557 656 5652 (124)
681 5560 963 5642 Βνθίεασή,
