4056 6184
316 358 433 424 877
1276 361 1893 430 ΑΝΤΑΡΟΒΟΞΕΟΒ

2111 368 2145 430 .I
2190 368 2358 432 SEX.
2382 405 2459 416 —
2486 370 2634 433 LIB.
2680 373 2755 433 V.
3596 368 3713 436 8'78

314 498 404 553 18.
442 497 519 552 De
547 495 799 551 Amedeo
830 496 1161 569 Berengarii
1194 498 1400 567 milite,
1435 500 1535 572 qui
1595 500 1958 573 exploratum
1990 506 2045 569 Α
2074 504 2162 557 26.
2201 508 2276 559 De
2308 504 2560 561 adventu
2592 505 2906 563 desiderati
2936 503 3271 579 Berengarii
3298 502 3360 561 In
3390 503 3638 572 Italiam,
3661 512 3719 563 et

384 586 447 641 in
472 584 699 641 Italiam
726 584 905 640 venit.
2146 594 2298 665 quod
2326 598 2669 651 Mannasses
2699 595 2826 667 ejus
2856 595 3125 668 partibus
3155 595 3323 651 favet.

314 676 401 731 19·
436 674 515 730 De
545 674 801 775 θοξῐυξίξ
832 675 1123 774 rex-Hugo
1152 682 1393 775 Ρίξξιίτυῐη
1452 678 1767 751 Ηυηὲζδτίίε
1801 681 1964 736 dedit
2070 701 2159 753 27.
2194 700 2301 766 Qui
2353 701 2654 775 principes
2698 701 2862 775 prius
2904 702 3207 774 Hugonem
3262 702 3615 770 desererent,
3666 705 3725 757 et

212 774 215 777 '
382 780 600 837 eosque
628 762 690 818 in
721 763 1061 836 Hispaniam
1085 766 1267 822 misit.
2141 762 2266 843 cu},

308 855 400 909 28.
433 858 511 909 De
541 869 625 952 e‘o.
640 852 794 952 quod
818 870 932 952 .rex
980 853 1146 952 Iiugo
1193 854 1373 952 ﬁliam
1421 873 1612 952 suam,
1665 873 1842 952 quam
1892 874 1962 914 ex
2068 878 2157 933 28.
2194 881 2273 933 De
2299 894 2364 933 eo
2398 879 2555 951 quod
2589 896 2686 935 rex
2717 879 2881 952 Hugo
2913 878 3101 936 filium
3156 896 3328 935 suum
3380 877 3720 934 Lotharium

379 942 709 998 concubina
738 941 1043 1011 habuerat,
1068 943 1635 1018 Constantinopolim
1667 947 1866 1003 mittit.

2140 966 2561 1023 Mediolanium
2596 968 2794 1038 mittit,
2830 969 2903 1024 ab
2943 968 3408 1025 misericordiam
3457 966 3720 1024 omnium

307 1033 399 1089 21.
433 1031 512 1088 De
543 1030 883 1087 fortitudine
907 1036 963 1087 et
991 1032 1429 1104 pulchritudine
1470 1034 1956 1109 Constantinopo-
2139 1054 2444 1111 Italorum.

376 1120 553 1221 “Iani
578 1119 803 1193 Palatii:
835 1123 891 1176 θι
920 1122 1172 1221 (ἰυεξδίῐθτ
1206 1122 1552 1221 βῖθρῖξθιτι-υε
1582 1128 1778 1221 αρίιυθ,
1807 1125 1955 1221 conf
2063 1143 2154 1198 29.
2189 1145 2270 1199 De
2315 1145 2532 1218 Joseph
2590 1146 2861 1220 episcopo
2912 1164 3015 1219 per
3061 1146 3477 1221 Berengarium
3525 1146 3717 1203 Brixia

378 1209 674 1306 Stantia)”
704 1226 880 1306 53qu
920 1215 1160 1306 Ῥεξιῒτθω
1189 1211 1261 1267 de
1309 1212 1524 1284 Palatio
1575 1214 1852 1285 eiecerint
1898 1218 1957 1271 9t
2135 1233 2397 1306 expulso,
2423 1209 2481 1290 et
2509 1209 2760 1292 Antonio
2782 1209 2985 1293 eodem
3018 1209 3354 1294 constituto.

376 1297 732 1356 monachum
766 1297 1028 1354 fecerint.
2062 1340 2134 1395 30
2381 1297 2393 1303 ⁷
2620 1342 2631 1354 .
2976 1344 2988 1355 .
3382 1343 3393 1354 .
3676 1343 3689 1356 .

815 1388 825 1396 .
1639 1390 1650 1401 ,
2140 1381 2153 1394 .
2228 1358 2298 1396 ur
2326 1343 2708 1416 Berengarlus
2741 1342 3138 1399 Placentinum
3170 1348 3228 1399 et
3258 1344 3597 1417 Papiensem
3634 1344 3715 1398 d1-

305 1394 399 1445 22.
432 1394 509 1445 De
538 1405 604 1445 eo
634 1387 789 1460 quod
812 1388 969 1442 Idem
1007 1386 1319 1444 voluerunt
1352 1388 1802 1446 Constantinum
1826 1391 1957 1447 Por-
2138 1429 2393 1460 magna,
2446 1431 2746 1460 "dum"
2804 1437 2856 1460 ﬂ,
2913 1449 3015 1460 η,
3044 1434 3067 1460 τ
3091 1433 3483 1460 “Anum.”
3548 1432 3682 1460 ηιηε

385 1432 1328 1505 1;:Z:-3?.T.Z“SZL-XTZ‘II:
1355 1432 1957 1505 ἶῗῖῗὶἶῖῗῖἷῗζῖἶῖξ
2138 1432 2397 1486 mitteret
2444 1432 2768 1503 episcopos.
2802 1437 2859 1487 et
2911 1449 3015 1488 cur
3044 1433 3489 1505 Liudprandum
3546 1432 3713 1488 cleri-

682 1476 693 1487 .
937 1477 948 1487 .
1110 1495 1121 1507 ,
1641 1478 1653 1490 .
1738 1480 1748 1491 ,
1940 1481 1951 1493 ,
2138 1476 2396 1486 ...η-ν---
2447 1476 2768 1503 “unum”
2802 1476 2859 1487 ν.
2912 1476 3005 1488 ν...
3046 1476 3489 1505 murum“...
3547 1476 3686 1488 ...νη

377 1476 1330 1593 ff}?
1364 1482 1956 1593 ﬁufniitul‘pjlucipi‘
2139 1533 2274 1572 cum
2304 1522 2577 1591 parentes
2624 1520 2717 1575 sui
2765 1521 3112 1593 Berengario
3155 1522 3707 1577 commendaverint.

377 1571 552 1639 atque
578 1566 637 1621 in
670 1566 1093 1622 monasterium
1123 1566 1288 1623 missi
1314 1585 1327 1635 ;
1361 1571 1418 1623 et
1437 1584 1541 1639 per
1558 1584 1735 1639 quem
1753 1585 1955 1626 eorum

375 1616 1327 1727 ξδξιξξιίξηξ
1365 1616 1417 1623 ’⁷
1437 1616 1530 1639 ⁸”“
1562 1616 1735 1639 ’³“”“’
1755 1616 1955 1626 "mm
2065 1624 2155 1678 31.
2190 1624 2270 1681 De
2302 1624 2545 1697 Hugonc
2575 1641 2709 1697 rege
2740 1625 2840 1697 qui
2870 1642 3002 1682 cum
3022 1616 3193 1681 omni
3224 1626 3471 1698 pecunia
3498 1626 3558 1681 in
3578 1626 3711 1682 Pro-

296 1744 389 1800 23.
424 1748 503 1800 De
553 1744 792 1816 yronica
829 1714 1032 1816 .patris
1091 1743 1462 1815 susceptione
1520 1748 1578 1799 et
1636 1744 1951 1816 locutione,
2134 1730 2388 1816 Y‘"P‘“m
2423 1717 2548 1816 ξνήν
2595 1718 2652 1769 et
2682 1714 2753 1771 de
2812 1715 3143 1771 Ralmundo
3176 1714 3277 1786 qni
3333 1732 3479 1771 suus
3538 1714 3709 1771 mdes

370 1833 605 1904 quando
638 1831 743 1887 ﬁlii
770 1831 842 1887 ad
874 1831 1297 1888 monasterium
1330 1836 1632 1887 venerunt.
1979 1874 2028 1939 B
2060 1802 2324 1939 Ὅίθΐίίίαε
2354 1806 2462 1858 θεῖ·

419 1921 460 1939 Α
538 1920 603 1939 ·⁹ί
670 1921 1029 1939 ’κυί-νίλ-ρνκ
1097 1920 1340 1939 “suum:
1426 1938 1435 1939 κ
1550 1938 1558 1939 ,
1819 1923 1914 1939 η...
2095 1921 2107 1932 .
2232 1923 2462 1939 οηνηηη

293 1921 385 1976 24.
417 1920 616 1978 Oratio
666 1921 1038 1994 imperatoris
1097 1920 1363 1989 Romani,
1415 1938 1593 1993 quam
1654 1939 1758 1995 pro
1814 1923 1895 1977 ﬁli

2102 1910 2147 1961 2.
2188 1912 2261 1962 De
2294 1923 2471 1963 uxore
2521 1908 2853 1981 Berengarii
2885 1925 3013 1981 quae
3039 1926 3215 1982 passa
3245 1914 3335 1967 est
3364 1911 3585 1968 crimen
3617 1911 3704 1967 in-

368 2010 507 2084 egit,
540 2014 656 2067 Deo
680 2010 903 2082 gratias
934 2024 1135 2082 agens,
2130 1996 2293 2063 cesti,
2329 1998 2386 2051 et
2415 1995 2666 2067 qualiter
2694 1998 2829 2053 inde
2855 1997 2933 2053 sit
2960 1997 3228 2055 liberata.

290 2100 383 2155 25.
419 2099 495 2156 De
523 2116 590 2156 eo
609 2099 763 2172 quod
796 2099 1212 2156 Constantinus
1245 2104 1302 2155 et
1324 2098 1659 2172 Stephanus
1681 2101 1949 2158 custodia
2055 2101 2145 2157 33.
2179 2100 2258 2157 De
2290 2101 2537 2173 pecunia
2568 2118 2746 2174 quam
2778 2104 3163 2177 Berengarius
3185 2121 3362 2162 causa
3380 2107 3704 2179 Hungario-

367 2188 769 2246 observantur.
2130 2206 2263 2245 rum
2292 2191 2651 2262 pauperibus
2682 2196 2739 2247 et
2762 2190 3024 2249 ecclesiis
3055 2193 3156 2249 Dei
3187 2193 3340 2250 tulit.

1642 2322 1994 2371 EXPLICIUNT
2037 2323 2327 2369 CAPITULA
2337 2351 2352 2367 .

1286 2465 1697 2554 INCIPIT
1756 2468 2090 2555 LIBER
2146 2466 2705 2579 QUINTUS.

362 2619 413 2676 1.
445 2619 566 2691 (An.
599 2617 752 2688 939.)
784 2617 1024 2673 Factum
1056 2621 1163 2684 est,
1191 2619 1257 2671 ut
1287 2620 1421 2688 post
1462 2620 1711 2674 mortem
1761 2616 1941 2673 Heve-
2053 2616 2226 2672 annis
2252 2616 2505 2689 graviter
2538 2616 2923 2689 opprimebat,
2958 2616 3154 2691 gladio
3185 2622 3241 2674 et
3272 2619 3407 2692 igne
3440 2634 3566 2691 qua:
3599 2634 3702 2691 po-

284 2707 444 2764 rardi
466 2711 643 2779 atque
672 2705 1006 2778 Gisleberti,
1059 2722 1282 2761 necnon
1332 2708 1390 2759 et
1434 2705 1690 2761 Heinrici
1742 2706 1939 2762 fratris
2050 2710 2200 2761 terat
2230 2706 2508 2762 universa
2550 2722 2971 2763 consummans
3018 2707 3109 2775 ³³⁸,
3139 2708 3282 2763 adeo
3332 2712 3398 2764 ut
3440 2706 3700 2764 civitates

280 2793 1638 2869 regisinclusionem,concurrentibusundique
1652 2794 1723 2850 ad
1742 2810 1937 2867 regem
2045 2800 2253 2865 praeter
2285 2795 2552 2861 Romam,
2585 2795 2644 2850 in
2681 2812 2800 2867 qua
2832 2795 2957 2868 ipse
2978 2796 3338 2865 consederat,
3366 2812 3570 2853 omnes
3602 2813 3702 2852 au-

279 2883 807 2958 congratulationis
838 2900 1017 2939 causa
1044 2883 1404 2955 proceribus,
1436 2883 1662 2938 veniret
1681 2887 1737 2938 et
1756 2884 1844 2939 vir
1858 2884 1937 2941 di-
2046 2883 2240 2938 ferret.
2275 2883 2385 2938 Sed
2417 2886 2473 2938 et
2502 2884 2694 2956 ipsam
2722 2885 2847 2940 sine
2889 2885 3066 2941 dubio
3098 2902 3233 2942 cum
3283 2884 3694 2958 depopulanda

274 2972 569 3041 tissimus,
592 2973 917 3028 Suevorum
939 2972 1057 3027 dux
1073 2971 1467 3027 Herimannus
1493 2988 1506 3039 ;
1535 2971 1635 3043 qui
1660 2977 1937 3044 postcon-
2040 2974 2171 3027 tum
2191 2972 2345 3028 cives
2368 2974 2714 3029 muneribus
2732 2976 3158 3046 corrumpendo
3182 2973 3694 3046 conquireret,nisi

276 3061 692 3136 gratulationis
713 3062 1043 3118 satietatem
1064 3060 1281 3117 talibus
1301 3078 1494 3134 regem
1508 3065 1596 3116 est
1616 3060 1933 3134 adgressus
2040 3059 2231 3116 oculta
2253 3060 2400 3132 justi
2432 3061 2525 3116 Dei
2548 3061 2630 3116 illi
2663 3063 2955 3119 sententia
2982 3063 3048 3098 ³³⁷
3078 3062 3433 3136 prohiberet.

278 3151 657 3207 sermonibus
679 3167 691 3205 :
716 3171 743 3201 ‹‹
765 3150 890 3206 Non
911 3148 1062 3206 clam
1086 3150 1323 3205 domino
1349 3166 1477 3205 meo
1502 3153 1608 3218 est,
1633 3165 1769 3205 cum
1793 3167 1933 3223 prae-
1961 3166 2005 3234 ρ
2110 3150 2163 3204 4.
2197 3149 2305 3205 Per
2326 3149 2383 3203 id
2409 3150 2477 3183 ³³⁸
2506 3154 2739 3224 tempus
2771 3152 3157 3225 Berengarius
3186 3153 3255 3187 33°
3275 3155 3449 3225 atque
3467 3154 3689 3208 Ansca-

280 3240 518 3295 diorum
560 3238 891 3307 latitudine,
948 3242 1077 3294 tum
1124 3238 1507 3310 pecuniarum
1555 3237 1933 3294 inmensitate
2041 3235 2163 3293 rius
2195 3237 2255 3292 in
2287 3236 2453 3294 Italia
2483 3238 2692 3294 fratres
2725 3239 3046 3311 clarebant,
3080 3258 3197 3297 uno
3228 3242 3469 3313 quidem
3500 3245 3685 3314 patre,

280 3327 647 3401 prmdivitem
675 3342 769 3383 me
794 3328 1018 3400 absque
1042 3325 1243 3382 liberis
1272 3342 1399 3382 esse
1424 3344 1438 3395 ;
1471 3343 1578 3381 nec
1608 3330 1698 3382 est
1727 3330 1935 3396 praeter
2041 3323 2351 3380 Adelberto
2373 3325 2925 3399 scilicet,Eporegia3
2948 3328 3196 3384 civitatis
3208 3329 3565 3396 marchione,
3586 3330 3689 3385 sed

282 3434 467 3473 unam
517 3415 818 3490 parvulam
851 3420 1111 3488 gnatam,
1145 3415 1247 3487 qui
1295 3431 1562 3470 mearum
1610 3430 1809 3470 rerum
1841 3429 1935 3469 me
2042 3430 2157 3468 non
2191 3430 2309 3469 una
2330 3418 2514 3470 matre
2536 3415 2846 3487 progeniti.
2876 3417 3293 3490 Berengarium
3341 3416 3579 3485 scilicet,
3604 3416 3691 3471 uti

282 3507 602 3563 decedente
630 3505 800 3561 heres
830 3505 1062 3561 existat.
1085 3502 1315 3559 Placeat
1331 3503 1528 3576 itaque
1547 3502 1783 3560 domino
1806 3519 1934 3559 meo
2043 3500 2265 3572 praefati
2296 3518 2524 3571 sumus,
2559 3502 2737 3569 Gisla,
2765 3504 3098 3577 Berengarii
3131 3503 3284 3576 regis
3306 3503 3446 3571 ﬁlia,
3478 3506 3692 3559 Ansca-

282 3596 411 3669 regi
441 3595 629 3650 ﬁlium
662 3611 835 3650 suum
871 3592 1181 3665 parvulum
1212 3591 1619 3647 LIUTOLFUM
1653 3591 1797 3647 mihi
1828 3592 1933 3647 ad-
2043 3588 2197 3643 rium
2228 3593 2423 3645 autem
2445 3592 3439 3664 llermangarda,AdelbertiTuscie
3459 3592 3691 3664 provin-

282 3690 489 3757 optare
519 3684 576 3757 in
600 3682 811 3753 filium,
832 3682 1112 3755 quatinus
1142 3681 1326 3737 unicae
1353 3680 1483 3735 ﬁliaa
1514 3696 1653 3736 mete
1682 3678 1936 3736 maritali
2044 3678 2143 3733 cia)
2175 3679 2555 3746 marchionis,
2590 3697 2769 3751 quam
2798 3698 2866 3735 ex
2896 3681 3083 3748 Berta,
3122 3680 3276 3752 regis
3309 3680 3567 3753 Hugonis
3592 3680 3691 3735 ha-

294 3773 643 3828 commertio
674 3772 945 3839 sotiatus,
979 3786 1073 3824 me
1098 3769 1385 3841 migrante
1417 3784 1678 3824 mearum
1710 3769 1814 3823 ﬁat
1843 3785 1935 3823 re-
2043 3765 2250 3822 buerat
2276 3766 2415 3835 ﬁlia,
2450 3768 2695 3840 peperit.
2722 3769 2981 3833 Quorum
3016 3768 3399 3842 Berengarius
3432 3768 3691 3825 consiliis

284 3878 424 3917 rum
446 3860 765 3916 hereditate
788 3858 1158 3932 magniﬁcus.
1180 3878 1209 3907 »
1232 3859 1348 3913 lloc
1363 3857 1559 3930 itaque
1572 3857 1938 3930 quiaplacuit
2044 3855 2342 3928 providus;
2376 3855 2609 3929 ingenio
2632 3855 2878 3914 callidus
2894 3875 2913 3925 v;
2935 3858 3253 3914 Anscarius
3270 3874 3402 3914 vero
3423 3858 3495 3915 ad
3513 3858 3695 3930 quod-

282 3949 411 4023 regi
440 3948 776 4018 consilium,
802 3949 958 4021 quod
981 3950 1326 4021 poposcerat
1346 3947 1471 4002 sine
1492 3946 1765 4004 dilatione
1788 3963 1939 4003 com-
2044 3942 2185 4000 libet
2215 3945 2448 4001 facinus
2482 3951 2810 4018 promptus.
2863 3949 3045 4014 Quem
3078 3952 3134 4003 et
3163 3964 3262 4003 rex
3298 3946 3464 4020 Hugo
3513 3947 3693 4003 nimis

284 4038 487 4114 plevit.
2045 4038 2381 4106 suspectum
2416 4036 2720 4108 habuerat,
2747 4052 2819 4092 ne
2850 4054 2911 4093 se
2937 4037 3224 4093 occideret
3252 4037 3320 4071 3‘0
3349 4053 3415 4092 ac
3445 4054 3692 4111 regnum

362 4132 417 4184 2.
451 4127 570 4184 Hoc
599 4128 659 4183 in
689 4132 950 4200 tempore
982 4127 1129 4200 (Jul.
1167 4126 1277 4197 19),
1310 4129 1375 4182 ut
1415 4125 1527 4198 ipsi
1557 4126 1703 4181 bene
1728 4124 1936 4192 nostis,
2046 4121 2283 4178 sibimet
2312 4123 2618 4181 obtineret.
2681 4125 2938 4183 Consilio
2988 4126 3187 4199 itaque
3246 4130 3500 4197 accepto,
3554 4125 3695 4197 quia

286 4216 381 4275 sol
410 4234 685 4291 magnam
717 4220 774 4273 et
800 4217 1027 4273 cunctis
1076 4215 1396 4273 terribilem
1428 4231 1638 4287 passus
1670 4219 1759 4270 est
1802 4212 1938 4269 ecli-
2046 4210 2381 4268 Tedbaldus
2410 4213 2472 4247 ³⁴¹
2503 4214 2763 4270 marchio
2786 4214 3085 4271 hominem
3109 4214 3345 4281 exierat,
3372 4214 3695 4286 Spoletino-

290 4306 450 4382 psin,
484 4309 648 4362 sexta
679 4305 841 4375 feria,
874 4304 1019 4362 hora
1074 4304 1188 4361 diei
1232 4303 1435 4371 tertia;
1469 4320 1586 4375 qua
1642 4301 1818 4357 etiam
1847 4300 1941 4357 die
2048 4316 2180 4353 rum
2212 4317 2346 4355 eum
2377 4318 2445 4356 ac
2475 4302 2911 4358 Camerinorum
2946 4301 3253 4358 constituit
3273 4300 3693 4367 marchionem,

287 4395 740 4453 Abderahamen
770 4396 861 4464 ³³⁵,
894 4411 993 4451 rex
1021 4397 1227 4457 vester,
1283 4410 1316 4447 a
1345 4391 1659 4447 Radamiro
1701 4390 1939 4445 chistia-
2050 4387 2331 4457 quatinus
2363 4405 2428 4444 eo
2457 4390 2728 4445 securius
2756 4391 2990 4456 viveret,
3025 4406 3140 4461 quo
3171 4387 3408 4459 longius
3437 4387 3593 4443 hunc
3622 4388 3696 4443 ab

288 4486 544 4542 nissime
576 4501 710 4558 rege
739 4483 982 4541 Gallitiaa
1009 4482 1067 4537 in
1109 4480 1261 4536 bello
1288 4484 1378 4535 est
1426 4482 1736 4550 superatus
1767 4478 1939 4550 (125).
1981 4531 2022 4558 η
2054 4490 2183 4530 sese
2215 4481 2648 4547 sequestratum
2676 4494 2805 4532 esse
2835 4481 3227 4549 cognosceret.
3252 4477 3375 4541 Quo
3400 4476 3541 4530 dum
3566 4492 3699 4547 pro-

202 4610 209 4615 »
290 4574 407 4630 Sed
437 4578 493 4629 et
521 4573 581 4629 in
613 4572 781 4630 Italia
818 4576 947 4628 octo
996 4568 1289 4625 continuis
1334 4566 1605 4623 noctibus
1637 4566 1795 4621 mirae
1828 4583 1948 4622 ma-
1976 4563 2022 4597 υ
2053 4563 2239 4620 fectus
2270 4569 2447 4632 esset,
2482 4564 2565 4619 uti
2598 4565 2779 4620 animi
2811 4564 3112 4636 inpaciens
3145 4569 3288 4631 erat,
3324 4563 3602 4635 quicquid
3633 4581 3703 4620 ex

291 4662 625 4736 gnitudinis
682 4663 908 4717 cometa
978 4656 1270 4731 apparuit,
1330 4655 1525 4710 nimia:
1584 4654 1948 4727 proceritatis
2056 4669 2190 4726 rege
2223 4652 2363 4709 mali
2397 4654 2705 4727 cogitando
2730 4669 2895 4710 mens
2918 4652 2967 4709 ei
2994 4656 3385 4726 suggesserat,
3410 4668 3606 4709 rerum
3630 4654 3705 4708 si-

288 4752 499 4826 igneos
530 4768 599 4809 ex
630 4767 757 4808 sese
786 4748 982 4805 radios
1013 4747 1284 4814 fundens,
1332 4744 1782 4801 subsecuturam
1828 4761 1945 4800 non
2057 4741 2193 4814 gnis
2224 4744 2495 4800 continuo
2526 4743 2876 4800 declarabat.
2922 4742 3085 4807 Quod
3127 4742 3429 4815 Hugonem
3462 4741 3707 4799 minime

292 4839 483 4897 multo
508 4844 638 4913 post
656 4840 871 4895 famem
894 4835 1400 4910 portendens,quaa
1426 4832 1830 4907 magnitudine
1852 4833 1943 4891 sui
2058 4828 2251 4885 latuit.

296 4929 513 4985 misere
540 4928 806 4984 vastabat
832 4925 1078 4983 Italiam.
2126 4919 2179 4973 5.
2211 4919 2335 4987 (An.
2357 4921 2508 4992 940.)
2528 4922 2711 4994 Igitur
2722 4922 2875 4995 quod
2895 4922 3218 4978 remedium
3236 4920 3371 4977 huic
3392 4919 3707 4995 egritudini

369 5020 424 5074 3.
457 5019 539 5074 Ea
568 5016 857 5089 siquidem
893 5016 1260 5087 tempestate,
1287 5012 1530 5084 Hugone
1551 5028 1683 5084 rege
1703 5010 1951 5083 turpiter
2058 5007 2196 5062 dare
2226 5013 2445 5080 posset,
2478 5010 2832 5083 excogitans,
2864 5009 3190 5066 Sarlionem
3222 5011 3294 5067 ad
3325 5027 3406 5078 se,
3443 5012 3709 5083 Burgun-

298 5107 564 5181 expulso,
592 5105 917 5174 Alberieus,
947 5108 1013 5160 ut
1028 5103 1249 5175 praefati
1281 5117 1511 5169 sumus,
1538 5101 1795 5156 Romane
1815 5100 1949 5155 civi-
2057 5097 2302 5153 dionum
2325 5098 2393 5133 ³⁴²
2411 5115 2479 5154 ex
2500 5103 2669 5171 gente
2692 5099 3086 5172 progenitum,
3108 5100 3368 5155 advocat.
3387 5099 3492 5155 Cui
3512 5103 3569 5156 et
3589 5098 3706 5158 ait:

300 5198 442 5254 tatis
472 5193 872 5253 monarchiam
908 5193 1229 5251 obtinebat.
1263 5194 1444 5258 Quem
1469 5206 1568 5246 rex
1599 5189 1761 5260 Hugo
1788 5195 1953 5260 quot—
2066 5209 2095 5239 ιι
2134 5186 2574 5245 Camerinorum
2607 5204 2673 5244 ac
2703 5188 3137 5260 Spoletinorum
3162 5186 3448 5244 hominum
3482 5205 3598 5245 non
3625 5190 3721 5247 est

1668 5313 1910 5370 VARI/E
1946 5314 2251 5372 LECTION
2259 5314 2361 5370 ES.

374 5412 443 5449 ³³⁸
474 5412 754 5470 abdaram
786 5410 839 5468 5.
872 5410 910 5481 5
936 5426 991 5481 a.
1066 5408 1137 5481 ἒθο
1168 5408 1295 5481 i._e._
1314 5418 1697 5481 consumens.
1732 5402 1801 5437 ³³⁷
1834 5404 2024 5460 sentia
2055 5405 2108 5460 1.
2187 5404 2255 5440 ³³⁸
2286 5402 2442 5460 idem
2489 5419 2631 5461 corr.
2662 5403 2721 5460 id
2756 5404 2805 5459 1.
2881 5403 2950 5441 33°
2995 5402 3459 5481 bererengarius.
3533 5400 3607 5439 ³⁴⁰
3626 5415 3724 5464 οσ-

304 5485 499 5542 cidere
531 5485 580 5543 1.
658 5483 723 5519 3“
753 5480 1026 5539 tehaldus
1053 5478 1110 5537 4.
1185 5478 1254 5513 ³⁴²
1281 5475 1644 5533 burdionum
1673 5473 1726 5529 4.
1761 5489 1764 5492 ’

375 5654 524 5734 (125)
551 5652 637 5714 Cf.
669 5654 822 5714 Ann.
856 5646 1115 5725 Sangall.
1148 5645 1399 5722 madores
1458 5662 1532 5705 an
1560 5642 1689 5705 939.
1871 5570 2111 5631 ΝΟΤᾸΞ,
