4068 6178
422 310 547 373 879

1381 303 1855 370 LIUTPRANDI
1892 298 2442 366 CREMONENSIS
2484 296 2865 364 EPISCOPI.

3661 300 3755 365 880

424 442 572 496 mihi
603 440 747 495 ﬁdes
767 437 1082 511 incognita.
1107 437 1205 496 Est
1224 437 1380 496 enim
1403 436 1876 509 calamonimilis,
1901 436 1994 492 cui
2016 436 2065 493 si
2093 436 2151 503 Α
2179 433 2402 492 Sarlius
2424 434 2578 490 acies
2600 434 2906 499 habuerat,
2925 446 3172 508 quarum
3190 433 3308 487 tres
3336 433 3761 491 contraAnscarii

426 528 658 583 inuisus
679 516 855 584 fuerit
876 526 1076 593 homo,
1108 516 1427 600 perforabit
1454 542 1698 582 manum
1728 526 1875 599 ejus.
1915 525 2075 581 Vade

422 617 641 688 itaque,
669 620 843 689 atque
865 633 899 674 a
918 634 1015 673 me
1035 621 1308 690 suscepta
1328 615 1596 690 pecunia,
1624 619 1852 673 mentes
1871 630 2073 671 eorum

423 721 754 779 corrumpe,
779 704 853 761 ab
876 706 1139 763 Anscarii
1162 696 1472 762 dilectione
1490 707 1827 771 eos‘amo've,
1849 703 2075 775 tibique

423 795 735 868 conjunge.
770 797 850 851 Te
880 811 1052 851 nemo
1083 799 1173 851 est
1219 793 1319 866 qui
1369 794 1556 867 possit
1582 794 1651 829 ³⁴³
1698 793 1905 859 facere,
1939 808 2073 848 cum

422 883 659 950 melius,
690 889 817 940 tum
849 883 1237 940 commodius.
1292 880 1484 939 Habes
1526 881 1684 937 enim
1710 880 1872 936 illius
1920 880 2071 935 Ted-

421 970 604 1040 baldi,
639 973 754 1028 mei
785 973 1012 1045 nepotis
1041 972 1299 1029 defuncti
1321 970 1526 1044 optimi
1544 969 2078 1035 marchiouis,uxo-

426 1077 572 1130 rem,
609 1063 780 1134 cujus
812 1061 1047 1118 auxiliis
1074 1062 1258 1117 fretus
1284 1063 1533 1117 cunctus
1566 1060 1636 1114 ad
1668 1063 1724 1114 te
1752 1057 1946 1114 veniet
1976 1074 2075 1131 po-

428 1150 627 1224 pulus.
662 1173 691 1201 »
724 1148 1028 1207 Profectus
1058 1150 1331 1222 denique,
1364 1148 1521 1204 hand
1556 1163 1725 1204 secus
1752 1152 1939 1219 atque
1977 1146 2079 1201 rex

429 1239 760 1313 predixerat
785 1239 1223 1296 Camerinorum
1257 1255 1323 1294 ac
1351 1236 1781 1309 Spoletinorum
1826 1234 2078 1308 populus

429 1329 569 1402 egit.
601 1332 961 1401 Congregata
986 1328 1183 1400 itaque
1210 1325 1610 1393 multitudine,
1644 1325 1716 1381 ad
1735 1331 1864 1380 eam
1886 1324 1945 1379 in
1962 1340 2081 1395 qua

429 1417 747 1473 Anscarius
802 1420 927 1474 erat
983 1416 1280 1474 civitatem
1350 1429 1661 1488 properare
1719 1412 1959 1469 festinat
2010 1411 2079 1446 3“

431 1505 594 1570 Quod
624 1522 758 1563 cum
816 1506 1079 1562 audisset
1132 1503 1471 1573 Anscarius,
1517 1503 1971 1574 antesignanum
2012 1502 2079 1537 “5

430 1611 607 1651 suum
639 1594 873 1651 nomine
901 1594 1267 1652 Wikbertum
1302 1592 1517 1648 talibus
1559 1593 1806 1647 adorsus
1836 1594 1924 1646 est
1953 1607 2078 1646 ver-

430 1684 521 1741 bis
548 1704 560 1740 :

1168 1773 1358 1827 Versus

506 1884 534 1913 ‹‹
568 1861 794 1917 Sarlius
824 1860 1078 1928 inbellis,
1113 1859 1435 1915 multorum
1470 1859 1614 1914 ﬁsus
1644 1856 1703 1912 in
1731 1856 1934 1926 armis,

504 1949 878 2021 Pugnaturus
909 1948 1067 2016 adit;
1102 1946 1195 2002 cui
1225 1948 1403 2002 fortes
1427 1949 1655 2017 pectore
1687 1948 1742 2000 et
1772 1945 1952 2000 armis

503 2037 820 2092 Occursare
850 2037 1015 2091 decet
1042 2034 1377 2106 bellumque
1406 2033 1619 2089 inferre
1649 2036 1979 2088 cruentum.

504 2125 676 2180 Lecta
707 2140 919 2179 manus
942 2125 1251 2195 juvenum,
1276 2122 1564 2194 bellisque
1585 2121 1834 2177 exercita
1851 2120 2077 2188 multis,

504 2214 608 2268 Est
628 2212 744 2268 huc
764 2213 831 2247 ³⁸⁸
846 2213 1181 2284 tendentem
1197 2227 1325 2283 qum
1343 2227 1437 2266 me
1450 2211 1727 2266 comitata
1744 2200 2077 2281 patronum,

504 2301 777 2356 Protinus
806 2300 1092 2367 adveniet,
1125 2300 1285 2355 fulvo
1317 2300 1589 2355 decorata
1620 2297 1877 2354 metallo.
1904 2317 1930 2350 η

501 2390 556 2444 6.
588 2390 690 2445 His
703 2389 943 2458 auditis,
967 2389 1334 2453 Wikbertus,
1364 2394 1428 2442 ut
1452 2391 1574 2443 erat
1591 2387 1681 2442 vir
1706 2403 1820 2443 non
1844 2388 2081 2445 audatia

432 2477 626 2534 solum
655 2493 856 2534 verum
889 2478 1066 2534 etiam
1098 2478 1341 2533 scientia
1367 2477 1549 2532 fretus
1573 2492 1587 2531 :
1623 2498 1649 2526 «
1676 2476 1864 2545 Mane,
1889 2477 1989 2546 ait,
2013 2495 2080 2534 ac

434 2566 632 2640 copias
665 2571 838 2638 prout
885 2567 1038 2640 potis
1061 2571 1150 2623 est
1181 2570 1530 2639 congregato
1560 2565 1648 2619 3‘7.
1684 2565 1963 2639 Pergrave
1992 2570 2082 2623 est

433 2656 612 2727 enim,
626 2654 901 2711 exercitui
915 2671 1049 2710 cum
1064 2657 1184 2709 tam
1198 2654 1405 2727 paucis
1424 2670 1734 2709 numeroso
1753 2671 2077 2712 occurrere.

434 2744 546 2799 Sed
574 2749 632 2799 et
665 2744 713 2799 si
745 2743 1099 2815 quibuscum
1132 2759 1224 2798 res
1270 2743 1463 2815 agitur
1492 2742 1930 2811 animadvertis,
1980 2744 2079 2800 he-

435 2847 566 2885 roes
588 2834 748 2895 sunt,
770 2830 928 2885 haud
953 2830 1192 2900 segnius
1206 2834 1379 2903 atque
1401 2846 1507 2886 nos
1524 2828 1680 2886 bello
1701 2831 2032 2887 assuefacti.
2052 2855 2081 2883 »

436 2919 469 2975 J
474 2934 569 2973 am
598 2917 914 2974 Anscarius
933 2918 1238 2974 Wikberto
1269 2923 1427 2975 recta
1446 2918 1557 2975 sibi
1579 2918 1905 2975 consulenti
1928 2923 2083 2976 coui-

434 3012 568 3053 vere
596 2997 946 3066 decreverat,
981 2998 1338 3071 directisque
1370 3014 1793 3071 usquequaque
1832 3001 2078 3072 nuntiis,

437 3100 789 3159 congregare
821 3085 1138 3142 exercitum
1169 3093 1429 3160 cuperat,
1471 3102 1607 3142 cum
1658 3086 1917 3145 Arcodus
1949 3090 2079 3162 qui-

435 3174 596 3242 dam,
629 3173 1106 3248 Burgundionum
1142 3177 1429 3248 sanguine
1475 3180 1661 3242 ortus,
1708 3176 2076 3237 Wikbertum
2108 3161 2153 3236 (ἶ

430 3261 547 3318 ista
579 3261 977 3319 consulentem
1010 3262 1183 3320 dictis
1215 3263 1542 3337 increparet
1571 3265 1788 3322 amaris
1818 3284 1831 3320 :
1865 3290 1893 3317 ‹‹
1912 3266 2081 3325 Chre-

431 3350 593 3417 meti,
622 3348 838 3423 inquit,
891 3349 1105 3407 similis
1137 3367 1221 3421 es,
1281 3353 1383 3425 qui
1414 3354 1487 3409 ob
1520 3353 1800 3411 Trasonis
1854 3360 2078 3415 metum

430 3438 639 3496 Thaidi
671 3440 741 3496 de
768 3439 1145 3496 occludendis
1169 3441 1380 3498 edibus
1403 3442 1740 3511 consilium,
1765 3446 1956 3516 quoad
1984 3447 2083 3502 ad-

427 3532 661 3585 vocatos
693 3528 804 3585 sibi
837 3545 872 3585 a
894 3529 1019 3585 foro
1039 3529 1298 3599 duceret,
1323 3528 1517 3599 dedit;
1543 3547 1718 3603 quem
1740 3549 1877 3588 cum
1898 3533 2079 3592 Thais

428 3618 764 3691 prohiberet
814 3618 1003 3690 (126):
1037 3618 1186 3687 Quod
1240 3636 1365 3676 cum
1393 3622 1568 3677 salute
1617 3630 1733 3688 tua,
1768 3622 1848 3677 ait
1891 3639 2081 3681 cavere

423 3710 619 3780 possis,
650 3709 879 3763 stultum
931 3707 1215 3764 admittere
1270 3713 1368 3764 est.
1402 3710 1539 3766 Malo
1591 3725 1687 3781 ego
1729 3727 1828 3768 nos
1869 3716 2080 3787 prospi-

427 3811 567 3863 cere,
598 3812 765 3868 quam
792 3797 987 3851 ulcisci
1009 3796 1078 3831 διδ
1109 3801 1328 3869 accepta
1357 3799 1604 3870 injuria!
1633 3798 1885 3871 Optime,
1915 3802 2077 3858 Wik-

427 3884 654 3952 bertus,
668 3884 934 3955 inquam,
950 3884 1273 3942 Thrasonis
1287 3885 1475 3942 fecisti
1490 3887 1832 3943 memoriam
1849 3889 2075 3962 militis,

432 3971 534 4043 qui
565 3971 769 4028 rabido
800 3970 966 4044 prius
994 3987 1093 4028 ore
1123 3972 1445 4043 deseviens,
1478 3990 1613 4030 cum
1635 3975 1706 4031 ad
1734 3992 1856 4032 rem
1877 3995 2075 4037 veram

426 4063 667 4115 ventum
699 4063 872 4128 esset,
903 4060 1201 4131 Syriacum
1232 4061 1293 4115 in
1324 4062 1525 4119 dextro
1556 4078 1758 4130 cornu,
1788 4066 2077 4137 Symalio—

428 4164 565 4204 nem
596 4148 656 4203 in
686 4146 923 4204 sinistro
969 4149 1333 4206 constituens
1375 4151 1547 4223 (127),
1582 4150 1706 4223 ipse
1736 4153 1849 4208 sibi
1879 4153 2076 4213 locum

426 4240 561 4309 post
589 4235 875 4309 principia
906 4236 1058 4310 (128)
1090 4237 1285 4311 elegit.
1312 4239 1753 4312 Burgundiones
1774 4243 1932 4299 enim
1950 4261 2078 4318 gar-

426 4324 588 4382 rulos
611 4326 683 4362 ⁸⁵⁸
711 4340 859 4395 esse,
908 4343 1148 4384 voraces
1179 4344 1246 4384 ac
1297 4328 1563 4397 inbelles,
1614 4329 1813 4386 nullus
1844 4348 1943 4404 qui
1975 4351 2075 4392 eos

428 4414 651 4472 noverit
679 4414 1058 4490 ambigit.Sed
1084 4420 1144 4473 et
1172 4432 1351 4489 quam
1383 4418 1716 4490 perfortiter
1744 4436 1895 4494 saepe
1925 4423 2074 4481 fece-

2186 539 2386 589 unam,
2446 522 2505 577 in
2554 530 2673 594 qna
2702 525 2759 577 et
2805 521 2931 595 ipse
2973 524 3116 589 erat,
3174 512 3469 576 direxerat.
3500 518 3615 592 Ipse
3654 524 3762 591 vero

2185 611 2359 667 ﬂuvio
2388 611 2692 682 interjecto
2723 611 2804 667 rei
2837 613 3108 683 spectans
3138 612 3420 677 eventum,
3452 614 3573 664 cum
3606 610 3769 668 tribus

2184 702 2566 756 remanserat.
2596 699 2921 756 Verebatur
2944 698 3129 765 enim,
3161 698 3316 770 quod
3362 713 3461 753 nec
3495 700 3642 753 tanta
3658 702 3769 754 eum

2185 789 2379 861 quiret
2408 787 2723 844 multitudo
2758 787 3087 859 defendere,
3118 785 3167 843 si
3193 803 3332 842 suos
3356 784 3414 840 in
3443 802 3566 841 eum
3594 786 3772 843 Ansca-

2185 878 2309 934 rius
2339 880 2536 950 pesset
2565 877 2805 934 obtutus
2844 876 3137 934 inducere.
3187 874 3352 931 Haud
3385 890 3557 942 mora,
3584 873 3772 929 bellum

2184 966 2484 1040 incipitur,
2503 966 2561 1022 in
2592 984 2705 1039 quo
2718 967 2998 1034 Arcodus,
3015 965 3155 1038 quia
3172 965 3418 1037 fugerat,
3433 979 3543 1019 non
3560 962 3774 1031 videtur,

2183 1050 2529 1112 Wikbertus
2562 1073 2696 1112 vero
2737 1060 2922 1112 morte
2960 1059 3134 1111 tenus
3163 1053 3512 1120 vulneratur,
3536 1052 3774 1124 quoniam

2187 1146 2423 1217 quidem
2447 1146 2594 1201 mori
2636 1145 2822 1202 satius
2860 1162 3034 1218 quam
3058 1144 3255 1216 fugere
3280 1141 3459 1197 duxit.
3492 1136 3589 1197 llis
3613 1140 3776 1212 itaque

2187 1235 2463 1291 omnibus
2498 1224 2572 1290 ab
2616 1234 2896 1291 Anscario
2948 1232 3279 1298 debellatis,
3321 1231 3464 1286 duas
3518 1226 3565 1286 ei
3599 1229 3778 1286 iterum

2187 1322 2410 1379 Sarlius
2435 1323 2587 1380 acies
2610 1323 2808 1391 mittit,
2832 1340 2947 1379 uno
2971 1319 3340 1379 solummodo
3364 1335 3552 1375 secum
3572 1322 3777 1375 retenta.

2188 1413 2454 1486 Cumque
2468 1411 2786 1469 Anscarius
2798 1458 2811 1480 ,
2823 1413 2955 1485 quis
2966 1422 3209 1468 suorum
3225 1410 3285 1465 in
3297 1425 3497 1481 campo
3514 1408 3779 1464 occumbe-

2189 1506 2299 1570 ret,
2322 1501 2494 1558 vellet
2512 1500 2831 1572 inquirere,
2850 1518 2963 1556 non
2989 1517 3095 1556 suo
3119 1502 3347 1555 tantum
3373 1514 3543 1570 quam
3571 1494 3780 1552 aliorum

2189 1591 2475 1663 sanguine
2521 1594 2858 1646 cruentatus
2882 1589 3223 1645 Wikbertus
3263 1587 3314 1643 ei
3337 1586 3595 1643 occurrit.
3623 1584 3715 1641 Cui
3739 1589 3784 1640 et

2190 1681 2309 1736 ait:
2345 1703 2373 1729 «
2409 1679 2546 1736 Duae
2595 1683 2797 1735 contra
2849 1696 2955 1735 nos
3002 1678 3157 1734 acies
3186 1678 3253 1712 ³³¹
3304 1673 3593 1748 perpulere
3637 1672 3783 1730 armis

2192 1770 2487 1825 instructas
2513 1768 2850 1839 adveniunt,
2884 1784 3029 1840 quas
3050 1771 3107 1823 te
3126 1766 3322 1840 potius
3343 1764 3620 1821 declinare
3637 1765 3783 1837 quam

2188 1860 2492 1930 expectare
2522 1856 2699 1912 etiam
2730 1860 2904 1928 atque
2930 1855 3105 1911 etiam
3137 1853 3585 1930 rog‘o.Arcodus,_
3605 1855 3662 1907 ut
3685 1851 3785 1923 ipse

2189 1928 2334 2001 bene
2352 1945 2501 2000 nosti
2527 1961 2734 2017 pugnae
2753 1944 3228 2015 hujusincentor,
3249 1940 3497 2015 qualiter
3514 1928 3783 2012 aufugerit,

2187 2034 2367 2089 vides.
2401 2034 2516 2105 Ego
2545 2048 2679 2088 vero
2709 2032 2935 2104 positus
2966 2032 3025 2086 i'n
3049 2031 3346 2099 extremis,
3373 2044 3486 2085 non
3503 2027 3674 2100 cogito
3684 2028 3785 2098 jam

2188 2122 2257 2178 de
2289 2138 2506 2195 pugna,
2529 2122 2629 2176 sed
2665 2121 3098 2177 misericordem
3132 2120 3319 2176 Deum
3348 2135 3482 2192 rogo
3504 2124 3600 2192 pro
3624 2116 3787 2173 anima

2191 2228 2263 2267 ne
2295 2210 2441 2266 mihi
2473 2211 2726 2283 imputet
2754 2211 2841 2279 ³⁵³,
2875 2226 3003 2282 quzs
3040 2210 3113 2265 ob
3146 2209 3510 2265 dilectionem
3545 2205 3622 2262 tui
3650 2203 3788 2260 hodie

2188 2299 2513 2357 commerui
2552 2297 2821 2366 crimina,
2853 2298 3159 2355 hominum
3190 2297 3320 2354 neci
3358 2296 3544 2353 dando
3588 2309 3789 2367 corpora

2194 2389 2400 2445 multa.
2435 2410 2463 2437 »
2496 2388 2596 2443 His
2622 2386 2885 2459 expletis,
2912 2386 3206 2460 expiravit.

2259 2480 2314 2534 8.
2344 2475 2583 2533 Collecti
2614 2474 2814 2548 itaque
2842 2475 3160 2533 Anscarius
3191 2492 3343 2548 quos
3370 2474 3572 2548 potuit,
3596 2470 3788 2529 duabus

2189 2566 2501 2640 phalangis
2531 2581 2838 2631 occurens,
2875 2581 2974 2621 eas
3014 2564 3166 2621 inter
3224 2563 3575 2620 furibundus
3620 2557 3791 2616 insiliit

2190 2655 2946 2728 stragemqueinnumeram
2964 2654 3143 2709 dedit.
3162 2655 3370 2710 Comes
3387 2652 3635 2726 quidam,
3649 2646 3788 2707 Hatto

2189 2744 2449 2811 nomine,
2482 2743 2713 2802 duabus
2746 2742 2864 2799 illis
2892 2745 3136 2815 praaerat
3166 2743 3427 2811 aciebus,
3459 2741 3556 2815 qui
3582 2740 3679 2795 hac
3704 2738 3788 2793 An-

2191 2832 2378 2891 scario
2403 2832 2654 2889 occurrit
2678 2828 2909 2899 ﬁdutia,
2938 2830 3240 2904 quoniam,
3267 2829 3552 2887 confracta
3559 2828 3675 2901 jam
3693 2823 3792 2880 lan-

2191 2939 2311 2993 cea,
2343 2919 2529 2977 solam
2553 2919 2614 2975 in
2637 2936 2815 2974 manu
2839 2918 2966 2989 ejus
2989 2918 3209 2974 viderat
3229 2918 3479 2976 hastam.
3494 2919 3658 2984 Quem
3674 2911 3788 2970 dum

2191 3009 2443 3066 intuitus
2471 3012 2628 3065 esset
2654 3007 3007 3064 Anscarius:
3037 3028 3066 3058 «
3089 3007 3257 3064 Tune
3286 3025 3369 3074 es,
3395 3005 3538 3075 inﬁt,
3567 3002 3659 3076 qui
3678 3017 3790 3059 con-

2192 3102 2415 3170 tempto
2447 3097 2638 3153 crucis
2669 3100 2727 3152 et
2754 3100 3095 3153 sanctorum
3144 3096 3504 3169 juramento,
3553 3092 3786 3168 perjurus

2192 3188 2251 3243 in
2284 3186 2519 3244 nomine
2549 3186 2650 3242 Dei
2686 3184 2770 3241 tui
2803 3201 2898 3241 me
2927 3190 3095 3242 tuum
3147 3184 3454 3242 dominum
3496 3177 3785 3245 deseruisti,

2192 3281 2248 3334 et
2276 3277 2347 3333 ad
2381 3273 2618 3349 vulpem
2678 3272 2929 3331 Sarlium
2960 3274 3272 3348 transfuga
3323 3291 3388 3332 ac
3419 3274 3660 3331 desertor
3705 3266 3788 3324 ab-

2191 3366 2287 3422 isti
2314 3365 2343 3421 ?

2252 3455 2382 3506 £33.:
2408 3454 2617 3519 aliquos
2645 3466 2835 3504 manes
2865 3442 2919 3504 et
2947 3450 3296 3505 subterranea
3323 3466 3488 3520 regna
3512 3452 3645 3515 (129).

2189 3544 2249 3602 in
2282 3545 2498 3619 quibus
2542 3542 2763 3617 perjuri
2792 3543 3133 3616 puniantur,
3183 3542 3448 3600 Cocitum
3476 3541 3540 3576 ³³⁸
3566 3526 3789 3596 etiamet

2248 3635 2413 3699 Stigio
2442 3646 2600 3684 ranas
2630 3633 2686 3682 in
2715 3631 2922 3697 gurgite
2947 3631 3126 3696 nigras
3154 3634 3304 3695 (130),

2188 3715 2290 3788 qui
2321 3731 2510 3787 usque
2535 3712 2708 3769 modo
2730 3711 3058 3779 somniasti,
3083 3729 3145 3768 re
3167 3712 3298 3784 ipsa
3317 3727 3493 3785 quam
3514 3725 3636 3765 mox
3655 3718 3789 3776 expe-

2188 3805 2303 3860 rire
2327 3804 2339 3859 ε
2373 3826 2401 3855 ››
2437 3798 2567 3859 Haec
2597 3801 2819 3871 dicens,
2849 3801 3104 3869 hastam,
3126 3818 3306 3873 quam
3331 3801 3454 3857 sine
3475 3798 3613 3856 ferro
3634 3795 3788 3869 gesta-

2188 3893 2309 3962 bat,
2343 3909 2443 3949 aer
2463 3909 2528 3948 os
2558 3889 2718 3947 illius
2742 3888 2933 3946 valide
2954 3889 3205 3962 jaCiens,
3252 3888 3535 3962 sanguine
3562 3883 3784 3941 cerebro-

2188 3998 2304 4053 que
2360 3996 2690 4053 respersam
2722 3996 2826 4052 per
2894 3978 3233 4051 occipitium
3292 3976 3520 4044 eduxit;
3575 3981 3790 4041 ensequo

2189 4071 2505 4138 abstracto,
2531 4068 2812 4142 quoniam
2843 4066 3019 4124 multi
3048 4081 3229 4140 super
3271 4082 3336 4123 se
3377 4064 3667 4127 irruerent,
3717 4054 3789 4111 di-

2186 4159 2404 4215 micare
2434 4155 2658 4213 naviter
2684 4156 2876 4229 cmpit.
2910 4156 3191 4227 Cumque.
3224 4154 3406 4210 nullis
3426 4152 3533 4210 sibi
3552 4142 3786 4206 ammini-

2186 4245 2546 4314 culantibus,
2578 4243 2844 4302 omnium
2875 4261 3042 4318 paene
3064 4242 3325 4299 hostium
3356 4241 3513 4299 solus
3539 4238 3783 4310 impetum

2186 4337 2525 4404 sustineret,
2553 4333 2671 4389 huc
2698 4333 2953 4405 illucque
3010 4331 3372 4400 discurrens,
3434 4327 3653 4400 sonipes
3689 4333 3783 4393 quo

2185 4425 2480 4482 insederat
2532 4422 2603 4457 3“
2655 4421 2797 4478 adeo
2856 4421 2917 4476 in
2975 4420 3241 4477 scrobem
3301 4416 3526 4486 cecidit,
3555 4416 3614 4471 ut
3663 4405 3782 4467 collo

428 4504 531 4572 ris,
569 4521 718 4603 quas
762 4504 1040 4578 fugiendo
1092 4505 1418 4576 declinasti,
1466 4507 1766 4565 cicatrices
1814 4509 2078 4571 indicant
2104 4536 2154 4603 D
2186 4507 3785 4603 suppositopedibusquesursumerectis,eousquesuper

428 4594 710 4667 corporis.
746 4616 775 4642 »

491 4684 548 4737 7.
582 4682 936 4754 Hujusmodi
967 4683 1163 4756 itaque
1194 4683 1513 4741 Anscarius
1535 4688 1710 4757 atque
1734 4687 2072 4749 Wikbertus

421 4770 620 4828 exitati
638 4771 836 4837 dictis,
858 4771 959 4826 ubi
980 4771 1233 4828 Sarlium
1255 4788 1384 4828 esse
1411 4789 1547 4828 cum
1570 4773 1775 4831 multis
1798 4778 2069 4851 audiunt,

2182 4600 2534 4659 Anscarium
2580 4601 2822 4672 jaceret,
2855 4598 3039 4655 donec
3068 4597 3140 4653 ab
3172 4594 3498 4657 irruentibu
3550 4585 3783 4672 hostibus

2182 4690 2419 4747 directis
2444 4671 2770 4745 missilibus
2790 4687 3170 4744 occideretur.
3193 4685 3316 4750 Quo
3334 4686 3574 4748 mortuo,
3594 4671 3780 4734 Sarlius

2181 4796 2382 4837 marca
2410 4795 2613 4836 secure
2642 4776 2881 4849 potitur,
2915 4780 2972 4832 et
2996 4792 3095 4833 rex
3118 4774 3283 4847 Hugo
3313 4770 3524 4846 gaudio
3550 4768 3780 4824 inmenso

421 4874 601 4931 quam
619 4874 755 4914 mox
766 4873 901 4914 cum
918 4860 1120 4931 paucis
1138 4876 1447 4933 properare
1467 4863 1845 4920 contendunt.
1866 4867 1975 4924 Sex
2003 4870 2072 4907 πο
2179 4869 2454 4926 alﬁcitur.

1786 4980 2029 5042 VARle
2066 4984 2524 5046 LECTIONNES.

456 5139 468 5151 .
489 5071 559 5150 3‘7"
586 5071 809 5195 posssqit
840 5072 886 5128 1.
966 5071 1035 5107 3“
1064 5074 1298 5131 festinet
1325 5075 1375 5129 1.
1449 5074 1516 5111 “5
1573 5077 2008 5150 antesignatum
2043 5092 2077 5141 ι.

418 5157 557 5198 01881
627 5182 639 5195 .
814 5142 1051 5198 gerulos
1084 5147 1132 5198 1.
1209 5144 1278 5181 ³⁸0
1308 5145 1420 5198 Sed
1454 5148 1504 5198 1.
1537 5149 1588 5198 2.
1621 5148 1658 5198 5
1682 5165 1716 5198 ιι
1745 5155 1835 5198 set
1886 5156 1939 5198 5,
1977 5158 2077 5198 ς...

2248 5086 2315 5120 ³⁸⁸
2372 5082 2531 5138 hunc
2560 5096 2699 5138 corr.
2760 5080 2876 5138 huc
2909 5079 2959 5138 1.
3037 5080 3103 5117 ³⁸⁷
3158 5077 3525 5183 congregata.
3593 5066 3654 5103 ³⁴⁸
3703 5060 3781 5120 ul-

2245 5157 2310 5193 331
2369 5158 2529 5198 antea
2560 5156 2609 5198 1-
2662 5154 2827 5198 muln
2873 5158 3009 5198 ante
3063 5151 3304 5198 nnnnrit-
3404 5147 3448 5182 ⁵³
3495 5133 3774 5198 utnutet1.

715 5142 785 5176 ⁸⁴⁹
813 5142 1051 5225 gerulos
1084 5147 1132 5200 1.
1209 5144 1278 5181 ³⁸⁰
1308 5145 1420 5225 sed
1454 5148 1588 5225 1,2.
1621 5148 1716 5225 5a
1745 5142 1835 5225 {et
1878 5156 1944 5225 ,5.
1977 5158 2087 5225 Sex
2114 5161 2169 5214 3.
2245 5157 2310 5193 3“
2369 5158 2529 5211 actes
2560 5156 2611 5210 1.
2644 5154 2827 5225 paulo
2873 5158 3009 5209 ante
3063 5142 3305 5209 occuriE

3404 5133 3448 5182 '5'
3495 5139 3705 5214 utputet
3730 5133 3774 5190 1.

412 5211 485 5249 ³⁸³
514 5210 744 5269 Coitum
774 5210 913 5270 cc'rr.
946 5215 1133 5272 eadem
1158 5232 1330 5272 manu
1359 5216 1633 5275 Conitum
1666 5221 1714 5276 1.
1750 5210 2102 5285 ConitumE.
2119 5210 2204 5266 '31“
2232 5210 2602 5284 insedederat
2629 5210 2682 5280 1‘.

2016 5343 2249 5402 NOTJE.

512 5414 635 5495 1ξρ)
667 5416 1079 5495 Terent._Eun.
1112 5418 1207 5490 IV,
1237 5437 1317 5495 v1,
1348 5441 1404 5481 v.
1435 5422 1527 5484 24.

512 5487 640 5561 127)
668 5489 799 5561 Ter.
831 5490 872 5561 1.
905 5490 924 5547 1
952 5509 1053 5561 vn,
1084 5509 1139 5550 v.
1171 5487 1225 5552 5.

508 5552 637 5623 128)
667 5560 798 5627 Ter.
828 5560 931 5623 1.1.
963 5552 1141 5629 v.11.

2239 5429 2391 5577 (129;
2406 5426 2678 5498 Juvenal,
2698 5429 2818 5487 Sat.
2853 5432 2944 5497 11,
2968 5429 3088 5487 140.

2241 5505 2370 5577 (130
2419 5499 2682 5563 Juvenal.
2713 5500 2754 5559 1.
2786 5499 2826 5558 1.
2859 5501 2984 5562 150.

2241 5499 2391 5578 {130)
2419 5499 2682 5563 Juvenal.
2713 5500 2754 5559 1.
2786 5499 2826 5558 1.
2859 5501 2984 5562 150.
