4030 6184
267 407 382 472 881

265 724 572 780 Saracenis
623 725 1004 782 Fraxenetum
1034 727 1459 783 inabitantibus
1510 729 1914 785 crudelissime

264 812 697 885 depopulantur
723 813 791 848 ³⁵⁸
831 815 942 886 (an.
993 815 1142 887 941).
1185 817 1574 881 Quamobrem
1621 817 1783 891 Hugo
1815 836 1912 874 rex

263 901 509 959 consilio
541 906 792 973 accepto,
824 904 1060 964 nuntios
1091 903 1654 977 Constantinopolim
1686 907 1906 980 dirigit,

264 1008 478 1063 rogans
509 991 917 1062 imperatorem
951 993 1348 1065 Romanon,ut
1377 1012 1554 1050 naves
1588 995 1699 1050 sibi
1733 995 1908 1052 Greco

265 1097 400 1137 cum
432 1081 564 1153 igne
595 1079 974 1150 transmittat,
1023 1098 1170 1154 quas
1221 1082 1528 1138 chelandia
1567 1085 1754 1156 patrio
1786 1100 1908 1139 ser-

265 1185 439 1226 mone
470 1168 631 1224 Greci
663 1169 1094 1241 cognominant.
1141 1170 1260 1228 Hoc
1308 1176 1503 1228 autem
1563 1189 1627 1227 eo
1661 1173 1814 1238 fecit,
1848 1176 1912 1227 ut

265 1259 409 1314 dum
433 1257 694 1313 terrestri
717 1257 924 1313 itinere
945 1257 1070 1332 ipse
1098 1260 1168 1314 ad
1201 1259 1624 1316 destruendum
1653 1261 1913 1317 tenderet

265 1346 638 1414 Fraxinetum
669 1337 891 1413 33",eam
922 1351 1146 1420 partem
1181 1365 1297 1421 qua
1323 1349 1470 1404 mari
1503 1349 1912 1405 muaiturGre—

262 1437 312 1490 ci
345 1435 572 1508 navigio
598 1435 950 1504 obsiderent,
985 1453 1304 1509 eorumque
1353 1455 1528 1494 naves
1579 1441 1908 1506 exurerent,

264 1542 331 1580 ac
364 1541 435 1580 ne
465 1526 537 1580 ab
563 1525 842 1596 Hispania
869 1525 1059 1582 victus
1108 1527 1192 1582 eis
1240 1530 1340 1582 aut
1384 1527 1684 1600 copiarum
1718 1527 1912 1583 subsi-

262 1613 359 1668 dia
391 1613 781 1686 provenirent,
815 1613 1265 1687 diligentissime
1290 1615 1682 1687 providerent.

332 1703 419 1756 10.
455 1701 683 1757 Interea
714 1702 1115 1774 Berengarius,
1151 1704 1457 1759 memorati
1487 1705 1664 1759 frater
1692 1705 1909 1758 Ansca-

257 1788 327 1844 rii
387 1794 563 1861 atque
639 1790 948 1862 lEporegias
1020 1790 1271 1847 civitatis
1346 1791 1626 1861 marehio,
1685 1790 1909 1847 occulte

259 1879 527 1950 quaedam
560 1877 618 1932 in
658 1895 854 1951 regem
903 1880 1076 1950 ccepit
1125 1879 1339 1934 moliri.
1377 1880 1540 1944 Quod
1590 1881 1729 1934 dum
1785 1880 1906 1950 regi

258 1971 624 2039 compertum
657 1966 1117 2034 esset,simulata
1146 1967 1544 2024 benivolencia
1575 1966 1908 2024 dissimula-

256 2062 434 2128 taque
465 2056 570 2124 ira,
598 2056 741 2111 dum
791 2056 861 2110 ad
891 2072 1019 2112 sese
1065 2056 1308 2126 veniret,
1341 2057 1469 2113 luce
1514 2074 1646 2113 eum
1681 2056 1907 2130 privare

260 2145 572 2218 disposuit.
599 2143 781 2200 Filius
813 2145 1064 2218 denique
1103 2147 1250 2218 ejus,
1301 2145 1537 2202 nomine
1588 2146 1904 2202 Lotbarius

259 2253 380 2302 rex,
407 2238 465 2290 et
492 2234 618 2305 ipse
671 2250 883 2306 parvus
939 2251 1005 2290 ac
1065 2235 1530 2292 necessariarum
1562 2235 1673 2291 sibi
1708 2251 1905 2290 rerum

262 2324 453 2396 adhuc
511 2323 774 2396 ignarus,
829 2322 1108 2394 quoniam
1158 2324 1418 2380 consiliis
1468 2324 1559 2379 his
1619 2324 1907 2393 interfuit,

261 2412 448 2469 celare
479 2413 978 2485 quemadmodum
1031 2429 1177 2485 puer
1228 2413 1386 2468 haud
1445 2414 1653 2486 potuit,
1707 2429 1905 2468 verum

260 2502 552 2557 destinato
587 2501 656 2556 ad
691 2500 1104 2572 Berengarium
1145 2501 1371 2569 nuntio,
1405 2502 1558 2573 quod
1605 2501 1714 2556 sibi
1749 2504 1912 2572 pater

259 2608 407 2647 suus
421 2592 607 2646 facere
625 2588 1234 2662 vellet,apperuit.Hoc
1257 2590 1506 2662 denique
1527 2590 1911 2662 Berengarius

259 2685 328 2736 ut
353 2679 593 2746 audivit,
622 2678 849 2734 Italiam
871 2696 1048 2751 quam
1072 2697 1202 2734 mox
1221 2680 1500 2750 deseruit,
1533 2696 1597 2734 ac
1621 2696 1723 2751 per
1754 2694 1913 2733 mon-

257 2774 379 2826 tem
411 2769 569 2825 Jovis
601 2768 659 2822 in
692 2769 961 2823 Sueviam
986 2769 1057 2824 ad
1091 2768 1512 2823 Herimannum
1547 2769 1750 2823 ducem
1784 2783 1913 2840 pro-

258 2858 756 2933 peravit;uxorem
790 2872 922 2911 vero
955 2873 1122 2913 suam
1148 2857 1403 2912 William
1429 2874 1529 2930 per
1559 2856 1735 2912 aliam
1757 2856 1910 2909 viam

259 2949 336 3006 ad
369 2948 614 3003 eandem
647 2945 1005 3018 provinciam
1036 2946 1230 3002 venire
1278 2946 1570 3018 praecepit.
1607 2947 1740 3011 Qua:
1773 2948 1912 2998 tem-

258 3053 402 3111 pore
429 3036 496 3070 ³⁵⁸
529 3034 911 3108 digressionis
944 3052 1046 3090 sue
1078 3051 1183 3107 per
1211 3040 1468 3089 montem
1500 3035 1705 3088 Avium
1739 3033 1908 3105 (131),

257 3127 382 3182 fcta
405 3123 711 3197 partuique
739 3123 947 3192 vicina,
982 3122 1233 3195 qualiter
1264 3128 1489 3178 montes
1522 3127 1642 3177 tam
1675 3138 1910 3194 asperos

255 3218 440 3287 atque
468 3212 657 3268 invios
683 3211 932 3267 transire
961 3213 1208 3284 pedibus
1264 3211 1474 3284 poterit
1517 3213 1604 3279 ³⁵9,
1640 3211 1784 3266 satis
1816 3225 1910 3264 ne-

1229 413 1850 481 ANTAPODOSEOS
1895 417 2105 482 LIBRI
2150 417 2318 482 SEX.
2352 420 2603 484 --L1B.
2648 417 2722 484 V.

335 542 388 600 9.
423 543 576 600 Dum
606 541 727 601 hzec
758 548 1031 620 aguntur,
1079 553 1360 606 montana
1409 549 1624 623 quibus
1663 549 1734 608 ab
1761 550 1910 608 occi-
1937 553 1995 620 Α

266 634 384 691 dua
413 635 481 670 ³⁸⁵
512 652 613 691 seu
656 637 1091 709 septentrionali
1151 639 1318 696 Italia
1372 639 1625 712 cingitur
1667 647 1848 712 parte,
1882 658 1916 697 a

1936 1925 1984 1991 B

2200 553 2270 609 Et
2299 570 2526 611 servare
2556 552 2761 623 malos,
2791 551 3048 611 vocitant

2202 643 2500 716 Sanguine
2531 645 2629 716 qui
2663 644 2920 718 gaudent
2943 641 3274 707 hominum,

2201 731 2350 796 Quid
2381 733 2634 805 loquar?
2661 750 2790 788 ecce
2821 733 3006 788 Deum
3046 729 3215 803 cupio

2199 822 2658 895 Conscissusque
2690 823 2867 878 chaos
2898 823 3123 877 cunctis

2199 909 2398 980 Neque
2431 915 2495 965 tu
2526 911 2762 966 nomine
2793 911 3028 984 dignus,

2198 997 2361 1053 Nunc
2392 1016 2568 1071 quam
2602 1001 2841 1072 perdere
2872 998 3063 1072 possis

2198 1086 2342 1142 Cum
2377 1088 2463 1144 sol
2497 1089 2703 1161 igneus
2734 1089 2917 1153 ardet,

2200 1177 2383 1230 Curva
2414 1175 2558 1232 falce
2587 1176 2840 1249 reposcit
2871 1176 2959 1242 35’,

2199 1263 2401 1318 Cancri
2433 1265 2500 1299 ³⁵³
2530 1265 2694 1321 sidus
2726 1265 2938 1320 adurit.

2201 1351 2418 1424 Rigida:
2449 1355 2517 1389 ³6⁸
2547 1359 2806 1427 tempore
2836 1354 3044 1409 brumc

2200 1440 2328 1495 Mea
2358 1459 2513 1497 nunc
2544 1447 2672 1498 vota
2705 1442 2918 1510 valere,

2198 1528 2342 1584 Aliis
2374 1531 2674 1586 montibus
2705 1531 2871 1587 isses.

2197 1616 2345 1672 Sinit
2375 1621 2431 1673 et
2463 1619 2697 1674 tramite
2731 1623 2884 1674 recto

2199 1706 2405 1762 Suetos
2437 1708 2679 1780 perdere
2710 1711 2964 1776 sanctos,

2198 1793 2315 1849 Heu
2350 1812 2497 1867 quos
2528 1796 2763 1852 nomine
2790 1797 3042 1863 Mauros,

2193 1881 2368 1938 Juvat
2400 1887 2457 1939 et
2486 1884 2671 1942 vivere
2702 1890 2886 1957 rapto.

2193 1969 2330 2024 Tete
2362 1969 2604 2025 fulmine
2628 1972 2814 2040 aduri,

2193 2057 2321 2113 Fias
2355 2063 2611 2130 tempore
2645 2066 2871 2116 cuncto.

2087 2145 2174 2201 12.
2213 2147 2392 2220 Igitur
2416 2148 3160 2216 Herimannus,Suevorum
3194 2149 3665 2218 dux,venientem

2017 2234 2088 2288 ad
2121 2251 2182 2289 se
2212 2236 2627 2310 Berengarium
2660 2238 2907 2312 benigne
2938 2237 3214 2310 suscepit,
3257 2255 3510 2310 eumque
3543 2256 3666 2294 ma-

2017 2337 2130 2394 gno
2161 2339 2295 2379 cum
2327 2325 2547 2381 honore
2589 2332 2722 2382 ante
2779 2327 3032 2399 piissimi
3091 2327 3242 2398 regis
3275 2327 3501 2382 Ottonis
3523 2345 3667 2398 prae-

2018 2412 2270 2467 sentiam
2301 2414 2670 2477 duxit.Quem
2705 2421 2925 2487 quanta
2957 2433 3056 2470 rex
3078 2415 3379 2470 devotione
3404 2432 3672 2486 suscepe-

2020 2500 2115 2566 rit,
2151 2501 2504 2573 quantisque
2538 2503 2880 2558 muneribus
2913 2503 3228 2569 donaverit,
3265 2508 3669 2575 quantumque

2021 2588 2410 2658 honoraverit,
2446 2590 2616 2645 stilus
2649 2609 2814 2646 meus
2847 2608 2908 2646 se
2940 2590 3189 2646 scribere
3218 2591 3285 2625 ³⁵⁵
3314 2607 3487 2661 posse
3519 2590 3668 2646 diffi-

2021 2676 2124 2732 dit.
2158 2677 2372 2733 Verum
2406 2684 2691 2750 quantum
2724 2681 2935 2752 poterit
2965 2679 3305 2750 designatis,
3339 2680 3508 2750 cujus
3539 2697 3669 2735 san-

2020 2766 2238 2822 ctitatis
2271 2772 2619 2840 quantaeque
2649 2769 3035 2824 humanitatis
3075 2786 3173 2824 rex
3207 2769 3400 2838 fuerit,
3437 2773 3666 2840 quanta:

2020 2843 2197 2910 etiam
2229 2855 2623 2928 improbitatis
2657 2857 3039 2930 Berengarius
3062 2856 3506 2923 extiterit,facile
3529 2874 3668 2929 pru-

2021 2944 2165 2999 dens
2194 2943 2375 2999 lector
2400 2946 2860 3003 animadvertere
2891 2945 3117 3018 poterit.

2095 3034 2178 3087 13.
2214 3034 2331 3088 Rex
2361 3037 2547 3108 Hugo,
2591 3037 2790 3091 audita
2844 3035 3176 3107 Berengarii
3235 3037 3393 3108 fuga,
3428 3035 3668 3092 nuntios

2020 3139 2160 3178 suos
2192 3123 2312 3196 regi
2345 3125 2538 3179 Ottoni
2569 3124 2768 3197 dirigit
2800 3126 2912 3195 (an.
2947 3125 3430 3195 942),secundum
3461 3124 3668 3179 volun-

2024 3211 2159 3266 tatis
2191 3229 2307 3267 sua:
2340 3213 2815 3268 deliberationem
2847 3214 2970 3268 auri
2998 3213 3338 3285 argentique
3361 3214 3586 3286 copiam
3608 3228 3669 3267 se

255 3319 411 3376 queo
441 3301 638 3356 mirari
668 3319 681 3369 ;
716 3300 826 3356 nisi
875 3301 1015 3372 quia
1059 3301 1322 3355 furtunae
1381 3317 1584 3355 omnes
1634 3301 1907 3354 adversas
1939 3293 1980 3359 C
2018 3300 2070 3355 ei
2101 3301 2399 3367 daturum,
2435 3300 2482 3354 si
2510 3301 2925 3372 Berengarium
2978 3319 3092 3356 non
3146 3301 3467 3372 susciperet
3497 3301 3667 3370 eique

255 3391 407 3448 mihi
433 3391 613 3446 fuisse
637 3393 794 3445 certo
829 3389 971 3444 scio.
1006 3389 1119 3445 Sed
1152 3389 1262 3444 ah!
1298 3406 1475 3460 quam
1527 3389 1639 3443 sibi
1670 3389 1906 3459 decipu-

251 3481 377 3537 lam
409 3478 712 3534 Lotharius
741 3478 1170 3550 praeparaverit,
1198 3477 1378 3532 futuri
1432 3477 1670 3549 ignarus
1717 3475 1910 3530 videre

253 3586 376 3625 non
410 3568 618 3641 potuit.
648 3567 798 3621 Dum
845 3567 1002 3621 enim
1061 3565 1406 3638 Berengario
1464 3563 1777 3627 consuluit,
1813 3562 1909 3634 qui

251 3673 506 3730 regnum
533 3661 591 3712 et
617 3655 800 3711 vitam
835 3655 1088 3710 auferret
1118 3655 1355 3710 sibimet
1406 3651 1768 3726 praeparavit.
1802 3656 1912 3705 Im-

253 3762 482 3820 praacor
511 3746 710 3816 itaque
742 3761 858 3799 non
911 3743 1205 3812 Lothario,
1242 3743 1341 3815 qui
1391 3741 1658 3814 puericiae
1685 3739 1911 3795 levitate

252 3833 722 3910 peccavit,id‘que
756 3834 1134 3905 postmodum
1168 3848 1365 3887 amare
1395 3829 1688 3904 pmnituit,
1709 3845 1910 3884 verum

257 3922 565 3979 montibus
583 3920 703 3977 illis
725 3920 1288 3988 crudelibus,contra
1318 3920 1618 3975 insuetum
1637 3917 1911 3973 omnibus

257 4028 488 4068 morem
513 4010 681 4066 facile
712 4010 796 4065 eis
847 4011 958 4065 iter
1008 4009 1408 4083 prebentibus.
1445 4009 1644 4079 Itaque
1683 4006 1824 4062 libet
1851 4007 1911 4061 in

257 4117 468 4157 eorum
501 4099 647 4155 mihi
678 4115 835 4153 nunc
861 4097 1274 4154 contumeliam
1307 4096 1629 4154 exclamare
1655 4114 1666 4152 :

441 4188 530 4244 11.
565 4187 834 4258 Improbe
869 4187 937 4221 ³⁸0
967 4203 1135 4242 mons
1162 4186 1390 4252 Avium,
1422 4185 1524 4241 tali

443 4276 761 4332 Conservas
789 4275 926 4346 quia
958 4292 1094 4330 nam
1123 4281 1371 4347 pestem,

448 4365 643 4420 Invius
678 4380 806 4418 esse
838 4363 992 4419 soles
1023 4363 1222 4430 etiam,

448 4453 736 4526 Tempore
767 4469 882 4526 quo
915 4452 1181 4507 Cererem
1214 4467 1440 4507 messor

447 4541 732 4612 Tempore
766 4557 881 4612 quo
914 4539 1095 4595 radiis
1124 4538 1325 4593 Phoebi

451 4628 711 4685 Pessime
745 4645 900 4684 nunc
931 4645 993 4685 es
1025 4627 1289 4683 inaudito

450 4717 687 4774 Pervius
709 4717 736 4772 ‘I
768 4721 940 4788 atque
973 4717 1198 4772 utinam
1225 4720 1464 4789 possent

451 4805 728 4862 Protinus
755 4807 816 4861 in
848 4805 1152 4861 baratrum
1186 4804 1425 4861 avulsus
1456 4805 1520 4839 ³⁶ί

450 4894 596 4962 Ecce
622 4893 1036 4967 Berengarium
1069 4897 1280 4960 servat,

451 4981 619 5038 Mons
649 4983 901 5039 transire
921 4981 1100 5048 Jovis,
1135 4981 1351 5037 mirum
1384 4981 1541 5036 haud

2015 3387 2396 3442 amminicula
2426 3405 2541 3442 non
2572 3390 2880 3455 conferret,
2906 3389 3276 3460 promittens.
3306 3388 3529 3451 Quibus
3565 3404 3662 3442 rex

2018 3476 2444 3548 apologetieum
2471 3479 2539 3511 ³⁵6
2570 3477 2910 3548 hujusmodi
2970 3476 3162 3531 dedit:
3202 3499 3230 3524 «
3276 3474 3665 3545 Rerengarius

2019 3582 2134 3620 non
2194 3565 2264 3619 ob
2320 3565 2543 3620 domini
2607 3565 2782 3620 vestri
2849 3564 3262 3635 dejeecionem,
3325 3577 3548 3628 verum,
3611 3563 3660 3616 si

2019 3652 2172 3724 potis
2204 3657 2310 3720 est,
2345 3655 2415 3708 ob
2449 3652 3003 3722 reconciliationem,
3029 3655 3287 3706 nostram
3322 3650 3466 3704 adiit
3492 3650 3668 3722 pieta-

2021 3747 2158 3797 tem.
2191 3742 2314 3805 Qua
2343 3743 2402 3797 in
2426 3758 2486 3797 re
2545 3741 2594 3796 si
2643 3740 3074 3796 amminiculari
3133 3739 3218 3794 illi
3251 3755 3447 3812 pmnes
3479 3738 3666 3793 domi-

2022 3847 2162 3885 num
2194 3823 2453 3885 vestrum
2473 3834 2871 3902 potero,gazas
2892 3847 2926 3884 a
2947 3844 3009 3885 se
3032 3828 3175 3883 mihi
3205 3826 3528 3901 promissas
3551 3844 3668 3882 non

2022 3919 2213 3974 solum
2245 3935 2360 3974 non
2395 3919 2672 3991 suscipio,
2697 3935 2898 3974 verum
2941 3934 3132 3973 meam
3167 3916 3250 3971 illi
3283 3916 3672 3972 libentissime

2022 4009 2216 4064 tribuo
2242 4025 2254 4076 ;
2289 4008 2631 4081 Berengario
2663 4025 2821 4076 vero,
2851 4025 2952 4064 seu
2985 4006 3224 4062 cuilibet
3254 4009 3463 4060 nostrae
3491 4004 3671 4078 pieta-

2021 4097 2099 4153 tis
2129 4097 2499 4152 clementiam
2560 4096 2918 4169 imploranti,
2967 4096 3278 4152 mandasse
3340 4093 3673 4148 subsidium

2026 4203 2141 4241 non
2159 4187 2683 4258 praebere,summze
2703 4187 3005 4241 dementiae
3025 4183 3435 4256 est.He,pende
3456 4182 3674 4251 itaque,

2026 4280 2247 4345 quanta
2275 4292 2410 4330 eum
2445 4293 2542 4332 rex
2571 4275 2704 4346 pius
2736 4275 2974 4330 caritate
2996 4269 3387 4340 dilexerit,qui
3419 4266 3672 4338 promis-

2028 4380 2152 4418 sam
2187 4380 2300 4418 non
2333 4363 2524 4417 solum
2577 4379 2690 4416 non
2747 4362 3027 4433 accipere,
3081 4359 3180 4413 sed
3233 4354 3528 4428 propriam
3570 4368 3674 4424 pro

2027 4449 2126 4506 illo
2160 4449 2466 4521 pecuniam
2494 4449 2677 4505 voluit
2709 4449 2867 4504 dare.

2100 4538 2187 4593 14.
2222 4537 2372 4592 Dum
2404 4536 2524 4591 haec
2555 4539 2810 4609 aguntur
2865 4536 2956 4603 ³⁸⁷,
2997 4527 3676 4601 Constantinopolitanus

1952 4649 1998 4712 D
2031 4626 2348 4700 imperator
2378 4640 2510 4678 cum
2544 4624 2697 4696 regis
2728 4623 2990 4695 Hugonis
3021 4620 3246 4676 nuntiis
3291 4633 3428 4673 suos
3460 4615 3678 4712 pariter

2031 4713 2250 4786 dirigit,
2284 4712 2595 4778 mandans,
2630 4728 2804 4768 naves
2837 4715 2892 4767 et
2928 4709 3125 4765 omnia
3185 4723 3298 4780 que
3327 4703 3685 4759 desideraret

2032 4820 2094 4858 se
2124 4801 2175 4858 ei
2205 4802 2502 4868 daturum,
2523 4801 2571 4855 si
2605 4799 2799 4871 nepoti
2832 4816 2937 4855 suo
2969 4795 3210 4871 parvulo
3242 4793 3356 4850 sibi
3387 4791 3682 4857 omonino,

2033 4889 2399 4947 Constantini
2431 4887 2760 4955 filio,filiam
2785 4903 2955 4943 suam
2989 4887 3296 4958 conjugem
3328 4883 3511 4937 daret.
3537 4881 3683 4936 Con-

2038 4980 2365 5036 stantinum
2399 4982 2592 5033 autem
2623 4975 2831 5032 Leonis
2851 4974 3222 5048 imperatoris
3252 4973 3465 5040 3‘5",non
3498 4967 3684 5041 ipsius

1652 5078 1892 5134 VARI/E
1932 5077 2323 5134 LECTIONES

344 5167 414 5202 ³⁵⁸
445 5167 728 5226 hoecidua
754 5186 895 5226 corr.
929 5171 1172 5225 occidua
1202 5170 1252 5223 1.

269 5245 549 5295 xenelum
580 5256 722 5296 eorr.
757 5242 1108 5296 fraxinetum
1140 5241 1190 5296 1.
1267 5239 1335 5273 ³⁵⁸
1363 5243 1545 5293 temre

1328 5167 1397 5202 εδδ
1428 5165 1858 5290 depopulantur
1885 5182 2026 5222 corr.
2061 5163 2448 5237 depopulatur
2477 5163 2528 5218 1.
2562 5179 2667 5218 υο.υ
2694 5178 2856 5244 sensu
2877 5164 3403 5244 passivousurpata.
3481 5154 3548 5191 ⁸⁵⁷
3574 5156 3689 5212 fra-

1328 5241 1335 5272 ι
1363 5243 1545 5290 temre
1616 5279 1627 5290 .
1704 5238 1772 5271 3‘9
1803 5239 1844 5290 ἱ.
1871 5254 1918 5290 e.
1954 5237 2228 5290 uetuerit.
2304 5235 2373 5268 ³⁶⁰
2405 5234 2582 5289 Codex
2610 5234 2644 5288 3
2674 5235 2791 5290 haec
2823 5250 2882 5288 τη
2926 5248 3175 5290 merome
3205 5232 3400 5286 habet:
3435 5227 3687 5282 Metrum

1616 5279 1627 5290 .
1704 5238 1772 5271 3‘9
1803 5239 1844 5303 ἱ,
1871 5254 1918 5292 e.
1954 5227 2231 5305 potuerit:
2304 5235 2373 5268 ³⁶⁰
2405 5234 2582 5289 Codex
2610 5234 2644 5288 3
2674 5235 2791 5290 haec
2823 5227 2892 5288 ἐπ’
2926 5234 3175 5305 margine
3205 5227 3400 5305 habet:
3435 5227 3687 5305 Metrum

273 5311 616 5368 dactilieum
648 5311 1046 5368 alemannium
1079 5316 1356 5366 constans
1387 5309 1650 5364 trimetro
1681 5300 2100 5380 ypercatalecto
2131 5306 2246 5380 qui
2278 5306 2534 5380 spondeo
2577 5310 2807 5360 constat
2854 5309 2912 5360 et
2961 5305 3031 5359 de
3051 5300 3290 5380 '_daeti_lo
3321 5306 3377 5358 et
3409 5300 3687 5379 spondeo,

275 5384 370 5437 set
400 5381 457 5436 in
483 5382 606 5439 loco
639 5401 742 5456 pro
772 5384 962 5456 primo
994 5383 1248 5456 spondeo
1275 5385 1363 5436 est
1395 5379 1494 5435 ubi
1525 5375 1868 5504 anapestum
1902 5375 2182 5433 traditum
2233 5375 2564 5432 invenimus
2615 5380 2680 5430 ut
2726 5381 2814 5431 est
2872 5391 3045 5430 omne
3073 5375 3382 5430 hominum
3411 5384 3596 5440 genus
3628 5375 3686 5422 in

275 5453 472 5504 terris-
550 5455 616 5489 δσι
645 5455 896 5504 rennssit
931 5455 975 5504 1-
1053 5455 1120 5488 ³⁸³
1151 5452 1372 5504 erancri
1402 5453 1451 5504 1.
1529 5451 1597 5485 ³⁸³
1631 5451 1647 5503 l
1678 5449 1856 5504 egidae
1890 5451 1942 5504 1.
2019 5451 2087 5484 ³⁸⁴
2116 5447 2322 5503 vulsus
2350 5449 2402 5501 5.
2435 5448 2527 5501 5a.
2571 5446 2688 5501 5a‘.
2765 5447 2832 5481 ³⁵⁵
2864 5446 3180 5502 scriberere
3228 5447 3278 5501 1.
3354 5445 3421 5478 ³6⁵
3451 5449 3686 5504 caelove-

1529 5451 1597 5485 εδδ
1631 5451 1647 5503 1

273 5453 472 5509 terris.
550 5455 616 5489 3“
639 5452 896 5509 renossit
931 5455 975 5509 1.
1027 5452 1120 5488 ’³⁸³
1151 5452 1372 5508 erancri
1402 5453 1451 5505 1.

550 5455 616 5489 ³⁸³
645 5455 896 5526 repossit
931 5455 975 5510 1.

277 5551 404 5599 τραν
433 5526 486 5580 3.

564 5456 616 5489 ’σί
639 5451 896 5526 repossit
931 5455 975 5510 1.
1027 5451 1120 5488 ’³⁸³
1151 5452 1372 5508 erancri
1402 5453 1451 5505 1.
1529 5451 1597 5485 ³⁵³
1631 5451 1856 5521 ltegidae
1890 5451 1942 5505 1.
2019 5451 2087 5484 ³⁸⁴
2116 5451 2322 5503 vulsus
2350 5451 2402 5501 5.
2435 5451 2527 5526 5a.
2571 5451 2662 5500 5a‘

564 5527 629 5561 367
661 5543 712 5582 θ..
747 5540 959 5597 Ρομανος
990 5526 1043 5581 3.
1119 5526 1184 5560 ³⁶⁸
1215 5526 1275 5580 L.
1311 5524 1347 5578 i.
1380 5547 1482 5579 ουιν
1509 5530 1656 5594 (ὑιον)
1685 5545 1771 5577 του
1803 5546 1952 5578 αυτου
1982 5535 2202 5592 Ρομανου
2234 5518 2420 5574 filium
2452 5518 2581 5572 dico
2610 5519 2662 5572 3.

2019 5451 2087 5484 3“
2116 5447 2322 5503 vulsus
2350 5449 2402 5501 5.
2435 5448 2527 5501 5a.
2571 5446 2688 5501 5a‘.
2765 5447 2832 5481 ³⁵⁵
2864 5446 3180 5502 scriberere
3228 5447 3278 5501 1.
3354 5445 3421 5478 ³6⁵
3451 5449 3690 5510 απολθγε-

359 5693 505 5767 (131)
535 5693 719 5752 Hodie
755 5695 1056 5769 Vogelberg,
1087 5693 1240 5751 ultra
1272 5692 1444 5749 10000
1472 5690 1648 5764 pedes
1680 5689 1855 5760 altus,
1883 5618 2352 5762 grggclaEAdulam
2383 5690 2556 5759 atque
2588 5687 2774 5744 fontes
2807 5685 3012 5744 Rheni.
