4030 6184
189 303 308 376 889

1146 302 1763 370 ANTAPODOSEOS
1807 299 2019 368 LIBRI
2063 301 2238 365 SEX.
2271 335 2349 348 -
2379 304 2526 366 LIB.
2569 300 2644 365 ν.

3472 299 3594 365 800

189 446 314 500 erat
373 440 581 516 vigiliae
641 441 1067 498 commendata.
1132 439 1394 512 Cumque
1451 437 1835 511 Berengarius
1865 438 1920 513 Α
1950 437 2062 493 huc
2085 438 2151 474 ⁴⁰⁰
2179 437 2451 494 inventus
2481 441 2589 506 est,
2622 437 2720 510 qui
2749 438 2909 512 quod
2940 436 3199 506 haberet,
3237 443 3393 497 esset
3420 442 3588 510 satis,

188 530 413 588 nullius
459 529 921 586 machinamenti
970 533 1252 603 apparatu
1306 527 1645 600 nulliusque
1704 525 1841 583 belli

184 622 410 694 impetu
470 619 621 675 hanc
667 635 729 674 se
781 636 983 689 capere
1028 635 1198 690 posse
1248 617 1630 690 conspiceret,
1680 618 1839 672 Man—

187 727 364 768 nasse
421 708 802 764 ambitionem
853 713 910 763 et
940 706 1346 774 kenodoxiam,
1398 705 1456 760 id
1487 710 1575 761 est
1631 722 1841 760 vanam

191 799 462 874 gloriam,
525 814 905 870 cognoscens,
971 795 1323 852 Adelardum
1383 795 1454 850 ad
1515 810 1577 850 se
1647 795 1844 850 venire

195 889 453 962 rogavit;
517 886 609 942 cui
664 892 721 942 et
772 886 894 941 ait:
955 909 984 936 «
1017 886 1076 941 Si
1119 885 1504 940 munitionem
1536 884 1686 938 hanc
1745 901 1843 955 po-

197 977 398 1035 testati
422 993 562 1032 meze
584 975 912 1044 tradideris,
939 975 1360 1046 dominumque
1388 979 1553 1029 tuum
1582 974 1846 1030 Mannas-

201 1086 306 1124 sen
337 1067 409 1122 ad
441 1065 800 1136 adjutorium
833 1082 1029 1120 meum
1062 1064 1415 1136 protraxeris
1444 1064 1532 1130 39‘,
1560 1080 1620 1120 se
1639 1062 1850 1118 Medio-

201 1156 346 1212 lanii
378 1153 931 1226 archiepisc0patus,
956 1158 1012 1208 te
1048 1170 1174 1208 vero
1205 1153 1449 1208 Cumani
1482 1152 1850 1224 episcopatus

202 1245 487 1318 dignitate
509 1247 641 1314 post
663 1247 960 1315 acceptam
985 1243 1145 1314 regni
1169 1246 1514 1314 potestatem
1529 1241 1852 1297 donabo.Et

202 1339 270 1390 ut
300 1333 662 1406 promittenti
695 1332 840 1386 mihi
887 1331 1062 1386 ﬁdem
1103 1330 1400 1397 admittas,
1455 1329 1606 1402 quod
1660 1329 1854 1385 verbis

204 1421 856 1496 spondeo,juramentis
883 1420 1150 1476 adﬁrmo.
1185 1441 1214 1468 »
1249 1420 1378 1474 Haec
1408 1419 1546 1474 dum
1582 1419 1853 1474 Mannas-

207 1529 272 1570 se
301 1513 370 1548 ³9⁵
400 1512 470 1567 ab
517 1509 807 1565 Adalardo
856 1512 1191 1574 narrantur,
1243 1507 1632 1564 munitionem
1662 1506 1857 1563 solum

207 1599 550 1674 Berengario
582 1601 718 1655 dare
749 1616 863 1654 non
888 1599 1091 1669 jussit,
1116 1614 1318 1653 verum
1343 1597 1517 1653 etiam
1542 1597 1715 1653 italos
1738 1614 1860 1652 om-

207 1705 314 1745 nes
334 1690 462 1759 ejus
493 1688 551 1743 in
579 1687 860 1743 auxilium
893 1687 1176 1742 invitavit.

1950 544 2064 583 non
2099 528 2270 584 modo
2303 545 2418 583 non
2449 528 2668 600 copiosi
2701 528 2929 597 divites,
2956 530 3057 586 sed
3088 529 3263 586 etiam
3295 530 3500 603 inopes
3527 548 3593 588 ac

1952 633 2236 689 pauperes
2268 617 2640 673 existimandi
2673 624 2832 674 sunt.
2866 618 2984 675 Soli
3007 619 3162 675 enim
3191 623 3332 675 sunt
3361 619 3592 688 divites,

1952 710 2009 761 et
2041 705 2368 761 fructuosas
2389 723 2455 762 ac
2477 708 2865 780 sempiternas
2887 710 3189 781 possident
3210 726 3321 778 res,
3347 710 3447 782 qui
3471 709 3596 766 suis

1954 795 2129 850 rebus
2147 797 2423 862 contenti,
2449 797 2593 852 satis
2615 813 2742 853 esse
2765 802 2993 870 putant,
3014 800 3167 870 quod
3191 804 3298 855 est.
3318 800 3442 855 Non
3469 815 3597 855 esse

1955 884 2397 957 cupidum,vera
2421 887 2670 958 pecunia
2691 892 2809 954 est;
2834 904 2948 943 non
2971 905 3100 944 esse
3123 905 3403 958 emacem,
3429 888 3599 944 vecti-

1955 972 2050 1047 gal
2081 978 2186 1029 est.
2225 975 2532 1030 Fateamur
2560 975 2775 1048 itaque,
2803 981 2932 1032 uter
2959 982 3048 1033 est
3073 978 3265 1044 ditior,
3299 979 3392 1034 oui
3414 978 3595 1043 deest,

1957 1080 2029 1118 an
2062 1063 2154 1118 cui
2179 1063 2456 1135 superat?
2477 1063 2577 1136 qui
2601 1069 2749 1136 eget,
2775 1082 2848 1120 an
2871 1066 2971 1137 qui
2998 1065 3337 1122 habundat‘?
3357 1066 3448 1122 cui
3473 1082 3597 1137 pos-

1960 1152 2140 1208 sessio
2170 1169 2284 1225 quo
2315 1158 2404 1209 est
2432 1156 2638 1225 major,
2673 1170 2740 1209 eo
2773 1154 2905 1227 plus
2938 1155 3185 1227 requirit
3232 1157 3301 1211 ad
3338 1173 3401 1210 se
3431 1160 3602 1210 tuen-

1960 1241 2116 1308 dam,
2150 1259 2222 1296 an
2249 1241 2348 1315 qui
2379 1259 2443 1298 se
2471 1243 2598 1298 suis
2643 1243 2867 1299 viribus
2915 1243 3165 1299 sustinet
3185 1246 3212 1298 ‘2
3256 1248 3602 1300 Contentum

1961 1331 2175 1386 etenim
2209 1332 2331 1387 suis
2360 1333 2555 1399 rebus,
2587 1333 2838 1388 maxime
2865 1337 3006 1388 sunt
3028 1332 3487 1406 certissimisque
3518 1334 3604 1389 di-

1962 1419 2133 1474 viiiae.
2155 1424 2369 1475 Verum
2394 1421 2464 1475 de
2483 1421 2591 1476 hoc
2605 1421 2748 1476 satis
2764 1438 2921 1477 nunc
2943 1420 3163 1477 dictum
3184 1439 3312 1478 esse
3329 1423 3603 1480 sufﬁciat.

1964 1509 2050 1564 Ad
2083 1509 2491 1580 Berengarium
2541 1509 2658 1564 stili
2689 1510 2937 1565 intentio
2964 1511 3178 1578 redeat,
3213 1513 3382 1583 cujus
3416 1512 3474 1567 in
3506 1514 3607 1568 ad-

1965 1601 2204 1654 ventum
2263 1614 2504 1654 aureum
2564 1615 2769 1654 omnes
2817 1598 3094 1654 saeculum
3167 1601 3609 1672 promittebant,

1967 1691 2024 1742 et
2055 1686 2265 1757 felicia,
2299 1703 2428 1758 quae
2471 1685 2649 1744 talem
2681 1687 3026 1756 extulerant,
3057 1692 3321 1764 tempora
3351 1689 3613 1748 clamita-

280 1781 371 1832 27.
404 1779 584 1833 Fama
611 1776 810 1849 igitur,
841 1778 1054 1831 malum
1082 1791 1184 1851 quo
1388 1776 1631 1875 fvelotz'us
1682 1776 1860 1829 ullum
1890 1810 1938 1875 Β
1969 1777 2128 1830 bant.

208 1867 520 1922 mobilitate
542 1867 688 1934 viget
736 1866 904 1936 (136),
963 1863 1294 1937 Berengarii
1334 1863 1646 1918 adventum
1682 1879 1860 1934 quam

211 1953 632 2012 moxomnibus
650 1952 958 2008 nuntiavit.
976 1953 1401 2024 Cmperuntque
1422 1968 1555 2008 mox
1571 1951 1860 2018 nonnulli,

213 2046 457 2117 Hugone
485 2044 735 2108 deserto,
761 2041 1107 2113 Berengario
1139 2040 1435 2096 adherere.
1461 2041 1679 2096 Horum
1703 2041 1859 2110 Milo,

211 2136 542 2209 przepotens
570 2131 995 2187 Veronensium
1021 2146 1234 2198 comes,
1269 2130 1457 2184 extitit
1482 2131 1730 2202 primus,
1760 2131 1864 2202 qui

217 2225 364 2280 dum
397 2221 624 2294 Hugoni
658 2225 988 2292 suspectus,
1023 2219 1306 2292 appositis
1337 2219 1487 2274 clam
1520 2215 1865 2276 custodibus

218 2317 570 2379 servaretur,
601 2309 913 2367 simulatus
938 2325 1000 2365 se
1032 2327 1149 2364 non
1189 2308 1524 2381 intellegere
1564 2310 1864 2380 custodiri,

220 2404 405 2459 ferme
435 2418 636 2457 cenam
697 2416 884 2471 usque
932 2399 1005 2453 ad
1038 2398 1225 2453 noctis
1260 2398 1538 2469 pertraxit
1569 2399 1825 2456 medium
1853 2419 1866 2468 ;

220 2508 476 2564 cumque
507 2507 711 2546 omnes
744 2495 861 2544 tam
895 2505 1100 2543 somno
1133 2504 1308 2559 quam
1343 2487 1453 2542 lico
1484 2489 1631 2560 (137)
1665 2491 1870 2562 adgra-

221 2580 361 2637 valii
390 2597 629 2653 corpora
677 2578 855 2651 quieti
911 2578 1207 2634 traderent
1227 2578 1314 2646 ³96,
1369 2577 1490 2632 solo
1522 2595 1582 2633 se
1612 2578 1711 2650 qui
1744 2579 1873 2648 ejus

226 2674 558 2743 portaverat
585 2667 880 2740 clippeum
929 2667 1262 2730 comitante,
1295 2666 1586 2722 Veronam
1617 2668 1875 2739 percitus

219 2758 407 2825 venit,
465 2758 815 2828 directisque
875 2755 1098 2811 nuntiis
1167 2756 1579 2828 Berengarium
1630 2757 1873 2826 excivit;

229 2865 408 2922 quem
441 2851 497 2902 et
527 2847 588 2902 in
616 2846 865 2914 Verona,
898 2863 1012 2917 quo
1042 2845 1270 2917 Hugoni
1304 2845 1531 2901 firmius
1562 2844 1876 2916 resisteret,

227 2936 509 3010 suscepit.
543 2936 694 2991 Sane
752 2933 913 2989 nulla
955 2935 1110 2989 hunc
1142 2932 1454 2991 inﬁdelitas
1512 2935 1583 2990 ab
1636 2934 1878 3008 Hugone

225 3027 448 3095 divisit,
478 3041 680 3082 verum
700 3023 860 3078 illata
891 3023 1003 3079 sibi
1027 3023 1097 3077 ab
1117 3023 1318 3078 eodem
1347 3023 1630 3080 nonnulla
1662 3024 1879 3079 incom-

229 3115 429 3184 moda,
453 3131 578 3186 quas
602 3113 729 3184 jam
760 3112 861 3166 diu
883 3110 1172 3167 sustinere
1194 3128 1308 3166 non
1331 3113 1540 3183 potuit.
1567 3113 1874 3185 Prosequi-

2040 1867 2130 1919 28.
2152 1865 2229 1919 Eo
2247 1865 2443 1936 itaque
2467 1866 2800 1922 Mediolanii
2824 1869 3066 1942 degente
3089 1886 3154 1926 ac
3178 1870 3409 1928 Italicas
3431 1871 3619 1945 digni-

1969 1956 2119 2009 tates
2141 1953 2252 2009 sibi
2267 1954 2684 2010 adherentibus
2707 1956 3106 2029 dispensante,
3128 1976 3225 2014 rex
3238 1959 3402 2032 Hugo
3415 1961 3620 2016 Letha-

1971 2043 2149 2109 rium,
2180 2042 2365 2098 ﬁlium
2385 2060 2583 2110 suum,
2612 2061 2724 2100 non
2749 2045 2819 2100 ad
2853 2047 3184 2119 Berengarii
3207 2049 3398 2104 solum
3416 2065 3616 2105 verum

1974 2131 2043 2186 ad
2070 2131 2248 2187 totius
2271 2132 2465 2204 populi
2491 2135 2862 2206 praesentiam
2890 2136 3108 2207 dirigit,
3140 2141 3363 2208 petens,
3398 2139 3538 2214 quia
3559 2156 3622 2195 se

1975 2221 2060 2276 eis
2091 2238 2207 2276 non
2240 2221 2596 2293 morigerum
2628 2224 2922 2292 abdicant,
2957 2225 3143 2282 ﬁlium
3166 2227 3372 2283 saltem
3399 2227 3494 2282 Dei
3517 2245 3620 2300 pro

1977 2326 2195 2375 amore,
2230 2311 2328 2381 qui
2364 2310 2443 2364 nil
2475 2311 2531 2365 in
2565 2329 2664 2367 eos
2696 2313 3021 2384 deliquerat
3049 2315 3137 2382 θοι,
3172 2315 3518 2387 suscipiant,
3554 2331 3621 2370 ac

1977 2397 2376 2453 voluntatibus
2405 2417 2607 2454 eorum
2639 2401 2997 2473 morigerum
3038 2402 3300 2458 reddant.
3354 2403 3624 2459 Lothario

1982 2487 2232 2558 denique
2260 2486 2677 2542 Mediolanium
2699 2493 2948 2560 petente,
2973 2507 3069 2545 rex
3083 2491 3246 2563 Hugo
3266 2491 3443 2563 Papia
3468 2491 3626 2546 omni

1983 2591 2117 2630 cum
2152 2575 2395 2646 pecunia
2425 2592 2717 2648 egressus,
2772 2577 2993 2633 Italiam
3044 2579 3309 2636 deserere
3356 2583 3529 2652 atque
3565 2580 3626 2635 in

1985 2664 2386 2735 Burgundiam
2417 2666 2484 2700 ⁴⁰²
2515 2666 2597 2720 ire
2630 2666 3038 2739 cogitavit.Sed
3071 2685 3196 2724 eres
3226 2686 3360 2725 eum
3392 2669 3506 2725 ista
3536 2686 3629 2727 re-

1986 2752 2180 2822 tinuit,
2205 2753 2485 2824 quoniam
2517 2755 2660 2810 dum
2684 2755 3086 2812 misericordia
3117 2757 3404 2826 inclinati,
3429 2759 3633 2815 Letha-

1987 2841 2137 2896 rium
2159 2842 2217 2896 in
2240 2842 2483 2898 ecclesia
2494 2843 2796 2900 beatorum
2819 2845 3169 2902 confessoris
3186 2847 3634 2903 etmartirumt"8

1985 2931 2299 3002 Ambrosii,
2313 2932 2568 2988 Gervasii
2591 2938 2647 2988 et
2668 2932 2932 3002 Protasii,
2957 2938 3087 2990 ante
3113 2951 3343 2991 crucem
3377 2941 3632 3010 prostra-

1987 3023 2113 3074 tum
2145 3021 2452 3092 erigerent,
2487 3038 2799 3095 regemque
2838 3023 2950 3078 sibi
2982 3026 3420 3093 constituerent,
3454 3043 3632 3100 quam

1989 3124 2124 3163 mox
2156 3113 2288 3181 post
2314 3110 2617 3182 Hugonem
2641 3111 2905 3184 dirigunt
2933 3114 3228 3185 nuntium,
3259 3132 3433 3187 quem
3457 3133 3520 3171 se
3538 3116 3638 3171 ite~

230 3211 334 3260 tur
363 3177 519 3258 hunc
537 3201 732 3266 Wido,
757 3199 1104 3256 Mutinensis
1135 3202 1200 3235 397
1231 3200 1466 3257 aeclesiaa
1498 3203 1730 3274 prmsul,
1763 3220 1876 3258 non
1910 3177 1953 3248 (ἶ
1991 3215 2122 3252 rum
2155 3215 2332 3270 super
2360 3216 2458 3255 eos
2491 3205 2870 3272 regnaturum
2914 3203 3279 3273 promittunt.
3317 3205 3433 3260 Hoc
3464 3203 3636 3276 plane

229 3293 454 3365 injuria
482 3291 813 3358 lacessitus,
846 3291 944 3346 sed
978 3289 1235 3345 maxima
1256 3289 1356 3345 illa
1379 3291 1615 3346 abbatia
1642 3293 1880 3347 Nonan—

235 3381 383 3450 tula,
414 3397 592 3452 quam
624 3385 681 3435 et
711 3383 851 3434 tunc
869 3378 1204 3450 adquisivit,
1232 3379 1548 3434 animatus.
1569 3381 1674 3446 Qui
1698 3381 1887 3453 Hugo-

235 3486 375 3526 nem
406 3468 597 3524 solum
630 3485 744 3524 non
784 3467 1060 3534 deseruit,
1093 3483 1294 3522 verum
1349 3467 1523 3522 etiam
1565 3468 1884 3524 multorum

233 3558 682 3614 multitudinem
707 3556 862 3611 tulit.
890 3555 1050 3619 Quod
1083 3556 1247 3628 Hugo
1279 3559 1344 3609 ut
1373 3556 1609 3622 audivit,
1645 3573 1887 3630 congre-

230 3647 392 3722 gatis
413 3646 594 3720 copiis
611 3646 681 3702 ad
701 3646 829 3717 ejus
851 3648 1111 3700 castrum
1132 3643 1433 3700 Vinoleam
1453 3645 1520 3680 39°
1544 3645 1587 3716 (i
1599 3647 1686 3708 38)
1709 3645 1885 3713 venit,

232 3739 415 3809 idque
434 3736 676 3792 viriliter
699 3735 798 3790 sed
822 3732 1111 3789 inutiliter
1132 3734 1512 3806 oppugnavit;
1530 3735 1682 3806 quod
1709 3751 1886 3806 quam

233 3824 521 3883 mendatii
547 3824 804 3880 alienum
826 3821 1221 3891 sit,sententia
1239 3822 1607 3894 subsequens
1628 3823 1886 3880 declara-

229 3916 344 3972 bit.
375 3915 521 3970 Nam
553 3914 694 3968 dum
727 3913 931 3968 eodem
973 3913 1226 3984 degeret,
1261 3912 1646 3984 Berengarius
1679 3913 1750 3968 ab
1781 3916 1886 3968 Ar-

229 4004 430 4060 derico
461 4002 900 4074 archiepiscopo
932 4000 1175 4069 accitus,
1208 4000 1496 4055 Veronam
1522 4002 1797 4070 deseruit,
1822 4019 1888 4058 ac

230 4090 657 4150 Mediolanium
687 4090 951 4146 concitus
982 4089 1158 4144 venit.
1195 4089 1316 4152 Quo
1349 4089 1568 4157 audito,
1594 4107 1692 4145 rex
1721 4092 1886 4161 Hugo

231 4182 478 4254 Papiam
508 4179 695 4236 tristis
737 4179 989 4235 advenit.
1050 4181 1357 4250 Cmperunt
1412 4179 1634 4235 interea
1681 4197 1886 4236 omnes

233 4269 417 4328 Italiae
449 4269 732 4342 primates
749 4268 943 4323 omine
975 4284 1090 4323 non
1115 4268 1265 4322 bono
1289 4267 1593 4339 Hugonem
1619 4269 1885 4323 deserere

227 4365 292 4417 et
323 4358 515 4432 egenti
545 4355 890 4430 Berengario
915 4356 1210 4411 adherere.
1235 4357 1512 4427 Egentem
1537 4360 1886 4424 autem,non

228 4448 415 4506 nichil
427 4445 872 4520 possidentem“
885 4444 1103 4516 39),sed
1124 4443 1212 4498 cui
1233 4460 1553 4515 numquam
1570 4444 1885 4516 quicquam

1993 3286 2323 3354 consilium,
2374 3287 2491 3343 imo
2541 3289 2961 3360 deceptionem,
2994 3308 3110 3346 non
3143 3309 3367 3361 omnes,
3403 3293 3504 3349 sed
3531 3293 3636 3348 Be-

1993 3375 2220 3448 rcngari
2232 3380 2392 3442 us,ut
2413 3381 2534 3431 erat
2550 3375 2865 3433 Calliditate
2881 3379 3637 3451 sutl‘arcinatus,adinvenit,

1996 3481 2111 3519 non
2134 3480 2248 3535 quo
2270 3464 2378 3520 hos
2394 3481 2637 3537 regnare
2654 3466 3005 3538 disponeret,
3030 3469 3154 3535 sed,
3175 3473 3240 3524 ut
3253 3472 3385 3540 post
3405 3467 3637 3536 claruit,

1995 3569 2067 3607 ne
2094 3552 2258 3623 Hugo
2287 3551 2630 3620 discederet,
2663 3558 2839 3626 atque
2869 3555 3158 3612 immensa
3185 3573 3363 3628 quam
3389 3556 3643 3613 habebat

1995 3641 2244 3712 pecunia
2275 3642 2758 3714 Burgundionum
2781 3647 2883 3698 aut
2907 3642 3154 3700 alia-rum
3180 3644 3445 3718 gentium
3467 3661 3646 3720 super

1997 3746 2060 3785 se
2085 3729 2332 3802 populos
2363 3730 2652 3787 invitaret.

2066 3820 2156 3875 29.
2203 3820 2320 3875 Hoc
2371 3820 2430 3875 in
2476 3824 2738 3893 tempore
2785 3822 3001 3896 Joseph
3052 3825 3314 3896 quidam,
3377 3824 3642 3884 moribus

1997 3925 2192 3976 senex,
2226 3908 2431 3965 diebus
2476 3911 2726 3979 juvenis,
2779 3912 3062 3970 Brixianze
3091 3913 3342 3971 civitatis
3387 3914 3648 3972 clarabat

1997 3999 2327 4070 episc0pus.
2352 4001 2532 4064 Quem
2559 4001 2959 4074 Berengarius,
2984 4006 3048 4058 ut
3077 4008 3199 4058 erat
3225 4003 3318 4059 Dei
3349 4005 3645 4061 timens‘“

1995 4088 2158 4157 (cod.,
2209 4088 2522 4161 yronicos),
2578 4091 2651 4145 ob
2682 4109 2915 4148 morum
2966 4093 3315 4165 probitatem
3347 4093 3640 4168 episcopio

1997 4177 2317 4249 privavit,ej
2331 4196 2396 4233 us
2420 4179 2546 4236 loco
2577 4181 2917 4250 Antonium,
2943 4183 3042 4254 qui
3066 4199 3221 4239 nunc
3254 4199 3442 4254 usque
3467 4198 3639 4256 supe-

1999 4269 2134 4333 rest,
2162 4265 2322 4321 nullo
2353 4267 2599 4324 concilio
2629 4269 2850 4338 habito,
2887 4270 3049 4325 nulla
3069 4271 3473 4342 episcoporum
3497 4269 3642 4324 deli-

1997 4354 2314 4422 beratione,
2335 4356 2654 4414 constituit.
2672 4359 2784 4413 Sed
2801 4364 2860 4414 et
2884 4359 3083 4414 Cumis
3107 4364 3246 4413 tunc
3268 4374 3381 4413 non
3402 4357 3640 4413 Adelar-

1998 4443 2161 4510 dum,
2194 4448 2260 4498 ut
2281 4445 2601 4515 juraverat,
2633 4462 2834 4502 verum
2867 4447 2940 4502 ob
2972 4445 3421 4502 Mediolanensis
3450 4445 3640 4501 archi-

223 4537 384 4599 satis
405 4541 516 4608 est,
549 4536 660 4594 aio.
687 4534 975 4603 Quoniam
998 4531 1251 4605 improbi
1279 4537 1337 4588 et
1357 4533 1534 4603 avari,
1568 4533 1669 4604 qui
1699 4533 1883 4590 incer-
1910 4546 1961 4614 Β
1997 4531 2254 4605 episcopi
2287 4549 2546 4588 amorem
2595 4533 2941 4589 Waldonem
2969 4534 3262 4605 quendam
3301 4532 3640 4606 episcopum

219 4635 321 4686 tas
349 4631 525 4700 atque
555 4625 617 4682 in
647 4641 787 4682 casu
838 4623 1063 4696 positas
1107 4621 1509 4693 possessiones
1541 4620 1778 4690 habent,
1826 4626 1883 4677 et

219 4717 368 4792 plus
395 4731 627 4788 semper
654 4715 958 4787 appetunt,
993 4727 1098 4767 nec
1126 4726 1328 4767 eorum
1360 4709 1676 4782 quisquam
1698 4711 1766 4748 39°
1788 4711 1886 4766 ad-

1991 4621 2299 4678 ordinavit.
2316 4621 2477 4685 Quod
2500 4639 2677 4694 quam
2692 4623 2838 4679 heue
2853 4622 3068 4690 fecerit,
3089 4621 3458 4678 subditorum
3473 4623 3644 4695 depo-

1992 4709 2236 4785 palatio,
2295 4711 2505 4766 vitium
2579 4711 2808 4781 incisio,
2884 4711 3158 4767 arborum
3239 4711 3639 4784 decorticacio,

1592 4870 1836 4930 VARIZE
1891 4870 2282 4929 LECTIONES

292 4995 366 5032 ³9⁸
397 5009 477 5059 m,
509 4991 804 5052 inﬂectere
834 4986 1094 5061 potueris
1117 4983 1288 5061 illum
1309 4985 1369 5061 in
1394 4985 1733 5061 cathedram
1765 5004 2073 5060 promoveo
2097 4985 2427 5061 Mediolanii
2446 4986 2982 5061 archiepiscopatus
3005 4990 3041 5043 5
3061 5005 3113 5044 a.
3192 4989 3260 5025 3”
3283 5006 3563 5046 mannase
3585 4991 3637 5047 t.

216 5069 292 5104 ³⁸³⁸
324 5065 686 5122 tradererent
714 5061 764 5117 4.

891 5057 1358 5132 fmutiniensil.
1398 5058 1502 5132 “393
1534 5057 1784 5126 neolam,
1835 5077 2005 5116 manu
2049 5057 2419 5132 2vineolam
2454 5058 2503 5113 Ι.
2581 5057 2895 5132 επεβίιξι.
2974 5061 3042 5097 ⁴⁰⁰
3073 5078 3123 5114 a~.
3175 5061 3288 5116 sibi
3337 5061 3640 5132 sufﬁciens

216 5141 262 5195 i.
290 5141 386 5193 5a.
412 5207 415 5208 ν
464 5135 528 5170 ⁴⁰¹
559 5133 888 5208 deliquerat
915 5130 969 5208 ᾧ.
1046 5130 1112 5165 ⁶⁰²
1155 5128 1561 5208 bregpndiam.
1598 5132 1673 5208 l._
1717 5133 1793 5208 f9?
1824 5148 1971 5208 mar.
2048 5131 2116 5165 ⁴⁰⁸
2145 5130 2473 5208 deitimens
2511 5133 2563 5184 et
2622 5128 2714 5185 in‘
2741 5128 2994 5208 margine
3114 5133 3383 5208 Xronicos
3413 5130 3471 5189 4.
3498 5135 3640 5208 quod

219 5213 261 5267 2
293 5212 374 5266 ita
404 5207 566 5278 legit:
599 5202 1038 5277 dei‘tiyronicos
1069 5216 1256 5268 mens,
1287 5203 1323 5256 5
1343 5217 1396 5256 a.
1427 5205 1614 5257 autem
1641 5202 1733 5257 dei
1755 5203 2110 5258 tironicosus
2142 5218 2328 5258 mens.
2364 5231 2432 5242 —-
2462 5205 2744 5274 tyrannus
2773 5202 3084 5268 vehemens
3110 5202 3146 5258 5
3167 5205 3250 5274 δ’,

1816 5353 2050 5414 NOTIE.

326 5458 454 5525 436)
477 5454 638 5528 Virg.
671 5455 799 5528 Ᾰξη.
833 5468 912 5528 1v,
943 5449 1068 5519 47h,
1103 5449 1227 5504 475.

330 5523 1028 5604 Ψῗ).ῙέΪῶ⁰ζΒθ’θθῂ⁰⁶ἢ
1341 5592 1395 5604 ..
1515 5595 1525 5604 .
1758 5595 1822 5604 ..

305 5592 456 5672 (438)
479 5592 741 5670 Vi'gno'la.
780 5610 958 5668 prope
989 5593 1304 5658 Panarum,
1341 5592 1882 5667 Muratoriifpatria.

2065 5452 2214 5529 (139)
2245 5451 2378 5529 Quze
2409 5455 2740 5529 sequuntur
2763 5470 2952 5529 usque
2970 5459 3098 5512 sunt
3119 5457 3542 5529 certissimaeque
3561 5453 3641 5509 di-

1995 5525 2170 5588 vitia,
2203 5523 2276 5578 ad
2331 5523 2572 5581 verbum
2630 5525 2746 5584 fere
2777 5523 2873 5588 ex'
2893 5527 3165 5596 Cicerone
3202 5530 3327 5593 Par.
3359 5523 3523 5598 v1,'3,
3548 5542 3642 5586 ex~

1999 5596 2218 5651 scripta
2248 5599 2405 5650 sunt.

1999 5610 2218 5668 scripta
2248 5610 2405 5650 sunt.
