4030 6184
158 287 279 352 897

1145 286 1249 352 BE
1294 286 1548 355 REB‘US
1590 286 1868 356 GESTIS
1914 288 2249 356 OTTONIS
2293 292 2378 357 Μ.
2420 289 2588 359 IMP.

158 419 614 494 remansit,quia
643 420 725 476 ita
755 434 818 478 se
840 420 1140 495 aequaliter
1158 422 1520 495 ponderavit,
1545 427 1610 479 ut
1638 428 1697 481 et
1724 423 1813 481 lu-
1843 426 1899 492 Α
1926 424 2260 498 vigentibus
2288 430 2500 498 praeest
2518 425 2766 482 alieni-li
2786 424 2984 498 itaque
3001 425 3135 499 pari
3152 428 3572 499 tiu-eranum

160 509 305 567 serit
319 526 385 566 ac
403 526 587 566 sanus
603 509 1075 579 descenderit,ita
1091 527 1184 566 me
1204 511 1507 584 stupidum
1540 512 1811 579 reddidit,

159 603 230 656 ut
287 599 487 672 ipsum
539 597 715 655 etiam
751 599 1163 673 imperatorem
1196 617 1327 657 mea
1356 601 1665 659 admiratio
1698 619 1814 658 non

154 687 385 745 lateret.
447 686 612 744 Unde
669 692 725 744 et
771 689 1049 745 accersito
1105 689 1439 762 interprete,
1479 690 1620 763 quid
1669 690 1815 746 mihi

159 776 497 834 mirabilius
525 776 843 847 videretur,
875 783 964 834 est
992 779 1325 836 sciscitatus
1361 796 1374 834 :
1410 796 1578 852 puer,
1612 780 1710 853 qui
1754 796 1815 837 se

158 866 308 924 adeo
340 866 635 923 moderate
667 870 906 922 rexerat.
940 871 1007 923 ut
1036 867 1335 924 immobile
1364 868 1587 941 lignum
1637 873 1811 938 esset,

161 972 240 1012 an
271 956 344 1024 is,
378 955 478 1029 qui
510 956 567 1011 id
600 955 660 1010 in
690 955 878 1012 fronte
910 959 1027 1012 tam
1069 960 1480 1030 argumentose
1524 962 1812 1025 tenuerat,

160 1048 232 1100 ut
257 1060 573 1117 puerorum
605 1060 707 1101 nec
739 1046 969 1117 pondus
999 1062 1186 1118 neque
1205 1046 1383 1102 ludus
1404 1045 1492 1103 vel
1517 1047 1814 1103 modicum

162 1133 442 1189 ﬂecteret.
474 1133 738 1205 Cumque
776 1149 869 1189 me
917 1135 1204 1208 ignorare,
1255 1135 1397 1207 quid
1448 1135 1594 1191 mihi
1643 1135 1813 1192 thau-

164 1225 552 1289 mastoteron,
585 1221 643 1277 id
675 1226 764 1279 est
790 1222 1140 1293 mirabilius,
1170 1224 1483 1292 videretur,
1507 1224 1811 1293 edicerem,

164 1327 383 1384 magno
414 1310 655 1368 inﬂatus
684 1311 990 1381 cachinno,
1025 1329 1086 1369 se
1115 1312 1387 1370 similiter
1416 1329 1605 1385 neque
1644 1315 1813 1383 scire,

166 1400 492 1473 respondit.

243 1490 335 1550 10.
365 1489 477 1546 Sed
509 1506 697 1563 neque
736 1489 848 1547 hoc
897 1490 1129 1548 silentio
1176 1491 1645 1564 prmiereundum
1693 1508 1821 1548 esse

168 1578 444 1646 arbitror,
478 1578 618 1652 quid
653 1580 783 1635 novi
817 1580 1071 1652 mirique
1096 1580 1254 1636 aliud
1286 1582 1488 1637 eodem
1522 1597 1823 1653 perspexe-

164 1664 303 1720 rim.
336 1664 400 1721 In
433 1682 502 1722 ea
531 1683 656 1739 quae
686 1672 819 1724 ante
848 1667 1228 1741 vaiophoron,
1261 1669 1417 1740 quod
1450 1686 1555 1724 nos
1599 1668 1821 1740 palma-

162 1770 301 1809 rum
321 1771 516 1812 ramos
538 1755 1287 1823 dicimus,ebdomada,tam
1310 1756 1600 1812 militibus
1621 1774 1823 1828 quam-

166 1859 283 1915 que
312 1842 450 1899 etin
474 1843 722 1900 diversis
745 1844 1075 1901 constitutis
1093 1844 1301 1900 ofﬁciis
1325 1833 1817 1899 numismatoru'm

164 1948 480 1989 aureorum
526 1932 941 2005 erogationem,
998 1937 1172 2005 prout
1226 1933 1513 2004 cujusque
1566 1936 1824 1988 meretur

167 2020 456 2092 officium,
489 2021 809 2094 imperator
838 2021 993 2077 facit.
1026 2021 1130 2077 Cui
1175 2020 1498 2092 erogationi
1548 2020 1688 2092 quia
1730 2037 1822 2076 me

166 2110 456 2167 interesse
483 2109 684 2176 voluit,
720 2110 915 2166 venire
948 2110 1237 2183 praecepit.
1290 2110 1422 2165 Fuit
1470 2113 1665 2165 autem
1711 2109 1820 2165 bu-

154 2199 451 2271 jusmodi.
484 2200 622 2256 Erat
651 2199 917 2273 apposita
952 2200 1017 2254 l0
1060 2198 1389 2255 cubitorum
1439 2198 1823 2271 longitudinis

167 2306 241 2345 ac
272 2292 546 2362 quattuor
572 2288 904 2346 latitudinis
932 2305 1156 2356 mensa,
1192 2305 1318 2361 qua:
1351 2287 1714 2344 numismata
1740 2286 1823 2343 lo-

171 2377 326 2435 culis
355 2377 647 2452 colligata,
688 2381 864 2451 prout
912 2377 1123 2450 cuique
1176 2376 1516 2443 debebatur,
1563 2376 1826 2433 numeris

169 2467 534 2525 extrinsecus
559 2467 619 2523 in
651 2466 863 2525 locutis
894 2467 1149 2540 scriptis,
1182 2466 1488 2522 retinebat.
1542 2465 1830 2539 Ingredie-

172 2557 394 2613 bantur
423 2556 678 2629 denique
700 2560 831 2613 ante
854 2557 1286 2630 imperatorem,
1314 2572 1427 2611 non
1452 2554 1828 2622 confuse,sed

177 2645 517 2714 ordinatim,
552 2646 879 2703 secundum
908 2645 1172 2702 vocantis
1202 2662 1423 2713 vocem,
1458 2644 1557 2716 qui
1615 2642 1833 2714 scripta

175 2734 439 2792 virorum
462 2736 784 2792 secundum
808 2734 984 2791 ofﬁcii
1003 2733 1349 2808 dignitatem
1370 2732 1611 2790 nomina
1632 2732 1835 2788 recita-

178 2825 304 2881 bat.
337 2827 593 2892 Qubrum
627 2823 792 2897 prius
819 2828 1057 2880 vocatus
1096 2827 1185 2881 est
1233 2826 1421 2878 rector
1471 2823 1704 2890 domus,
1742 2820 1833 2876 cui

182 2931 305 2970 non
335 2914 394 2970 in
426 2914 724 2984 manibus,
757 2914 859 2969 sed
889 2912 947 2968 in
993 2912 1257 2969 humeris
1306 2910 1493 2985 posita
1542 2913 1683 2967 sunt
1726 2927 1834 2965 nu-

1921 513 2180 587 dignitas
2202 532 2308 587 par
2329 515 2841 582 erat,numismata
2860 519 2918 571 et
2934 515 3567 588 scaramangas-sﬁsci-

1920 603 2168 675 pientes,
2190 620 2304 675 prie
2327 602 2702 661 multitudine
2730 620 2844 659 non
2866 603 2992 674 jam
3017 602 3073 659 in
3097 603 3363 659 humeris
3380 607 3573 676 poda-

1920 695 2149 760 verunt,
2184 693 2285 748 sed
2316 692 2729 765 adjuvantibus
2754 691 2886 748 aliis
2916 697 3048 765 post
3082 709 3149 749 se
3195 708 3328 748 cum
3373 691 3571 750 labore

1920 784 2243 837 traxerunt.
2279 782 2417 837 POst
2476 781 2581 838 hos
2640 781 2886 838 admissi
2943 785 3083 838 sunt
3130 781 3399 854 magistri
3458 799 3571 840 uu-

1922 886 2082 926 mero
2110 870 2200 936 2i,
2233 870 2450 942 quibus
2482 875 2727 943 erogata;
2758 874 2897 927 sunt
2939 871 3435 927 numismatorum
3464 886 3569 927 au-

1921 975 2152 1015 reorum
2184 958 2705 1031 librze,unicuique
2734 960 3057 1016 secundum
3090 959 3341 1017 eundem
3360 975 3573 1017 nume-

1920 1065 2055 1103 rum
2104 1049 2173 1103 24
2232 1064 2368 1103 cum
2425 1047 2827 1120 scaramangis
2883 1048 3132 1104 duabus.
3192 1048 3570 1106 Patriciorum

1922 1137 2132 1193 deinde
2163 1137 2303 1193 ordo
2336 1136 2444 1193 hoc
2490 1153 2637 1210 pone
2686 1140 2777 1193 est
2830 1142 3090 1202 secutus,
3150 1142 3208 1193 et
3250 1138 3571 1194 duodecim

1926 1226 2417 1282 numismatorum
2430 1225 2595 1282 libris
2607 1243 2741 1281 cum
2756 1226 3161 1298 scaramangia
3172 1244 3289 1282 una
3299 1227 3570 1283 donatus.

1928 1314 2034 1379 Qui
2065 1315 2215 1370 sicut
2245 1332 2349 1370 nec
2380 1314 2781 1386 patriciorum,
2819 1315 2904 1370 ita
2954 1331 3057 1370 nec
3104 1312 3411 1383 librarum,
3455 1315 3573 1371 nisi

1927 1402 2082 1474 quod
2117 1403 2432 1474 unicuique
2461 1403 3051 1471 dabatur,numerum
3073 1403 3422 1460 scio/Puri):
3444 1407 3578 1476 post

1927 1491 2050 1546 haec
2082 1491 2351 1547 inmensa
2381 1494 2638 1558 vocatur,
2667 1490 3313 1563 protospathariorium,
3345 1492 3576 1564 spathah

1930 1580 2445 1636 rocandidatorum
2477 1582 2563 1648 5",
2616 1580 3019 1648 kitonitarum,
3064 1578 3577 1653 manglavitarum,

1932 1673 2465 1740 protocaravorum,
2510 1686 2761 1741 quorum
2804 1668 2844 1726 7
2893 1669 3064 1739 alius,
3092 1670 3151 1739 6,
3180 1670 3235 1738 5,
3267 1670 3321 1737 4,
3350 1670 3404 1737 3,
3436 1671 3491 1738 2,
3527 1670 3577 1738 1.,

1930 1758 2253 1813 secundum
2289 1757 2591 1830 dignitatis
2614 1758 2851 1813 modum
2875 1760 3180 1830 accepant
3194 1757 3367 1814 alius.
3383 1758 3582 1830 Neque

1929 1847 2087 1902 enim
2118 1846 2227 1900 hoc
2261 1850 2316 1901 te
2347 1863 2462 1900 una
2484 1846 2853 1917 patratum‘”
2865 1846 3107 1902 essedis
3133 1846 3468 1903 existimare
3484 1862 3580 1902 ve-

1928 1933 2055 1989 lim.
2090 1938 2328 2006 Ceptum
2362 1934 2579 2005 quippe
2611 1934 2815 2006 quinta
2845 1933 2989 1990 feria
3036 1935 3111 1990 ab
3168 1935 3315 1991 hora
3369 1935 3483 1992 diei
3512 1936 3584 1972 ⁷⁴²⁶

1930 2022 2121 2094 prima
2150 2039 2337 2094 usque
2368 2022 2426 2077 in
2457 2021 2662 2077 horam
2692 2026 2962 2094 quartam
2986 2023 3243 2083 "7.sexta
3259 2023 3584 2097 et'septima

1932 2110 2073 2166 feria
2104 2116 2196 2166 est
2226 2110 2297 2166 ab
2332 2110 2683 2182 imperatore
2723 2110 2975 2166 finitum.
3002 2111 3112 2167 illis
3168 2128 3427 2185 namque
3483 2111 3584 2185 qui

1932 2200 2131 2255 minus
2144 2216 2321 2272 quam
2345 2198 2557 2255 libram
2586 2199 3022 2272 accipiunt,non
3036 2201 3161 2272 jam
3174 2200 3582 2274 imperator“,

1932 2289 2035 2345 sed
2062 2289 2558 2360 parakinumonos
2580 2288 2641 2343 in
2673 2305 2742 2344 ea
2771 2306 2898 2360 quae
2932 2294 3064 2345 ante
3094 2290 3314 2362 pascha
3340 2294 3433 2346 est
3462 2295 3586 2347 tota

1935 2378 2262 2434 ebdomada
2289 2377 2515 2432 tribuit.
2546 2377 2829 2432 Adstante
2860 2378 3058 2449 itaque
3089 2394 3204 2447 me,
3237 2382 3457 2434 etcum
3490 2378 3588 2434 ad-

1940 2466 2247 2521 miratione
2275 2482 2396 2521 rem
2429 2465 2857 2529 consideranto,
2891 2482 2995 2537 per
3036 2464 3414 2538 logothetam,
3445 2467 3589 2538 quid

1940 2572 2117 2627 super
2146 2554 2255 2610 hac
2286 2571 2345 2609 re
2378 2553 2523 2609 mibi
2553 2554 2824 2626 placeret,
2851 2554 3186 2610 sciscitatus
3208 2556 3275 2591 ⁴²⁹
3292 2558 3383 2611 est
3406 2556 3592 2635 impe-

1940 2648 2116 2699 rator.
2149 2643 2254 2698 Cui
2285 2643 2525 2715 inquam
2561 2660 2574 2699 :
2608 2665 2637 2693 «
2672 2641 2929 2698 Placeret
2957 2642 3025 2678 ⁸³⁰
3070 2659 3231 2712 sane,
3265 2643 3316 2701 si
3354 2644 3420 2679 ⁴³¹
3452 2658 3590 2717 pro-

1942 2733 2174 2800 desset;
2212 2730 2364 2787 sicut
2390 2734 2448 2787 et
2477 2730 2733 2788 estuanti
2764 2729 2927 2786 diviti
2959 2730 3155 2788 Lazari
3185 2732 3311 2788 visa
3360 2733 3594 2805 requies

1944 2820 2265 2893 prodesset,
2296 2819 2346 2875 si
2377 2820 2706 2891 proveniret
2728 2820 2833 2888 ‘3’;
2864 2820 2959 2875 cui
3005 2821 3145 2893 quia
3192 2838 3308 2878 non
3357 2821 3590 2889 accidit,

1945 2909 2046 2982 qui
2078 2925 2273 2981 quaeso
2304 2908 2531 2981 placere
2560 2908 2794 2981 potuit?
2824 2930 2854 2959 »
2884 2910 3202 2968 Subridens
3238 2912 3436 2984 itaque
3482 2911 3594 2967 ima

182 3003 465 3060 mismata
518 3020 652 3059 cum
710 3001 1109 3075 scaramaugis
1165 3002 1293 3074 (146
1348 3003 1642 3072 quattuor.
1702 2999 1841 3055 Post
1947 3003 2195 3071 perator,
2217 2996 2525 3070 paululum
2559 2998 2780 3070 pudore
2805 3003 3229 3068 commotus,ut
3247 3000 3321 3056 ad
3341 3014 3406 3056 se
3424 2997 3594 3067 irem,

185 3109 365 3166 quem
398 3110 431 3149 ο
460 3092 812 3149 domesticos
842 3092 918 3148 tis
949 3090 1274 3160 ascalonas,
1321 3094 1378 3145 et
1424 3107 1456 3145 o
1504 3088 1838 3161 delongaris
1881 3161 1910 3166 ᾧ
1948 3087 2138 3160 capite
2164 3087 2376 3156 innuit,
2410 3086 2774 3159 palliumque
2805 3103 3086 3160 magnum
3117 3104 3253 3145 cum
3283 3098 3597 3146 aureorum

184 3161 266 3240 tis
294 3182 481 3256 ploos,
513 3185 653 3239 sunt
680 3181 864 3238 vocati
891 3199 906 3250 ;
940 3198 1187 3254 quorum
1217 3179 1365 3235 alter
1396 3178 1708 3245 militibus,
1741 3194 1839 3233 na-
1864 3161 1913 3229 (ἒ
1948 3175 2118 3244 libra,
2152 3192 2331 3247 quam
2358 3174 2609 3231 libenter
2636 3174 2817 3244 dedit,
2850 3174 3131 3234 libentius
3163 3177 3382 3251 accepi.

816 3323 821 3327 .
1544 3275 1788 3331 VARIE
1825 3273 2239 3331 LECTIONES.

260 3360 332 3407 ω
358 3369 802 3427 candidatorum
829 3369 1047 3439 reliqua
1075 3368 1270 3440 capitis
1299 3366 1495 3422 desunt
1521 3366 1576 3420 5.
1603 3365 1638 3419 3
1667 3380 1700 3420 a
1728 3365 1809 3419 5*.
1844 3364 1973 3419 hinc
2004 3363 2210 3488 {otium
2267 3362 2512 3415 excisum
2565 3362 2627 3415 in
2679 3360 2860 3416 codice
2912 3364 2949 3418 5
3003 3380 3057 3418 a.
3113 3364 3296 3421 Editio
3345 3367 3601 3437 princeps

260 3441 340 3488 dit
372 3460 391 3488 ,ο
421 3446 480 3488 et
508 3440 565 3488 id
600 3457 785 3488 genus
811 3439 1114 3488 clientum.
1227 3439 1295 3472 ‘25
1324 3441 1593 3488 naratum
1624 3437 1677 3488 2.
1789 3435 1857 3470 ⁴²⁶
1877 3435 1971 3488 die
2041 3476 2052 3488 .
2086 3436 2139 3487 2.
2253 3433 2318 3466 "7
2343 3435 2614 3488 quartam
2646 3435 2702 3487 et
2726 3436 2890 3488 sexta
2917 3438 2975 3488 et
3002 3451 3052 3488 s.
3083 3435 3124 3488 f.
3154 3436 3226 3488 ab
3250 3438 3304 3488 2.
3379 3436 3447 3471 “'3
3474 3435 3601 3488 dum

173 3441 340 3500 addit
371 3460 391 3498 :
421 3446 480 3498 et
508 3440 568 3515 id
599 3457 785 3515 genus
811 3439 1114 3515 clientum:

172 3530 336 3570 voces
364 3509 689 3569 membra'na
717 3512 953 3568 abscissa
982 3509 1277 3567 erciderunt
1310 3509 1369 3565 in
1396 3511 1450 3563 2.

176 3585 469 3643 obscurior
498 3585 559 3640 in
585 3588 640 3641 2.

1227 3439 1295 3520 "f‘
1323 3437 1677 3520 paratum}.

1789 3435 1857 3470 ⁴²⁶
1877 3435 1971 3490 die
2004 3433 2052 3488 1.
2086 3436 2139 3487 2.
2253 3433 2318 3466 ⁸³⁷

1564 3506 1632 3541 ⁸³9
1660 3505 1982 3562 suscitatus
2010 3508 2063 3560 2.

2343 3435 2614 3503 quartam
2646 3435 2702 3487 et
2726 3436 2890 3503 sexta
2917 3438 2975 3489 et
3002 3451 3052 3489 s.
3083 3435 3124 3490 f.
3154 3436 3226 3491 ab
3250 3438 3304 3491 2.
3347 3435 3353 3436 “
3379 3436 3447 3471 ⁴²⁸
3474 3435 3604 3492 dm

2177 3504 2244 3539 ⁵³0
2276 3502 2504 3558 Placere
2533 3504 2587 3557 2.
2700 3502 2763 3536 ⁴³¹
2794 3518 2900 3559 vox
2925 3505 3131 3561 excidit
3160 3508 3223 3561 in
3249 3505 3306 3562 2.
3400 3506 3470 3540 ⁴³¹
3497 3521 3603 3561 vox

1780 3645 2013 3703 NOTAE.

261 3726 410 3791 (146)
439 3725 675 3799 penula,
707 3724 869 3799 pallii
896 3722 1172 3780 militaris
1204 3737 1411 3796 genus.

1364 3992 2442 4112 ιιυτηιΑΝΜ

1464 4165 1967 4227 CREMONENSIS
2005 4165 2322 4223 EPISCOPI

178 4488 365 4618 DE
394 4484 831 4616 BEBUS
868 4481 1349 4612 GESTIS
1383 4477 1953 4606 OTTONIS
1989 4475 2447 4603 MAGNI
2486 4475 3413 4602 IMPERATORIS
3445 4475 3603 4549 “33’

264 4805 391 4877 (An.
419 4801 574 4873 960.)
603 4803 657 4858 1.
690 4796 1096 4872 Reguantibus
1124 4795 1213 4864 ‘3‘,
1273 4794 1390 4850 imo
1450 4792 1846 4862 saevientibus,
1876 4794 1922 4859 D
1953 4790 2283 4848 Johannem
2313 4785 2580 4877 videlicet
2610 4786 2966 4877 cardinalem
2999 4786 3330 4877 diaconem,
3354 4790 3413 4844 et
3458 4788 3601 4845 A20-

180 4897 254 4952 in
284 4893 535 4962 Italia,et
554 4895 621 4948 ut
644 4890 840 4947 verius
870 4888 1159 4944 fateamur
1187 4881 1555 4956 tyrannidem
1579 4897 1845 4938 exercen-

177 4980 728 5054 tibus,Berengario
749 4982 923 5049 atque
934 4970 1553 5030 AdalbertoJohannes
1573 4986 1845 5027 summus

184 5073 458 5150 pontifex
485 5075 542 5128 et
568 5064 915 5125 universalis
953 5080 1123 5137 papa,
1175 5062 1344 5132 cujus
1388 5063 1551 5150 tunc;
1580 5058 1847 5150 vaecclesia

184 5148 669 5236 supradictorum
690 5152 1024 5226 Berengarii
1053 5154 1228 5223 atque
1256 5148 1556 5206 Adalberti
1579 5148 1845 5206 sevitiam

187 5256 323 5312 erat
364 5252 619 5324 experta,
651 5244 889 5302 nuntios
919 5244 1131 5299 sancta:
1162 5241 1435 5297 Romana:
1466 5237 1737 5295 aeeclesiaa
1756 5238 1844 5307 ωε,

1952 4896 2086 4935 nem
2118 4876 2511 4943 scriniarium,
2542 4874 2916 4933 serenissima
2946 4880 3121 4949 atque
3168 4875 3435 4949 piissimo
3462 4880 3604 4932 tunc

1953 4968 2095 5041 regi,
2130 4983 2285 5023 nunc
2316 4970 2563 5039 augusto
2594 4966 2800 5034 cesari,
2825 4965 3020 5022 Ottoni
3045 4960 3358 5022 destinavit
3378 4964 3604 5039 suppli-

1953 5058 2101 5113 citer
2128 5054 2340 5112 litteris
2366 5059 2422 5110 et
2450 5070 2644 5110 rerum
2677 5052 2862 5126 signis
2906 5071 3104 5122 orans,
3165 5053 3444 5127 quatinus
3501 5054 3604 5111 Dei

1954 5162 2060 5220 pro
2091 5160 2287 5202 amore
2331 5147 2784 5215 sanctorumque
2841 5142 3298 5216 aposlorumque
3350 5143 3501 5201 Petri
3530 5148 3608 5201 'et

1956 5233 2299 5306 Pauli,quos
2320 5230 2665 5288 delictorum
2687 5247 2931 5289 suorum
2964 5231 3225 5307 cupierat
3241 5242 3372 5291 esse
3397 5231 3604 5291 remis-

265 5439 339 5476 ιη
367 5437 650 5510 mpm
679 5430 944 5510 INCIPIT
1228 5326 2496 5510 εειξτιμςυἔὲἓῗῖἓεὲἓὲῗὲὲῗὲἒςψρςι
2774 5421 2919 5510 εη
2946 5425 3003 5510 ᾳ
3153 5420 3485 5510 mm
3498 5430 3613 5510 :9:-

181 5514 377 5648 Ξὲιὲἔπ
404 5497 611 5641 ᾳυεῗῖη
638 5498 1307 5571 codicibus'desidera'tur,
1333 5497 1572 5569 institui,

339 5599 452 5641 um.
526 5621 540 5641 .

339 5599 452 5641 um.
487 5599 540 5641 1ο

1685 5496 1755 5534 ⁴³⁴
1773 5495 1941 5555 codex
1967 5495 2021 5552 2.
2056 5495 2118 5551 in
2144 5507 2268 5550 voce
2294 5489 2675 5565 Waldpertus
2702 5496 2915 5550 sanctos
2942 5490 3177 5553 orditur.
3272 5508 3330 5552 ο.
3383 5492 3448 5551 in
3490 5491 3600 5571 ﬁne
