4068 6178
568 311 687 372 899

1532 298 2013 368 LIUTPRANDI
2056 290 2603 363 CREMONENSIS
2648 290 3033 364 EPISCOPI.

3797 303 3896 372 900

567 455 755 512 seros,
786 453 851 497 se
880 438 1113 513 sibique
1152 437 1532 497 commissam
1588 441 1850 494 sanctam
1900 435 2224 490 Romanam
2256 436 2308 500 Α
2339 433 2591 506 denique
2639 436 2863 506 justus,
2921 452 3025 491 cur
3078 434 3450 493 Adelbertum
3498 435 3723 497 Johanes
3762 458 3897 514 papa,

567 528 875 586 ecclesiam
905 546 976 585 ex
1003 545 1207 585 eorum
1240 528 1509 584 faucibus
1539 527 1830 593 liberaret,
1863 541 1929 580 ac
1960 522 2134 579 saluti
2168 525 2226 577 et

565 616 826 675 libertati
857 618 1119 691 pristinae
1171 618 1525 674 restitueret.
1588 617 1718 673 Haec
1778 615 1920 670 dum
1980 612 2223 667 Romani

565 707 762 763 nuntii
792 712 1251 781 conqueruntur‘
1285 707 1375 762 vir
1419 704 1768 762 venerabilis
1818 702 2221 774 Waldpertus,

567 800 782 853 sancte
814 794 1269 853 Mediolanensis
1293 794 1515 851 cclesiaa
1542 789 2225 865 archiepiscopus,semi-

563 885 732 942 vivus
763 902 832 941 ex
861 884 1273 957 praedictorum
1296 885 1457 940 rabie
1478 880 1812 955 Berengarii
1841 884 2018 952 atque
2056 876 2223 933 Adel-

562 974 715 1030 berti
743 973 1048 1045 liberatus,
1098 972 1370 1046 superius
1418 969 1726 1029 memorati
1778 968 2029 1034 Ottonis,
2082 971 2221 1023 tunc

562 1063 722 1136 regis
751 1079 906 1119 nunc
937 1062 1155 1119 cesaris
1185 1061 1444 1134 augusti,
1478 1059 1798 1133 potentiam
1832 1056 2014 1123 addit,
2067 1056 2220 1111 indi-

562 1168 730 1219 cans,
764 1169 828 1209 se
857 1169 972 1208 non
1008 1168 1180 1224 posse
1210 1151 1358 1207 ferre
1390 1155 1448 1206 et
1502 1149 1623 1222 pati
1655 1145 1988 1218 Berengarii
2045 1149 2220 1216 atque

556 1238 1105 1307 Adelberti,necnon
1129 1237 1384 1294 etWilIae
1406 1236 1845 1306 saevitiamque:
1865 1232 2216 1288 Mannassen

557 1326 960 1384 Arelatensem
991 1327 1331 1399 episcopum
1354 1330 1557 1382 contra
1579 1325 1684 1395 jus
1714 1324 1918 1393 fasque
1945 1318 2218 1375 Mediola-

561 1416 730 1473 nensi
759 1416 884 1473 sedi
914 1416 1266 1489 praefecerat.
1298 1415 1505 1471 Aiebat
1563 1430 1723 1482 sane,
1785 1411 1937 1466 hanc
1995 1408 2215 1465 eclesia:

560 1522 681 1561 suae
714 1521 844 1561 esse
872 1502 1605 1576 calamitatem,quze,quod
1637 1518 1700 1556 se
1732 1514 1989 1571 suosque
2011 1513 2215 1569 capere

558 1597 870 1666 oporteret,
895 1593 1283 1665 interciperet.
1302 1592 1411 1648 Sed
1434 1590 1638 1646 Waldo
1669 1589 1968 1645 Cumanus
1990 1586 2212 1657 episco-

556 1700 668 1756 pus
699 1682 857 1738 hunc
887 1699 1036 1753 pone
1068 1685 1157 1737 est
1186 1686 1448 1748 secutus,
1482 1697 1597 1735 non
1630 1678 1923 1751 disparem
1947 1694 1982 1731 a
2009 1676 2216 1730 Beren-

554 1772 742 1871 gario,
771 1771 1085 1871 Adalperto
1115 1775 1175 1827 et
1202 1770 1587 1842 Willa,quam
1608 1767 2214 1871 Waldpertus,contu-
2240 1804 2291 1871 Β

556 1861 793 1917 meliam
821 1860 1132 1917 clamitans
1161 1876 1223 1915 se
1253 1876 1383 1915 esse
1432 1873 1799 1930 perpessum.
1832 1855 2124 1910 Venerunt
2153 1857 2211 1908 et

556 1948 824 2006 nonnulli
856 1947 1097 2004 alterius
1135 1947 1358 2003 ordinis
1382 1963 1451 2002 ex
1480 1944 1643 2001 Italia
1685 1944 1814 2010 viri,
1866 1959 2013 2015 quos
2059 1942 2212 1997 inter

556 2037 807 2093 illustris
838 2036 1099 2092 maschio
1130 2035 1406 2091 Otbertus
1440 2051 1573 2089 cum
1616 2031 1954 2105 apostolicis
2003 2048 2207 2086 cucur-

557 2130 714 2182 rerat
741 2125 986 2190 nuntiis,
1018 2140 1053 2179 a
1082 2123 1454 2180 sanctissimo
1487 2123 1868 2187 Ottone,tunc
1899 2136 2031 2192 rege
2053 2135 2209 2175 nunc

566 2218 818 2288 augusto
850 2230 1081 2283 caesare,
1115 2212 1447 2282 consilium,
1482 2211 1765 2268 auxilium
1797 2213 2090 2281 expetens.

628 2302 755 2375 (An.
781 2302 934 2373 961.)
963 2304 1018 2356 2.
1049 2301 1269 2357 Horum
1301 2301 1499 2373 itaque
1538 2316 1638 2356 rex
1684 2298 1990 2371 piissimus
2037 2296 2208 2352 lacri-

556 2391 742 2448 mosis
771 2391 1094 2463 quaestibus
1125 2389 1461 2457 inclinatus,
1494 2406 1611 2444 non
1643 2405 1769 2460 quae
1801 2404 1910 2442 sua
1937 2387 2039 2442 sed
2081 2402 2208 2458 quae

553 2480 694 2538 Jesu
718 2479 933 2536 Christi
954 2482 1096 2536 sunt
1115 2477 1597 2552 cogitansﬁlium
1620 2493 1797 2533 suum
1829 2475 1942 2531 sibi
1963 2474 2212 2546 aequivo-

556 2584 693 2625 cum
722 2572 925 2624 contra
947 2584 1170 2624 morem
1209 2566 1536 2640 puerilibus
1561 2566 1618 2620 in
1649 2563 1820 2621 annis
1846 2580 2041 2636 regem
2073 2579 2208 2617 con-

555 2657 826 2726 stituens,
860 2673 996 2712 eum
1026 2656 1087 2711 in
1132 2656 1383 2712 Saxonia
1412 2653 1761 2726 dereliquit;
1798 2653 1923 2724 ipse
1954 2651 2210 2707 collectis

556 2745 741 2817 cepiis
761 2744 989 2801 Italiam
1012 2745 1269 2817 percitus
1289 2742 1582 2808 venit.Qui
1617 2746 1775 2796 tanto
1794 2740 2208 2812 Berengarium

558 2838 734 2905 atque
758 2832 1140 2905 Adalpertum
1186 2832 1434 2889 celerius
1486 2847 1665 2904 regno
1714 2828 1958 2902 expulit,
1991 2833 2209 2901 quanto

556 2923 971 2993 constat,quod
996 2920 1428 2977 commilitones
1457 2921 1693 2975 Petrum
1721 2924 1777 2974 et
1807 2918 2049 2974 Paulum
2080 2936 2212 2974 san-

555 3009 853 3067 ctissimos
915 3008 1210 3082 apostolos
1267 3008 1492 3064 habuit.
1541 3007 1737 3063 Bonus
1768 3007 1964 3078 itaque
1994 3023 2091 3062 rex
2121 3006 2209 3060 di-

555 3116 762 3173 spersa
789 3112 1153 3171 congregans
1178 3102 1237 3153 et
1267 3098 1451 3153 fracta
1479 3095 1870 3165 consolidans,
1894 3095 2049 3167 quod
2082 3094 2209 3150 cui-

2335 540 2508 594 quem
2570 524 2736 595 prius
2791 525 2923 581 odio
2979 525 3309 583 vehementi
3353 527 3754 601 insequebatur,
3778 547 3899 587 nunc

2333 612 2619 685 diligeret,
2654 613 2799 668 satis
2830 612 3027 670 mirari
3061 632 3172 671 uon
3206 615 3418 688 potuit.
3450 618 3727 672 Accersitis
3763 635 3901 691 quam

2333 700 2406 756 ob
2434 718 2553 756 rem
2586 702 2942 773 quibusdam
2973 703 3368 761 familiaribus
3390 705 3609 777 (ΜΒ)βί
3634 705 3729 762 hoc
3744 724 3897 764 verum

2331 794 2504 857 esset,
2541 791 2786 846 Romam
2813 792 3013 865 dirigit
3042 798 3466 865 percontatum.
3484 795 3721 868 Cumque
3744 798 3896 852 eodem

2332 880 2524 935 nuntii
2553 879 2969 951 pervenissent,
3000 881 3344 954 hujusmodi
3374 900 3488 939 non
3519 900 3551 938 a
3589 884 3895 955 quibuslibet,

2330 968 2431 1023 sed
2483 968 2554 1023 ab
2603 969 2900 1035 omnibus,
2934 975 3035 1026 aut
3084 972 3307 1043 paucis,
3344 971 3614 1027 Romanis
3645 973 3705 1007 ³³⁷
3730 973 3896 1030 civibus

2329 1072 2609 1129 responsa
2638 1058 3014 1130 suscipiunt:
3049 1082 3077 1110 «
3111 1060 3237 1116 Non
3288 1060 3490 1134 dispar
3532 1060 3738 1117 videtur
3774 1063 3893 1128 ratio,

2329 1161 2433 1201 cur
2478 1146 2780 1202 Jobannes
2838 1164 2987 1221 papa
3040 1148 3486 1205 sanctissimum
3539 1148 3893 1223 imperatorem,

2328 1251 2502 1290 suum
2535 1235 2757 1291 scilicet
2800 1252 2868 1291 ex
2911 1236 3204 1294 Adalberti
3256 1237 3530 1295 manibus
3579 1238 3895 1303 liberatorem,

2326 1328 2383 1380 et
2413 1323 2684 1381 diabolus
2714 1325 2899 1381 oderit
2926 1329 3275 1383 Creatorem.
3310 1328 3639 1401 Imperator,
3676 1329 3895 1400 quemad-

2326 1413 2568 1469 modum
2601 1430 2660 1468 re
2684 1413 2816 1486 ipsa
2844 1416 3062 1487 experti
3094 1432 3406 1483 sumus,ea
3434 1434 3556 1489 quae
3587 1416 3677 1472 Dei
3706 1421 3896 1472 suntsa-

2324 1502 2429 1575 pit,
2476 1507 2770 1575 operatur,
2828 1504 3053 1577 diligit;
3115 1505 3510 1562 ecclesiastica
3562 1510 3617 1562 et
3663 1504 3895 1561 saecularia

2325 1592 2558 1664 nogotia
2575 1593 2757 1648 armis
2787 1598 2976 1649 tutatu
2987 1594 3303 1660 r,moribus
3326 1594 3734 1668 ornat,1egibus
3750 1611 3896 1649 emun-

2323 1681 2443 1747 dat,
2476 1680 2775 1736 Jobannes
2808 1700 2957 1755 papa
2985 1683 3078 1739 his
3108 1684 3387 1739 omnibus
3438 1685 3763 1740 adversatur.
3805 1682 3893 1740 Non

2327 1769 2476 1825 clam
2508 1769 2723 1842 populo
2752 1774 2858 1838 est,
2890 1772 3043 1843 quod
3076 1772 3351 1829 fatemur.
3379 1773 3564 1829 Testis
3595 1776 3675 1828 est
3702 1770 3890 1827 Rainerii

2321 1857 2415 1914 sui
2447 1858 2634 1930 ipsius
2667 1858 2870 1915 militis
2899 1860 3097 1930 vidua,
3130 1878 3308 1934 quam
3360 1879 3507 1918 cazco
3555 1866 3739 1934 captus
3781 1859 3887 1932 igne,

2321 1946 2525 2003 multis
2556 1948 2854 2018 prmfatam
2888 1948 3156 2021 urbibus,
3190 1950 3579 2006 sacrosanctis
3622 1948 3753 2004 beati
3782 1948 3889 2003 Petri

2321 2037 2556 2092 donavit
2588 2036 2782 2093 aureis
2812 2038 3082 2095 crucibus
3114 2044 3292 2111 atque
3327 2039 3621 2095 calicibus.
3651 2036 3808 2094 Testis
3829 2040 3889 2090 est

2320 2125 2638 2198 Stcphana,
2670 2127 2798 2198 ejus
2832 2128 3031 2195 amita,
3064 2144 3192 2200 qua:
3224 2129 3285 2184 in
3317 2129 3595 2185 effusione
3612 2126 3745 2200 quod
3770 2141 3821 2180 ex
3842 2139 3885 2178 co

2317 2218 2681 2287 conceperat,
2713 2231 2914 2272 recens
2948 2216 3247 2275 hominem
3276 2217 3471 2274 exivit.
3499 2216 3637 2282 Quid
3669 2215 3711 2271 si
3737 2216 3887 2281 cuncta

2319 2306 2571 2370 taceant,
2588 2303 2973 2361 Lateranense
2992 2304 3299 2377 palatium,
3320 2309 3646 2362 sanctorum
3661 2301 3882 2377 quondam

2318 2390 2664 2464 hospitium,
2684 2409 2840 2448 nunc
2870 2391 3265 2465 prostibulum
3298 2394 3780 2459 meretricum,non
3799 2387 3888 2445 sile

2319 2480 2667 2546 bit,amitam
2681 2483 3353 2556 conjugem,Stephaniaa
3371 2483 3604 2540 alterius
3624 2478 3883 2537 concubina

2318 2585 2600 2625 sororem.
2634 2569 2824 2626 Testis
2855 2571 3118 2627 omnium
3151 2573 3420 2645 gentium
3451 2575 3646 2645 praeter
3673 2570 3887 2625 Romana-

2266 2706 2287 2725 κ
2317 2674 2451 2713 rum
2482 2658 2746 2714 absentia
2778 2659 3111 2727 mulierum,
3144 2678 3276 2732 quae
3303 2665 3628 2717 sanctorum
3666 2653 3886 2730 apostolo-

2320 2764 2450 2801 rum
2483 2746 2688 2802 limina
2717 2747 2920 2803 orandi
2949 2749 3138 2821 gratia
3166 2749 3380 2805 timent
3417 2750 3612 2815 visere,
3642 2762 3756 2802 cum
3781 2758 3887 2798 non-

2322 2835 2514 2891 nullas
2545 2841 2678 2892 ante
2709 2836 2833 2892 dies
2863 2854 3080 2909 paucos
3102 2838 3260 2894 hunc
3287 2838 3574 2894 audierint
3597 2835 3886 2905 coniugata-‘1.

2318 2925 2895 2997 viduas,virgines,vi
2926 2927 3314 2999 oppressisse.
3347 2929 3540 2983 Testes
3569 2930 3694 2981 sunt
3718 2925 3888 2978 sancto-

2319 3030 2448 3069 rum
2479 3013 2876 3085 apostolorum
2909 3014 3185 3084 ecclesize,
3223 3033 3353 3089 quae
3386 3033 3497 3072 non
3528 3012 3758 3071 stillatim
3794 3006 3889 3080 plu-
3970 3072 3971 3077 η

2318 3103 2494 3174 viam,
2529 3103 2629 3158 sed
2660 3107 2849 3158 totum
2904 3108 3123 3159 tectum
3183 3106 3554 3171 intrinsecus,
3605 3117 3759 3174 supra
3797 3096 3889 3168 ipsa

555 3167 671 3262 que
702 3167 1145 3261 proprium—fuit
1186 3185 1444 3242 restituit
1500 3184 1634 3241 dein
1689 3184 1931 3240 Romam
1991 3183 2209 3240 similia
2237 3167 2281 3236 C
2319 3167 2494 3247 eum;
2513 3197 2884 3247 sacrosancta
2900 3190 3373 3249 altariaimbrem
3393 3167 3887 3252 admittuntﬂuanto

554 3278 820 3334 facturus
851 3274 1047 3331 adivit.

624 3367 751 3437 (An.
781 3365 935 3437 962.)
965 3364 1020 3419 3.
1054 3363 1161 3420 Ubi
1193 3363 1341 3420 miro
1373 3368 1580 3420 ornatu
1612 3379 1875 3436 novoque
1922 3365 2206 3451 apparatu

552 3460 888 3530 susceptus,
909 3454 981 3510 ab
1013 3453 1218 3510 eodem
1251 3469 1485 3509 summo
1516 3451 1786 3525 pontiﬁce
1812 3455 1869 3507 et
1895 3450 2207 3507 universali

551 3559 706 3619 papa
732 3542 999 3600 Johanne
1028 3541 1369 3598 unctionem
1410 3541 1671 3613 suscepit
1713 3540 1981 3613 imperii;
2016 3540 2205 3595 solum

551 3633 789 3708 propria
820 3649 936 3689 non
959 3630 1443 3698 restituit,verum
1476 3629 1653 3685 etiam
1685 3629 2021 3702 ingentibus
2044 3645 2207 3701 gem-

553 3737 809 3789 marum,
824 3720 949 3777 auri
974 3720 1317 3792 argentique
1340 3719 1683 3774 muneribus
1705 3717 2011 3774 honoravit
2032 3718 2204 3790 (Febr.

550 3812 628 3883 2).
662 3808 1092 3880 Jusjurandum
1122 3824 1258 3862 vero
1284 3807 1356 3863 ab
1386 3808 1590 3863 eodem
1621 3823 1771 3879 papa
1797 3806 2065 3863 Johanne
2107 3824 2207 3863 su-

552 3915 661 3970 pra
691 3895 1191 3969 preciosissimum
1224 3912 1438 3967 corpus
1469 3894 1656 3950 sancti
1683 3895 1856 3962 Petri,
1882 3899 2056 3968 atque
2081 3912 2209 3951 om-

554 3985 733 4042 nibus
764 3981 1014 4039 civitatis
1046 3983 1404 4055 proceribus,
1425 3999 1488 4038 se
1515 3999 1839 4054 numquam
1862 3983 2206 4056 Berengario

554 4076 732 4144 atque
760 4070 1069 4127 Adelberto
1119 4069 1559 4140 auxiliaturum,
1615 4070 1856 4143 accepit.
1908 4071 2044 4128 Post
2085 4071 2207 4128 haec

552 4160 797 4233 Papiam
827 4159 893 4194 ‘3‘
923 4158 1072 4231 (147)
1105 4158 1443 4231 quantotius
1470 4158 1785 4230 repedavit.

623 4250 751 4321 (An.
781 4249 933 4318 963.)
960 4250 1014 4303 4.
1067 4248 1293 4304 Interea
1348 4247 1625 4320 praefatus
1678 4264 1831 4321 papa
1883 4248 2203 4320 Johannes,

543 4337 870 4413 juramenti
886 4341 944 4394 et
966 4335 1375 4410 promissionis
1395 4335 1613 4393 oblitus
1633 4353 1809 4409 quam
1829 4342 2028 4395 sancto
2059 4340 2206 4396 fece-

550 4432 641 4485 rat
668 4425 1028 4499 imperatori,
1063 4425 1136 4481 ob
1160 4424 1564 4497 Adelbertum,
1588 4428 1653 4481 ut
1681 4442 1744 4482 se
1775 4427 1966 4496 adeat,
2000 4428 2204 4497 mittit,

2316 3297 2423 3336 nos
2453 3285 2669 3337 terrore
2698 3280 2863 3353 tigna
2892 3281 3176 3352 afﬁciunt,
3228 3299 3367 3338 cum
3418 3282 3656 3337 divinam
3682 3277 3738 3312 ⁸³⁸
3762 3285 3885 3344 opem

2316 3368 2518 3425 eodem
2552 3368 2970 3441 deposcimus?
2996 3386 3156 3426 mors
3185 3369 3247 3426 in
3278 3370 3450 3427 tectis
3474 3370 3785 3442 regnat,quaa
3810 3372 3883 3414 n09

2316 3474 2481 3514 orare
2507 3457 2693 3514 multa
2711 3456 2970 3514 volentes
2991 3458 3255 3531 impedit,
3273 3465 3451 3533 atque
3471 3459 3693 3516 domum
3712 3442 3882 3510 Domini

2317 3563 2452 3602 mox
2480 3546 2748 3620 linquere
2774 3547 2946 3620 cogit.
2978 3549 3180 3604 Testes
3211 3554 3353 3605 sunt
3375 3566 3487 3604 non
3517 3545 3689 3603 solum
3708 3541 3885 3612 juncea-

2317 3653 2449 3691 rum
2495 3640 2790 3704 curatura,
2838 3636 2941 3692 sed
2972 3640 3029 3692 et
3057 3636 3486 3694 cotidianarum
3515 3631 3755 3691 mulieres
3779 3620 3881 3696 (149)

2317 3726 2660 3783 formarum.
2695 3725 2797 3781 Cui
2829 3725 2985 3781 idem
3017 3729 3125 3795 est,
3152 3750 3179 3776 ‹‹
3213 3726 3284 3782 Et
3316 3726 3533 3783 silicem
3559 3720 3771 3795 pedibus
3793 3723 3881 3782 qum

2317 3818 2622 3871 conterunt
2653 3814 3048 3887 atrum‘(|50),
3079 3836 3107 3865 ››
3139 3819 3196 3870 et
3224 3832 3356 3887 qua;
3385 3824 3706 3887 magnorum
3731 3801 3881 3860 subve-

2315 3904 2539 3959 huntur
2568 3903 2856 3974 adjutorio
2878 3904 3311 3973 jumentorum.
3344 3906 3526 3975 Atque
3571 3900 3667 3955 hoc
3716 3891 3780 3949 rei
3820 3888 3882 3941 est

2315 3993 2470 4064 quod
2503 3996 2667 4047 tanta
2697 3992 2748 4047 ei
2780 4008 2914 4047 cum
2946 3992 3298 4064 imperatore
3322 3996 3518 4050 sancto
3542 3980 3789 4045 discordia
3802 3977 3876 4068 es):

2318 4059 2352 4132 «ἶ
2402 4080 2559 4153 lupis
2605 4084 2663 4136 et
2691 4080 2859 4154 agnis
2892 4059 3111 4153 quanta
3137 4080 3345 4138 sortito
3377 4078 3575 4153 optigit
3602 4070 3742 4147 (151).
3770 4090 3789 4119 ι
3816 4059 3876 4116 illi

2313 4169 2437 4226 haec
2468 4173 2534 4225 ut
2561 4168 2831 4241 inpunite
2860 4168 3053 4238 liceat,
3072 4168 3450 4242 Adalpertum
3470 4166 3575 4223 sibi
3599 4165 3804 4236 patrem,
3819 4154 3875 4204 ιιι·

2314 4261 2520 4324 torem,
2554 4257 2919 4313 defensorem
2952 4261 3137 4330 parat.
3170 4280 3199 4308 ››

2383 4347 2438 4401 5.
2460 4345 2589 4401 Haec
2621 4345 2763 4400 dum
2788 4363 2822 4401 a
2853 4345 3234 4402 redeuntibus
3267 4346 3487 4403 nuntiis
3512 4337 3784 4414 imperator
3800 4342 3876 4421 an:

2315 4433 2465 4489 diret
2487 4433 2693 4490 :«Puer
2719 4432 2948 4505 inquid,
2981 4437 3093 4502 est,
3123 4434 3292 4491 facile
3322 4413 3877 4490 bonorumimmutabi-

541 4517 881 4590 juramento
911 4515 963 4573 ei
987 4514 1330 4581 adﬁrmans,
1352 4531 1414 4572 se
1438 4515 1605 4571 illum
1627 4519 1827 4572 contra
1847 4516 2205 4574 sanctissimi
2235 4536 2282 4602 D
2314 4526 2411 4578 tur
2452 4520 2716 4594 exemplo
2762 4523 3045 4578 virorum.
3092 4523 3351 4596 Sperabo
3399 4538 3528 4579 eum
3551 4505 3877 4587 objui'gaiiOne

549 4604 922 4679 imperatoris
953 4602 1276 4678 potentiam
1304 4604 1671 4676 adjuturum.
1701 4605 1859 4660 Adeo
1888 4605 2044 4662 enim
2071 4622 2209 4663 eun-

551 4697 685 4753 dem
715 4692 1116 4761 Adelbertum,
1135 4692 1477 4749 eclesiarum
1500 4692 1601 4749 Dei
1633 4693 2017 4765 ejusdemque
2046 4711 2207 4768 papze

549 4782 839 4840 Johannis
851 4787 1280 4854 persecutorem
1291 4825 1305 4850 ,
1322 4781 1638 4853 imperator
1648 4787 1888 4837 sanctus
1901 4787 2205 4855 terruerat,

551 4875 619 4929 ut
647 4886 885 4928 omnem
923 4869 1153 4926 Italiam
1205 4870 1502 4938 deserens,
1564 4869 1940 4926 Fraxinetum
1999 4872 2205 4944 adiret,

2317 4611 2583 4676 honesta,
2615 4610 2889 4667 suasione
2919 4610 3166 4677 liberali,
3201 4612 3371 4669 facile
3392 4628 3457 4668 ex
3485 4606 3592 4664 illis
3619 4615 3727 4658 sese
3745 4602 3878 4650 01118"

2318 4715 2522 4755 surum
2555 4697 2767 4767 malis;
2801 4699 3181 4772 dicemusque
3206 4718 3342 4757 cum
3374 4696 3636 4774 propheta
3663 4706 3674 4744 :
3702 4686 3803 4774 Ηιτσ

2318 4790 2613 4844 inmutatio
2667 4761 2886 4846 deretch
2942 4761 3160 4845 Επεὶδί
3214 4761 3395 4857 (Psal:
3443 4761 3609 4848 Lxxw,
3666 4772 3755 4843 11)-
3782 4789 3804 4818 ι’
3827 4761 3877 4817 Ei

2318 4876 2531 4948 δάάθοίῐ
2568 4892 2581 4933 ε
2605 4898 2632 4927 (ί
2658 4876 2823 4939 Quod
2852 4877 3017 4949 prius
3044 4894 3240 4933 rerum
3266 4878 3407 4934 ordo
3438 4865 3689 4945 deposcit,
3718 4861 3874 4949 Beren'

551 4975 732 5034 seque
752 4959 1209 5017 Sarracenorum
1234 4958 1369 5016 ﬁdei
1399 4959 1853 5016 commendaret.
1890 4941 2211 5035 Imperator
2317 4941 2548 5039 garium
2579 4964 2638 5019 in
2670 4941 2963 5022 Feretrato
2993 4971 3191 5023 monte
3239 4941 3589 5024 resistentem
3631 4941 3873 5027 propulse'

1916 5067 2161 5126 VARl/E
2198 5072 2611 5131 LECTIONES.

620 5153 955 5235 “illapiﬁm
1006 5153 1096 5212 νει
1153 5155 1405 5228 Patriam
1458 5160 1514 5211 2-
1577 5155 1830 5228 patriam
1864 5160 1892 5209 5
1916 5164 1976 5212 ιλ-
2054 5159 2120 5196 ⁴³⁷
2150 5164 2190 5219 ἱ.
2221 5179 2271 5221 e.
2306 5179 2424 5221 non
2455 5178 2490 5218 a
2518 5158 2880 5233 quibuslibet
2907 5165 3010 5219 aut
3038 5160 3239 5235 paucis
3266 5162 3368 5220 sed
3400 5160 3467 5218 ab
3495 5149 3734 5214 omnibus
3756 5138 3808 5195 Β-
3831 5145 3869 5186 θ·

2142 5303 2378 5363 NOTAE.

551 5226 621 5265 ⁴³⁸
652 5224 851 5284 divina
874 5228 933 5282 2.

554 5367 772 5497 digii?)
799 5368 966 5425 Anno
989 5368 1115 5439 962,
1141 5369 1302 5443 April
1330 5372 1387 5440 2,
1417 5370 1474 5439 9,
1500 5370 1590 5441 20,
1616 5370 1938 5446 diplomata
1966 5371 2049 5429 ibi
2071 5390 2207 5432 con-

804 5509 950 5568 Liud
996 5512 1227 5569 rando?

649 5508 777 5659 {49)
801 5583 864 5644 Id
895 5526 1005 5659 esi,
1037 5599 1155 5644 non
1179 5600 1227 5646 δ(

801 5583 864 5644 Id
895 5582 1005 5661 est,
1037 5599 1155 5644 non
1179 5582 1374 5646 solum
1406 5585 1628 5647 ancillis
1648 5586 1753 5648 sed
1783 5589 1842 5648 et
1870 5588 2206 5655 meretrices

2313 5375 2581 5452 Ριῴιξίέφτ

2410 5448 2538 5510 450)
2567 5444 2834 5504 Juvenal.
2867 5445 2988 5504 Sat.
3018 5464 3095 5517 vr,
3127 5446 3251 5505 350.

2386 5450 2539 5600 i151)
2568 5518 2766 5578 Horat.
2799 5519 2874 5577 55
2902 5518 3079 5596 Epod.
3113 5521 3167 5598 4,
3199 5521 3251 5582 1.

2413 5514 2539 5585 151)
2568 5518 2766 5578 Horat.
2799 5519 2874 5577 55
2902 5514 3089 5596 Epod.’
3113 5521 3167 5598 4,
3199 5521 3254 5582 1.
