4030 6184
181 278 320 345 901

1204 291 1304 355 DE
1352 287 1604 356 REBUS
1649 287 1923 355 GESTIS
1969 295 2303 359 OT'I‘ONIS
2349 298 2434 361 M.
2478 297 2642 361 IMP.

3502 309 3620 371 902

188 435 365 486 mus;
401 417 534 512 dein
567 422 817 512 paterna
848 423 1214 483 abdicatione
1245 429 1314 463 ‘3’
1335 428 1467 484 dom
1482 444 1621 483 num
1656 443 1867 499 papam
1897 428 1953 494 Α
1985 427 2045 481 Li
2058 430 2128 483 ud
2141 433 2400 500 prandus
2422 433 2940 507 episcOpiRomam
2957 437 3473 512 antedomnipapze
3488 457 3626 512 prte-

184 507 649 578 conveniamus;
676 510 724 566 si
741 529 856 568 non
871 514 1190 580 voluntate,
1211 517 1561 572 verecundia
1585 517 1787 573 saltem
1804 516 1860 570 in

183 596 403 651 virum
436 598 756 668 perfectum
790 619 916 659 sese
947 606 1352 661 commutabit.
1387 605 1597 678 Sicque
1621 605 1865 661 forsitan

186 683 496 753 devictus,
531 686 676 743 bene
710 706 1088 749 consuescere
1109 694 1354 766 pudebit
1373 695 1816 750 ‘wdesuescere.
1836 717 1862 744 »

270 775 331 828 6.
369 773 474 830 His
503 775 769 848 expletis,
805 779 992 852 Papiae
1025 782 1215 838 navim
1263 784 1618 851 conscendit,
1652 800 1716 838 ac
1766 799 1870 855 per

187 862 487 918 Heridani
509 865 569 898 “'
590 865 816 922 alveum
842 869 1173 925 Ravennam
1194 888 1379 942 usque
1405 873 1683 943 pervenit;
1705 872 1867 926 inde-

191 967 323 1022 que
351 953 733 1024 progrediens
749 961 1006 1012 montem
1028 959 1408 1025 Ferctratum,
1423 960 1522 1031 qui
1537 960 1720 1015 sancti
1738 961 1873 1014 Leo-

192 1039 305 1094 nis
340 1039 638 1106 dicitur,in
655 1059 770 1114 quo
791 1047 1625 1118 BerengariusetWillaerant,
1643 1048 1870 1104 obsedit

192 1127 390 1196 (Mai.,
423 1129 574 1198 Jnn.,
605 1131 772 1202 Jul.).
806 1132 927 1196 Quo
958 1138 1015 1189 et
1064 1136 1340 1207 przefatus
1397 1154 1546 1209 papa
1594 1138 1865 1204 Leonem,

194 1215 606 1272 venerabilem
639 1224 850 1274 sanctae
900 1221 1175 1278 Romanas
1207 1224 1475 1280 Ecclesiae
1508 1229 1646 1280 tunc
1670 1231 1867 1296 proto-

199 1305 594 1373 scrinarium,
628 1325 784 1364 nunc
809 1311 960 1378 (152)
992 1311 1049 1366 in
1101 1313 1305 1368 eadem
1338 1314 1474 1368 sede
1519 1315 1668 1369 beati
1717 1314 1866 1369 Petri

203 1393 616 1464 apostolorum
649 1397 953 1464 vicarium,
989 1415 1212 1456 necnon
1238 1406 1294 1456 et
1321 1402 1704 1468 Demetrium,
1723 1403 1868 1474 opti-

204 1483 466 1538 matium
494 1484 888 1541 Romanorum
907 1487 1306 1554 illustriorem,
1323 1491 1869 1562 sanctoimperatori

215 1569 467 1625 nuntios
500 1572 717 1645 dirigit,
739 1577 1030 1632 mandans
1058 1579 1215 1632 haud
1249 1580 1464 1634 mirum
1498 1580 1699 1645 esse,si
1735 1581 1870 1634 hac-

205 1662 393 1714 tenus
415 1660 747 1730 juventutis
779 1664 912 1736 igne
943 1665 1148 1730 vietus,
1175 1667 1394 1737 puerile
1427 1667 1562 1738 quid
1597 1669 1870 1740 gesserit;

1975 518 2223 573 sentiam
2256 521 2573 592 venientes,
2610 528 2768 581 tanto
2795 530 2932 582 sunt
2962 527 3256 584 inhonore
3273 528 3624 601 suscepti,ut

1975 623 2090 661 non
2122 625 2220 663 eos
2251 609 2476 682 lateret,
2501 618 2719 684 quanto
2747 620 3011 671 sanctum
3041 617 3450 689 imperatorem
3468 618 3622 673 tedio

1975 696 2284 753 fastidiret.
2318 700 2642 758 Ordinatim
2677 708 2892 772 tamen,
2942 711 3114 777 prout
3160 707 3244 761 eis
3291 707 3622 777 injunctum

1977 785 2183 851 fuerat,
2219 794 2576 856 enarrantes,
2595 794 3073 864 nonjuramento,
3107 811 3221 850 non
3240 795 3436 851 duello
3458 795 3627 851 satis-

1978 873 2286 930 factionem
2322 895 2470 950 papa
2501 881 2756 951 recipere
2785 882 2992 948 voluit,
3025 884 3120 938 sed
3155 883 3213 937 in
3262 884 3464 939 eadem
3508 900 3624 955 qua

1979 962 2166 1017 fuerat
2197 967 2410 1021 mentis
2440 968 2658 1023 duritia
2688 971 2923 1025 mansit.
2957 970 3213 1028 Subdole
3255 977 3451 1028 tamen
3494 977 3625 1044 post

1979 1050 2100 1106 dies
2119 1054 2582 1111 octoJohannem
2600 1058 2938 1131 episcopum
2957 1061 3360 1127 Narniensem,
3375 1065 3432 1116 et
3446 1061 3624 1116 Bene-

1979 1140 2198 1196 dictum
2232 1144 2586 1200 cardinalem
2619 1146 2941 1215 diaconem,
2966 1165 3098 1204 cum
3125 1150 3254 1206 istis
3281 1150 3498 1204 domno
3521 1149 3627 1204 im-

1980 1229 2228 1299 peratori
2261 1232 2591 1301 destinavit,
2627 1239 2838 1306 putans
2865 1254 2927 1291 se
2979 1237 3134 1292 hunc
3166 1238 3291 1293 suis
3344 1237 3622 1294 deludere

1983 1334 2152 1387 posse
2184 1320 2489 1389 versutiis;
2525 1323 2617 1377 cui
2644 1325 2820 1378 nimis
2852 1329 2940 1379 est
2968 1327 3144 1380 verba
3193 1326 3330 1381 dare
3365 1325 3622 1382 difﬁcile.

1981 1407 2126 1461 Ante
2168 1423 2419 1478 quorum
2453 1412 2701 1466 reditum
2730 1413 3096 1480 Adelbertus,
3127 1414 3407 1470 invitante
3452 1432 3623 1487 papa,

1986 1511 2018 1546 a
2054 1494 2358 1551 Fraxineto
2391 1500 2642 1566 rediens,
2703 1500 3126 1558 Centumcellas
3172 1503 3441 1568 advenit;
3491 1504 3626 1558 dein

1987 1583 2228 1637 Romam
2265 1588 2582 1656 profectus,
2610 1606 2746 1655 non,
2783 1595 2846 1643 ut
2885 1591 3105 1658 debuit,
3155 1591 3496 1662 repudiatus
3526 1592 3628 1647 sed

1987 1670 2299 1728 honorifice
2334 1692 2365 1728 a
2398 1693 2547 1746 papa
2574 1683 2660 1732 est
2691 1683 3022 1750 susceptus.

188 1746 332 1817 jam
364 1750 598 1856 tempus
649 1751 924 1819 instabat,
985 1770 1118 1808 cum
1152 1753 1342 1810 alieno
1407 1761 1648 1826 cuperet
1686 1756 1874 1811 vivere
1905 1793 1948 1856 Β
2054 1762 2106 1812 8.
2142 1761 2270 1814 Haec
2303 1763 2440 1817 dum
2476 1770 2749 1835 aguntur,
2785 1746 2977 1838 phoebi
3014 1766 3194 1823 radiis
3225 1783 3397 1840 grave
3428 1767 3630 1824 Cancri

202 1850 395 1890 more.
439 1836 736 1894 Mandavit
785 1840 958 1896 etiam
1013 1841 1210 1896 dolose
1259 1843 1560 1912 quaedam:
1622 1845 1868 1898 Leonem

201 1923 556 1996 episcopum
579 1931 637 1982 et
657 1927 984 1984 Johanncm
1004 1929 1308 1984 diaconem
1327 1931 1705 1997 cardinalem,
1732 1949 1870 1987 suos

204 2012 483 2069 infideles
516 2016 893 2088 suscepisset,
928 2022 984 2073 et
1017 2018 1155 2090 quia
1186 2020 1254 2053 ⁴⁸²
1286 2024 1523 2075 sanctus
1553 2020 1870 2091 imperator

209 2102 627 2173 promissionis
657 2123 777 2161 suae
804 2107 978 2162 ﬁdem
1000 2107 1422 2173 violaret,dum
1446 2125 1543 2164 eos
1562 2109 1660 2181 qui
1679 2109 1867 2165 coloci

210 2192 559 2259 manebant,
596 2211 709 2249 non
745 2194 855 2267 ipsi
891 2197 992 2251 sed
1022 2195 1484 2267 sibijuramento
1502 2197 1870 2270 astringeret.

217 2279 450 2342 Quibus
480 2281 830 2355 imperator:
899 2307 920 2334 ι
959 2286 1066 2340 Pro
1127 2287 1503 2353 correctione,
1558 2287 1768 2358 inquit,
1807 2305 1873 2342 ac

219 2385 456 2424 morum
490 2371 922 2438 immutatione,
953 2391 1131 2446 quam
1167 2374 1474 2446 promittit,
1507 2375 1868 2447 gratiasago;

220 2474 290 2514 ex
325 2460 732 2531 promissionis
762 2480 896 2518 vero
926 2464 1402 2528 commutatione,
1437 2465 1607 2534 cujus
1659 2482 1749 2519 me
1783 2482 1873 2518 ar-

219 2549 374 2619 guit,
408 2549 634 2617 fecisse,
669 2552 717 2606 si
749 2569 948 2608 verum
982 2552 1076 2618 sit,
1103 2552 1212 2624 ipsi
1247 2552 1604 2624 perpendite.
1629 2552 1873 2608 Omnem

217 2641 437 2692 terram
473 2641 660 2695 sancti
694 2641 998 2714 Petri,quze
1019 2646 1227 2696 nostra?
1241 2641 1509 2712 potestati
1526 2646 1872 2713 proveniret,

222 2726 608 2798 promisimus
639 2729 899 2798 reddere;
935 2735 1110 2802 atque
1143 2731 1198 2784 id
1238 2729 1318 2785 rei
1349 2734 1456 2795 est,
1491 2731 1642 2801 quod
1666 2747 1734 2785 ex
1768 2730 1875 2784 hac

223 2815 550 2872 munitione
582 2818 996 2891 Bcrengarium
1033 2835 1166 2874 cum
1197 2819 1356 2874 omni
1410 2819 1631 2873 familia
1664 2819 1874 2890 pellere

223 2901 585 2960 laboramus.
622 2908 744 2972 Quo
776 2907 929 2962 enim
950 2913 1118 2979 pacto
1136 2913 1348 2962 terram
1382 2907 1532 2961 hanc
1563 2907 1612 2960 ei
1636 2907 1874 2962 reddere

224 3006 567 3063 possumus,
603 2995 650 3050 si
684 3012 798 3050 non
827 2996 990 3068 prius
1021 3012 1147 3052 eam
1180 3012 1246 3050 ex
1275 2995 1660 3052 violentorum
1687 2994 1871 3050 mani-

222 3080 335 3137 bus
367 3087 646 3155 ereptam,
674 3085 946 3156 potestati
980 3088 1189 3141 nostraa
1223 3085 1548 3140 subdamus
1569 3085 1596 3138 ?
1621 3085 1870 3140 Leonem

223 3170 559 3245 episcopum
592 3177 649 3228 et
675 3173 1000 3230 Johannem
1022 3174 1871 3240 eardinalemdiaconem,suos
1903 3150 1945 3216 (αἶ

223 3257 510 3328 infideles,
544 3279 692 3333 quos
722 3279 830 3318 nos
861 3264 1191 3334 suscepisse
1215 3267 1470 3325 accusat,
1495 3262 1587 3317 his
1605 3261 1876 3334 tempori-

222 3347 336 3406 bus
368 3366 472 3406 nec
494 3349 769 3419 vidimus,
787 3369 891 3408 nec
911 3350 1873 3424 suscepimus;Constantinopolim

223 3439 438 3495 domno
471 3456 621 3512 papa
651 3457 749 3496 eos
765 3441 839 3496 ob
862 3441 1135 3510 injuriam
1157 3445 1416 3495 nostram
1440 3441 1874 3512 proficiscentes

229 3527 538 3601 dirigente,
569 3532 762 3602 Capue
788 3534 943 3594 sunt,
974 3534 1034 3584 ut
1054 3530 1411 3594 audivimus,
1433 3528 1606 3600 capti.
1629 3527 1874 3594 Quibus-

225 3631 354 3671 cum
380 3618 555 3673 etiam
571 3617 1134 3684 Saleccum,natione
1149 3618 1510 3690 Bulgarium,
1531 3617 1872 3672 educatione

233 3703 780 3778 Ungarium,domni
797 3725 958 3780 papaa
973 3705 1870 3772 familiarissimum,etZacheum

231 3792 418 3850 virum
450 3797 848 3868 reprobatum,
883 3793 1232 3852 divinarum'
1254 3800 1427 3868 atque
1474 3796 1866 3851 humanarum

227 3882 474 3939 inscium
505 3884 907 3951 litterarum,a
936 3887 1151 3942 domno
1177 3902 1329 3958 papa
1361 3886 1696 3957 episcopum
1721 3884 1868 3955 (453)

224 3973 445 4028 noviter
470 3980 898 4040 consecratum,
931 3979 986 4030 et
1018 3975 1287 4046 Ungariis
1311 3975 1381 4029 ad
1408 3974 1867 4048 praedicandum,

221 4064 286 4114 ut
315 4077 488 4132 super
516 4063 886 4131 nosirruant,
901 4062 1279 4128 destinatum,
1300 4062 1504 4117 eodem
1527 4066 1726 4132 captos
1740 4079 1867 4118 esse

226 4149 574 4204 audivimus.
610 4151 739 4206 Haec
772 4151 1055 4206 domnum
1071 4167 1280 4223 papam
1297 4149 1476 4205 nullis
1493 4151 1867 4206 narrantibus

219 4236 421 4294 fecisse
434 4239 801 4295 crederemus
816 4238 927 4295 nisi
942 4239 976 4293 li
987 4239 1323 4296 tterzefidem
1338 4239 1867 4310 admitterent,quze

219 4325 456 4399 plumbo
489 4327 728 4399 signata:
761 4329 850 4382 sui
872 4327 1126 4384 nominis
1144 4331 1465 4383 caracteres
1479 4332 1866 4382 monstrant.»

287 4417 339 4469 7.
373 4415 472 4470 His
498 4415 760 4487 expletis,
796 4416 1251 4472 Landohardum
1285 4433 1318 4470 a
1350 4415 1600 4485 Sayonia
1621 4415 1866 4470 Mimen-

1983 1848 2147 1903 sidus
2178 1849 2482 1907 inestuaus
2510 1853 2919 1924 imperatorem
2945 1855 3222 1910 Romanis
3253 1857 3484 1911 arcibus
3507 1873 3633 1929 pro-

1981 1935 2230 2006 pellebat
2260 1940 2436 2009 (Ιηί)
2470 1941 2578 1994 Sed
2610 1959 2745 1996 eum
2777 1942 3059 2013 virginale
3090 1944 3256 1999 sidus
3279 1948 3508 2015 gratam
3541 1960 3630 1999 re-

1981 2024 2150 2079 diens
2179 2028 2519 2097 temperiem
2543 2029 2733 2097 ferret,
2759 2029 3232 2102 collectiscopiis,
3257 2033 3409 2087 clam
3424 2032 3631 2087 Roma-

1982 2113 2072 2167 nis
2105 2114 2509 2183 invitantibus,
2545 2118 2786 2173 Romam
2821 2119 3055 2174 advenit
3078 2120 3438 2191 (Sept.).Quid
3470 2121 3629 2176 enim

1981 2200 2131 2256 clam
2155 2201 2424 2266 dixerim,
2458 2222 2590 2260 cum
2607 2207 3204 2276 majorltomanorum
3229 2225 3366 2279 pars
3385 2209 3630 2279 optima-

1983 2289 2128 2343 tium
2161 2290 2348 2345 sancti
2383 2291 2543 2346 Pauli
2575 2293 2877 2347 castellum
2915 2295 3210 2360 invaserit,
3244 2300 3632 2366 sanctumque

1982 2377 2392 2448 imperatorem
2426 2380 2732 2434 obsidibus
2762 2381 2934 2435 etiam
2969 2382 3123 2438 datis
3155 2382 3444 2438 invitavit?
3481 2384 3630 2449 Quid

1985 2485 2040 2520 m
2051 2466 2187 2521 ultis
2203 2467 2442 2538 morcr‘?j
2454 2473 2588 2522 uxta
2601 2486 2633 2522 u
2645 2469 2803 2523 rbem
2819 2474 3268 2525 castrametatus
3290 2470 3627 2542 imperator,

1986 2556 2170 2610 Roma
2192 2573 2341 2628 papa
2363 2557 2537 2610 simul
2553 2563 2728 2628 atque
2741 2557 3088 2628 Adalpcrtus
3112 2558 3442 2630 aufugiunt.
3467 2560 3632 2616 Cives

1984 2659 2118 2696 vero
2147 2643 2555 2714 imperatorem
2591 2649 2861 2700 sanctum
2915 2661 3048 2700 cum
3095 2647 3220 2701 suis
3267 2646 3630 2702 omnibusin

1984 2732 2186 2786 urbem
2219 2729 2566 2802 suscipiunt,
2587 2731 2925 2788 fidelitatem
2948 2734 3381 2806 repromittunt;
3405 2735 3512 2790 boc
3535 2736 3634 2791 ad-

1982 2820 2183 2874 dentes
2213 2824 2269 2874 et
2290 2821 2535 2875 firmiter
2553 2821 2824 2898 jurantes
2848 2839 3171 2895 numquam
3194 2840 3256 2879 se
3285 2841 3498 2896 papam
3519 2824 3631 2882 ele-

1983 2913 2180 2964 cturos
2210 2910 2276 2942 “3
2305 2915 2408 2964 aut
2434 2911 2803 2966 ordinaturos
2827 2915 3033 2983 praeter
3051 2930 3402 2968 consensum
3435 2918 3491 2969 et
3516 2913 3629 2970 ele-

1983 2997 2230 3053 ctionem
2262 2999 2458 3054 domni
2492 2999 2859 3071 imperatoris
2877 3000 3340 3057 Ottoniscesaris
3369 3004 3628 3076 augusti,

1984 3085 2205 3157 filiique
2237 3087 2424 3158 ipsius
2456 3088 2608 3159 regis
2640 3089 2891 3144 Ottonis.

2053 3176 2107 3228 9.
2144 3175 2280 3230 Post
2309 3176 2593 3240 triduum,
2619 3176 3096 3247 rogantibustam
3124 3178 3630 3253 Romanisepisco-

1984 3263 2074 3334 pis
2107 3279 2281 3334 quam
2314 3263 2501 3334 plebe,
2537 3281 2786 3335 magnus
2819 3265 2878 3318 in
2911 3265 3096 3320 sancti
3121 3267 3272 3322 Petri
3299 3268 3545 3324 ecclesia
3565 3271 3630 3325 fit

1983 3355 2322 3416 conventus,
2355 3351 2745 3422 sederuntque
2777 3369 2910 3406 cum
2945 3353 3292 3424 imperatore
3344 3355 3628 3428 archiepi-

1982 3440 2164 3510 scopi,
2186 3440 2256 3494 ab
2272 3439 2434 3494 Italia
2449 3457 2550 3510 pro
2566 3439 3259 3512 IngelfrcdoAquilegensi
3275 3443 3624 3512 patriarcha,

1983 3545 2158 3600 quem
2194 3529 2250 3581 in
2281 3527 2481 3582 eadem
2515 3528 2658 3582 urbe
2690 3528 2936 3600 languor
2967 3534 3224 3599 repente,
3256 3533 3321 3584 ut
3351 3531 3436 3596 ﬁt,
3461 3535 3626 3588 ortus

1981 3616 2092 3672 arri
2103 3615 2448 3687 puerat,Rod
2459 3614 2510 3670 al
2521 3615 2684 3670 fus‘“
2709 3614 3185 3679 diaconus,Wa1d
3194 3619 3391 3687 pertus
3409 3617 3626 3675 Medio-

1981 3705 2261 3770 lanensis,
2295 3705 2496 3760 Petrus
2511 3705 2834 3771 Ravennas;
2855 3721 2887 3758 a
2904 3703 3424 3771 Saxonia,Adcltac
3435 3706 3628 3763 archi-

1979 3794 2288 3867 episcopus
2317 3797 2373 3848 et
2405 3792 2825 3849 Landohardus
2855 3791 3164 3865 episc0pus
3185 3793 3623 3868 Mimendensis;

1978 3902 2011 3940 a
2041 3881 2300 3948 Francia,
2336 3881 2606 3938 Otkerius
2636 3881 2944 3953 episcopus
2977 3881 3289 3954 Spirensis.
3325 3883 3623 3957 Hupertus

1978 3972 2332 4040 Parmensis;
2365 3973 2437 4026 ab
2488 3971 2673 4039 Italia,
2727 3971 3138 4043 Liudprandus
3185 3972 3621 4043 Cremonensis,

1977 4061 2401 4118 Hermenaldus
2431 4061 2731 4132 chensis;
2748 4061 3383 4129 aTuscia,Cuonradus
3407 4065 3624 4121 “‘an-

1977 4151 2187 4219 censis,
2220 4150 2525 4206 Everarius
2563 4149 2895 4216 Aritiensis,
2928 4149 3173 4205 Pisanus
3203 4152 3272 4186 ⁴⁴⁶
3299 4152 3618 4222 Seniensis,

1977 4239 2302 4294 Florentius
2334 4237 2697 4294 Pestruensis
2728 4238 2896 4308 (15-1),
2930 4237 3134 4293 Petrus
3171 4240 3618 4307 Camerinensis,

1977 4327 2330 4398 Spoletinus;
2362 4344 2395 4381 a
2423 4327 2724 4392 Romanis,
2760 4325 3073 4396 Gregorius
3104 4325 3471 4394 Albanensis,
3491 4327 3620 4382 Sico

1977 4414 2320 4481 Hostiensis,
2354 4413 2700 4468 Benedictus
2731 4413 3088 4477 Portuensis,
3123 4413 3376 4469 Lucidus
3396 4414 3621 4470 Gaven-

218 4504 452 4559 densem
487 4509 543 4560 et
575 4504 1014 4576 Liudprandum
1068 4505 1138 4559 ab
1173 4502 1337 4558 Italia
1389 4503 1864 4571 Cremonensem,
1895 4511 1941 4576 D
1974 4504 2075 4571 sis,
2110 4500 2566 4573 Theophilactus
2596 4500 3010 4568 Praenestinus,
3046 4501 3218 4555 Wido
3261 4501 3426 4556 Silvae
3475 4519 3617 4558 can-

218 4593 538 4666 episcopos,
573 4611 706 4650 cum
765 4594 1020 4665 praefatis
1066 4592 1288 4648 nuntiis
1347 4595 1589 4646 Romam
1637 4591 1856 4662 dirigit,

219 4684 426 4738 domno
457 4700 617 4755 papae
636 4700 697 4738 se
715 4682 1105 4754 incupabilem
1121 4698 1248 4736 esse
1275 4681 1698 4736 satisfacturos.
1714 4680 1860 4743 Quo-

219 4788 346 4827 rum
375 4771 547 4826 etiam
579 4770 866 4825 militibus
885 4770 991 4825 hoc
1011 4769 1854 4841 imperatorjustusimposuit,

219 4867 283 4916 ut
310 4861 354 4916 si
383 4877 550 4916 secus
582 4861 835 4916 domnus
866 4876 1143 4932 papanon
1173 4860 1425 4925 credere,
1447 4858 1640 4913 duello
1655 4875 1855 4914 verum

1967 4593 2132 4659 didae,
2168 4593 2276 4647 Leo
2308 4590 2742 4658 Veletrinensis,
2779 4590 2916 4645 Dico
2949 4589 3616 4662 Bledensis,Stepbanus

1967 4679 2556 4746 Cerensis,Johannes
2569 4679 2917 4750 Nepesinus,
2935 4678 3235 4734 Johannes
3247 4678 3612 4751 Tiburtinus,

1964 4771 2261 4827 Johannes
2295 4767 2931 4839 Forocludensis(155),
2962 4767 3258 4822 Romanus
3284 4769 3613 4826 Feretinen-

1966 4861 2066 4925 sis,
2099 4858 2399 4914 Johannes
2429 4857 2789 4924 Normensis,
2809 4856 3105 4911 Johannes
3127 4857 3476 4926 Berulensis,
3497 4859 3617 4914 Μα-

219 4966 340 5005 esse
369 4950 776 5021 approbarent.
839 4949 1065 5004 Prtefati
1118 4947 1297 5020 igitur
1350 4946 1770 5003 Landohardus
1802 4953 1858 5002 et
1964 4949 2130 5002 rinus
2181 4947 2476 5014 Sutrinus,
2536 4945 2831 5000 Johannes
2891 4945 3252 5013 Narniensis,
3311 4945 3612 5007 Jobannes

1711 5097 1950 5154 VARI/IS
1987 5097 2404 5154 LECTIONES.

287 5206 350 5242 ‘3’
377 5206 762 5336 apénlicatione
783 5206 811 5261 ‘?
882 5207 952 5241 “0
981 5206 1227 5278 pudebis
1262 5207 1312 5260 1.
1389 5206 1455 5239 “¹
1490 5206 1744 5286 beridari

222 5279 271 5336 1.
341 5278 405 5313 “5
478 5279 737 5336 uoradus
763 5279 813 5334 1.
889 5279 956 5314 ⁴⁴⁶
987 5278 1153 5334 codex
1181 5278 1270 5333 hic
1298 5291 1409 5331 non
1448 5277 1765 5344 dzstmguzt.

479 5205 762 5263 .licatione
783 5206 811 5261 '?
882 5207 952 5241 “0
981 5205 1227 5278 pudebis
1262 5207 1312 5260 1.
1389 5205 1455 5239 “¹
1478 5203 1744 5278 ῥεῖ-ἱᾶεηί
1775 5205 1827 5274 4,
1903 5206 1972 5240 ⁴⁴²
2003 5205 2143 5278 quia
2170 5213 2221 5262 et
2249 5205 2393 5260 linea
2409 5205 2654 5276 sequenti
2673 5203 2896 5275 quodI.
2968 5203 3369 5265 “selecturo1.
3439 5205 3508 5243 ‘“
3530 5209 3610 5266 ita

1865 5390 2097 5449 ΝΟΤᾸΞ.

309 5492 427 5560 152)
457 5491 619 5548 Sedit
647 5509 799 5548 anno
829 5492 954 5562 962,
992 5495 1120 5548 Dec.
1153 5522 1220 5532 —
1244 5491 1349 5548 963
1382 5490 1554 5549 Maat.

309 5563 427 5638 153)
459 5564 663 5624 Gezani
693 5580 870 5642 prope
899 5562 1170 5623 Velitras.

2037 5491 2184 5562 (151)
2218 5492 2258 5547 i.
2291 5505 2338 5546 ε.
2373 5489 2742 5562 Florentinus
2770 5487 3138 5548 Pistoiensis.

2030 5557 2184 5634 (155)
2215 5562 2426 5622 Forum
2453 5561 2680 5633 Claudii
2708 5578 2890 5640 prope
2917 5563 3184 5640 Catinam
3212 5559 3352 5628 olim
3397 5557 3602 5638 σίιυω,
