4068 6178
354 299 471 357 909

1817 309 2158 373 LEGATIO
2204 313 2322 375 CP.

3659 323 3785 390 910

352 431 848 527 quemadmodum
880 450 913 488 a
941 432 1064 489 suis
1085 434 1350 527 cognatis
1373 437 1430 489 et
1451 433 1879 527 familiaribus,
1907 441 2007 512 qui
2038 443 2094 510 Α
2122 445 2542 516 apostolicatus
2573 449 2809 509 culmen
2842 453 3110 527 elegisti?
3131 454 3283 511 Num
3315 453 3562 511 inficiari
3591 459 3777 527 potes,

346 523 663 592 praesentes
692 526 876 591 erant,
909 539 1148 596 persepe
1187 523 1296 580 sub
1341 524 1722 584 attestatione
1772 529 2014 585 audivi-

347 609 562 665 vimus.

417 700 506 754 21.
530 699 650 763 Quo
677 705 926 769 mortuo,
957 702 1200 758 Romani
1233 704 1807 774 omnes,juramenti
1849 710 2009 778 quod

345 792 547 844 sancto
579 788 966 861 promiserant
992 790 1328 864 imperatori
1373 792 1777 860 immemores,
1815 796 2009 852 Bene-

343 877 570 933 dictum
601 879 957 936 cardinalem
991 881 1292 938 diaconcm
1343 899 1557 954 papam
1603 885 2006 952 constituunt,

339 967 588 1040 insuper
606 971 663 1023 et
682 968 1038 1038 juramento,
1053 987 1359 1042 nunquam
1383 986 1444 1025 se
1467 987 1598 1026 eum
1616 971 2004 1043 dimissuros,

339 1057 445 1112 sed
477 1063 680 1112 contra
708 1074 842 1114 eum
869 1059 1237 1130 imperatoris
1263 1059 1590 1132 potentiam
1625 1061 2004 1133 defensuros,

334 1147 714 1218 promittunt.
749 1147 870 1211 Quo
901 1148 1120 1215 audito,
1146 1147 1466 1221 Imperator
1498 1149 1703 1205 urbem
1736 1149 2004 1219 vallavit,

337 1235 664 1303 neminem,
692 1235 794 1308 qui
812 1253 924 1292 non
968 1237 1247 1293 membris
1287 1242 1675 1306 truncaretur,
1695 1239 1857 1295 exire
1882 1259 2008 1313 per-

332 1323 542 1392 misit;
577 1323 864 1379 machinis
889 1328 947 1381 et
973 1324 1125 1381 fame
1157 1343 1344 1398 usque
1382 1327 1526 1382 adeo
1559 1326 1786 1395 afflixit,
1811 1328 2004 1387 donec

333 1413 621 1470 Romanis
639 1412 970 1469 nolentibus
993 1414 1198 1469 urbem
1219 1415 1518 1487 reciperet,
1536 1416 1786 1472 Leonem
1803 1417 2000 1474 virum

328 1501 731 1578 venerabilem
791 1503 994 1558 debita)
1058 1504 1183 1559 sedi
1237 1504 1565 1559 restitueret
1597 1506 1744 1576 (Jun.
1779 1507 1896 1578 23).
1933 1525 1999 1563 ac

331 1592 718 1648 Benedictum
731 1609 973 1648 summae
1004 1593 1162 1648 sedis
1181 1592 1508 1649 invasorem
1523 1594 1650 1664 ejus
1668 1610 1894 1665 praesen
1907 1597 1997 1651 tia;

329 1685 737 1754 praesentaret.

405 1774 496 1826 22.
520 1770 931 1827 Residentibus
969 1771 1167 1843 itaque
1199 1772 1417 1826 domno
1450 1771 1637 1827 Leone
1667 1788 1907 1829 summo
1937 1779 1996 1830 et

332 1859 654 1917 universali
688 1877 839 1933 papa
866 1859 925 1915 in
957 1859 1202 1917 ecclesia
1241 1860 1639 1927 Lateranensi,
1675 1876 1904 1918 necnon
1935 1867 1992 1918 et

327 1950 685 2022 imperatore
725 1948 1098 2004 sanctissimo
1132 1949 1364 2015 Ottona,
1397 1948 1688 2022 episcopis
1745 1949 1990 2022 insuper

329 2039 638 2107 Romanis,
657 2038 892 2106 Italicis,
912 2039 1338 2111 aLotharingia
1362 2045 1416 2092 et
1434 2039 1684 2094 Saxonia
1705 2040 1988 2112 archiepi-

327 2131 550 2202 scopis,
584 2128 894 2201 episcopis.
931 2127 1294 2200 presbiteris,
1322 2126 1986 2202 diaconibus,omnique

327 2224 730 2276 Romanorum
764 2217 953 2289 plebe,
973 2233 1225 2289 quorum
1249 2216 1492 2272 nomina
1514 2219 1582 2252 ‘5'
1604 2217 1845 2274 inferius
1876 2219 1983 2274 ad-

329 2309 690 2374 scribentur,
733 2306 966 2362 advenit
1013 2306 1380 2372 Benedictus,
1433 2306 1764 2378 apostolicae
1825 2308 1985 2363 sedis

327 2398 802 2462 invasor,eorum
829 2395 927 2466 qui
952 2412 1014 2452 se
1033 2393 1329 2467 elegerant
1363 2395 1638 2450 manibus
1669 2395 1982 2463 adductus,

329 2484 768 2560 pontificalibus
796 2484 1058 2539 vestibus
1097 2484 1359 2539 indutus.
1394 2486 1578 2549 Quem
1639 2484 1984 2540 Benedictus

327 2574 647 2632 cardinalis
678 2572 1125 2629 archidiaconus
1155 2572 1256 2628 tali
1290 2588 1561 2629 sermone
1623 2574 1939 2645 adgressus
1965 2591 1978 2628 ε

328 2689 360 2714 ‹‹
401 2666 525 2728 Qua
570 2662 675 2718 tibi
720 2662 1081 2730 auctoritate,
1116 2678 1302 2732 quave
1333 2661 1478 2733 lege,
1513 2679 1545 2718 ο
1578 2663 1829 2731 invasor,
1861 2661 1983 2717 haec

326 2752 688 2826 pontiﬁcalia
739 2751 1084 2805 indumenta
1142 2751 1468 2821 usurpasti,
1504 2751 1818 2822 superstite
1874 2750 1982 2805 hoc

319 2842 595 2916 presenti
619 2841 833 2896 domno
853 2844 1048 2895 nostro
1061 2838 1374 2894 venerabili
1399 2855 1550 2910 papa
1573 2840 1784 2906 Leone,
1805 2855 1981 2910 quem

318 2939 390 2988 tu
443 2932 770 2998 nobiseum,
805 2933 1073 2986 accusato
1122 2934 1180 2984 et
1233 2929 1541 3000 reprobato
1589 2929 1874 2995 Johanne,
1910 2928 1980 2984 ad

2125 537 2397 605 praesenti
2422 539 2638 595 domno
2672 541 3007 614 imperatori
3034 544 3374 615 juramento
3434 543 3779 616 promisisse

2123 640 2432 696 nunquam
2447 631 2502 682 te
2534 645 2666 684 cum
2692 631 2900 688 ceteris
2928 633 3209 689 Romanis
3222 649 3433 706 papam
3455 631 3781 689 electurum

2122 716 2226 767 aut
2248 713 2658 773 ordinaturum
2694 719 2918 793 absque
2936 721 3094 777 illius
3125 721 3344 794 ﬁliique
3359 722 3487 792 ejus
3503 720 3658 794 regis
3681 721 3780 777 Ot-

2120 801 2280 855 tonis
2312 807 2634 862 consensu!
2675 831 2703 857 »
2733 809 3081 866 Benedictus
3112 811 3448 883 respondit:
3484 833 3512 860 «
3543 810 3603 864 Si
3635 810 3776 882 quid

2120 890 2376 960 peccavi,
2412 892 2770 952 miseremini
2804 899 2940 955 mei.
2968 922 2996 948 ››
3021 901 3183 956 Tunc
3214 899 3536 972 imperator
3572 899 3777 956 effusis

2116 975 2404 1044 lacrimis,
2432 998 2610 1053 quam
2644 984 2977 1044 misericors
3003 993 3158 1044 esset
3183 988 3518 1055 ostendens,
3553 988 3779 1059 rogavit

2118 1068 2432 1138 synodum,
2452 1088 2521 1126 ne
2559 1073 2834 1130 Benedito
2864 1077 3270 1148 praejudicium
3304 1077 3486 1131 fieret.
3513 1075 3574 1131 Si
3603 1075 3776 1134 vellet

2116 1161 2174 1209 et
2207 1161 2426 1228 posset,
2458 1159 2528 1214 ad
2562 1160 2920 1234 interrogata
2971 1165 3353 1236 responderet
3400 1179 3771 1237 causamque

2115 1261 2288 1299 suam
2322 1247 2687 1317 defenderet;
2713 1253 2868 1321 quod
2899 1252 2948 1306 si
2981 1270 3099 1308 non
3131 1256 3332 1324 posset
3347 1256 3449 1306 aut
3479 1251 3769 1322 nollet,ac

2113 1350 2177 1388 se
2208 1334 2562 1407 culpabilem
2594 1339 2878 1407 redderet,
2895 1343 3090 1396 tamen
3110 1357 3214 1413 pro
3238 1340 3453 1396 timore
3467 1339 3564 1396 Dei
3586 1341 3770 1398 mise-

2111 1421 2428 1479 ricordiam
2449 1424 2706 1497 aliquam
2740 1427 3041 1485 inveniret.
3063 1431 3185 1495 Quo
3217 1429 3441 1498 audito,
3478 1430 3550 1486 ad
3568 1429 3769 1488 domni

2113 1510 2324 1566 Leonis
2355 1529 2514 1585 papae
2530 1515 2704 1585 pedes
2724 1515 3028 1588 ipsiusque
3055 1517 3436 1589 imperatoris
3458 1517 3645 1575 isdem
3664 1521 3768 1577 Be-

2108 1599 2382 1656 nedictus
2415 1603 2636 1657 concite
2659 1604 2984 1675 procidens,
3009 1622 3072 1662 se
3093 1623 3339 1678 pecasse
3359 1607 3448 1675 ‘70,
3473 1623 3535 1664 se
3556 1614 3768 1666 sancta;

2109 1688 2383 1743 Romanae
2409 1689 2563 1745 sedis
2587 1690 2910 1748 invasorem
2932 1711 3082 1762 esse,
3103 1693 3475 1753 acclamavit.
3492 1697 3630 1755 Post
3647 1699 3769 1756 haec

2106 1775 2351 1848 pallium
2386 1779 2497 1834 sibi
2532 1779 2794 1848 abstulit,
2823 1784 2977 1854 quod
3028 1783 3208 1839 simul
3264 1801 3406 1841 cum
3446 1787 3768 1860 pontificali

2103 1865 2309 1934 ferula,
2336 1884 2516 1939 quam
2567 1885 2745 1924 manu
2803 1872 3090 1942 gestabat,
3124 1873 3350 1930 domno
3389 1892 3551 1950 papa;
3594 1878 3769 1936 Leoni

2098 1954 2372 2011 reddidit.
2389 1956 2574 2020 Quam
2597 1958 2842 2014 ferulam
2856 1959 3044 2016 isdem
3059 1977 3213 2032 papa
3235 1961 3433 2036 fregit,
3448 1970 3504 2022 et
3517 1966 3762 2025 fractam

2099 2043 2315 2115 populo
2347 2046 2624 2114 ostendit,
2654 2047 2865 2104 Deinde
2897 2049 3283 2106 Benedictum
3309 2052 3371 2108 in
3387 2057 3542 2112 terra
3558 2057 3761 2115 sedere

2097 2132 2388 2204 prmcepit.
2411 2132 2515 2188 Cui
2544 2133 2827 2202 casulam,
2848 2151 3028 2207 quam
3053 2135 3355 2208 planetam
3381 2143 3605 2215 dicunt,
3630 2163 3765 2205 cum

2097 2219 2246 2275 stola
2275 2222 2497 2292 pariter
2518 2222 2785 2279 abstulit.
2805 2223 2940 2280 Post
2956 2229 3157 2280 autem
3178 2231 3764 2309 omnibusepiscopis

2096 2309 2280 2364 dixit:
2317 2333 2345 2358 «
2382 2310 3014 2379 Benedictum,sanctae
3044 2313 3327 2373 Romana:
3348 2325 3406 2376 et
3425 2324 3757 2394 apostolica

2095 2397 2254 2453 sedis
2283 2397 2640 2464 invasorem,
2662 2400 2820 2454 omni
2851 2401 3232 2472 pontificatus
3258 2411 3318 2461 et
3338 2409 3760 2482 prespiteratus

2093 2483 2312 2540 honore
2328 2486 2730 2556 privamus;ob
2748 2487 3128 2545 elemosinam
3147 2506 3284 2548 vero
3299 2494 3499 2552 domni
3513 2498 3760 2571 impera-

2094 2572 2238 2627 toris
2267 2573 2518 2641 Ottonis,
2545 2577 2716 2645 cujus
2740 2592 2950 2633 sumus
2977 2593 3154 2648 Opera
3175 2577 3236 2634 in
3269 2583 3470 2640 sedem
3497 2586 3754 2646 debitam

2093 2661 2370 2729 restituti,
2391 2663 2738 2719 diaconatus
2763 2682 2899 2720 eum
2931 2665 3197 2721 ordinem
3220 2667 3438 2728 habere
3459 2676 3754 2745 permitti-

2093 2765 2248 2817 mus,
2281 2755 2340 2806 et
2372 2769 2485 2807 non
2509 2753 2638 2823 jam
2682 2753 2898 2824 Romae,
2927 2755 3028 2810 sed
3074 2754 3132 2810 in
3180 2756 3419 2815 exilium
3465 2763 3536 2818 ad
3595 2767 3751 2837 quod

2094 2839 2325 2896 destina
2356 2841 2442 2896 ‘7'.

1685 3045 1923 3100 VARLE
1964 3045 2374 3101 LECTIONES.

404 3150 475 3184 ⁶⁶⁰
540 3166 642 3205 nra
707 3149 755 3203 1.
832 3149 899 3183 ‘70
966 3149 1006 3202 i.
1085 3164 1132 3203 c.
1213 3163 1488 3218 pccfasse
1563 3148 1626 3182 ‘7‘

1697 3143 1778 3202 ua
1838 3145 2005 3202 codex
2070 3146 2122 3200 1.

2189 3147 2561 3220 ﬁnithmedia
2622 3149 2680 3204 in
2745 3151 2911 3220 pagia
2976 3155 3028 3206 ei
3094 3153 3256 3209 initio
3323 3155 3507 3214 lineae.
3579 3157 3742 3216 Codd.

321 3225 386 3278 2.
419 3229 473 3277 et
497 3222 548 3276 4.
579 3220 760 3275 eodem
814 3220 991 3274 modo.
1026 3222 1114 3274 set
1140 3217 1470 3272 inexilium
1526 3218 1890 3274 destinamus
1918 3220 1972 3272 5.
2006 3217 2104 3272 Set
2134 3217 2195 3271 in
2227 3218 2398 3274 exilio
2456 3217 2828 3276 destinam-us
2851 3223 2888 3276 5
2917 3237 2968 3276 a.
3005 3227 3093 3277 set
3150 3224 3208 3280 in
3265 3225 3502 3282 exilium
3561 3228 3746 3284 desti-

327 3309 547 3350 namus
579 3291 709 3347 ediu
738 3294 788 3346 et
817 3292 1116 3346 Albericus.
1152 3289 1439 3345 Sententia
1451 3305 1666 3362 poscere
1694 3290 1911 3345 videtur
1938 3306 1960 3351 ;
1991 3287 2321 3344 destinatus
2353 3293 2442 3345 est
2471 3292 2660 3345 abeat.

327 3429 1813 3464 m

1821 3429 3744 3470 W

1503 3573 2574 3674 ιιυτιιιιΑΝυι

1612 3769 2110 3826 CREMONENSIS
2147 3769 2464 3826 EPISCOPI

370 3951 948 4078 BELATIO
997 3954 1164 4076 DE
1216 3949 1984 4076 LEGATIONE
2029 3947 3692 4082 CONSTANTINOPOLITANA.

411 4256 647 4312 Ottones
661 4257 1055 4312 Romanorum
1075 4253 1989 4325 invietissimosimperatoresau-
2018 4252 2060 4318 C
2100 4269 2204 4309 nec
2229 4253 2478 4310 calorem
2502 4254 3517 4327 repelleret,inclusisumus;armati
3532 4258 3747 4316 milites

334 4351 566 4418 gustos,
585 4341 1544 4418 gloriosisimamqueAdelheidem
1560 4342 1988 4414 imperatricem

337 4438 672 4505 augustam,
691 4433 1103 4505 Liudprandus
1119 4433 1187 4466 ‘7’
1213 4435 1425 4486 sancta:
1453 4429 1862 4486 Cremonensis
1892 4447 1990 4484 ec-

337 4522 528 4578 clesiae
549 4523 881 4594 episcopus,
909 4537 1144 4593 semper
1163 4519 1372 4588 valere,
1404 4518 1754 4591 prosperari,
1783 4519 1987 4574 trium-

338 4609 807 4684 phare,anhelat,
831 4610 1146 4674 desiderat,
1176 4612 1357 4679 optat.

414 4701 464 4753 1.
496 4698 642 4762 Quid
675 4716 862 4754 causa:
897 4698 1094 4764 fuerit,
1121 4698 1276 4769 quod
1310 4695 1474 4768 prius
1516 4695 1742 4752 litteras
1775 4697 1841 4730 ‘73
1871 4695 1991 4751 sive

341 4789 612 4843 nuntium
645 4804 842 4843 meum
874 4804 990 4842 non
1021 4786 1420 4858 susceperitis,
1447 4784 1592 4840 ratio
1623 4785 1992 4856 subsequens

338 4875 878 4932 declarabit.Pridie
891 4877 1084 4931 Nonas
1097 4874 1256 4930 Junii
1272 4873 1826 4945 Constantinopolim
1843 4874 1992 4929 veni-

342 4982 499 5029 mus,
531 4969 587 5021 et
617 4966 688 5020 ad
721 4963 1138 5021 contumeliam
1164 4967 1414 5019 vestram
1439 4962 1685 5034 turpiter
1710 4964 1987 5034 suscepti,

342 5053 597 5126 graviter
625 5055 960 5126 tupiterque
985 5068 1194 5108 sumus
1219 5051 1480 5119 tractati;
1509 5049 1722 5122 palatio
1753 5052 1988 5123 quidem

344 5141 489 5199 satis
511 5159 724 5216 magno
745 5147 803 5200 et
832 5147 1055 5214 aperto,
1073 5141 1225 5214 quod
1251 5157 1354 5196 nec
1375 5139 1559 5212 frigus
1582 5144 1821 5209 arceret,
1844 5139 1992 5195 sicut

2099 4341 2349 4413 appositi
2363 4347 2500 4397 sunt
2522 4345 2812 4413 custodes,
2831 4345 2930 4416 qui
2955 4347 3102 4403 meis
3119 4347 3395 4403 omnibus
3417 4347 3636 4402 exitum
3655 4349 3743 4419 νη,

2100 4429 2322 4484 cazteris
2345 4429 2719 4501 prohiberent
2735 4431 3086 4505 ingressum.
3106 4435 3327 4490 Domus
3344 4433 3473 4506 ipsa
3493 4433 3635 4490 solis
3649 4452 3745 4492 no-

2101 4518 2190 4574 bis
2215 4519 2457 4574 inclusis
2478 4519 2694 4590 pervia,
2720 4537 2753 4574 a
2771 4519 2985 4590 palatio
3016 4522 3158 4577 adeo
3178 4527 3560 4593 sequestrata,
3585 4527 3651 4578 ut
3675 4539 3742 4580 eo

2100 4607 2269 4662 nobis
2288 4625 2400 4662 non
2418 4607 2950 4679 equitantibus,sed
2970 4609 3429 4676 ambulantibus,
3446 4609 3743 4667 anhelitus

2101 4700 2488 4751 truncaretur.
2505 4696 2758 4751 Accessit
2774 4697 2847 4752 ad
2865 4697 3258 4754 calamitatem
3280 4703 3564 4766 nostram,
3586 4700 3743 4772 quod

2101 4786 2426 4840 Grzecorum
2442 4786 2643 4840 vinum
2656 4785 2729 4840 ob
2745 4786 3256 4860 picis,tadaa,gypsi
3269 4787 3745 4844 commixtionem

2102 4874 2270 4929 nobis
2288 4874 2624 4946 impotabile
2642 4876 2768 4928 fuit.
2790 4875 3009 4930 Domus
3024 4874 3151 4946 ipsa
3174 4879 3297 4931 erat
3312 4875 3622 4948 inaquosa,
3642 4892 3748 4932 nec

2102 4961 2259 5016 sitim
2284 4962 2490 5017 saltem
2518 4979 2668 5033 aqua
2682 4963 3048 5035 exstinguere
3065 4961 3386 5034 qulvimus,
3405 4981 3580 5036 quam
3613 4966 3752 5022 data

2101 5051 2348 5123 pecunia
2381 5067 2728 5106 emeremus.
2755 5051 2900 5107 Huic
2928 5068 3141 5124 magno
3173 5068 3274 5116 va,
3307 5069 3386 5107 vae
3419 5051 3580 5108 aliud
3612 5069 3750 5126 apo-

2101 5139 2279 5195 situm
2297 5139 2586 5207 est,homo
2601 5137 2745 5194 scili.
2757 5181 2793 5196 ..
2808 5156 2976 5195 orum
2990 5139 3056 5175 ‘7‘
3067 5144 3266 5197 custos
3278 5183 3292 5211 ,
3311 5141 3412 5213 qui
3425 5140 3751 5198 cotidianos

1695 5263 1935 5319 VARL’E
1975 5263 2384 5318 LECTIONES.

417 5365 484 5399 ⁴⁷²
536 5365 617 5420 ita
663 5364 862 5436 ubique
917 5364 1131 5418 correxi
1172 5379 1184 5429 ;

1244 5361 1639 5434 luitiprandus
1700 5362 1956 5434 Canisius
2005 5361 2191 5418 edidit.
2269 5362 2336 5395 ‘73
2393 5360 2591 5434 literas
2651 5361 2858 5425 C;uui
2913 5363 3081 5419 etiam
3134 5362 3340 5434 millia,
3398 5362 3584 5430 littus,
3644 5377 3753 5432 op-

385 5439 651 5502 ortunus,
702 5432 852 5499 imo,
915 5436 1168 5501 tentare,
1231 5432 1526 5496 solennis,
1589 5432 2002 5504 quotidianus,
2050 5435 2380 5504 quatenus,
2436 5432 2848 5504 eleemosyna,
2908 5434 3201 5501 Joannes,
3255 5432 3752 5504 nunciusucontra

387 5505 990 5586 iudprandimribqndi
1020 5507 1295 5586 retionem
1329 5505 1572 5586 ςῳρνξτηί
1598 5502 1747 5586 fecit,
1781 5502 2304 5586 quodcorréximu‘a.
2382 5503 2450 5586 “f
2475 5502 2716 5562 exitium
2749 5505 2806 5565 C.
2880 5506 2948 5543 ‘7‘
2979 5505 3290 5566 Seiliorum
3320 5507 3396 5564 al.
3422 5502 3747 5564 Siciliorum

347 5577 406 5641 ο.
428 5573 662 5657 fortasse
693 5577 988 5654 legendum
1022 5593 1035 5635 :
1072 5575 1246 5636 homo
1277 5573 1500 5636 scilicet
1525 5573 1858 5643 nostrorum
1890 5573 2288 5654 (domorum?)
2319 5578 2534 5636 custos.
