4030 6184
364 280 434 344 ει
447 280 482 342 Ι.

1323 275 1800 339 LlUTPRANDI
1845 272 2397 339 CREMONENSIS
2442 277 2819 340 EPISCOPI.

3617 279 3710 337 9η

369 416 642 486 sumptus
663 412 962 485 praberet,
977 410 1336 468 cuisimilem
1353 412 1401 467 si
1420 411 1704 482 requiras,
1722 427 1834 466 non
1863 415 2021 466 terra
2040 411 2098 480 Α
2129 411 2242 467 duo
2261 411 2483 482 parvuli
2503 410 3064 484 imperatores(159),
3089 409 3220 481 ejus
3235 408 3519 483 quondam
3532 409 3716 468 domini

369 503 470 559 sed
492 502 758 560 infernus
783 501 979 558 forsan
1003 501 1200 570 dabit;
1229 501 1279 557 is
1301 501 1456 556 enim
1479 499 1757 572 quiequid
1779 499 2014 554 calami-

368 591 823 666 tatis,quicquid
859 590 1097 664 rapinas,
1122 590 1360 663 quicqid
1391 589 1704 661 dispendii,
1736 589 2015 662 quicquid

366 680 586 748 luctus,
615 680 901 753 quidquid
936 680 1186 737 miseria“:
1217 677 1544 752 excogitare
1593 679 1805 751 potuit,
1848 677 2020 750 quasi

364 772 593 826 torrens
623 769 919 825 inundans
950 768 1010 824 in
1044 786 1150 824 nos
1179 768 1403 824 effudit.
1435 768 1550 823 Nec
1576 767 1634 822 in
1667 772 1902 823 centum
1938 767 2018 819 vi-

367 857 516 931 ginti
547 846 755 914 diebus
777 875 896 913 una
924 857 1132 914 saltem
1158 857 1455 930 praeteriit,
1475 873 1602 928 quae
1630 874 1745 912 non
1767 856 2022 929 gemitus

371 946 550 1004 nobis
575 948 856 1020 prazberet
887 952 943 1002 et
975 946 1189 1002 luctus.

441 1039 496 1092 2.
512 1035 701 1092 Pridie
714 1037 908 1092 Nonas
919 1035 1102 1103 Junii,
1120 1040 1184 1090 ut
1200 1036 1470 1107 superius
1489 1035 1856 1107 scripsimus,
1882 1034 2024 1088 Con-

377 1124 820 1198 stantinopolim
854 1130 989 1181 ante
1011 1129 1239 1198 portam
1274 1128 1513 1180 Baream
1550 1124 1618 1157 ιτα
1649 1123 1938 1187 venimus,
1969 1125 2028 1176 et

379 1232 567 1286 usque
589 1215 661 1270 ad
687 1215 1060 1270 undecimam
1079 1214 1282 1268 horam
1309 1212 1775 1284 cumequis,non
1800 1210 2030 1278 modica

383 1304 598 1376 pluvia,
614 1303 1065 1376 expectavimus.
1084 1301 1404 1358 Undecima
1416 1319 1548 1357 vero
1566 1302 1710 1356 hora
1731 1318 1845 1355 non
1867 1303 2029 1354 ratus

383 1392 743 1464 Nicephorus
775 1408 882 1446 nos
913 1391 1121 1464 dignos
1153 1407 1279 1446 esse
1299 1393 1415 1445 tam
1451 1395 1684 1445 ornatos
1716 1393 1907 1444 vestra
1927 1387 2031 1442 mi-

385 1479 699 1538 sericordia
729 1480 1013 1552 equitare,
1035 1480 1230 1535 venire
1254 1480 1456 1550 jussit,
1481 1483 1538 1533 et
1561 1495 1745 1550 usque
1762 1477 1817 1532 in
1835 1476 2032 1548 prmfa-

384 1576 504 1628 tam
535 1571 776 1626 domum
807 1569 1506 1637 marmoream,invisam,
1537 1569 1904 1639 inaquosam,
1931 1583 2030 1637 pa-

382 1658 589 1724 tulam,
623 1675 830 1714 sumus
861 1657 1092 1714 deducti
1120 1677 1132 1726 ;
1165 1663 1360 1713 octavo
1395 1663 1590 1712 autem
1625 1656 1761 1711 ldus
1800 1657 1864 1688 ‘77
1898 1655 2030 1709 sab-

383 1749 560 1805 batho
590 1750 776 1824 primo
806 1749 1032 1803 dierum
1066 1752 1450 1819 pentecostes,
1485 1751 1618 1801 ante
1665 1745 1861 1800 fratris
1904 1744 2031 1813 ejus

386 1839 597 1895 Leonis
627 1837 943 1912 coropalati
965 1838 1029 1872 “3
1064 1842 1121 1890 et
1151 1836 1455 1909 logothetaz
1497 1833 1863 1907 praesentiam
1897 1848 2032 1912 sum

386 1927 692 1993 deductus,
728 1926 826 1980 ubi
861 1926 930 1981 de
973 1924 1260 1997 imperiali
1296 1930 1486 1980 vestro
1529 1922 1763 1978 nomine
1823 1936 2039 1993 magna

387 2032 598 2071 sumus
621 2014 988 2069 contentione
1011 2012 1256 2084 fatigati.
1273 2013 1401 2084 Ipse
1421 2012 1578 2067 enim
1601 2029 1702 2067 vos
1726 2028 1840 2066 non
1858 2009 2038 2081 impe-

389 2109 662 2160 ratorem.
697 2102 755 2157 id
788 2108 876 2158 est
904 2110 1124 2174 βασιλέα,
1159 2119 1268 2157 sua
1299 2101 1518 2173 lingua,
1544 2102 1645 2156 sed
1672 2101 1743 2156 ob
1777 2098 2038 2170 indigna-

389 2193 609 2248 tionem
644 2201 791 2264 ρἧα,
826 2191 882 2244 id
916 2196 1002 2246 est
1035 2206 1250 2262 regem,
1279 2196 1476 2245 nostra
1505 2190 1761 2245 vocabat.
1783 2187 1883 2243 Cui
1903 2204 2035 2242 eum

392 2281 826 2353 dicerem,quod
839 2280 1265 2354 significaretur
1277 2280 1428 2335 idem
1442 2278 1867 2351 esse,quamvis
1881 2277 2036 2348 quod

391 2371 684 2446 signiﬁcat
703 2371 1020 2436 diversum,
1046 2385 1160 2440 me,
1189 2369 1288 2436 ait,
1321 2386 1435 2424 non
1470 2370 1630 2440 pacis
1661 2368 1762 2424 sed
1806 2371 2036 2422 conten-

391 2461 571 2520 tionis
591 2477 772 2516 causa
789 2458 1017 2516 venisse
1044 2476 1057 2526 ;
1083 2458 1283 2530 sicque
1313 2457 1499 2514 iratus
1529 2460 2036 2529 surgens,vestras

389 2549 632 2618 litteras,
665 2566 794 2604 vere
825 2548 1163 2620 indignans,
1197 2565 1308 2602 non
1344 2563 1444 2618 per
1475 2564 1537 2603 se
1576 2546 1675 2601 sed
1709 2563 1812 2617 per
1855 2542 2033 2599 inter-

388 2644 608 2712 pretem
639 2638 916 2708 suscepit,
950 2636 1124 2692 homo
1154 2636 1278 2708 ipse
1300 2637 1370 2689 ad
1405 2652 1714 2707 personam
1743 2633 1886 2690 satis
1900 2649 2033 2704 pro-

387 2745 578 2796 cerus,
603 2727 750 2784 falso
773 2725 1037 2791 humilis,
1061 2725 1154 2781 cui
1187 2725 1237 2781 si
1265 2725 1494 2780 inuisus
1516 2725 1690 2780 homo
1710 2721 1901 2789 fuerit,
1917 2738 2034 2776 ma-

384 2833 529 2872 nnm
559 2816 610 2886 ej
620 2832 688 2870 us
719 2813 1054 2885 perforabit.

454 2906 508 2959 3.
538 2903 797 2975 Septimo
838 2906 1033 2956 autem
1069 2902 1206 2957 ldus
1228 2903 1295 2936 ‘79
1335 2902 1480 2973 (Jun.
1503 2903 1580 2968 7),
1615 2901 1740 2973 ipso
1765 2897 2033 2954 videlicet

385 2996 587 3049 sancto
601 2991 694 3048 die
717 2993 1103 3062 pentecostes,
1120 2991 1177 3044 in
1201 2991 1395 3056 domo,
1416 3007 1542 3060 quae
1557 2989 1770 3044 dicitur
1784 2998 2029 3060 Στεφάνα,

390 3083 566 3150 idest
595 3078 926 3150 Coronaria,
961 3083 1091 3134 ante
1122 3079 1513 3150 Nicephorum
1547 3095 1678 3133 sum
1719 3078 2025 3134 deductus.

2124 518 2279 556 nunc
2311 500 2578 572 subjecti,
2603 502 2777 572 cujus
2806 497 3427 556 narrationisinitium
3455 498 3553 554 hoc
3592 498 3681 556 fuit
3705 518 3717 557 :

2198 636 2248 688 4.
2283 658 2310 685 ‹‹
2346 635 2767 702 Debueramus,
2800 634 2982 690 immo
3012 632 3408 698 volueramus,
3432 637 3485 687 te
3511 633 3719 707 benigne

2129 724 2551 796 magnificaque
2573 724 2868 796 suscipere
2889 741 2901 791 ;
2923 723 3024 779 sed
3038 721 3263 778 domini
3279 722 3362 776 tui
3379 719 3622 794 impietas
3633 739 3726 778 non

2131 813 2437 885 permittit,
2473 814 2572 885 qui
2607 818 2725 869 tam
2760 813 2999 868 inimica
3030 811 3336 866 invasione
3385 811 3608 866 Romam
3642 811 3730 866 sibi

2132 901 2464 972 vindicavit,
2484 901 2832 974 Bcrengario
2857 899 3007 964 (I60)
3029 905 3085 956 et
3117 900 3428 956 Adelberto
3458 904 3636 954 contra
3653 900 3731 971 jus

2136 991 2339 1062 fasque
2351 991 2528 1046 vitam
2544 991 2803 1059 abstulit,
2821 991 3222 1046 Romanorum
3246 988 3392 1044 alios
3408 987 3603 1060 gladio,
3616 988 3733 1044 alios

2135 1079 2778 1152 suspendiointeremit,
2795 1077 2980 1134 oculis
2993 1078 3137 1134 alios
3158 1077 3425 1150 privavit,
3441 1076 3595 1131 exilio
3619 1075 3734 1132 alios

2138 1169 2410 1241 relegavit
2439 1170 2606 1241 (161),
2635 1173 2691 1224 et
2721 1167 2948 1240 imperii
3012 1166 3201 1222 nostri
3250 1167 3490 1238 insuper
3517 1166 3736 1221 civitates

2139 1259 2452 1314 homicidio
2483 1264 2584 1314 aut
2602 1258 2868 1314 incendio
2889 1257 2999 1313 sibi
3024 1257 3278 1312 subdere
3294 1257 3356 1290 ⁴⁸¹
3372 1254 3649 1328 temptavit
3667 1273 3677 1319 ;
3697 1259 3738 1310 et

2139 1348 2277 1419 quia
2293 1348 2532 1403 affectus
2543 1348 2592 1418 ej
2602 1365 2670 1403 us
2687 1364 2895 1420 pravus
2917 1347 3185 1402 effectum
3205 1345 3422 1402 habere
3444 1362 3549 1400 non
3568 1345 3738 1416 potuit,

2142 1453 2296 1491 nunc
2328 1441 2382 1492 te
2415 1437 2648 1492 malitiae
2681 1436 2856 1508 hujus
2879 1440 3286 1510 suggestorem
3311 1439 3484 1506 atque
3505 1433 3739 1506 impulso-

2142 1543 2286 1591 rem,
2322 1525 2598 1581 simulata
2635 1541 2795 1596 pace,
2830 1525 2997 1597 quasi
3016 1534 3236 1582 ἄσκοπον
3259 1524 3350 1593 ⁸⁸³,
3383 1524 3440 1579 id
3480 1527 3558 1579 est
3586 1522 3740 1595 explo-

2144 1620 2416 1680 ratorem,
2450 1616 2519 1670 ad
2553 1631 2660 1669 nos
2691 1615 2919 1670 direxit.
2959 1638 2986 1663 ››

2213 1751 2265 1803 5.
2285 1750 2386 1804 Cui
2408 1750 2634 1818 inquam
2654 1765 2749 1817 ego
2763 1767 2779 1803 :
2797 1772 2824 1798 «
2850 1749 3178 1806 Romanam
3201 1749 3490 1805 civitatem
3515 1746 3742 1803 dominus

2149 1855 2314 1893 meus
2345 1856 2458 1892 non
2490 1837 2542 1891 vi
2573 1842 2675 1893 aut
2713 1837 3011 1910 tyrannica
3067 1837 3308 1902 invasit,
3344 1837 3446 1893 sed
3476 1854 3510 1892 a
3533 1834 3744 1908 tyranni,

2147 1927 2329 1982 immo
2360 1932 2740 1998 tyrannorum
2758 1927 2905 1998 jugo
2928 1925 3218 1982 liberavit.
3243 1927 3446 1982 Nonne
3475 1923 3744 1982 eil‘eminati

2148 2015 2606 2071 dominabantur
2625 2014 2799 2086 ejus?
2826 2020 2884 2070 et
2913 2015 3065 2086 quod
3097 2014 3338 2088 gravius
3388 2015 3504 2070 sive
3533 2011 3744 2085 turpius.

2149 2121 2338 2160 nonne
2361 2104 2735 2160 meretrices?
2759 2103 3111 2168 Dormiebat,
3131 2108 3198 2159 ut
3223 2108 3366 2175 puto
3388 2108 3522 2159 tunc
3537 2106 3756 2175 potestas

2147 2199 2270 2261 tua,
2286 2193 2467 2249 immo
2481 2194 2851 2248 decessorum
2873 2197 3130 2259 tuorum,
3151 2193 3255 2264 qui
3275 2190 3744 2259 nominesolo,non

2147 2288 2339 2338 autem
2375 2299 2434 2338 re
2464 2282 2613 2354 ipsa,
2646 2281 3028 2354 imperatores
3059 2281 3458 2338 Romanorum
3487 2285 3744 2337 vocantur.

2145 2373 2202 2426 Si
2237 2376 2520 2444 potentes,
2554 2371 2603 2427 si
2635 2372 3015 2443 imperatores
3047 2370 3452 2428 Romanorum
3471 2374 3640 2436 erant,
3667 2383 3747 2423 cur

2147 2463 2391 2517 Romam
2423 2462 2484 2516 in
2516 2460 2884 2518 meretricum
2916 2465 3204 2532 potestate
3253 2459 3560 2518 sinebant?
3584 2458 3746 2514 Nonne

2145 2549 2652 2606 sanctissimorum
2685 2566 2970 2620 paparum
3001 2548 3096 2604 alii
3121 2554 3266 2604 sunt
3286 2546 3639 2621 relegati,alii
3662 2550 3748 2600 ate

2143 2640 2340 2706 aflicti,
2360 2644 2426 2693 ut
2444 2655 2628 2710 neque
2651 2638 2974 2693 cotidianos
2989 2643 3268 2709 sumptus
3289 2655 3394 2694 nec
3414 2635 3741 2693 elemosinam

2141 2727 2355 2783 habere
2384 2727 2664 2799 quirent?
2692 2727 2893 2782 Nonne
2942 2725 3296 2784 Adclbertus
3339 2724 3746 2783 contumeliosam

2139 2815 2362 2873 litteras
2397 2818 2658 2873 Romano
2689 2821 2746 2872 et
2774 2815 3177 2884 Constantino,
3213 2816 3606 2873 decessoribus
3630 2811 3739 2878 tuis,

2137 2905 2589 2978 imperatoribus
2607 2905 3022 2961 misit?Nonne
3033 2905 3540 2962 sanetissimorum
3553 2905 3740 2974 aposto-

2139 2994 2330 3050 lorum
2365 2994 2640 3050 ecclesias
2673 2994 2894 3066 rapinis
2953 2993 3311 3066 expoliavit?
3343 2993 3479 3060 Quis
3504 3010 3567 3048 ex
3607 2988 3738 3045 vobis

2142 3083 2736 3156 imperatoribus,zclo
2751 3083 2850 3139 Dei
2864 3084 3224 3151 duetus,tam
3241 3083 3361 3139 indi
3369 3079 3739 3157 gnumfacinus

390 3169 689 3228 hominem
703 3168 846 3224 satis
859 3172 1321 3235 monstruosum,
1339 3184 1687 3241 pygmaaum,
1703 3167 1890 3240 capite
1903 3167 2031 3240 pin-
2060 3153 2103 3221 Ο
2142 3173 2436 3229 vindicare
2459 3177 2517 3228 et
2542 3176 2808 3230 sanctam
2831 3171 3138 3229 ecclesiam
3161 3173 3220 3229 in
3249 3153 3468 3229 statim
3489 3167 3736 3244 proprium

392 3276 592 3333 guem,
625 3264 800 3330 atque
830 3258 1130 3314 oculorum
1163 3257 1447 3329 parvitate
1499 3257 1808 3330 talpinum,
1855 3258 2035 3313 barba

395 3352 579 3417 curta,
616 3348 753 3414 lata,
786 3348 979 3419 spissa
1021 3353 1079 3402 et
1127 3347 1421 3403 semicana
1465 3347 1769 3415 foedatum,
1817 3346 2036 3403 cervice

395 3436 627 3511 di’gitali
649 3441 972 3509 turpatum,
989 3436 1314 3508 prolixitate
1336 3440 1392 3491 et
1422 3436 1710 3491 densitate
1732 3453 2034 3491 comarum

397 3525 540 3584 satis
561 3527 814 3601 hyopum
838 3525 1105 3598 [hirtum]
1139 3525 1308 3594 (158),
1344 3524 1533 3581 colore
1563 3525 1906 3597 rEtbiopem,
1943 3525 2036 3581 cui

392 3633 498 3690 per
526 3615 779 3672 mediam
811 3615 961 3671 nolis
991 3631 1290 3671 occurrere
1332 3619 1580 3684 noctem,
1611 3619 1810 3670 ventre
1838 3619 2036 3670 exten-

393 3723 548 3774 sum,
579 3705 814 3761 natibus
868 3705 1111 3773 siccum,
1153 3705 1386 3760 coxisad
1448 3721 1783 3759 mensuram
1843 3704 2032 3776 ipsam

397 3795 629 3850 brevem
687 3792 1120 3864 longissimum,
1154 3793 1424 3849 cruribus
1455 3810 1720 3865 parvum,
1747 3792 2036 3850 calcaneis

386 3883 751 3954 pedibusque
782 3880 1085 3952 aequalem,
1103 3881 1301 3936 villino
1318 3882 1600 3955 [byssino]
1623 3883 1724 3938 sed
1749 3882 1925 3938 nimis
1943 3898 2033 3937 ve-

385 3977 617 4026 ternoso
647 3969 737 4024 vel
766 3969 1149 4025 diuturnitate
1173 3970 1298 4042 ipso
1320 3970 1514 4026 fwtido
1538 3975 1596 4026 et
1616 3969 1831 4041 pallido
1854 3987 2028 4025 orna-

384 4062 580 4116 mento
611 4059 904 4127 indutum;
930 4057 1196 4114 Sicioniis
1235 4059 1644 4114 calceamentis
1683 4058 2025 4129 calceatum,

381 4149 585 4222 lingua
600 4163 924 4220 procacem,
943 4147 1174 4218 ingenio
1193 4147 1484 4218 [ingeniis]
1504 4147 1756 4218 vulpem,
1772 4149 2025 4219 perjurio

382 4255 486 4295 seu
518 4236 820 4296 mendacio
851 4235 1110 4308 Ulyxem.
1143 4236 1383 4308 Semper
1439 4236 1605 4303 mihi,
1640 4237 1860 4293 domini
1911 4237 2024 4293 mei

381 4329 761 4400 imperatores
783 4327 850 4362 ⁴⁸⁰
871 4324 1126 4398 augusti,
1143 4325 1402 4394 formosi,
1419 4331 1638 4398 quanto
1657 4325 1791 4382 hinc
1817 4328 2023 4384 formo-

381 4418 564 4473 siores
593 4416 702 4472 visi
727 4414 909 4471 estis?
927 4415 1168 4486 Semper
1191 4415 1400 4482 ornati,
1435 4419 1652 4486 quanto
1683 4415 1819 4472 hinc
1851 4433 2022 4472 orna-

2145 3264 2460 3318 reformare
2503 3263 2770 3318 curavit?
2801 3261 3148 3335 Neglexistis
3205 3279 3337 3332 vos,
3367 3279 3479 3318 non
3529 3255 3739 3329 neglexit

2145 3351 2419 3408 dominus
2440 3368 2627 3417 meus,
2650 3351 2802 3423 quia
2818 3351 3034 3406 ﬁnibus
3058 3355 3221 3405 terra:
3259 3349 3738 3425 surgensllomam-

2147 3457 2258 3513 que
2279 3440 2534 3506 veniens,
2560 3439 2772 3511 impios
2796 3437 3118 3506 abstulit,et
3139 3443 3476 3496 sanctorum
3497 3431 3740 3509 apostolo-

2145 3547 2276 3585 rum
2299 3528 2530 3586 vicariis
2556 3532 2898 3600 potestatem
2921 3532 2978 3584 et
2997 3527 3280 3584 honorem
3309 3544 3533 3585 omnem
3554 3526 3740 3581 contra-

2145 3618 2310 3673 didit.
2338 3617 2718 3673 Postmodum
2759 3633 2892 3672 vero
2949 3616 3326 3689 insurgentes
3374 3621 3563 3672 contra
3600 3627 3653 3667 se
3695 3611 3739 3664 et

2142 3709 2425 3764 domuum
2455 3707 2520 3741 ⁴⁸⁸
2550 3705 2955 3778 apostolicum,
2989 3706 3157 3777 quasi
3181 3702 3564 3777 jurisjurandi
3591 3697 3734 3754 viola-

2141 3803 2316 3865 tores,
2333 3795 2667 3868 sacrilegos,
2684 3793 3056 3850 dominorum
3071 3812 3317 3850 suorum
3332 3791 3734 3868 apostolicorum

2139 3889 2407 3952 tortores,
2443 3888 2724 3956 raptores,
2741 3885 3065 3940 secundum
3097 3884 3334 3941 decreta
3363 3883 3733 3956 imperatorum

2136 3975 2553 4039 Romanorum,
2584 3965 3660 4044 Justiniani,Valentiniani,Theodosii
3689 3965 3734 4018 et

2136 4069 2496 4131 cmterorum,
2539 4062 2764 4129 cecidit,
2791 4061 3107 4134 jugulavit,
3140 4061 3546 4134 suspendit,et
3593 4052 3730 4112 exilio

2137 4151 2446 4224 relegavit;
2473 4167 2600 4222 quaa
2625 4151 2675 4205 si
2702 4167 2818 4206 non
2845 4151 3077 4221 faceret,
3091 4149 3334 4222 impius,
3354 4151 3612 4221 injustas,
3627 4157 3728 4198 cru-

2133 4239 2301 4306 delis,
2333 4244 2616 4311 tyrannus
2645 4243 2819 4294 esset.
2853 4238 3051 4294 Palam
3083 4243 3192 4307 est,
3218 4239 3375 4311 quod
3397 4229 3729 4306 Berengariua

2133 4335 2192 4385 at
2211 4328 2555 4384 Adelbertus
2583 4329 2674 4383 sui
2706 4327 2924 4384 milites
2954 4328 3163 4395 effecti,
3199 4345 3444 4401 regnum
3502 4321 3724 4380 Italicum

2132 4423 2358 4490 sceptro
2410 4433 2584 4472 aureo
2623 4433 2692 4472 ex
2721 4417 2850 4486 ejus
2881 4433 3060 4472 manu
3109 4420 3486 4490 susceperant
3513 4411 3659 4484 (162),
3683 4408 3728 4458 θι

378 4506 554 4562 tiores
569 4505 596 4560 ?
613 4506 854 4577 Semper
883 4507 1171 4576 potentes,
1205 4509 1424 4574 quanto
1456 4503 1593 4560 hinc
1617 4505 1970 4576 potentiores
1993 4506 2020 4561 ?
2048 4523 2096 4587 D
2131 4506 2514 4580 prasentibus
2531 4505 2862 4572 servistuis,
2883 4505 2982 4577 qui
3001 4521 3160 4560 nunc
3174 4522 3364 4577 usque
3384 4500 3667 4587 supersunt
3682 4496 3726 4546 et

375 4599 613 4666 Semper
633 4593 824 4663 mites,
846 4596 1064 4665 quanto
1085 4592 1221 4647 hinc
1243 4593 1503 4648 mitiores
1520 4594 1543 4639 ?
1561 4597 1800 4667 Semper
1837 4595 2018 4652 virtu-

373 4684 532 4739 tibus
573 4682 750 4754 pleni,
785 4686 1001 4753 quanto
1064 4681 1200 4736 hinc
1246 4679 1896 4752 pleniores?Sedebant
1945 4685 2016 4739 ad

370 4771 697 4836 sinistram,
731 4787 846 4825 non
878 4770 938 4824 in
970 4771 1172 4826 eadem
1205 4769 1380 4836 linea,
1415 4771 1515 4825 sed
1549 4769 1719 4844 longe
1743 4773 2017 4830 deorsum

2129 4597 2235 4653 hac
2266 4597 2321 4651 in
2357 4594 2585 4650 civitate
2615 4595 2854 4666 degunt,
2871 4595 3258 4665 jurejurando
3293 4595 3462 4649 ﬁdem
3491 4584 3724 4662 promise-

2129 4690 2284 4740 runt.
2315 4686 2381 4740 Et
2402 4683 2560 4756 quia,
2586 4687 2937 4756 suggerente
2963 4683 3218 4749 diabolo,
3239 4682 3394 4739 hand
3418 4677 3615 4754 perﬁde
3627 4672 3720 4726 vio-

2127 4776 2344 4840 larunt,
2351 4774 2513 4845 juste
2543 4771 2694 4839 illos,
2715 4771 2884 4844 quasi
2910 4773 3232 4840 desertores
3254 4771 3476 4843 sibique
3496 4761 3721 4824 rebelles,

1726 4913 1968 4970 VARle
2008 4916 2414 4974 LECTIONES.

437 5036 513 5118 ¹ξ⁷⁶Δ
531 5039 659 5118 fort,
688 5038 944 5118 Auream
977 5037 1045 5118 C_._
1095 5036 1178 5118 “7"
1209 5037 1266 5092 id
1299 5041 1394 5094 est
1552 5038 1624 5118 :73
1657 5039 1936 5118 coroplati
1952 5044 2094 5118 _C..se

358 5107 557 5180 palati.
591 5110 654 5163 Et
680 5109 777 5180 lib.
811 5109 862 5164 4.
904 5110 1172 5165 Vocitatu:
1191 5125 1324 5164 cura
1349 5109 1528 5180 palati
1545 5111 1740 5166 CANIS.
1795 5107 1884 5146 “7°
1915 5113 1971 5168 id
2003 5117 2093 5169 est

2096 5059 2267 5112 mper.
2302 5071 2369 5080 —
2403 5039 3004 5112 συνοραιαζαηυονίρρ.
3030 5039 3128 5094 lib.
3159 5042 3215 5094 2.
3246 5041 3419 5112 facta:
3447 5048 3569 5090 mox
3605 5039 3720 5112 cura

2125 5059 2267 5169 ger.
2302 5071 2369 5080 —
2403 5057 2751 5112 curopauua.
2783 5057 3004 5148 uor‘z’pp.
3030 5057 3128 5094 uo.
3159 5057 3215 5094 κ.
3246 5057 3419 5111 facta:
3447 5057 3569 5090 mox
3605 5057 3715 5083 ιιιιισ

2169 5155 2181 5168 .
2259 5114 2326 5148 ⁴⁸⁰
2357 5110 2724 5184 imperatoris
2747 5111 2804 5166 C.
2931 5114 2948 5147 ι
2979 5112 3302 5168 subducere
3332 5111 3570 5166 Bnowsn
3595 5101 3715 5163 Αηπι

351 5179 516 5235 Τνθυ.
550 5197 606 5252 p.
631 5179 754 5245 47-1,
786 5195 854 5234 ex
873 5180 1070 5236 codice.
1147 5181 1216 5214 ‘3'
1243 5179 1372 5252 fort.
1406 5189 1717 5238 κατάσκοπον
1751 5181 1807 5237 C.
1885 5184 1951 5218 ‘83
1981 5184 2285 5240 dominum
2319 5183 2378 5238 C.

1930 5326 2162 5384 NOTIE.

431 5416 862 5562 (158;‘Sui.s;(6c)
892 5419 1100 5476 faciem
1121 5421 1232 5493 (to)
1262 5421 1684 5494 praeferentem.

431 5490 561 5562 (159
592 5489 846 5549 Basilius
863 5494 920 5550 et
935 5493 1350 5552 Constantinus
1364 5493 1610 5553 Romani
1632 5495 1684 5553 in

354 5489 846 5626 mfitﬁglgasilius
863 5494 920 5550 et
935 5489 1350 5552 Constantinus
1364 5493 1610 5553 Romani
1632 5494 2003 5572 imperatoris

2184 5425 2344 5496 (160)
2365 5423 2526 5479 Obiit
2553 5439 2706 5496 anno
2736 5422 2863 5479 966.

2208 5491 2527 5572 tog-Anno
2554 5495 2660 5572 997
2691 5495 2954 5572 ineunte.
2987 5494 3219 5554 Contiu.
3252 5491 3446 5572 Regia.

2208 5496 2344 5564 161)
2361 5497 2527 5552 Anno
2554 5496 2660 5551 967
2691 5496 2954 5551 ineunte.

2183 5496 2332 5651 i162)
2355 5568 2523 5628 Anno
2550 5567 2657 5629 952
2683 5569 2983 5646 Augustae.
