  <div class='ocr_page' id='page_1' title='image "/cluster/home/n/w/nwhite01/storage/ocr_20150623/136/hvd.32044054759964/466.png"; bbox 0 0 4030 6184; ppageno 0'>
   <div class='ocr_carea' id='block_1_1' title="bbox 281 336 398 403">
    <p class='ocr_par' dir='ltr' id='par_1_1' title="bbox 281 336 398 403">
     <span class='ocr_line' id='line_1_1' title="bbox 281 336 398 403; baseline -0.043 0"><span class='ocrx_word' id='word_1_1' title='bbox 281 336 398 403; x_wconf 76' lang='grc'>917</span> 
     </span>
    </p>
   </div>
   <div class='ocr_carea' id='block_1_2' title="bbox 1745 332 2242 407">
    <p class='ocr_par' dir='ltr' id='par_1_2' title="bbox 1745 332 2242 407">
     <span class='ocr_line' id='line_1_2' title="bbox 1745 332 2242 407; baseline -0.004 -1"><span class='ocrx_word' id='word_1_2' title='bbox 1745 332 2084 407; x_wconf 81' lang='lat' dir='ltr'>LEGATlO</span> <span class='ocrx_word' id='word_1_3' title='bbox 2127 333 2242 404; x_wconf 79' lang='grc' dir='ltr'>ΟΡ.</span> 
     </span>
    </p>
   </div>
   <div class='ocr_carea' id='block_1_3' title="bbox 3575 319 3694 392">
    <p class='ocr_par' dir='ltr' id='par_1_3' title="bbox 3575 319 3694 392">
     <span class='ocr_line' id='line_1_3' title="bbox 3575 319 3694 392; baseline 0 -1"><span class='ocrx_word' id='word_1_4' title='bbox 3575 319 3694 392; x_wconf 80' lang='grc'>918</span> 
     </span>
    </p>
   </div>
   <div class='ocr_carea' id='block_1_4' title="bbox 281 465 3694 546">
    <p class='ocr_par' dir='ltr' id='par_1_4' title="bbox 281 465 3694 546">
     <span class='ocr_line' id='line_1_4' title="bbox 281 465 3694 546; baseline -0.002 -17"><span class='ocrx_word' id='word_1_5' title='bbox 281 486 469 530; x_wconf 56' lang='lat' dir='ltr'>manu</span> <span class='ocrx_word' id='word_1_6' title='bbox 499 467 774 540; x_wconf 60' lang='lat' dir='ltr'>ecclesia,</span> <span class='ocrx_word' id='word_1_7' title='bbox 798 473 864 529; x_wconf 90' lang='lat' dir='ltr'>ut</span> <span class='ocrx_word' id='word_1_8' title='bbox 882 475 1006 530; x_wconf 88' lang='lat' dir='ltr'>erat</span> <span class='ocrx_word' id='word_1_9' title='bbox 1033 470 1450 546; x_wconf 86' lang='lat' dir='ltr'>kosmocrator,</span> <span class='ocrx_word' id='word_1_10' title='bbox 1475 471 1662 532; x_wconf 88' lang='lat' dir='ltr'>multa</span> <span class='ocrx_word' id='word_1_11' title='bbox 1691 473 1935 533; x_wconf 89' lang='lat' dir='ltr'>donaria</span> <span class='ocrx_word' id='word_1_12' title='bbox 1962 473 2020 546; x_wconf 78' lang='grc' dir='ltr'><strong>Α</strong></span> <span class='ocrx_word' id='word_1_13' title='bbox 2046 476 2175 546; x_wconf 89' lang='lat' dir='ltr'>tim,</span> <span class='ocrx_word' id='word_1_14' title='bbox 2205 475 2367 534; x_wconf 80' lang='lat' dir='ltr'>nefas</span> <span class='ocrx_word' id='word_1_15' title='bbox 2409 473 2798 544; x_wconf 83' lang='lat' dir='ltr'>decernimus,</span> <span class='ocrx_word' id='word_1_16' title='bbox 2832 469 3190 545; x_wconf 85' lang='lat' dir='ltr'>judicamus.</span> <span class='ocrx_word' id='word_1_17' title='bbox 3214 470 3284 527; x_wconf 84' lang='lat' dir='ltr'>Et</span> <span class='ocrx_word' id='word_1_18' title='bbox 3330 465 3608 542; x_wconf 86' lang='lat' dir='ltr'>quoniam</span> <span class='ocrx_word' id='word_1_19' title='bbox 3638 472 3694 523; x_wconf 90' lang='lat' dir='ltr'>te</span> 
     </span>
    </p>
   </div>
   <div class='ocr_carea' id='block_1_5' title="bbox 281 561 1930 639">
    <p class='ocr_par' dir='ltr' id='par_1_5' title="bbox 281 561 1930 639">
     <span class='ocr_line' id='line_1_5' title="bbox 281 561 1930 639; baseline 0.003 -21"><span class='ocrx_word' id='word_1_20' title='bbox 281 561 547 630; x_wconf 82' lang='lat' dir='ltr'>contulit,</span> <span class='ocrx_word' id='word_1_21' title='bbox 572 579 686 618; x_wconf 92' lang='lat' dir='ltr'>non</span> <span class='ocrx_word' id='word_1_22' title='bbox 726 561 786 618; x_wconf 90' lang='lat' dir='ltr'>in</span> <span class='ocrx_word' id='word_1_23' title='bbox 819 562 981 619; x_wconf 83' lang='lat' dir='ltr'>Italia</span> <span class='ocrx_word' id='word_1_24' title='bbox 1009 563 1220 633; x_wconf 92' lang='lat' dir='ltr'>solum,</span> <span class='ocrx_word' id='word_1_25' title='bbox 1254 565 1353 621; x_wconf 90' lang='lat' dir='ltr'>sed</span> <span class='ocrx_word' id='word_1_26' title='bbox 1385 565 1443 620; x_wconf 93' lang='lat' dir='ltr'>in</span> <span class='ocrx_word' id='word_1_27' title='bbox 1476 566 1752 622; x_wconf 88' lang='lat' dir='ltr'>omnibus</span> <span class='ocrx_word' id='word_1_28' title='bbox 1783 583 1930 639; x_wconf 90' lang='lat' dir='ltr'>pene</span> 
     </span>
    </p>
   </div>
   <div class='ocr_carea' id='block_1_6' title="bbox 280 650 1931 728">
    <p class='ocr_par' dir='ltr' id='par_1_6' title="bbox 280 650 1931 728">
     <span class='ocr_line' id='line_1_6' title="bbox 280 650 1931 728; baseline 0.002 -20"><span class='ocrx_word' id='word_1_29' title='bbox 280 650 743 708; x_wconf 89' lang='lat' dir='ltr'>occidentalibus</span> <span class='ocrx_word' id='word_1_30' title='bbox 766 653 979 724; x_wconf 85' lang='lat' dir='ltr'>regnis,</span> <span class='ocrx_word' id='word_1_31' title='bbox 1005 669 1227 709; x_wconf 85' lang='lat' dir='ltr'>necnon</span> <span class='ocrx_word' id='word_1_32' title='bbox 1251 655 1322 710; x_wconf 92' lang='lat' dir='ltr'>de</span> <span class='ocrx_word' id='word_1_33' title='bbox 1356 655 1736 711; x_wconf 84' lang='lat' dir='ltr'>orientalibus</span> <span class='ocrx_word' id='word_1_34' title='bbox 1759 660 1931 728; x_wconf 85' lang='lat' dir='ltr'>atque</span> 
     </span>
    </p>
   </div>
   <div class='ocr_carea' id='block_1_7' title="bbox 278 739 1932 815">
    <p class='ocr_par' dir='ltr' id='par_1_7' title="bbox 278 739 1932 815">
     <span class='ocr_line' id='line_1_7' title="bbox 278 739 1932 815; baseline 0.002 -19"><span class='ocrx_word' id='word_1_35' title='bbox 278 739 640 807; x_wconf 82' lang='lat' dir='ltr'>meridianis,</span> <span class='ocrx_word' id='word_1_36' title='bbox 659 740 876 795; x_wconf 66' lang='lat' dir='ltr'>Graecia</span> <span class='ocrx_word' id='word_1_37' title='bbox 896 741 1136 811; x_wconf 85' lang='lat' dir='ltr'>scilicet,</span> <span class='ocrx_word' id='word_1_38' title='bbox 1156 742 1374 807; x_wconf 79' lang='lat' dir='ltr'>Judaea,</span> <span class='ocrx_word' id='word_1_39' title='bbox 1403 744 1656 815; x_wconf 80' lang='lat' dir='ltr'>Perside,</span> <span class='ocrx_word' id='word_1_40' title='bbox 1675 745 1932 815; x_wconf 85' lang='lat' dir='ltr'>Mesopo-</span> 
     </span>
    </p>
   </div>
   <div class='ocr_carea' id='block_1_8' title="bbox 276 829 1930 905">
    <p class='ocr_par' dir='ltr' id='par_1_8' title="bbox 276 829 1930 905">
     <span class='ocr_line' id='line_1_8' title="bbox 276 829 1930 905; baseline 0.002 -21"><span class='ocrx_word' id='word_1_41' title='bbox 276 830 479 895; x_wconf 86' lang='lat' dir='ltr'>tamia,</span> <span class='ocrx_word' id='word_1_42' title='bbox 513 829 849 900; x_wconf 82' lang='lat' dir='ltr'>Babylonia,</span> <span class='ocrx_word' id='word_1_43' title='bbox 886 831 1154 902; x_wconf 63' lang='lat' dir='ltr'>Egypto,</span> <span class='ocrx_word' id='word_1_44' title='bbox 1179 831 1376 904; x_wconf 84' lang='lat' dir='ltr'>Libya,</span> <span class='ocrx_word' id='word_1_45' title='bbox 1402 838 1465 887; x_wconf 92' lang='lat' dir='ltr'>ut</span> <span class='ocrx_word' id='word_1_46' title='bbox 1495 832 1683 905; x_wconf 85' lang='lat' dir='ltr'>ipsius</span> <span class='ocrx_word' id='word_1_47' title='bbox 1714 838 1930 889; x_wconf 88' lang='lat' dir='ltr'>testan-</span> 
     </span>
    </p>
   </div>
   <div class='ocr_carea' id='block_1_9' title="bbox 275 917 1928 994">
    <p class='ocr_par' dir='ltr' id='par_1_9' title="bbox 275 917 1928 994">
     <span class='ocr_line' id='line_1_9' title="bbox 275 917 1928 994; baseline 0.001 -20"><span class='ocrx_word' id='word_1_48' title='bbox 275 922 375 974; x_wconf 88' lang='lat' dir='ltr'>tur</span> <span class='ocrx_word' id='word_1_49' title='bbox 404 917 727 990; x_wconf 86' lang='lat' dir='ltr'>privilegia,</span> <span class='ocrx_word' id='word_1_50' title='bbox 756 935 881 990; x_wconf 74' lang='lat' dir='ltr'>quas</span> <span class='ocrx_word' id='word_1_51' title='bbox 912 935 1088 990; x_wconf 88' lang='lat' dir='ltr'>penes</span> <span class='ocrx_word' id='word_1_52' title='bbox 1130 937 1236 976; x_wconf 90' lang='lat' dir='ltr'>nos</span> <span class='ocrx_word' id='word_1_53' title='bbox 1281 926 1438 976; x_wconf 91' lang='lat' dir='ltr'>sunt.</span> <span class='ocrx_word' id='word_1_54' title='bbox 1470 925 1618 978; x_wconf 84' lang='lat' dir='ltr'>Sane</span> <span class='ocrx_word' id='word_1_55' title='bbox 1651 922 1928 994; x_wconf 90' lang='lat' dir='ltr'>quicquid</span> 
     </span>
    </p>
   </div>
   <div class='ocr_carea' id='block_1_10' title="bbox 275 1007 1928 1083">
    <p class='ocr_par' dir='ltr' id='par_1_10' title="bbox 275 1007 1928 1083">
     <span class='ocr_line' id='line_1_10' title="bbox 275 1007 1928 1083; baseline 0.001 -19"><span class='ocrx_word' id='word_1_56' title='bbox 275 1008 337 1064; x_wconf 90' lang='lat' dir='ltr'>in</span> <span class='ocrx_word' id='word_1_57' title='bbox 372 1007 558 1073; x_wconf 87' lang='lat' dir='ltr'>Italia,</span> <span class='ocrx_word' id='word_1_58' title='bbox 599 1007 698 1062; x_wconf 92' lang='lat' dir='ltr'>sed</span> <span class='ocrx_word' id='word_1_59' title='bbox 740 1012 798 1062; x_wconf 90' lang='lat' dir='ltr'>et</span> <span class='ocrx_word' id='word_1_60' title='bbox 817 1007 884 1043; x_wconf 68' lang='grc'>⁸9⁸</span> <span class='ocrx_word' id='word_1_61' title='bbox 915 1008 974 1063; x_wconf 91' lang='lat' dir='ltr'>in</span> <span class='ocrx_word' id='word_1_62' title='bbox 1021 1010 1286 1077; x_wconf 88' lang='lat' dir='ltr'>Saxonia,</span> <span class='ocrx_word' id='word_1_63' title='bbox 1331 1011 1717 1083; x_wconf 76' lang='lat' dir='ltr'>Bagoaria‘&quot;,</span> <span class='ocrx_word' id='word_1_64' title='bbox 1743 1010 1928 1066; x_wconf 90' lang='lat' dir='ltr'>omni-</span> 
     </span>
    </p>
   </div>
   <div class='ocr_carea' id='block_1_11' title="bbox 274 1095 1928 1172">
    <p class='ocr_par' dir='ltr' id='par_1_11' title="bbox 274 1095 1928 1172">
     <span class='ocr_line' id='line_1_11' title="bbox 274 1095 1928 1172; baseline 0.002 -20"><span class='ocrx_word' id='word_1_65' title='bbox 274 1097 388 1153; x_wconf 89' lang='lat' dir='ltr'>bus</span> <span class='ocrx_word' id='word_1_66' title='bbox 419 1095 641 1152; x_wconf 87' lang='lat' dir='ltr'>domini</span> <span class='ocrx_word' id='word_1_67' title='bbox 683 1095 798 1151; x_wconf 91' lang='lat' dir='ltr'>mei</span> <span class='ocrx_word' id='word_1_68' title='bbox 846 1097 1042 1169; x_wconf 84' lang='lat' dir='ltr'>regnis</span> <span class='ocrx_word' id='word_1_69' title='bbox 1073 1103 1180 1165; x_wconf 91' lang='lat' dir='ltr'>est,</span> <span class='ocrx_word' id='word_1_70' title='bbox 1203 1100 1359 1170; x_wconf 91' lang='lat' dir='ltr'>quod</span> <span class='ocrx_word' id='word_1_71' title='bbox 1411 1100 1482 1155; x_wconf 88' lang='lat' dir='ltr'>ad</span> <span class='ocrx_word' id='word_1_72' title='bbox 1532 1099 1928 1172; x_wconf 85' lang='lat' dir='ltr'>apostolorum</span> 
     </span>
    </p>
   </div>
   <div class='ocr_carea' id='block_1_12' title="bbox 272 1184 1927 1260">
    <p class='ocr_par' dir='ltr' id='par_1_12' title="bbox 272 1184 1927 1260">
     <span class='ocr_line' id='line_1_12' title="bbox 272 1184 1927 1260; baseline 0.002 -18"><span class='ocrx_word' id='word_1_73' title='bbox 272 1187 579 1242; x_wconf 86' lang='lat' dir='ltr'>beatorum</span> <span class='ocrx_word' id='word_1_74' title='bbox 619 1184 927 1241; x_wconf 87' lang='lat' dir='ltr'>ecclesiam</span> <span class='ocrx_word' id='word_1_75' title='bbox 967 1186 1224 1258; x_wconf 90' lang='lat' dir='ltr'>respicit,</span> <span class='ocrx_word' id='word_1_76' title='bbox 1249 1189 1759 1245; x_wconf 88' lang='lat' dir='ltr'>sanctissimorum</span> <span class='ocrx_word' id='word_1_77' title='bbox 1793 1207 1927 1260; x_wconf 91' lang='lat' dir='ltr'>apo-</span> 
     </span>
    </p>
   </div>
   <div class='ocr_carea' id='block_1_13' title="bbox 275 1273 1929 1343">
    <p class='ocr_par' dir='ltr' id='par_1_13' title="bbox 275 1273 1929 1343">
     <span class='ocr_line' id='line_1_13' title="bbox 275 1273 1929 1343; baseline 0.001 -12"><span class='ocrx_word' id='word_1_78' title='bbox 275 1274 560 1331; x_wconf 88' lang='lat' dir='ltr'>stolorum</span> <span class='ocrx_word' id='word_1_79' title='bbox 609 1273 822 1329; x_wconf 88' lang='lat' dir='ltr'>vicario</span> <span class='ocrx_word' id='word_1_80' title='bbox 879 1274 1145 1330; x_wconf 89' lang='lat' dir='ltr'>contulit.</span> <span class='ocrx_word' id='word_1_81' title='bbox 1170 1277 1239 1331; x_wconf 88' lang='lat' dir='ltr'>Et</span> <span class='ocrx_word' id='word_1_82' title='bbox 1295 1277 1345 1332; x_wconf 92' lang='lat' dir='ltr'>si</span> <span class='ocrx_word' id='word_1_83' title='bbox 1402 1283 1509 1343; x_wconf 90' lang='lat' dir='ltr'>est,</span> <span class='ocrx_word' id='word_1_84' title='bbox 1535 1284 1600 1332; x_wconf 91' lang='lat' dir='ltr'>ut</span> <span class='ocrx_word' id='word_1_85' title='bbox 1654 1279 1929 1333; x_wconf 90' lang='lat' dir='ltr'>dominus</span> 
     </span>
    </p>
   </div>
   <div class='ocr_carea' id='block_1_14' title="bbox 273 1362 1931 1432">
    <p class='ocr_par' dir='ltr' id='par_1_14' title="bbox 273 1362 1931 1432">
     <span class='ocr_line' id='line_1_14' title="bbox 273 1362 1931 1432; baseline 0.001 -13"><span class='ocrx_word' id='word_1_86' title='bbox 273 1379 442 1419; x_wconf 89' lang='lat' dir='ltr'>meus</span> <span class='ocrx_word' id='word_1_87' title='bbox 473 1380 541 1418; x_wconf 85' lang='lat' dir='ltr'>ex</span> <span class='ocrx_word' id='word_1_88' title='bbox 571 1362 665 1418; x_wconf 89' lang='lat' dir='ltr'>his</span> <span class='ocrx_word' id='word_1_89' title='bbox 708 1363 984 1420; x_wconf 90' lang='lat' dir='ltr'>omnibus</span> <span class='ocrx_word' id='word_1_90' title='bbox 1036 1363 1320 1432; x_wconf 85' lang='lat' dir='ltr'>civitates,</span> <span class='ocrx_word' id='word_1_91' title='bbox 1343 1365 1534 1431; x_wconf 91' lang='lat' dir='ltr'>villas,</span> <span class='ocrx_word' id='word_1_92' title='bbox 1559 1366 1777 1420; x_wconf 87' lang='lat' dir='ltr'>milites</span> <span class='ocrx_word' id='word_1_93' title='bbox 1830 1371 1931 1421; x_wconf 89' lang='lat' dir='ltr'>aut</span> 
     </span>
    </p>
   </div>
   <div class='ocr_carea' id='block_1_15' title="bbox 273 1451 1928 1527">
    <p class='ocr_par' dir='ltr' id='par_1_15' title="bbox 273 1451 1928 1527">
     <span class='ocr_line' id='line_1_15' title="bbox 273 1451 1928 1527; baseline 0.002 -20"><span class='ocrx_word' id='word_1_94' title='bbox 273 1451 557 1507; x_wconf 86' lang='lat' dir='ltr'>familiam</span> <span class='ocrx_word' id='word_1_95' title='bbox 579 1451 858 1519; x_wconf 88' lang='lat' dir='ltr'>obtineat,</span> <span class='ocrx_word' id='word_1_96' title='bbox 879 1452 1064 1508; x_wconf 90' lang='lat' dir='ltr'>Deum</span> <span class='ocrx_word' id='word_1_97' title='bbox 1088 1454 1313 1525; x_wconf 81' lang='lat' dir='ltr'>negavi.</span> <span class='ocrx_word' id='word_1_98' title='bbox 1328 1454 1442 1510; x_wconf 88' lang='lat' dir='ltr'>Cur</span> <span class='ocrx_word' id='word_1_99' title='bbox 1462 1455 1778 1527; x_wconf 87' lang='lat' dir='ltr'>imperator</span> <span class='ocrx_word' id='word_1_100' title='bbox 1796 1471 1928 1510; x_wconf 91' lang='lat' dir='ltr'>vero</span> 
     </span>
    </p>
   </div>
   <div class='ocr_carea' id='block_1_16' title="bbox 273 1540 1926 1616">
    <p class='ocr_par' dir='ltr' id='par_1_16' title="bbox 273 1540 1926 1616">
     <span class='ocr_line' id='line_1_16' title="bbox 273 1540 1926 1616; baseline 0.002 -21"><span class='ocrx_word' id='word_1_101' title='bbox 273 1557 389 1596; x_wconf 91' lang='lat' dir='ltr'>non</span> <span class='ocrx_word' id='word_1_102' title='bbox 420 1540 624 1596; x_wconf 87' lang='lat' dir='ltr'>itidem</span> <span class='ocrx_word' id='word_1_103' title='bbox 675 1540 832 1610; x_wconf 85' lang='lat' dir='ltr'>facit,</span> <span class='ocrx_word' id='word_1_104' title='bbox 858 1545 924 1596; x_wconf 92' lang='lat' dir='ltr'>ut</span> <span class='ocrx_word' id='word_1_105' title='bbox 979 1557 1069 1608; x_wconf 88' lang='lat' dir='ltr'>ea,</span> <span class='ocrx_word' id='word_1_106' title='bbox 1094 1559 1222 1614; x_wconf 68' lang='lat' dir='ltr'>qua:</span> <span class='ocrx_word' id='word_1_107' title='bbox 1278 1543 1403 1598; x_wconf 88' lang='lat' dir='ltr'>suis</span> <span class='ocrx_word' id='word_1_108' title='bbox 1464 1543 1686 1609; x_wconf 86' lang='lat' dir='ltr'>insunt,</span> <span class='ocrx_word' id='word_1_109' title='bbox 1711 1543 1926 1616; x_wconf 85' lang='lat' dir='ltr'>regnis,</span> 
     </span>
    </p>
   </div>
   <div class='ocr_carea' id='block_1_17' title="bbox 271 1627 1929 1704">
    <p class='ocr_par' dir='ltr' id='par_1_17' title="bbox 271 1627 1929 1704">
     <span class='ocr_line' id='line_1_17' title="bbox 271 1627 1929 1704; baseline 0.003 -22"><span class='ocrx_word' id='word_1_110' title='bbox 271 1627 670 1700; x_wconf 88' lang='lat' dir='ltr'>apostolorum</span> <span class='ocrx_word' id='word_1_111' title='bbox 702 1628 956 1685; x_wconf 66' lang='lat' dir='ltr'>ecclesia;</span> <span class='ocrx_word' id='word_1_112' title='bbox 988 1631 1218 1696; x_wconf 88' lang='lat' dir='ltr'>reddat,</span> <span class='ocrx_word' id='word_1_113' title='bbox 1246 1635 1302 1686; x_wconf 91' lang='lat' dir='ltr'>et</span> <span class='ocrx_word' id='word_1_114' title='bbox 1331 1649 1432 1703; x_wconf 89' lang='lat' dir='ltr'>per</span> <span class='ocrx_word' id='word_1_115' title='bbox 1463 1631 1722 1687; x_wconf 90' lang='lat' dir='ltr'>laborem</span> <span class='ocrx_word' id='word_1_116' title='bbox 1755 1637 1929 1704; x_wconf 90' lang='lat' dir='ltr'>atque</span> 
     </span>
    </p>
   </div>
   <div class='ocr_carea' id='block_1_18' title="bbox 267 1715 1930 1787">
    <p class='ocr_par' dir='ltr' id='par_1_18' title="bbox 267 1715 1930 1787">
     <span class='ocr_line' id='line_1_18' title="bbox 267 1715 1930 1787; baseline 0.002 -16"><span class='ocrx_word' id='word_1_117' title='bbox 267 1715 733 1772; x_wconf 90' lang='lat' dir='ltr'>muniﬁcentiam</span> <span class='ocrx_word' id='word_1_118' title='bbox 767 1717 989 1772; x_wconf 90' lang='lat' dir='ltr'>domini</span> <span class='ocrx_word' id='word_1_119' title='bbox 1021 1718 1131 1772; x_wconf 91' lang='lat' dir='ltr'>mei</span> <span class='ocrx_word' id='word_1_120' title='bbox 1167 1717 1343 1773; x_wconf 91' lang='lat' dir='ltr'>ditem</span> <span class='ocrx_word' id='word_1_121' title='bbox 1378 1724 1436 1774; x_wconf 92' lang='lat' dir='ltr'>et</span> <span class='ocrx_word' id='word_1_122' title='bbox 1464 1719 1732 1787; x_wconf 89' lang='lat' dir='ltr'>liberam,</span> <span class='ocrx_word' id='word_1_123' title='bbox 1763 1719 1930 1775; x_wconf 92' lang='lat' dir='ltr'>ditio-</span> 
     </span>
    </p>
   </div>
   <div class='ocr_carea' id='block_1_19' title="bbox 265 1803 1343 1881">
    <p class='ocr_par' dir='ltr' id='par_1_19' title="bbox 265 1803 1343 1881">
     <span class='ocr_line' id='line_1_19' title="bbox 265 1803 1343 1881; baseline 0.003 -23"><span class='ocrx_word' id='word_1_124' title='bbox 265 1819 390 1859; x_wconf 90' lang='lat' dir='ltr'>rem</span> <span class='ocrx_word' id='word_1_125' title='bbox 423 1803 550 1875; x_wconf 90' lang='lat' dir='ltr'>ipse</span> <span class='ocrx_word' id='word_1_126' title='bbox 579 1821 646 1859; x_wconf 91' lang='lat' dir='ltr'>ac</span> <span class='ocrx_word' id='word_1_127' title='bbox 675 1803 1006 1881; x_wconf 89' lang='lat' dir='ltr'>liberiorem</span> <span class='ocrx_word' id='word_1_128' title='bbox 1038 1806 1287 1862; x_wconf 83' lang='lat' dir='ltr'>reddat?</span> <span class='ocrx_word' id='word_1_129' title='bbox 1315 1829 1343 1855; x_wconf 86' lang='lat'>»</span> 
     </span>
    </p>
   </div>
   <div class='ocr_carea' id='block_1_20' title="bbox 337 1891 1916 1964">
    <p class='ocr_par' dir='ltr' id='par_1_20' title="bbox 337 1891 1916 1964">
     <span class='ocr_line' id='line_1_20' title="bbox 337 1891 1916 1964; baseline 0.002 -17"><span class='ocrx_word' id='word_1_130' title='bbox 337 1893 423 1947; x_wconf 87' lang='grc'>18.</span> <span class='ocrx_word' id='word_1_131' title='bbox 449 1914 476 1942; x_wconf 94' lang='grc'>‹‹</span> <span class='ocrx_word' id='word_1_132' title='bbox 510 1892 619 1946; x_wconf 90' lang='lat' dir='ltr'>Sed</span> <span class='ocrx_word' id='word_1_133' title='bbox 651 1891 780 1957; x_wconf 90' lang='lat' dir='ltr'>hoc,</span> <span class='ocrx_word' id='word_1_134' title='bbox 802 1892 885 1948; x_wconf 85' lang='lat' dir='ltr'>ait</span> <span class='ocrx_word' id='word_1_135' title='bbox 915 1891 1165 1948; x_wconf 87' lang='lat' dir='ltr'>Basilius</span> <span class='ocrx_word' id='word_1_136' title='bbox 1197 1893 1693 1964; x_wconf 85' lang='lat' dir='ltr'>parakinumenos</span> <span class='ocrx_word' id='word_1_137' title='bbox 1717 1896 1803 1961; x_wconf 71' lang='grc'>⁸³⁸,</span> <span class='ocrx_word' id='word_1_138' title='bbox 1835 1895 1916 1950; x_wconf 86' lang='lat' dir='ltr'>fa-</span> 
     </span>
    </p>
   </div>
   <div class='ocr_carea' id='block_1_21' title="bbox 262 1979 1918 2042">
    <p class='ocr_par' dir='ltr' id='par_1_21' title="bbox 262 1979 1918 2042">
     <span class='ocr_line' id='line_1_21' title="bbox 262 1979 1918 2042; baseline 0 -5"><span class='ocrx_word' id='word_1_139' title='bbox 262 1979 396 2042; x_wconf 87' lang='lat' dir='ltr'>ciet.</span> <span class='ocrx_word' id='word_1_140' title='bbox 413 1997 548 2036; x_wconf 92' lang='lat' dir='ltr'>cum</span> <span class='ocrx_word' id='word_1_141' title='bbox 571 1981 644 2036; x_wconf 90' lang='lat' dir='ltr'>ad</span> <span class='ocrx_word' id='word_1_142' title='bbox 668 1985 875 2035; x_wconf 91' lang='lat' dir='ltr'>nutum</span> <span class='ocrx_word' id='word_1_143' title='bbox 897 1998 1072 2036; x_wconf 91' lang='lat' dir='ltr'>suum</span> <span class='ocrx_word' id='word_1_144' title='bbox 1095 1981 1279 2038; x_wconf 81' lang='lat' dir='ltr'>Roma</span> <span class='ocrx_word' id='word_1_145' title='bbox 1301 1987 1357 2038; x_wconf 92' lang='lat' dir='ltr'>et</span> <span class='ocrx_word' id='word_1_146' title='bbox 1379 1983 1641 2038; x_wconf 81' lang='lat' dir='ltr'>Romana</span> <span class='ocrx_word' id='word_1_147' title='bbox 1660 1983 1918 2039; x_wconf 87' lang='lat' dir='ltr'>Ecclesia</span> 
     </span>
    </p>
   </div>
   <div class='ocr_carea' id='block_1_22' title="bbox 260 2069 1917 2144">
    <p class='ocr_par' dir='ltr' id='par_1_22' title="bbox 260 2069 1917 2144">
     <span class='ocr_line' id='line_1_22' title="bbox 260 2069 1917 2144; baseline 0 -16"><span class='ocrx_word' id='word_1_148' title='bbox 260 2069 680 2128; x_wconf 67' lang='lat' dir='ltr'>ordinabitur.»</span> <span class='ocrx_word' id='word_1_149' title='bbox 709 2071 858 2125; x_wconf 92' lang='lat' dir='ltr'>Tum</span> <span class='ocrx_word' id='word_1_150' title='bbox 883 2085 933 2124; x_wconf 83' lang='lat'>:«</span> <span class='ocrx_word' id='word_1_151' title='bbox 957 2069 1160 2136; x_wconf 84' lang='lat' dir='ltr'>Homo,</span> <span class='ocrx_word' id='word_1_152' title='bbox 1190 2070 1455 2142; x_wconf 88' lang='lat' dir='ltr'>inquam,</span> <span class='ocrx_word' id='word_1_153' title='bbox 1485 2072 1748 2144; x_wconf 88' lang='lat' dir='ltr'>quidam,</span> <span class='ocrx_word' id='word_1_154' title='bbox 1773 2073 1917 2128; x_wconf 89' lang='lat' dir='ltr'>mul-</span> 
     </span>
    </p>
   </div>
   <div class='ocr_carea' id='block_1_23' title="bbox 258 2158 1915 2234">
    <p class='ocr_par' dir='ltr' id='par_1_23' title="bbox 258 2158 1915 2234">
     <span class='ocr_line' id='line_1_23' title="bbox 258 2158 1915 2234; baseline 0.001 -18"><span class='ocrx_word' id='word_1_155' title='bbox 258 2163 382 2216; x_wconf 89' lang='lat' dir='ltr'>tam</span> <span class='ocrx_word' id='word_1_156' title='bbox 415 2159 489 2215; x_wconf 90' lang='lat' dir='ltr'>ab</span> <span class='ocrx_word' id='word_1_157' title='bbox 518 2158 632 2214; x_wconf 87' lang='lat' dir='ltr'>alio</span> <span class='ocrx_word' id='word_1_158' title='bbox 665 2175 872 2230; x_wconf 90' lang='lat' dir='ltr'>passus</span> <span class='ocrx_word' id='word_1_159' title='bbox 917 2159 1216 2230; x_wconf 86' lang='lat' dir='ltr'>injuriam,</span> <span class='ocrx_word' id='word_1_160' title='bbox 1250 2159 1342 2214; x_wconf 89' lang='lat' dir='ltr'>his</span> <span class='ocrx_word' id='word_1_161' title='bbox 1392 2161 1570 2216; x_wconf 92' lang='lat' dir='ltr'>Deum</span> <span class='ocrx_word' id='word_1_162' title='bbox 1602 2178 1915 2234; x_wconf 77' lang='lat' dir='ltr'>aggressus</span> 
     </span>
    </p>
   </div>
   <div class='ocr_carea' id='block_1_24' title="bbox 260 2247 1916 2314">
    <p class='ocr_par' dir='ltr' id='par_1_24' title="bbox 260 2247 1916 2314">
     <span class='ocr_line' id='line_1_24' title="bbox 260 2247 1916 2314; baseline 0.001 -9"><span class='ocrx_word' id='word_1_163' title='bbox 260 2253 352 2305; x_wconf 91' lang='lat' dir='ltr'>est</span> <span class='ocrx_word' id='word_1_164' title='bbox 379 2248 610 2305; x_wconf 85' lang='lat' dir='ltr'>verbis:</span> <span class='ocrx_word' id='word_1_165' title='bbox 641 2249 891 2314; x_wconf 81' lang='lat' dir='ltr'>Domine,</span> <span class='ocrx_word' id='word_1_166' title='bbox 925 2247 1147 2305; x_wconf 77' lang='lat' dir='ltr'>vindica</span> <span class='ocrx_word' id='word_1_167' title='bbox 1193 2265 1278 2305; x_wconf 84' lang='lat' dir='ltr'>me</span> <span class='ocrx_word' id='word_1_168' title='bbox 1305 2249 1371 2305; x_wconf 84' lang='lat' dir='ltr'>de</span> <span class='ocrx_word' id='word_1_169' title='bbox 1401 2250 1712 2306; x_wconf 76' lang='lat' dir='ltr'>adversario</span> <span class='ocrx_word' id='word_1_170' title='bbox 1756 2258 1916 2308; x_wconf 87' lang='lat' dir='ltr'>meo!</span> 
     </span>
    </p>
   </div>
   <div class='ocr_carea' id='block_1_25' title="bbox 257 2337 1916 2409">
    <p class='ocr_par' dir='ltr' id='par_1_25' title="bbox 257 2337 1916 2409">
     <span class='ocr_line' id='line_1_25' title="bbox 257 2337 1916 2409; baseline 0.001 -16"><span class='ocrx_word' id='word_1_171' title='bbox 257 2337 365 2394; x_wconf 88' lang='lat' dir='ltr'>Cui</span> <span class='ocrx_word' id='word_1_172' title='bbox 418 2337 738 2393; x_wconf 87' lang='lat' dir='ltr'>Dominus:</span> <span class='ocrx_word' id='word_1_173' title='bbox 772 2339 1014 2405; x_wconf 81' lang='lat' dir='ltr'>Faciam,</span> <span class='ocrx_word' id='word_1_174' title='bbox 1046 2337 1258 2409; x_wconf 88' lang='lat' dir='ltr'>inquit,</span> <span class='ocrx_word' id='word_1_175' title='bbox 1290 2341 1348 2393; x_wconf 80' lang='lat' dir='ltr'>in</span> <span class='ocrx_word' id='word_1_176' title='bbox 1388 2338 1477 2394; x_wconf 82' lang='lat' dir='ltr'>die</span> <span class='ocrx_word' id='word_1_177' title='bbox 1522 2356 1644 2394; x_wconf 90' lang='lat' dir='ltr'>cum</span> <span class='ocrx_word' id='word_1_178' title='bbox 1690 2341 1916 2395; x_wconf 80' lang='lat' dir='ltr'>reddam</span> 
     </span>
    </p>
   </div>
   <div class='ocr_carea' id='block_1_26' title="bbox 259 2425 1914 2496">
    <p class='ocr_par' dir='ltr' id='par_1_26' title="bbox 259 2425 1914 2496">
     <span class='ocr_line' id='line_1_26' title="bbox 259 2425 1914 2496; baseline 0.003 -17"><span class='ocrx_word' id='word_1_179' title='bbox 259 2427 564 2496; x_wconf 78' lang='lat' dir='ltr'>unicuique</span> <span class='ocrx_word' id='word_1_180' title='bbox 590 2425 889 2482; x_wconf 79' lang='lat' dir='ltr'>secundum</span> <span class='ocrx_word' id='word_1_181' title='bbox 911 2441 1070 2496; x_wconf 81' lang='lat' dir='ltr'>opera</span> <span class='ocrx_word' id='word_1_182' title='bbox 1091 2442 1193 2482; x_wconf 73' lang='lat' dir='ltr'>sua</span> <span class='ocrx_word' id='word_1_183' title='bbox 1215 2432 1234 2481; x_wconf 89' lang='lat'><strong><em>!</em></strong></span> <span class='ocrx_word' id='word_1_184' title='bbox 1263 2429 1335 2482; x_wconf 92' lang='lat' dir='ltr'>At</span> <span class='ocrx_word' id='word_1_185' title='bbox 1364 2426 1458 2482; x_wconf 89' lang='lat' dir='ltr'>ille</span> <span class='ocrx_word' id='word_1_186' title='bbox 1482 2443 1494 2482; x_wconf 91' lang='lat'>:</span> <span class='ocrx_word' id='word_1_187' title='bbox 1525 2430 1700 2496; x_wconf 82' lang='lat' dir='ltr'>Quam</span> <span class='ocrx_word' id='word_1_188' title='bbox 1731 2430 1914 2484; x_wconf 78' lang='lat' dir='ltr'>tarde!</span> 
     </span>
    </p>
   </div>
   <div class='ocr_carea' id='block_1_27' title="bbox 259 2513 424 2571">
    <p class='ocr_par' dir='ltr' id='par_1_27' title="bbox 259 2513 424 2571">
     <span class='ocr_line' id='line_1_27' title="bbox 259 2513 424 2571; baseline 0.018 -3"><span class='ocrx_word' id='word_1_189' title='bbox 259 2513 424 2571; x_wconf 85' lang='lat' dir='ltr'>inﬁt!</span> 
     </span>
    </p>
   </div>
   <div class='ocr_carea' id='block_1_28' title="bbox 330 2604 1911 2676">
    <p class='ocr_par' dir='ltr' id='par_1_28' title="bbox 330 2604 1911 2676">
     <span class='ocr_line' id='line_1_28' title="bbox 330 2604 1911 2676; baseline 0.002 -18"><span class='ocrx_word' id='word_1_190' title='bbox 330 2604 418 2658; x_wconf 88' lang='grc'>19.</span> <span class='ocrx_word' id='word_1_191' title='bbox 452 2604 616 2659; x_wconf 91' lang='lat' dir='ltr'>Tunc</span> <span class='ocrx_word' id='word_1_192' title='bbox 647 2619 852 2659; x_wconf 91' lang='lat' dir='ltr'>omnes</span> <span class='ocrx_word' id='word_1_193' title='bbox 900 2607 1106 2676; x_wconf 74' lang='lat' dir='ltr'>praeter</span> <span class='ocrx_word' id='word_1_194' title='bbox 1154 2604 1390 2661; x_wconf 86' lang='lat' dir='ltr'>fratrem</span> <span class='ocrx_word' id='word_1_195' title='bbox 1439 2605 1722 2662; x_wconf 89' lang='lat' dir='ltr'>cachinno</span> <span class='ocrx_word' id='word_1_196' title='bbox 1753 2623 1911 2661; x_wconf 91' lang='lat' dir='ltr'>com-</span> 
     </span>
    </p>
   </div>
   <div class='ocr_carea' id='block_1_29' title="bbox 253 2691 1910 2766">
    <p class='ocr_par' dir='ltr' id='par_1_29' title="bbox 253 2691 1910 2766">
     <span class='ocr_line' id='line_1_29' title="bbox 253 2691 1910 2766; baseline 0.001 -18"><span class='ocrx_word' id='word_1_197' title='bbox 253 2692 422 2759; x_wconf 87' lang='lat' dir='ltr'>moti,</span> <span class='ocrx_word' id='word_1_198' title='bbox 446 2692 930 2764; x_wconf 88' lang='lat' dir='ltr'>disceptationem</span> <span class='ocrx_word' id='word_1_199' title='bbox 954 2691 1326 2761; x_wconf 90' lang='lat' dir='ltr'>dimiserunt,</span> <span class='ocrx_word' id='word_1_200' title='bbox 1349 2710 1559 2766; x_wconf 91' lang='lat' dir='ltr'>meque</span> <span class='ocrx_word' id='word_1_201' title='bbox 1581 2695 1640 2750; x_wconf 90' lang='lat' dir='ltr'>in</span> <span class='ocrx_word' id='word_1_202' title='bbox 1661 2695 1910 2750; x_wconf 86' lang='lat' dir='ltr'>invisam</span> 
     </span>
    </p>
   </div>
   <div class='ocr_carea' id='block_1_30' title="bbox 251 2781 1909 2856">
    <p class='ocr_par' dir='ltr' id='par_1_30' title="bbox 251 2781 1909 2856">
     <span class='ocr_line' id='line_1_30' title="bbox 251 2781 1909 2856; baseline 0 -19"><span class='ocrx_word' id='word_1_203' title='bbox 251 2782 500 2837; x_wconf 89' lang='lat' dir='ltr'>domum</span> <span class='ocrx_word' id='word_1_204' title='bbox 551 2781 748 2836; x_wconf 90' lang='lat' dir='ltr'>reduci</span> <span class='ocrx_word' id='word_1_205' title='bbox 800 2786 1217 2854; x_wconf 75' lang='lat' dir='ltr'>praeceperant,</span> <span class='ocrx_word' id='word_1_206' title='bbox 1251 2799 1582 2856; x_wconf 87' lang='lat' dir='ltr'>magnaque</span> <span class='ocrx_word' id='word_1_207' title='bbox 1631 2784 1909 2839; x_wconf 89' lang='lat' dir='ltr'>custodiri</span> 
     </span>
    </p>
   </div>
   <div class='ocr_carea' id='block_1_31' title="bbox 253 2869 1909 2945">
    <p class='ocr_par' dir='ltr' id='par_1_31' title="bbox 253 2869 1909 2945">
     <span class='ocr_line' id='line_1_31' title="bbox 253 2869 1909 2945; baseline 0.001 -17"><span class='ocrx_word' id='word_1_208' title='bbox 253 2870 487 2928; x_wconf 86' lang='lat' dir='ltr'>cautela</span> <span class='ocrx_word' id='word_1_209' title='bbox 517 2886 703 2942; x_wconf 90' lang='lat' dir='ltr'>usque</span> <span class='ocrx_word' id='word_1_210' title='bbox 734 2869 791 2924; x_wconf 92' lang='lat' dir='ltr'>in</span> <span class='ocrx_word' id='word_1_211' title='bbox 821 2876 1161 2926; x_wconf 86' lang='lat' dir='ltr'>sanctorum</span> <span class='ocrx_word' id='word_1_212' title='bbox 1191 2871 1587 2944; x_wconf 87' lang='lat' dir='ltr'>apostolorum</span> <span class='ocrx_word' id='word_1_213' title='bbox 1622 2872 1909 2945; x_wconf 84' lang='lat' dir='ltr'>religiosis</span> 
     </span>
    </p>
   </div>
   <div class='ocr_carea' id='block_1_32' title="bbox 250 2957 1907 3026">
    <p class='ocr_par' dir='ltr' id='par_1_32' title="bbox 250 2957 1907 3026">
     <span class='ocr_line' id='line_1_32' title="bbox 250 2957 1907 3026; baseline 0 -10"><span class='ocrx_word' id='word_1_214' title='bbox 250 2958 484 3016; x_wconf 88' lang='lat' dir='ltr'>cunctis</span> <span class='ocrx_word' id='word_1_215' title='bbox 529 2957 815 3014; x_wconf 89' lang='lat' dir='ltr'>celebrem</span> <span class='ocrx_word' id='word_1_216' title='bbox 864 2959 1039 3015; x_wconf 91' lang='lat' dir='ltr'>diem.</span> <span class='ocrx_word' id='word_1_217' title='bbox 1073 2962 1198 3026; x_wconf 88' lang='lat' dir='ltr'>Qua</span> <span class='ocrx_word' id='word_1_218' title='bbox 1239 2959 1570 3018; x_wconf 89' lang='lat' dir='ltr'>celebritate</span> <span class='ocrx_word' id='word_1_219' title='bbox 1619 2979 1713 3018; x_wconf 91' lang='lat' dir='ltr'>me</span> <span class='ocrx_word' id='word_1_220' title='bbox 1762 2962 1907 3018; x_wconf 87' lang='lat' dir='ltr'>satis</span> 
     </span>
    </p>
   </div>
   <div class='ocr_carea' id='block_1_33' title="bbox 252 3049 1907 3124">
    <p class='ocr_par' dir='ltr' id='par_1_33' title="bbox 252 3049 1907 3124">
     <span class='ocr_line' id='line_1_33' title="bbox 252 3049 1907 3124; baseline 0.002 -20"><span class='ocrx_word' id='word_1_221' title='bbox 252 3052 560 3122; x_wconf 70' lang='lat' dir='ltr'>aagrotum,</span> <span class='ocrx_word' id='word_1_222' title='bbox 583 3064 807 3104; x_wconf 89' lang='lat' dir='ltr'>necnon</span> <span class='ocrx_word' id='word_1_223' title='bbox 835 3052 892 3104; x_wconf 92' lang='lat' dir='ltr'>et</span> <span class='ocrx_word' id='word_1_224' title='bbox 913 3049 1294 3121; x_wconf 89' lang='lat' dir='ltr'>Bulgarorum</span> <span class='ocrx_word' id='word_1_225' title='bbox 1324 3051 1687 3123; x_wconf 87' lang='lat' dir='ltr'>nuntios,qui</span> <span class='ocrx_word' id='word_1_226' title='bbox 1719 3051 1907 3124; x_wconf 89' lang='lat' dir='ltr'>pridie</span> 
     </span>
    </p>
   </div>
   <div class='ocr_carea' id='block_1_34' title="bbox 247 3137 1907 3214">
    <p class='ocr_par' dir='ltr' id='par_1_34' title="bbox 247 3137 1907 3214">
     <span class='ocr_line' id='line_1_34' title="bbox 247 3137 1907 3214; baseline 0.001 -20"><span class='ocrx_word' id='word_1_227' title='bbox 247 3137 638 3204; x_wconf 91' lang='lat' dir='ltr'>venerant,ad</span> <span class='ocrx_word' id='word_1_228' title='bbox 663 3143 895 3194; x_wconf 88' lang='lat' dir='ltr'>sanctos</span> <span class='ocrx_word' id='word_1_229' title='bbox 919 3137 1212 3210; x_wconf 86' lang='lat' dir='ltr'>apostolos</span> <span class='ocrx_word' id='word_1_230' title='bbox 1243 3138 1353 3194; x_wconf 89' lang='lat' dir='ltr'>sibi</span> <span class='ocrx_word' id='word_1_231' title='bbox 1377 3139 1608 3197; x_wconf 87' lang='lat' dir='ltr'>obviare</span> <span class='ocrx_word' id='word_1_232' title='bbox 1635 3142 1907 3214; x_wconf 60' lang='lat' dir='ltr'>praecepit</span> 
     </span>
    </p>
   </div>
   <div class='ocr_carea' id='block_1_35' title="bbox 2044 563 3734 641">
    <p class='ocr_par' dir='ltr' id='par_1_35' title="bbox 2044 563 3734 641">
     <span class='ocr_line' id='line_1_35' title="bbox 2044 563 3734 641; baseline -0.008 -18"><span class='ocrx_word' id='word_1_233' title='bbox 2044 566 2104 622; x_wconf 93' lang='lat' dir='ltr'>id</span> <span class='ocrx_word' id='word_1_234' title='bbox 2135 567 2371 641; x_wconf 86' lang='lat' dir='ltr'>indigne</span> <span class='ocrx_word' id='word_1_235' title='bbox 2402 567 2552 622; x_wconf 87' lang='lat' dir='ltr'>ferre</span> <span class='ocrx_word' id='word_1_236' title='bbox 2581 565 3009 638; x_wconf 87' lang='lat' dir='ltr'>cognoscimus,</span> <span class='ocrx_word' id='word_1_237' title='bbox 3046 579 3160 616; x_wconf 90' lang='lat' dir='ltr'>non</span> <span class='ocrx_word' id='word_1_238' title='bbox 3192 566 3248 616; x_wconf 86' lang='lat' dir='ltr'>te</span> <span class='ocrx_word' id='word_1_239' title='bbox 3283 577 3458 625; x_wconf 89' lang='lat' dir='ltr'>nunc,</span> <span class='ocrx_word' id='word_1_240' title='bbox 3490 563 3555 612; x_wconf 91' lang='lat' dir='ltr'>ut</span> <span class='ocrx_word' id='word_1_241' title='bbox 3585 575 3688 629; x_wconf 87' lang='lat' dir='ltr'>pu-</span> <span class='ocrx_word' id='word_1_242' title='bbox 3731 605 3734 610; x_wconf 94' lang='lat'>.</span> 
     </span>
    </p>
   </div>
   <div class='ocr_carea' id='block_1_36' title="bbox 2039 646 3687 728">
    <p class='ocr_par' dir='ltr' id='par_1_36' title="bbox 2039 646 3687 728">
     <span class='ocr_line' id='line_1_36' title="bbox 2039 646 3687 728; baseline -0.005 -18"><span class='ocrx_word' id='word_1_243' title='bbox 2039 659 2149 725; x_wconf 88' lang='lat' dir='ltr'>tas,</span> <span class='ocrx_word' id='word_1_244' title='bbox 2174 657 2245 711; x_wconf 89' lang='lat' dir='ltr'>ad</span> <span class='ocrx_word' id='word_1_245' title='bbox 2280 655 2603 728; x_wconf 86' lang='lat' dir='ltr'>hospitium</span> <span class='ocrx_word' id='word_1_246' title='bbox 2636 655 2822 710; x_wconf 72' lang='lat' dir='ltr'>redire</span> <span class='ocrx_word' id='word_1_247' title='bbox 2852 653 3124 715; x_wconf 90' lang='lat' dir='ltr'>sinimus,</span> <span class='ocrx_word' id='word_1_248' title='bbox 3149 651 3250 706; x_wconf 92' lang='lat' dir='ltr'>sed</span> <span class='ocrx_word' id='word_1_249' title='bbox 3282 649 3339 704; x_wconf 92' lang='lat' dir='ltr'>in</span> <span class='ocrx_word' id='word_1_250' title='bbox 3371 646 3687 704; x_wconf 90' lang='lat' dir='ltr'>diversorio</span> 
     </span>
    </p>
   </div>
   <div class='ocr_carea' id='block_1_37' title="bbox 2041 739 3691 817">
    <p class='ocr_par' dir='ltr' id='par_1_37' title="bbox 2041 739 3691 817">
     <span class='ocr_line' id='line_1_37' title="bbox 2041 739 3691 817; baseline -0.006 -17"><span class='ocrx_word' id='word_1_251' title='bbox 2041 746 2295 817; x_wconf 88' lang='lat' dir='ltr'>quodam</span> <span class='ocrx_word' id='word_1_252' title='bbox 2347 763 2480 800; x_wconf 90' lang='lat' dir='ltr'>cum</span> <span class='ocrx_word' id='word_1_253' title='bbox 2539 743 2909 816; x_wconf 87' lang='lat' dir='ltr'>imperatoris</span> <span class='ocrx_word' id='word_1_254' title='bbox 2967 739 3146 797; x_wconf 88' lang='lat' dir='ltr'>servis</span> <span class='ocrx_word' id='word_1_255' title='bbox 3202 739 3399 794; x_wconf 90' lang='lat' dir='ltr'>cibum</span> <span class='ocrx_word' id='word_1_256' title='bbox 3455 740 3691 810; x_wconf 87' lang='lat' dir='ltr'>gustare</span> 
     </span>
    </p>
   </div>
   <div class='ocr_carea' id='block_1_38' title="bbox 2041 834 2524 906">
    <p class='ocr_par' dir='ltr' id='par_1_38' title="bbox 2041 834 2524 906">
     <span class='ocr_line' id='line_1_38' title="bbox 2041 834 2524 906; baseline 0 -17"><span class='ocrx_word' id='word_1_257' title='bbox 2041 834 2524 906; x_wconf 86' lang='lat' dir='ltr'>compellimus.»</span> 
     </span>
    </p>
   </div>
   <div class='ocr_carea' id='block_1_39' title="bbox 2109 913 3689 994">
    <p class='ocr_par' dir='ltr' id='par_1_39' title="bbox 2109 913 3689 994">
     <span class='ocr_line' id='line_1_39' title="bbox 2109 913 3689 994; baseline -0.006 -16"><span class='ocrx_word' id='word_1_258' title='bbox 2109 925 2198 979; x_wconf 92' lang='lat'>20.</span> <span class='ocrx_word' id='word_1_259' title='bbox 2224 925 2448 990; x_wconf 89' lang='lat' dir='ltr'>Quibus</span> <span class='ocrx_word' id='word_1_260' title='bbox 2473 924 2545 979; x_wconf 93' lang='lat' dir='ltr'>ob</span> <span class='ocrx_word' id='word_1_261' title='bbox 2578 920 3094 994; x_wconf 88' lang='lat' dir='ltr'>incomparabilem</span> <span class='ocrx_word' id='word_1_262' title='bbox 3117 917 3309 975; x_wconf 90' lang='lat' dir='ltr'>cordis</span> <span class='ocrx_word' id='word_1_263' title='bbox 3326 915 3584 972; x_wconf 88' lang='lat' dir='ltr'>dolorem</span> <span class='ocrx_word' id='word_1_264' title='bbox 3609 913 3689 969; x_wconf 89' lang='lat' dir='ltr'>nil</span> 
     </span>
    </p>
   </div>
   <div class='ocr_carea' id='block_1_40' title="bbox 2038 1003 3690 1085">
    <p class='ocr_par' dir='ltr' id='par_1_40' title="bbox 2038 1003 3690 1085">
     <span class='ocr_line' id='line_1_40' title="bbox 2038 1003 3690 1085; baseline -0.005 -19"><span class='ocrx_word' id='word_1_265' title='bbox 2038 1013 2334 1085; x_wconf 87' lang='lat' dir='ltr'>respondi,</span> <span class='ocrx_word' id='word_1_266' title='bbox 2356 1014 2455 1068; x_wconf 93' lang='lat' dir='ltr'>sed</span> <span class='ocrx_word' id='word_1_267' title='bbox 2481 1029 2606 1084; x_wconf 73' lang='lat' dir='ltr'>quae</span> <span class='ocrx_word' id='word_1_268' title='bbox 2633 1013 2936 1083; x_wconf 89' lang='lat' dir='ltr'>jusserant</span> <span class='ocrx_word' id='word_1_269' title='bbox 2957 1009 3090 1076; x_wconf 87' lang='lat' dir='ltr'>feci;</span> <span class='ocrx_word' id='word_1_270' title='bbox 3122 1007 3429 1079; x_wconf 89' lang='lat' dir='ltr'>indignum</span> <span class='ocrx_word' id='word_1_271' title='bbox 3451 1003 3690 1075; x_wconf 51' lang='lat' dir='ltr'>“judi-</span> 
     </span>
    </p>
   </div>
   <div class='ocr_carea' id='block_1_41' title="bbox 2035 1093 3686 1173">
    <p class='ocr_par' dir='ltr' id='par_1_41' title="bbox 2035 1093 3686 1173">
     <span class='ocr_line' id='line_1_41' title="bbox 2035 1093 3686 1173; baseline -0.006 -17"><span class='ocrx_word' id='word_1_272' title='bbox 2035 1117 2175 1156; x_wconf 90' lang='lat' dir='ltr'>cans</span> <span class='ocrx_word' id='word_1_273' title='bbox 2198 1119 2486 1166; x_wconf 89' lang='lat' dir='ltr'>mensam,</span> <span class='ocrx_word' id='word_1_274' title='bbox 2505 1119 2621 1173; x_wconf 91' lang='lat' dir='ltr'>qua</span> <span class='ocrx_word' id='word_1_275' title='bbox 2643 1118 2758 1156; x_wconf 90' lang='lat' dir='ltr'>non</span> <span class='ocrx_word' id='word_1_276' title='bbox 2781 1099 2908 1155; x_wconf 92' lang='lat' dir='ltr'>dico</span> <span class='ocrx_word' id='word_1_277' title='bbox 2932 1099 3098 1165; x_wconf 91' lang='lat' dir='ltr'>mihi,</span> <span class='ocrx_word' id='word_1_278' title='bbox 3120 1097 3175 1151; x_wconf 93' lang='lat' dir='ltr'>id</span> <span class='ocrx_word' id='word_1_279' title='bbox 3199 1102 3286 1151; x_wconf 91' lang='lat' dir='ltr'>est</span> <span class='ocrx_word' id='word_1_280' title='bbox 3312 1093 3686 1166; x_wconf 85' lang='lat' dir='ltr'>Liudprando</span> 
     </span>
    </p>
   </div>
   <div class='ocr_carea' id='block_1_42' title="bbox 2035 1181 3690 1263">
    <p class='ocr_par' dir='ltr' id='par_1_42' title="bbox 2035 1181 3690 1263">
     <span class='ocr_line' id='line_1_42' title="bbox 2035 1181 3690 1263; baseline -0.005 -19"><span class='ocrx_word' id='word_1_281' title='bbox 2035 1189 2435 1262; x_wconf 67' lang='lat' dir='ltr'>episcop,sed</span> <span class='ocrx_word' id='word_1_282' title='bbox 2456 1191 2838 1263; x_wconf 86' lang='lat' dir='ltr'>Bulgarorum</span> <span class='ocrx_word' id='word_1_283' title='bbox 2858 1187 3103 1243; x_wconf 88' lang='lat' dir='ltr'>nuntius</span> <span class='ocrx_word' id='word_1_284' title='bbox 3123 1189 3313 1240; x_wconf 88' lang='lat' dir='ltr'>vestro</span> <span class='ocrx_word' id='word_1_285' title='bbox 3333 1181 3690 1255; x_wconf 66' lang='lat' dir='ltr'>prazponitur</span> 
     </span>
    </p>
   </div>
   <div class='ocr_carea' id='block_1_43' title="bbox 2037 1273 3686 1344">
    <p class='ocr_par' dir='ltr' id='par_1_43' title="bbox 2037 1273 3686 1344">
     <span class='ocr_line' id='line_1_43' title="bbox 2037 1273 3686 1344; baseline -0.004 -13"><span class='ocrx_word' id='word_1_286' title='bbox 2037 1279 2261 1334; x_wconf 89' lang='lat' dir='ltr'>nuntio.</span> <span class='ocrx_word' id='word_1_287' title='bbox 2291 1279 2400 1334; x_wconf 92' lang='lat' dir='ltr'>Sed</span> <span class='ocrx_word' id='word_1_288' title='bbox 2433 1278 2636 1334; x_wconf 89' lang='lat' dir='ltr'>lenivit</span> <span class='ocrx_word' id='word_1_289' title='bbox 2673 1277 2930 1334; x_wconf 89' lang='lat' dir='ltr'>dolorem</span> <span class='ocrx_word' id='word_1_290' title='bbox 2973 1291 3165 1330; x_wconf 91' lang='lat' dir='ltr'>meum</span> <span class='ocrx_word' id='word_1_291' title='bbox 3201 1273 3518 1344; x_wconf 89' lang='lat' dir='ltr'>imperator</span> <span class='ocrx_word' id='word_1_292' title='bbox 3546 1287 3686 1325; x_wconf 92' lang='lat' dir='ltr'>san-</span> 
     </span>
    </p>
   </div>
   <div class='ocr_carea' id='block_1_44' title="bbox 2037 1358 3686 1438">
    <p class='ocr_par' dir='ltr' id='par_1_44' title="bbox 2037 1358 3686 1438">
     <span class='ocr_line' id='line_1_44' title="bbox 2037 1358 3686 1438; baseline -0.005 -18"><span class='ocrx_word' id='word_1_293' title='bbox 2037 1370 2167 1421; x_wconf 89' lang='lat' dir='ltr'>ctus</span> <span class='ocrx_word' id='word_1_294' title='bbox 2202 1384 2442 1422; x_wconf 90' lang='lat' dir='ltr'>munere</span> <span class='ocrx_word' id='word_1_295' title='bbox 2464 1384 2696 1438; x_wconf 85' lang='lat' dir='ltr'>magno,</span> <span class='ocrx_word' id='word_1_296' title='bbox 2723 1367 2960 1421; x_wconf 89' lang='lat' dir='ltr'>mittens</span> <span class='ocrx_word' id='word_1_297' title='bbox 2992 1363 3135 1418; x_wconf 89' lang='lat' dir='ltr'>mihi</span> <span class='ocrx_word' id='word_1_298' title='bbox 3162 1380 3231 1418; x_wconf 83' lang='lat' dir='ltr'>ex</span> <span class='ocrx_word' id='word_1_299' title='bbox 3251 1358 3686 1416; x_wconf 88' lang='lat' dir='ltr'>delicatissimis</span> 
     </span>
    </p>
   </div>
   <div class='ocr_carea' id='block_1_45' title="bbox 2037 1449 3682 1527">
    <p class='ocr_par' dir='ltr' id='par_1_45' title="bbox 2037 1449 3682 1527">
     <span class='ocr_line' id='line_1_45' title="bbox 2037 1449 3682 1527; baseline -0.003 -20"><span class='ocrx_word' id='word_1_300' title='bbox 2037 1453 2182 1509; x_wconf 90' lang='lat' dir='ltr'>cibis</span> <span class='ocrx_word' id='word_1_301' title='bbox 2214 1455 2336 1510; x_wconf 87' lang='lat' dir='ltr'>suis</span> <span class='ocrx_word' id='word_1_302' title='bbox 2368 1456 2601 1511; x_wconf 69' lang='lat' dir='ltr'>haedum</span> <span class='ocrx_word' id='word_1_303' title='bbox 2627 1455 2926 1527; x_wconf 89' lang='lat' dir='ltr'>pinguem,</span> <span class='ocrx_word' id='word_1_304' title='bbox 2949 1470 3017 1508; x_wconf 80' lang='lat' dir='ltr'>ex</span> <span class='ocrx_word' id='word_1_305' title='bbox 3038 1465 3152 1524; x_wconf 93' lang='lat' dir='ltr'>quo</span> <span class='ocrx_word' id='word_1_306' title='bbox 3182 1451 3303 1522; x_wconf 91' lang='lat' dir='ltr'>ipse</span> <span class='ocrx_word' id='word_1_307' title='bbox 3331 1449 3682 1514; x_wconf 79' lang='lat' dir='ltr'>come-derat,</span> 
     </span>
    </p>
   </div>
   <div class='ocr_carea' id='block_1_46' title="bbox 2036 1536 3687 1616">
    <p class='ocr_par' dir='ltr' id='par_1_46' title="bbox 2036 1536 3687 1616">
     <span class='ocr_line' id='line_1_46' title="bbox 2036 1536 3687 1616; baseline -0.004 -20"><span class='ocrx_word' id='word_1_308' title='bbox 2036 1541 2193 1611; x_wconf 91' lang='lat' dir='ltr'>allio,</span> <span class='ocrx_word' id='word_1_309' title='bbox 2217 1561 2374 1616; x_wconf 90' lang='lat' dir='ltr'>cepe,</span> <span class='ocrx_word' id='word_1_310' title='bbox 2399 1543 2588 1615; x_wconf 89' lang='lat' dir='ltr'>porris</span> <span class='ocrx_word' id='word_1_311' title='bbox 2618 1543 2774 1598; x_wconf 88' lang='lat' dir='ltr'>laute</span> <span class='ocrx_word' id='word_1_312' title='bbox 2805 1541 3267 1606; x_wconf 74' lang='lat' dir='ltr'>sulfarcinatum,</span> <span class='ocrx_word' id='word_1_313' title='bbox 3296 1555 3434 1610; x_wconf 85' lang='lat' dir='ltr'>garo</span> <span class='ocrx_word' id='word_1_314' title='bbox 3469 1536 3687 1592; x_wconf 81' lang='lat' dir='ltr'>delibu-</span> 
     </span>
    </p>
   </div>
   <div class='ocr_carea' id='block_1_47' title="bbox 2036 1627 3682 1705">
    <p class='ocr_par' dir='ltr' id='par_1_47' title="bbox 2036 1627 3682 1705">
     <span class='ocr_line' id='line_1_47' title="bbox 2036 1627 3682 1705; baseline -0.003 -19"><span class='ocrx_word' id='word_1_315' title='bbox 2036 1635 2184 1699; x_wconf 88' lang='lat' dir='ltr'>tum,</span> <span class='ocrx_word' id='word_1_316' title='bbox 2212 1649 2384 1705; x_wconf 89' lang='lat' dir='ltr'>quem</span> <span class='ocrx_word' id='word_1_317' title='bbox 2414 1637 2616 1689; x_wconf 68' lang='lat' dir='ltr'>vestraa</span> <span class='ocrx_word' id='word_1_318' title='bbox 2647 1637 2785 1687; x_wconf 88' lang='lat' dir='ltr'>tunc</span> <span class='ocrx_word' id='word_1_319' title='bbox 2809 1646 3022 1685; x_wconf 66' lang='lat' dir='ltr'>mensae</span> <span class='ocrx_word' id='word_1_320' title='bbox 3045 1631 3235 1685; x_wconf 89' lang='lat' dir='ltr'>inesse</span> <span class='ocrx_word' id='word_1_321' title='bbox 3266 1629 3561 1700; x_wconf 88' lang='lat' dir='ltr'>optavi,ut</span> <span class='ocrx_word' id='word_1_322' title='bbox 3583 1627 3682 1700; x_wconf 89' lang='lat' dir='ltr'>qui</span> 
     </span>
    </p>
   </div>
   <div class='ocr_carea' id='block_1_48' title="bbox 2034 1716 3682 1793">
    <p class='ocr_par' dir='ltr' id='par_1_48' title="bbox 2034 1716 3682 1793">
     <span class='ocr_line' id='line_1_48' title="bbox 2034 1716 3682 1793; baseline -0.001 -19"><span class='ocrx_word' id='word_1_323' title='bbox 2034 1720 2273 1776; x_wconf 88' lang='lat' dir='ltr'>delicias</span> <span class='ocrx_word' id='word_1_324' title='bbox 2300 1721 2484 1777; x_wconf 90' lang='lat' dir='ltr'>sancti</span> <span class='ocrx_word' id='word_1_325' title='bbox 2507 1721 2874 1793; x_wconf 89' lang='lat' dir='ltr'>imperatoris</span> <span class='ocrx_word' id='word_1_326' title='bbox 2895 1720 3118 1776; x_wconf 82' lang='lat' dir='ltr'>faustas</span> <span class='ocrx_word' id='word_1_327' title='bbox 3141 1735 3267 1774; x_wconf 90' lang='lat' dir='ltr'>esse</span> <span class='ocrx_word' id='word_1_328' title='bbox 3289 1734 3403 1773; x_wconf 91' lang='lat' dir='ltr'>non</span> <span class='ocrx_word' id='word_1_329' title='bbox 3427 1716 3682 1784; x_wconf 88' lang='lat' dir='ltr'>creditis,</span> 
     </span>
    </p>
   </div>
   <div class='ocr_carea' id='block_1_49' title="bbox 1951 1808 3079 1913">
    <p class='ocr_par' dir='ltr' id='par_1_49' title="bbox 1951 1808 3079 1913">
     <span class='ocr_line' id='line_1_49' title="bbox 1951 1808 3079 1913; baseline -0.002 -49"><span class='ocrx_word' id='word_1_330' title='bbox 1951 1847 2001 1913; x_wconf 82' lang='lat' dir='ltr'><strong>B</strong></span> <span class='ocrx_word' id='word_1_331' title='bbox 2034 1809 2241 1865; x_wconf 89' lang='lat' dir='ltr'>saltem</span> <span class='ocrx_word' id='word_1_332' title='bbox 2275 1810 2366 1866; x_wconf 89' lang='lat' dir='ltr'>his</span> <span class='ocrx_word' id='word_1_333' title='bbox 2397 1810 2717 1882; x_wconf 88' lang='lat' dir='ltr'>perspectis</span> <span class='ocrx_word' id='word_1_334' title='bbox 2747 1808 3079 1864; x_wconf 89' lang='lat' dir='ltr'>crederetis.</span> 
     </span>
    </p>
   </div>
   <div class='ocr_carea' id='block_1_50' title="bbox 2097 1896 3677 1970">
    <p class='ocr_par' dir='ltr' id='par_1_50' title="bbox 2097 1896 3677 1970">
     <span class='ocr_line' id='line_1_50' title="bbox 2097 1896 3677 1970; baseline 0 -18"><span class='ocrx_word' id='word_1_335' title='bbox 2097 1898 2158 1953; x_wconf 78' lang='lat' dir='ltr'>2i</span> <span class='ocrx_word' id='word_1_336' title='bbox 2175 1940 2188 1952; x_wconf 92' lang='lat'>.</span> <span class='ocrx_word' id='word_1_337' title='bbox 2213 1899 2552 1954; x_wconf 88' lang='lat' dir='ltr'>Transactis</span> <span class='ocrx_word' id='word_1_338' title='bbox 2575 1915 2710 1970; x_wconf 87' lang='lat' dir='ltr'>ergo</span> <span class='ocrx_word' id='word_1_339' title='bbox 2737 1901 2864 1953; x_wconf 89' lang='lat' dir='ltr'>octo</span> <span class='ocrx_word' id='word_1_340' title='bbox 2894 1898 3121 1964; x_wconf 89' lang='lat' dir='ltr'>diebus,</span> <span class='ocrx_word' id='word_1_341' title='bbox 3138 1913 3272 1952; x_wconf 91' lang='lat' dir='ltr'>cum</span> <span class='ocrx_word' id='word_1_342' title='bbox 3295 1896 3527 1969; x_wconf 91' lang='lat' dir='ltr'>Bulgari</span> <span class='ocrx_word' id='word_1_343' title='bbox 3551 1898 3677 1968; x_wconf 88' lang='lat' dir='ltr'>jam</span> 
     </span>
    </p>
   </div>
   <div class='ocr_carea' id='block_1_51' title="bbox 2027 1985 3675 2059">
    <p class='ocr_par' dir='ltr' id='par_1_51' title="bbox 2027 1985 3675 2059">
     <span class='ocr_line' id='line_1_51' title="bbox 2027 1985 3675 2059; baseline 0 -19"><span class='ocrx_word' id='word_1_344' title='bbox 2027 1987 2317 2053; x_wconf 84' lang='lat' dir='ltr'>abessent,</span> <span class='ocrx_word' id='word_1_345' title='bbox 2342 1991 2556 2059; x_wconf 89' lang='lat' dir='ltr'>putans</span> <span class='ocrx_word' id='word_1_346' title='bbox 2586 2002 2679 2042; x_wconf 88' lang='lat' dir='ltr'>me</span> <span class='ocrx_word' id='word_1_347' title='bbox 2712 2003 2975 2042; x_wconf 90' lang='lat' dir='ltr'>mensam</span> <span class='ocrx_word' id='word_1_348' title='bbox 3003 1985 3377 2057; x_wconf 89' lang='lat' dir='ltr'>magniﬁcare</span> <span class='ocrx_word' id='word_1_349' title='bbox 3399 2002 3589 2054; x_wconf 86' lang='lat' dir='ltr'>suam,</span> <span class='ocrx_word' id='word_1_350' title='bbox 3618 1986 3675 2040; x_wconf 89' lang='lat' dir='ltr'>in</span> 
     </span>
    </p>
   </div>
   <div class='ocr_carea' id='block_1_52' title="bbox 2025 2074 3673 2148">
    <p class='ocr_par' dir='ltr' id='par_1_52' title="bbox 2025 2074 3673 2148">
     <span class='ocr_line' id='line_1_52' title="bbox 2025 2074 3673 2148; baseline -0.001 -18"><span class='ocrx_word' id='word_1_351' title='bbox 2025 2075 2227 2131; x_wconf 89' lang='lat' dir='ltr'>eodem</span> <span class='ocrx_word' id='word_1_352' title='bbox 2259 2075 2382 2131; x_wconf 83' lang='lat' dir='ltr'>loco</span> <span class='ocrx_word' id='word_1_353' title='bbox 2416 2093 2506 2148; x_wconf 78' lang='lat' dir='ltr'>me</span> <span class='ocrx_word' id='word_1_354' title='bbox 2537 2077 2678 2131; x_wconf 88' lang='lat' dir='ltr'>satis</span> <span class='ocrx_word' id='word_1_355' title='bbox 2709 2079 2988 2147; x_wconf 82' lang='lat' dir='ltr'>aegrotum</span> <span class='ocrx_word' id='word_1_356' title='bbox 3015 2091 3214 2130; x_wconf 90' lang='lat' dir='ltr'>secum</span> <span class='ocrx_word' id='word_1_357' title='bbox 3248 2074 3549 2129; x_wconf 86' lang='lat' dir='ltr'>convivare</span> <span class='ocrx_word' id='word_1_358' title='bbox 3580 2091 3673 2129; x_wconf 84' lang='lat' dir='ltr'>co-</span> 
     </span>
    </p>
   </div>
   <div class='ocr_carea' id='block_1_53' title="bbox 2025 2163 3675 2236">
    <p class='ocr_par' dir='ltr' id='par_1_53' title="bbox 2025 2163 3675 2236">
     <span class='ocr_line' id='line_1_53' title="bbox 2025 2163 3675 2236; baseline -0.001 -17"><span class='ocrx_word' id='word_1_359' title='bbox 2025 2165 2160 2236; x_wconf 86' lang='lat' dir='ltr'>egit.</span> <span class='ocrx_word' id='word_1_360' title='bbox 2197 2164 2396 2220; x_wconf 88' lang='lat' dir='ltr'>Adfuit</span> <span class='ocrx_word' id='word_1_361' title='bbox 2430 2182 2563 2220; x_wconf 90' lang='lat' dir='ltr'>cum</span> <span class='ocrx_word' id='word_1_362' title='bbox 2618 2164 2887 2236; x_wconf 87' lang='lat' dir='ltr'>pluribus</span> <span class='ocrx_word' id='word_1_363' title='bbox 2925 2164 3214 2236; x_wconf 87' lang='lat' dir='ltr'>episcopis</span> <span class='ocrx_word' id='word_1_364' title='bbox 3252 2167 3309 2218; x_wconf 91' lang='lat' dir='ltr'>et</span> <span class='ocrx_word' id='word_1_365' title='bbox 3345 2163 3675 2236; x_wconf 88' lang='lat' dir='ltr'>patriarcha</span> 
     </span>
    </p>
   </div>
   <div class='ocr_carea' id='block_1_54' title="bbox 2025 2252 3675 2326">
    <p class='ocr_par' dir='ltr' id='par_1_54' title="bbox 2025 2252 3675 2326">
     <span class='ocr_line' id='line_1_54' title="bbox 2025 2252 3675 2326; baseline 0.001 -20"><span class='ocrx_word' id='word_1_366' title='bbox 2025 2253 2416 2326; x_wconf 79' lang='lat' dir='ltr'>(169),quibus</span> <span class='ocrx_word' id='word_1_367' title='bbox 2433 2253 2838 2326; x_wconf 76' lang='lat' dir='ltr'>praesentibus,</span> <span class='ocrx_word' id='word_1_368' title='bbox 2855 2252 3052 2325; x_wconf 90' lang='lat' dir='ltr'>plures</span> <span class='ocrx_word' id='word_1_369' title='bbox 3073 2253 3216 2308; x_wconf 87' lang='lat' dir='ltr'>mihi</span> <span class='ocrx_word' id='word_1_370' title='bbox 3237 2253 3587 2324; x_wconf 77' lang='lat' dir='ltr'>quaestiones</span> <span class='ocrx_word' id='word_1_371' title='bbox 3603 2253 3675 2308; x_wconf 90' lang='lat' dir='ltr'>de</span> 
     </span>
    </p>
   </div>
   <div class='ocr_carea' id='block_1_55' title="bbox 2025 2341 3672 2413">
    <p class='ocr_par' dir='ltr' id='par_1_55' title="bbox 2025 2341 3672 2413">
     <span class='ocr_line' id='line_1_55' title="bbox 2025 2341 3672 2413; baseline 0.001 -20"><span class='ocrx_word' id='word_1_372' title='bbox 2025 2341 2332 2412; x_wconf 82' lang='lat' dir='ltr'>scripturis</span> <span class='ocrx_word' id='word_1_373' title='bbox 2355 2343 2537 2398; x_wconf 90' lang='lat' dir='ltr'>sacris</span> <span class='ocrx_word' id='word_1_374' title='bbox 2564 2343 2886 2413; x_wconf 83' lang='lat' dir='ltr'>proposuit,</span> <span class='ocrx_word' id='word_1_375' title='bbox 2904 2358 3051 2412; x_wconf 88' lang='lat' dir='ltr'>quas</span> <span class='ocrx_word' id='word_1_376' title='bbox 3073 2357 3204 2395; x_wconf 91' lang='lat' dir='ltr'>cum</span> <span class='ocrx_word' id='word_1_377' title='bbox 3229 2341 3446 2410; x_wconf 89' lang='lat' dir='ltr'>Spiritu</span> <span class='ocrx_word' id='word_1_378' title='bbox 3470 2345 3672 2395; x_wconf 90' lang='lat' dir='ltr'>sancto</span> 
     </span>
    </p>
   </div>
   <div class='ocr_carea' id='block_1_56' title="bbox 2024 2429 3672 2503">
    <p class='ocr_par' dir='ltr' id='par_1_56' title="bbox 2024 2429 3672 2503">
     <span class='ocr_line' id='line_1_56' title="bbox 2024 2429 3672 2503; baseline -0.001 -19"><span class='ocrx_word' id='word_1_379' title='bbox 2024 2430 2262 2486; x_wconf 83' lang='lat' dir='ltr'>afﬁanle</span> <span class='ocrx_word' id='word_1_380' title='bbox 2312 2430 2606 2503; x_wconf 84' lang='lat' dir='ltr'>eleganter</span> <span class='ocrx_word' id='word_1_381' title='bbox 2636 2430 2896 2501; x_wconf 86' lang='lat' dir='ltr'>exposui,</span> <span class='ocrx_word' id='word_1_382' title='bbox 2921 2429 3236 2483; x_wconf 88' lang='lat' dir='ltr'>novissime</span> <span class='ocrx_word' id='word_1_383' title='bbox 3271 2433 3484 2497; x_wconf 88' lang='lat' dir='ltr'>autem,</span> <span class='ocrx_word' id='word_1_384' title='bbox 3510 2434 3573 2484; x_wconf 88' lang='lat' dir='ltr'>ut</span> <span class='ocrx_word' id='word_1_385' title='bbox 3601 2429 3672 2483; x_wconf 88' lang='lat' dir='ltr'>de</span> 
     </span>
    </p>
   </div>
   <div class='ocr_carea' id='block_1_57' title="bbox 2022 2517 3672 2590">
    <p class='ocr_par' dir='ltr' id='par_1_57' title="bbox 2022 2517 3672 2590">
     <span class='ocr_line' id='line_1_57' title="bbox 2022 2517 3672 2590; baseline 0.001 -19"><span class='ocrx_word' id='word_1_386' title='bbox 2022 2518 2187 2574; x_wconf 90' lang='lat' dir='ltr'>vobis</span> <span class='ocrx_word' id='word_1_387' title='bbox 2217 2519 2422 2574; x_wconf 91' lang='lat' dir='ltr'>ludum</span> <span class='ocrx_word' id='word_1_388' title='bbox 2455 2519 2712 2584; x_wconf 86' lang='lat' dir='ltr'>haberet,</span> <span class='ocrx_word' id='word_1_389' title='bbox 2735 2535 2882 2588; x_wconf 89' lang='lat' dir='ltr'>quas</span> <span class='ocrx_word' id='word_1_390' title='bbox 2913 2518 3165 2590; x_wconf 79' lang='lat' dir='ltr'>synodos</span> <span class='ocrx_word' id='word_1_391' title='bbox 3196 2517 3548 2572; x_wconf 90' lang='lat' dir='ltr'>haberemus</span> <span class='ocrx_word' id='word_1_392' title='bbox 3578 2534 3672 2572; x_wconf 90' lang='lat' dir='ltr'>ro-</span> 
     </span>
    </p>
   </div>
   <div class='ocr_carea' id='block_1_58' title="bbox 2021 2605 3673 2679">
    <p class='ocr_par' dir='ltr' id='par_1_58' title="bbox 2021 2605 3673 2679">
     <span class='ocr_line' id='line_1_58' title="bbox 2021 2605 3673 2679; baseline -0.001 -19"><span class='ocrx_word' id='word_1_393' title='bbox 2021 2606 2199 2679; x_wconf 87' lang='lat' dir='ltr'>gavit.</span> <span class='ocrx_word' id='word_1_394' title='bbox 2223 2608 2326 2662; x_wconf 88' lang='lat' dir='ltr'>Cui</span> <span class='ocrx_word' id='word_1_395' title='bbox 2371 2624 2504 2662; x_wconf 91' lang='lat' dir='ltr'>cum</span> <span class='ocrx_word' id='word_1_396' title='bbox 2535 2607 2835 2675; x_wconf 90' lang='lat' dir='ltr'>Nicenam,</span> <span class='ocrx_word' id='word_1_397' title='bbox 2863 2605 3416 2672; x_wconf 86' lang='lat' dir='ltr'>Chalcedonensem,</span> <span class='ocrx_word' id='word_1_398' title='bbox 3440 2605 3673 2677; x_wconf 90' lang='lat' dir='ltr'>Ephesi-</span> 
     </span>
    </p>
   </div>
   <div class='ocr_carea' id='block_1_59' title="bbox 2021 2694 3666 2766">
    <p class='ocr_par' dir='ltr' id='par_1_59' title="bbox 2021 2694 3666 2766">
     <span class='ocr_line' id='line_1_59' title="bbox 2021 2694 3666 2766; baseline -0.001 -17"><span class='ocrx_word' id='word_1_399' title='bbox 2021 2712 2178 2765; x_wconf 90' lang='lat' dir='ltr'>nam,</span> <span class='ocrx_word' id='word_1_400' title='bbox 2223 2696 2668 2762; x_wconf 86' lang='lat' dir='ltr'>Antiochenam,</span> <span class='ocrx_word' id='word_1_401' title='bbox 2705 2694 3247 2766; x_wconf 86' lang='lat' dir='ltr'>Carthaginensem,</span> <span class='ocrx_word' id='word_1_402' title='bbox 3280 2696 3666 2766; x_wconf 84' lang='lat' dir='ltr'>Ancyranam,</span> 
     </span>
    </p>
   </div>
   <div class='ocr_carea' id='block_1_60' title="bbox 2017 2782 3664 2857">
    <p class='ocr_par' dir='ltr' id='par_1_60' title="bbox 2017 2782 3664 2857">
     <span class='ocr_line' id='line_1_60' title="bbox 2017 2782 3664 2857; baseline -0.001 -19"><span class='ocrx_word' id='word_1_403' title='bbox 2017 2784 2718 2857; x_wconf 89' lang='lat' dir='ltr'>Constantinopolitanam</span> <span class='ocrx_word' id='word_1_404' title='bbox 2751 2784 3037 2840; x_wconf 88' lang='lat' dir='ltr'>edicerem</span> <span class='ocrx_word' id='word_1_405' title='bbox 3072 2803 3119 2839; x_wconf 85' lang='lat'>:«</span> <span class='ocrx_word' id='word_1_406' title='bbox 3150 2783 3260 2838; x_wconf 87' lang='lat' dir='ltr'>Hal</span> <span class='ocrx_word' id='word_1_407' title='bbox 3296 2782 3396 2838; x_wconf 86' lang='lat' dir='ltr'>bal</span> <span class='ocrx_word' id='word_1_408' title='bbox 3429 2783 3526 2838; x_wconf 89' lang='lat' dir='ltr'>he!</span> <span class='ocrx_word' id='word_1_409' title='bbox 3561 2782 3664 2851; x_wconf 87' lang='lat' dir='ltr'>ait,</span> 
     </span>
    </p>
   </div>
   <div class='ocr_carea' id='block_1_61' title="bbox 2018 2872 3663 2946">
    <p class='ocr_par' dir='ltr' id='par_1_61' title="bbox 2018 2872 3663 2946">
     <span class='ocr_line' id='line_1_61' title="bbox 2018 2872 3663 2946; baseline 0 -19"><span class='ocrx_word' id='word_1_410' title='bbox 2018 2873 2356 2930; x_wconf 87' lang='lat' dir='ltr'>Saxonicam</span> <span class='ocrx_word' id='word_1_411' title='bbox 2407 2875 2592 2930; x_wconf 89' lang='lat' dir='ltr'>dicere</span> <span class='ocrx_word' id='word_1_412' title='bbox 2641 2892 2702 2930; x_wconf 91' lang='lat' dir='ltr'>es</span> <span class='ocrx_word' id='word_1_413' title='bbox 2753 2873 2988 2938; x_wconf 87' lang='lat' dir='ltr'>oblitus,</span> <span class='ocrx_word' id='word_1_414' title='bbox 3014 2890 3190 2945; x_wconf 88' lang='lat' dir='ltr'>quam</span> <span class='ocrx_word' id='word_1_415' title='bbox 3240 2872 3287 2928; x_wconf 92' lang='lat' dir='ltr'>si</span> <span class='ocrx_word' id='word_1_416' title='bbox 3337 2889 3507 2946; x_wconf 90' lang='lat' dir='ltr'>rogas</span> <span class='ocrx_word' id='word_1_417' title='bbox 3557 2889 3663 2928; x_wconf 90' lang='lat' dir='ltr'>cur</span> 
     </span>
    </p>
   </div>
   <div class='ocr_carea' id='block_1_62' title="bbox 2016 2964 3664 3032">
    <p class='ocr_par' dir='ltr' id='par_1_62' title="bbox 2016 2964 3664 3032">
     <span class='ocr_line' id='line_1_62' title="bbox 2016 2964 3664 3032; baseline 0.004 -15"><span class='ocrx_word' id='word_1_418' title='bbox 2016 2965 2200 3019; x_wconf 88' lang='lat' dir='ltr'>nostri</span> <span class='ocrx_word' id='word_1_419' title='bbox 2237 2965 2463 3021; x_wconf 89' lang='lat' dir='ltr'>codices</span> <span class='ocrx_word' id='word_1_420' title='bbox 2496 2982 2610 3020; x_wconf 88' lang='lat' dir='ltr'>non</span> <span class='ocrx_word' id='word_1_421' title='bbox 2658 2964 2894 3028; x_wconf 88' lang='lat' dir='ltr'>habent,</span> <span class='ocrx_word' id='word_1_422' title='bbox 2922 2965 3126 3019; x_wconf 89' lang='lat' dir='ltr'>rudem</span> <span class='ocrx_word' id='word_1_423' title='bbox 3155 2981 3303 3032; x_wconf 89' lang='lat' dir='ltr'>esse,</span> <span class='ocrx_word' id='word_1_424' title='bbox 3339 2970 3395 3020; x_wconf 89' lang='lat' dir='ltr'>et</span> <span class='ocrx_word' id='word_1_425' title='bbox 3440 2967 3512 3022; x_wconf 87' lang='lat' dir='ltr'>ad</span> <span class='ocrx_word' id='word_1_426' title='bbox 3558 2985 3664 3024; x_wconf 90' lang='lat' dir='ltr'>nos</span> 
     </span>
    </p>
   </div>
   <div class='ocr_carea' id='block_1_63' title="bbox 2016 3054 3144 3126">
    <p class='ocr_par' dir='ltr' id='par_1_63' title="bbox 2016 3054 3144 3126">
     <span class='ocr_line' id='line_1_63' title="bbox 2016 3054 3144 3126; baseline 0.004 -20"><span class='ocrx_word' id='word_1_427' title='bbox 2016 3054 2262 3108; x_wconf 89' lang='lat' dir='ltr'>necdum</span> <span class='ocrx_word' id='word_1_428' title='bbox 2297 3055 2490 3110; x_wconf 90' lang='lat' dir='ltr'>venire</span> <span class='ocrx_word' id='word_1_429' title='bbox 2523 3071 2712 3126; x_wconf 89' lang='lat' dir='ltr'>posse,</span> <span class='ocrx_word' id='word_1_430' title='bbox 2748 3055 3090 3126; x_wconf 88' lang='lat' dir='ltr'>respondeo.</span> <span class='ocrx_word' id='word_1_431' title='bbox 3118 3077 3144 3103; x_wconf 83' lang='lat'>»</span> 
     </span>
    </p>
   </div>
   <div class='ocr_carea' id='block_1_64' title="bbox 2086 3144 3670 3218">
    <p class='ocr_par' dir='ltr' id='par_1_64' title="bbox 2086 3144 3670 3218">
     <span class='ocr_line' id='line_1_64' title="bbox 2086 3144 3670 3218; baseline 0.004 -22"><span class='ocrx_word' id='word_1_432' title='bbox 2086 3145 2174 3197; x_wconf 92' lang='lat'>22.</span> <span class='ocrx_word' id='word_1_433' title='bbox 2198 3144 2300 3200; x_wconf 88' lang='lat' dir='ltr'>Cui</span> <span class='ocrx_word' id='word_1_434' title='bbox 2337 3145 2575 3216; x_wconf 88' lang='lat' dir='ltr'>inquam</span> <span class='ocrx_word' id='word_1_435' title='bbox 2604 3162 2649 3199; x_wconf 83' lang='lat'>:«</span> <span class='ocrx_word' id='word_1_436' title='bbox 2681 3144 2742 3199; x_wconf 88' lang='lat' dir='ltr'>In</span> <span class='ocrx_word' id='word_1_437' title='bbox 2767 3161 2880 3215; x_wconf 87' lang='lat' dir='ltr'>quo</span> <span class='ocrx_word' id='word_1_438' title='bbox 2907 3146 3170 3200; x_wconf 86' lang='lat' dir='ltr'>membro</span> <span class='ocrx_word' id='word_1_439' title='bbox 3195 3149 3396 3218; x_wconf 86' lang='lat' dir='ltr'>regnat</span> <span class='ocrx_word' id='word_1_440' title='bbox 3426 3146 3670 3202; x_wconf 88' lang='lat' dir='ltr'>inﬁrmi-</span> 
     </span>
    </p>
   </div>
   <div class='ocr_carea' id='block_1_65' title="bbox 252 3217 3672 3300">
    <p class='ocr_par' dir='ltr' id='par_1_65' title="bbox 252 3217 3672 3300">
     <span class='ocr_line' id='line_1_65' title="bbox 252 3217 3672 3300; baseline 0.002 -17"><span class='ocrx_word' id='word_1_441' title='bbox 252 3227 406 3300; x_wconf 84' lang='lat' dir='ltr'>(Jun.</span> <span class='ocrx_word' id='word_1_442' title='bbox 434 3225 548 3298; x_wconf 87' lang='lat'>29).</span> <span class='ocrx_word' id='word_1_443' title='bbox 573 3225 834 3296; x_wconf 87' lang='lat' dir='ltr'>Cumque</span> <span class='ocrx_word' id='word_1_444' title='bbox 865 3231 996 3298; x_wconf 89' lang='lat' dir='ltr'>post</span> <span class='ocrx_word' id='word_1_445' title='bbox 1045 3227 1368 3282; x_wconf 74' lang='lat' dir='ltr'>naeniarum</span> <span class='ocrx_word' id='word_1_446' title='bbox 1416 3229 1820 3300; x_wconf 87' lang='lat' dir='ltr'>garrulitatem</span> <span class='ocrx_word' id='word_1_447' title='bbox 1854 3234 1911 3285; x_wconf 88' lang='lat' dir='ltr'>et</span> <span class='ocrx_word' id='word_1_448' title='bbox 1940 3217 1983 3283; x_wconf 84' lang='lat' dir='ltr'>C</span> <span class='ocrx_word' id='word_1_449' title='bbox 2020 3235 2132 3297; x_wconf 88' lang='lat' dir='ltr'>tas,</span> <span class='ocrx_word' id='word_1_450' title='bbox 2157 3232 2300 3287; x_wconf 90' lang='lat' dir='ltr'>illud</span> <span class='ocrx_word' id='word_1_451' title='bbox 2325 3237 2413 3288; x_wconf 89' lang='lat' dir='ltr'>est</span> <span class='ocrx_word' id='word_1_452' title='bbox 2439 3231 2693 3288; x_wconf 85' lang='lat' dir='ltr'>cauterio</span> <span class='ocrx_word' id='word_1_453' title='bbox 2719 3234 3101 3288; x_wconf 80' lang='lat' dir='ltr'>exurendum.</span> <span class='ocrx_word' id='word_1_454' title='bbox 3129 3235 3384 3290; x_wconf 75' lang='lat' dir='ltr'>llzereses</span> <span class='ocrx_word' id='word_1_455' title='bbox 3405 3253 3608 3292; x_wconf 87' lang='lat' dir='ltr'>omnes</span> <span class='ocrx_word' id='word_1_456' title='bbox 3639 3255 3672 3291; x_wconf 91' lang='lat' dir='ltr'>a</span> 
     </span>
    </p>
   </div>
   <div class='ocr_carea' id='block_1_66' title="bbox 254 3315 1910 3387">
    <p class='ocr_par' dir='ltr' id='par_1_66' title="bbox 254 3315 1910 3387">
     <span class='ocr_line' id='line_1_66' title="bbox 254 3315 1910 3387; baseline 0.002 -16"><span class='ocrx_word' id='word_1_457' title='bbox 254 3317 578 3372; x_wconf 88' lang='lat' dir='ltr'>missarum</span> <span class='ocrx_word' id='word_1_458' title='bbox 591 3315 1040 3372; x_wconf 88' lang='lat' dir='ltr'>celebrationem</span> <span class='ocrx_word' id='word_1_459' title='bbox 1059 3317 1130 3371; x_wconf 90' lang='lat' dir='ltr'>ad</span> <span class='ocrx_word' id='word_1_460' title='bbox 1148 3331 1413 3372; x_wconf 88' lang='lat' dir='ltr'>mensam</span> <span class='ocrx_word' id='word_1_461' title='bbox 1432 3317 1835 3387; x_wconf 87' lang='lat' dir='ltr'>invitaremur,</span> <span class='ocrx_word' id='word_1_462' title='bbox 1851 3319 1910 3374; x_wconf 89' lang='lat' dir='ltr'>in</span> 
     </span>
    </p>
   </div>
   <div class='ocr_carea' id='block_1_67' title="bbox 253 3404 1912 3476">
    <p class='ocr_par' dir='ltr' id='par_1_67' title="bbox 253 3404 1912 3476">
     <span class='ocr_line' id='line_1_67' title="bbox 253 3404 1912 3476; baseline 0 -14"><span class='ocrx_word' id='word_1_463' title='bbox 253 3404 509 3462; x_wconf 87' lang='lat' dir='ltr'>citeriori</span> <span class='ocrx_word' id='word_1_464' title='bbox 563 3421 777 3460; x_wconf 65' lang='lat' dir='ltr'>mensa&quot;:</span> <span class='ocrx_word' id='word_1_465' title='bbox 809 3405 1094 3476; x_wconf 90' lang='lat' dir='ltr'>margine,</span> <span class='ocrx_word' id='word_1_466' title='bbox 1116 3422 1243 3476; x_wconf 73' lang='lat' dir='ltr'>quae</span> <span class='ocrx_word' id='word_1_467' title='bbox 1274 3411 1398 3460; x_wconf 90' lang='lat' dir='ltr'>erat</span> <span class='ocrx_word' id='word_1_468' title='bbox 1436 3406 1562 3461; x_wconf 91' lang='lat' dir='ltr'>sine</span> <span class='ocrx_word' id='word_1_469' title='bbox 1607 3406 1912 3462; x_wconf 88' lang='lat' dir='ltr'>latitudine</span> 
     </span>
    </p>
   </div>
   <div class='ocr_carea' id='block_1_68' title="bbox 253 3491 1909 3566">
    <p class='ocr_par' dir='ltr' id='par_1_68' title="bbox 253 3491 1909 3566">
     <span class='ocr_line' id='line_1_68' title="bbox 253 3491 1909 3566; baseline 0.001 -18"><span class='ocrx_word' id='word_1_470' title='bbox 253 3491 844 3566; x_wconf 85' lang='lat' dir='ltr'>longa,Bulgarorum</span> <span class='ocrx_word' id='word_1_471' title='bbox 863 3493 1456 3564; x_wconf 86' lang='lat' dir='ltr'>nuntium.Ungarico</span> <span class='ocrx_word' id='word_1_472' title='bbox 1475 3510 1632 3550; x_wconf 91' lang='lat' dir='ltr'>more</span> <span class='ocrx_word' id='word_1_473' title='bbox 1650 3499 1909 3561; x_wconf 91' lang='lat' dir='ltr'>tonsum,</span> 
     </span>
    </p>
   </div>
   <div class='ocr_carea' id='block_1_69' title="bbox 254 3581 1912 3657">
    <p class='ocr_par' dir='ltr' id='par_1_69' title="bbox 254 3581 1912 3657">
     <span class='ocr_line' id='line_1_69' title="bbox 254 3581 1912 3657; baseline 0.001 -19"><span class='ocrx_word' id='word_1_474' title='bbox 254 3599 418 3638; x_wconf 67' lang='lat' dir='ltr'>(enea</span> <span class='ocrx_word' id='word_1_475' title='bbox 437 3585 640 3638; x_wconf 87' lang='lat' dir='ltr'>catena</span> <span class='ocrx_word' id='word_1_476' title='bbox 659 3582 1010 3648; x_wconf 91' lang='lat' dir='ltr'>cinctum,et</span> <span class='ocrx_word' id='word_1_477' title='bbox 1034 3586 1099 3637; x_wconf 91' lang='lat' dir='ltr'>ut</span> <span class='ocrx_word' id='word_1_478' title='bbox 1125 3597 1290 3637; x_wconf 90' lang='lat' dir='ltr'>mens</span> <span class='ocrx_word' id='word_1_479' title='bbox 1323 3581 1486 3656; x_wconf 39' lang='lat' dir='ltr'>mihi,</span> <span class='ocrx_word' id='word_1_480' title='bbox 1503 3585 1783 3657; x_wconf 78' lang='lat' dir='ltr'>suggerit,</span> <span class='ocrx_word' id='word_1_481' title='bbox 1817 3601 1912 3639; x_wconf 86' lang='lat' dir='ltr'>ca-</span> 
     </span>
    </p>
   </div>
   <div class='ocr_carea' id='block_1_70' title="bbox 158 3670 1910 3744">
    <p class='ocr_par' dir='ltr' id='par_1_70' title="bbox 158 3670 1910 3744">
     <span class='ocr_line' id='line_1_70' title="bbox 158 3670 1910 3744; baseline -0.001 -15"><span class='ocrx_word' id='word_1_482' title='bbox 158 3729 171 3734; x_wconf 68' lang='grc'>,</span> <span class='ocrx_word' id='word_1_483' title='bbox 252 3671 698 3738; x_wconf 85' lang='lat' dir='ltr'>tecbumenum,</span> <span class='ocrx_word' id='word_1_484' title='bbox 735 3670 881 3726; x_wconf 90' lang='lat' dir='ltr'>mihi</span> <span class='ocrx_word' id='word_1_485' title='bbox 931 3671 1244 3743; x_wconf 71' lang='lat' dir='ltr'>praeponit;</span> <span class='ocrx_word' id='word_1_486' title='bbox 1295 3671 1367 3727; x_wconf 88' lang='lat' dir='ltr'>ad</span> <span class='ocrx_word' id='word_1_487' title='bbox 1416 3676 1668 3727; x_wconf 86' lang='lat' dir='ltr'>vestram</span> <span class='ocrx_word' id='word_1_488' title='bbox 1719 3672 1910 3744; x_wconf 91' lang='lat' dir='ltr'>plane,</span> 
     </span>
    </p>
   </div>
   <div class='ocr_carea' id='block_1_71' title="bbox 253 3759 1911 3833">
    <p class='ocr_par' dir='ltr' id='par_1_71' title="bbox 253 3759 1911 3833">
     <span class='ocr_line' id='line_1_71' title="bbox 253 3759 1911 3833; baseline -0.001 -15"><span class='ocrx_word' id='word_1_489' title='bbox 253 3760 482 3818; x_wconf 91' lang='lat' dir='ltr'>domini</span> <span class='ocrx_word' id='word_1_490' title='bbox 506 3761 619 3816; x_wconf 90' lang='lat' dir='ltr'>mei</span> <span class='ocrx_word' id='word_1_491' title='bbox 642 3760 900 3833; x_wconf 89' lang='lat' dir='ltr'>augusti,</span> <span class='ocrx_word' id='word_1_492' title='bbox 921 3759 1358 3816; x_wconf 89' lang='lat' dir='ltr'>contumeliam.</span> <span class='ocrx_word' id='word_1_493' title='bbox 1383 3763 1442 3814; x_wconf 87' lang='lat' dir='ltr'>lu</span> <span class='ocrx_word' id='word_1_494' title='bbox 1467 3761 1631 3816; x_wconf 91' lang='lat' dir='ltr'>vobis</span> <span class='ocrx_word' id='word_1_495' title='bbox 1653 3767 1911 3817; x_wconf 87' lang='lat' dir='ltr'>contem-</span> 
     </span>
    </p>
   </div>
   <div class='ocr_carea' id='block_1_72' title="bbox 253 3847 1912 3922">
    <p class='ocr_par' dir='ltr' id='par_1_72' title="bbox 253 3847 1912 3922">
     <span class='ocr_line' id='line_1_72' title="bbox 253 3847 1912 3922; baseline -0.001 -16"><span class='ocrx_word' id='word_1_496' title='bbox 253 3850 487 3922; x_wconf 86' lang='lat' dir='ltr'>ptus,in</span> <span class='ocrx_word' id='word_1_497' title='bbox 507 3849 674 3905; x_wconf 91' lang='lat' dir='ltr'>vobis</span> <span class='ocrx_word' id='word_1_498' title='bbox 695 3853 951 3922; x_wconf 90' lang='lat' dir='ltr'>spretus,</span> <span class='ocrx_word' id='word_1_499' title='bbox 975 3848 1034 3902; x_wconf 92' lang='lat' dir='ltr'>in</span> <span class='ocrx_word' id='word_1_500' title='bbox 1056 3847 1219 3904; x_wconf 92' lang='lat' dir='ltr'>vobis</span> <span class='ocrx_word' id='word_1_501' title='bbox 1251 3849 1534 3920; x_wconf 85' lang='lat' dir='ltr'>abjectus.</span> <span class='ocrx_word' id='word_1_502' title='bbox 1551 3850 1660 3904; x_wconf 91' lang='lat' dir='ltr'>Sed</span> <span class='ocrx_word' id='word_1_503' title='bbox 1693 3852 1912 3922; x_wconf 88' lang='lat' dir='ltr'>gratias</span> 
     </span>
    </p>
   </div>
   <div class='ocr_carea' id='block_1_73' title="bbox 254 3935 1912 4012">
    <p class='ocr_par' dir='ltr' id='par_1_73' title="bbox 254 3935 1912 4012">
     <span class='ocr_line' id='line_1_73' title="bbox 254 3935 1912 4012; baseline 0.001 -18"><span class='ocrx_word' id='word_1_504' title='bbox 254 3955 367 4011; x_wconf 88' lang='lat' dir='ltr'>ago</span> <span class='ocrx_word' id='word_1_505' title='bbox 398 3938 635 3994; x_wconf 88' lang='lat' dir='ltr'>domino</span> <span class='ocrx_word' id='word_1_506' title='bbox 664 3939 806 3994; x_wconf 88' lang='lat' dir='ltr'>Jesu</span> <span class='ocrx_word' id='word_1_507' title='bbox 831 3936 1087 4006; x_wconf 88' lang='lat' dir='ltr'>Christo,</span> <span class='ocrx_word' id='word_1_508' title='bbox 1110 3935 1204 3992; x_wconf 90' lang='lat' dir='ltr'>cui</span> <span class='ocrx_word' id='word_1_509' title='bbox 1231 3953 1334 3993; x_wconf 91' lang='lat' dir='ltr'>vos</span> <span class='ocrx_word' id='word_1_510' title='bbox 1365 3937 1593 3994; x_wconf 90' lang='lat' dir='ltr'>servitis</span> <span class='ocrx_word' id='word_1_511' title='bbox 1614 3940 1772 3995; x_wconf 92' lang='lat' dir='ltr'>omni</span> <span class='ocrx_word' id='word_1_512' title='bbox 1798 3941 1912 4012; x_wconf 91' lang='lat' dir='ltr'>spi-</span> 
     </span>
    </p>
   </div>
   <div class='ocr_carea' id='block_1_74' title="bbox 252 4026 1911 4098">
    <p class='ocr_par' dir='ltr' id='par_1_74' title="bbox 252 4026 1911 4098">
     <span class='ocr_line' id='line_1_74' title="bbox 252 4026 1911 4098; baseline 0.001 -14"><span class='ocrx_word' id='word_1_513' title='bbox 252 4027 374 4084; x_wconf 85' lang='lat' dir='ltr'>ritu</span> <span class='ocrx_word' id='word_1_514' title='bbox 405 4031 616 4095; x_wconf 90' lang='lat' dir='ltr'>vestro,</span> <span class='ocrx_word' id='word_1_515' title='bbox 642 4027 797 4098; x_wconf 90' lang='lat' dir='ltr'>quod</span> <span class='ocrx_word' id='word_1_516' title='bbox 829 4026 1066 4082; x_wconf 89' lang='lat' dir='ltr'>habitus</span> <span class='ocrx_word' id='word_1_517' title='bbox 1105 4043 1236 4082; x_wconf 90' lang='lat' dir='ltr'>sum</span> <span class='ocrx_word' id='word_1_518' title='bbox 1287 4043 1390 4098; x_wconf 93' lang='lat' dir='ltr'>pro</span> <span class='ocrx_word' id='word_1_519' title='bbox 1439 4027 1675 4084; x_wconf 91' lang='lat' dir='ltr'>nomine</span> <span class='ocrx_word' id='word_1_520' title='bbox 1721 4034 1911 4086; x_wconf 91' lang='lat' dir='ltr'>vestro</span> 
     </span>
    </p>
   </div>
   <div class='ocr_carea' id='block_1_75' title="bbox 255 4115 1910 4189">
    <p class='ocr_par' dir='ltr' id='par_1_75' title="bbox 255 4115 1910 4189">
     <span class='ocr_line' id='line_1_75' title="bbox 255 4115 1910 4189; baseline -0.001 -16"><span class='ocrx_word' id='word_1_521' title='bbox 255 4116 476 4189; x_wconf 90' lang='lat' dir='ltr'>dignus</span> <span class='ocrx_word' id='word_1_522' title='bbox 497 4115 883 4171; x_wconf 89' lang='lat' dir='ltr'>contumelias</span> <span class='ocrx_word' id='word_1_523' title='bbox 905 4115 1047 4187; x_wconf 88' lang='lat' dir='ltr'>pati.</span> <span class='ocrx_word' id='word_1_524' title='bbox 1063 4115 1540 4182; x_wconf 89' lang='lat' dir='ltr'>Verum,domini</span> <span class='ocrx_word' id='word_1_525' title='bbox 1562 4117 1698 4183; x_wconf 83' lang='lat' dir='ltr'>mei,</span> <span class='ocrx_word' id='word_1_526' title='bbox 1722 4134 1910 4173; x_wconf 88' lang='lat' dir='ltr'>meam</span> 
     </span>
    </p>
   </div>
   <div class='ocr_carea' id='block_1_76' title="bbox 255 4205 1915 4275">
    <p class='ocr_par' dir='ltr' id='par_1_76' title="bbox 255 4205 1915 4275">
     <span class='ocr_line' id='line_1_76' title="bbox 255 4205 1915 4275; baseline -0.002 -12"><span class='ocrx_word' id='word_1_527' title='bbox 255 4223 380 4263; x_wconf 88' lang='lat' dir='ltr'>non</span> <span class='ocrx_word' id='word_1_528' title='bbox 409 4205 785 4262; x_wconf 89' lang='lat' dir='ltr'>considerans</span> <span class='ocrx_word' id='word_1_529' title='bbox 808 4205 906 4260; x_wconf 91' lang='lat' dir='ltr'>sed</span> <span class='ocrx_word' id='word_1_530' title='bbox 930 4209 1182 4260; x_wconf 89' lang='lat' dir='ltr'>vestram</span> <span class='ocrx_word' id='word_1_531' title='bbox 1209 4205 1510 4275; x_wconf 89' lang='lat' dir='ltr'>injuriam,</span> <span class='ocrx_word' id='word_1_532' title='bbox 1535 4223 1798 4262; x_wconf 86' lang='lat' dir='ltr'>mensam</span> <span class='ocrx_word' id='word_1_533' title='bbox 1833 4223 1915 4261; x_wconf 87' lang='lat' dir='ltr'>re-</span> 
     </span>
    </p>
   </div>
   <div class='ocr_carea' id='block_1_77' title="bbox 253 4293 1915 4367">
    <p class='ocr_par' dir='ltr' id='par_1_77' title="bbox 253 4293 1915 4367">
     <span class='ocr_line' id='line_1_77' title="bbox 253 4293 1915 4367; baseline -0.001 -15"><span class='ocrx_word' id='word_1_534' title='bbox 253 4295 426 4366; x_wconf 86' lang='lat' dir='ltr'>liqui.</span> <span class='ocrx_word' id='word_1_535' title='bbox 453 4295 716 4366; x_wconf 90' lang='lat' dir='ltr'>Cumque</span> <span class='ocrx_word' id='word_1_536' title='bbox 746 4293 1065 4366; x_wconf 88' lang='lat' dir='ltr'>indignans</span> <span class='ocrx_word' id='word_1_537' title='bbox 1095 4293 1252 4348; x_wconf 88' lang='lat' dir='ltr'>abire</span> <span class='ocrx_word' id='word_1_538' title='bbox 1283 4293 1514 4358; x_wconf 91' lang='lat' dir='ltr'>vellem,</span> <span class='ocrx_word' id='word_1_539' title='bbox 1540 4295 1650 4351; x_wconf 88' lang='lat' dir='ltr'>Leo</span> <span class='ocrx_word' id='word_1_540' title='bbox 1681 4313 1915 4367; x_wconf 89' lang='lat' dir='ltr'>coropa-</span> 
     </span>
    </p>
   </div>
   <div class='ocr_carea' id='block_1_78' title="bbox 257 4371 1912 4456">
    <p class='ocr_par' dir='ltr' id='par_1_78' title="bbox 257 4371 1912 4456">
     <span class='ocr_line' id='line_1_78' title="bbox 257 4371 1912 4456; baseline -0.002 -15"><span class='ocrx_word' id='word_1_541' title='bbox 257 4383 429 4452; x_wconf 87' lang='lat' dir='ltr'>lates,</span> <span class='ocrx_word' id='word_1_542' title='bbox 450 4382 819 4456; x_wconf 85' lang='lat' dir='ltr'>imperatoris</span> <span class='ocrx_word' id='word_1_543' title='bbox 849 4383 1046 4449; x_wconf 83' lang='lat' dir='ltr'>frater,</span> <span class='ocrx_word' id='word_1_544' title='bbox 1065 4385 1123 4438; x_wconf 94' lang='lat' dir='ltr'>et</span> <span class='ocrx_word' id='word_1_545' title='bbox 1151 4386 1316 4454; x_wconf 90' lang='lat' dir='ltr'>proto</span> <span class='ocrx_word' id='word_1_546' title='bbox 1337 4399 1371 4438; x_wconf 90' lang='lat' dir='ltr'>a</span> <span class='ocrx_word' id='word_1_547' title='bbox 1393 4371 1632 4438; x_wconf 80' lang='lat' dir='ltr'>secretis</span> <span class='ocrx_word' id='word_1_548' title='bbox 1655 4384 1912 4455; x_wconf 89' lang='lat' dir='ltr'>Simeon,</span> 
     </span>
    </p>
   </div>
   <div class='ocr_carea' id='block_1_79' title="bbox 258 4469 1914 4547">
    <p class='ocr_par' dir='ltr' id='par_1_79' title="bbox 258 4469 1914 4547">
     <span class='ocr_line' id='line_1_79' title="bbox 258 4469 1914 4547; baseline 0 -19"><span class='ocrx_word' id='word_1_549' title='bbox 258 4489 414 4547; x_wconf 90' lang='lat' dir='ltr'>pone</span> <span class='ocrx_word' id='word_1_550' title='bbox 440 4488 532 4527; x_wconf 91' lang='lat' dir='ltr'>me</span> <span class='ocrx_word' id='word_1_551' title='bbox 569 4475 918 4543; x_wconf 90' lang='lat' dir='ltr'>sequuntur,</span> <span class='ocrx_word' id='word_1_552' title='bbox 942 4471 1062 4526; x_wconf 78' lang='lat' dir='ltr'>haec</span> <span class='ocrx_word' id='word_1_553' title='bbox 1101 4469 1382 4525; x_wconf 87' lang='lat' dir='ltr'>latrantes</span> <span class='ocrx_word' id='word_1_554' title='bbox 1408 4488 1456 4525; x_wconf 85' lang='lat'>:«</span> <span class='ocrx_word' id='word_1_555' title='bbox 1481 4471 1622 4526; x_wconf 92' lang='lat' dir='ltr'>Cum</span> <span class='ocrx_word' id='word_1_556' title='bbox 1657 4472 1914 4528; x_wconf 89' lang='lat' dir='ltr'>Christo-</span> 
     </span>
    </p>
   </div>
   <div class='ocr_carea' id='block_1_80' title="bbox 257 4558 1992 4647">
    <p class='ocr_par' dir='ltr' id='par_1_80' title="bbox 257 4558 1992 4647">
     <span class='ocr_line' id='line_1_80' title="bbox 257 4558 1992 4647; baseline 0.001 -31"><span class='ocrx_word' id='word_1_557' title='bbox 257 4561 430 4635; x_wconf 86' lang='lat' dir='ltr'>pbori</span> <span class='ocrx_word' id='word_1_558' title='bbox 454 4559 633 4616; x_wconf 89' lang='lat' dir='ltr'>ﬁliam</span> <span class='ocrx_word' id='word_1_559' title='bbox 661 4559 1283 4632; x_wconf 88' lang='lat' dir='ltr'>Petrus,Bulgarorum</span> <span class='ocrx_word' id='word_1_560' title='bbox 1308 4558 1582 4624; x_wconf 88' lang='lat' dir='ltr'>vasileus,</span> <span class='ocrx_word' id='word_1_561' title='bbox 1607 4562 1915 4634; x_wconf 87' lang='lat' dir='ltr'>conjugem</span> <span class='ocrx_word' id='word_1_562' title='bbox 1946 4582 1992 4647; x_wconf 83' lang='lat' dir='ltr'>D</span> 
     </span>
    </p>
   </div>
   <div class='ocr_carea' id='block_1_81' title="bbox 257 4647 1914 4722">
    <p class='ocr_par' dir='ltr' id='par_1_81' title="bbox 257 4647 1914 4722">
     <span class='ocr_line' id='line_1_81' title="bbox 257 4647 1914 4722; baseline -0.001 -15"><span class='ocrx_word' id='word_1_563' title='bbox 257 4651 516 4718; x_wconf 89' lang='lat' dir='ltr'>duceret,</span> <span class='ocrx_word' id='word_1_564' title='bbox 533 4649 881 4722; x_wconf 89' lang='lat' dir='ltr'>symphona,</span> <span class='ocrx_word' id='word_1_565' title='bbox 900 4649 958 4704; x_wconf 93' lang='lat' dir='ltr'>id</span> <span class='ocrx_word' id='word_1_566' title='bbox 981 4653 1072 4705; x_wconf 90' lang='lat' dir='ltr'>est</span> <span class='ocrx_word' id='word_1_567' title='bbox 1093 4647 1475 4704; x_wconf 88' lang='lat' dir='ltr'>consonantia</span> <span class='ocrx_word' id='word_1_568' title='bbox 1496 4648 1732 4720; x_wconf 90' lang='lat' dir='ltr'>scripta,</span> <span class='ocrx_word' id='word_1_569' title='bbox 1748 4651 1914 4720; x_wconf 87' lang='lat' dir='ltr'>jura-</span> 
     </span>
    </p>
   </div>
   <div class='ocr_carea' id='block_1_82' title="bbox 258 4736 1912 4810">
    <p class='ocr_par' dir='ltr' id='par_1_82' title="bbox 258 4736 1912 4810">
     <span class='ocr_line' id='line_1_82' title="bbox 258 4736 1912 4810; baseline -0.001 -14"><span class='ocrx_word' id='word_1_570' title='bbox 258 4744 460 4796; x_wconf 88' lang='lat' dir='ltr'>mento</span> <span class='ocrx_word' id='word_1_571' title='bbox 492 4740 724 4794; x_wconf 88' lang='lat' dir='ltr'>ﬁrmata</span> <span class='ocrx_word' id='word_1_572' title='bbox 752 4742 910 4805; x_wconf 91' lang='lat' dir='ltr'>sunt,</span> <span class='ocrx_word' id='word_1_573' title='bbox 938 4742 1002 4792; x_wconf 91' lang='lat' dir='ltr'>ut</span> <span class='ocrx_word' id='word_1_574' title='bbox 1029 4736 1295 4792; x_wconf 91' lang='lat' dir='ltr'>omnium</span> <span class='ocrx_word' id='word_1_575' title='bbox 1317 4736 1580 4810; x_wconf 88' lang='lat' dir='ltr'>gentium</span> <span class='ocrx_word' id='word_1_576' title='bbox 1611 4739 1912 4810; x_wconf 90' lang='lat' dir='ltr'>apostolis,</span> 
     </span>
    </p>
   </div>
   <div class='ocr_carea' id='block_1_83' title="bbox 255 4824 1916 4900">
    <p class='ocr_par' dir='ltr' id='par_1_83' title="bbox 255 4824 1916 4900">
     <span class='ocr_line' id='line_1_83' title="bbox 255 4824 1916 4900; baseline -0.002 -15"><span class='ocrx_word' id='word_1_577' title='bbox 255 4828 323 4885; x_wconf 90' lang='lat' dir='ltr'>id</span> <span class='ocrx_word' id='word_1_578' title='bbox 356 4831 445 4883; x_wconf 89' lang='lat' dir='ltr'>est</span> <span class='ocrx_word' id='word_1_579' title='bbox 474 4827 717 4895; x_wconf 91' lang='lat' dir='ltr'>nuntiis,</span> <span class='ocrx_word' id='word_1_580' title='bbox 741 4842 920 4899; x_wconf 89' lang='lat' dir='ltr'>penes</span> <span class='ocrx_word' id='word_1_581' title='bbox 941 4843 1046 4882; x_wconf 91' lang='lat' dir='ltr'>nos</span> <span class='ocrx_word' id='word_1_582' title='bbox 1078 4824 1463 4897; x_wconf 88' lang='lat' dir='ltr'>Bulgarorum</span> <span class='ocrx_word' id='word_1_583' title='bbox 1497 4826 1742 4898; x_wconf 89' lang='lat' dir='ltr'>apostoli</span> <span class='ocrx_word' id='word_1_584' title='bbox 1775 4846 1916 4900; x_wconf 66' lang='lat' dir='ltr'>prae-</span> 
     </span>
    </p>
   </div>
   <div class='ocr_carea' id='block_1_84' title="bbox 258 4914 1919 4992">
    <p class='ocr_par' dir='ltr' id='par_1_84' title="bbox 258 4914 1919 4992">
     <span class='ocr_line' id='line_1_84' title="bbox 258 4914 1919 4992; baseline -0.001 -19"><span class='ocrx_word' id='word_1_585' title='bbox 258 4920 580 4992; x_wconf 88' lang='lat' dir='ltr'>ponantur,</span> <span class='ocrx_word' id='word_1_586' title='bbox 611 4915 988 4982; x_wconf 89' lang='lat' dir='ltr'>bonorentur,</span> <span class='ocrx_word' id='word_1_587' title='bbox 1031 4914 1368 4986; x_wconf 88' lang='lat' dir='ltr'>diligantur.</span> <span class='ocrx_word' id='word_1_588' title='bbox 1395 4915 1781 4988; x_wconf 90' lang='lat' dir='ltr'>Bulgarorum</span> <span class='ocrx_word' id='word_1_589' title='bbox 1823 4917 1919 4972; x_wconf 92' lang='lat' dir='ltr'>ille</span> 
     </span>
    </p>
   </div>
   <div class='ocr_carea' id='block_1_85' title="bbox 264 5002 1918 5079">
    <p class='ocr_par' dir='ltr' id='par_1_85' title="bbox 264 5002 1918 5079">
     <span class='ocr_line' id='line_1_85' title="bbox 264 5002 1918 5079; baseline -0.001 -15"><span class='ocrx_word' id='word_1_590' title='bbox 264 5005 591 5079; x_wconf 86' lang='lat' dir='ltr'>apostolus,</span> <span class='ocrx_word' id='word_1_591' title='bbox 608 5021 994 5078; x_wconf 89' lang='lat' dir='ltr'>quamquam,</span> <span class='ocrx_word' id='word_1_592' title='bbox 1008 5007 1074 5059; x_wconf 92' lang='lat' dir='ltr'>ut</span> <span class='ocrx_word' id='word_1_593' title='bbox 1093 5002 1239 5059; x_wconf 90' lang='lat' dir='ltr'>dicis</span> <span class='ocrx_word' id='word_1_594' title='bbox 1261 5007 1317 5058; x_wconf 93' lang='lat' dir='ltr'>et</span> <span class='ocrx_word' id='word_1_595' title='bbox 1335 5019 1534 5059; x_wconf 89' lang='lat' dir='ltr'>verum</span> <span class='ocrx_word' id='word_1_596' title='bbox 1558 5010 1664 5074; x_wconf 90' lang='lat' dir='ltr'>est,</span> <span class='ocrx_word' id='word_1_597' title='bbox 1690 5009 1918 5074; x_wconf 89' lang='lat' dir='ltr'>tonsus,</span> 
     </span>
    </p>
   </div>
   <div class='ocr_carea' id='block_1_86' title="bbox 265 5093 1920 5167">
    <p class='ocr_par' dir='ltr' id='par_1_86' title="bbox 265 5093 1920 5167">
     <span class='ocr_line' id='line_1_86' title="bbox 265 5093 1920 5167; baseline 0 -15"><span class='ocrx_word' id='word_1_598' title='bbox 265 5095 492 5167; x_wconf 89' lang='lat' dir='ltr'>illotus,</span> <span class='ocrx_word' id='word_1_599' title='bbox 518 5099 575 5150; x_wconf 93' lang='lat' dir='ltr'>et</span> <span class='ocrx_word' id='word_1_600' title='bbox 603 5099 808 5150; x_wconf 88' lang='lat' dir='ltr'>catena</span> <span class='ocrx_word' id='word_1_601' title='bbox 826 5109 984 5150; x_wconf 54' lang='lat' dir='ltr'>aenea</span> <span class='ocrx_word' id='word_1_602' title='bbox 1015 5093 1243 5149; x_wconf 90' lang='lat' dir='ltr'>cinctus</span> <span class='ocrx_word' id='word_1_603' title='bbox 1283 5093 1379 5160; x_wconf 92' lang='lat' dir='ltr'>sit,</span> <span class='ocrx_word' id='word_1_604' title='bbox 1404 5093 1686 5164; x_wconf 89' lang='lat' dir='ltr'>patricius</span> <span class='ocrx_word' id='word_1_605' title='bbox 1725 5099 1920 5152; x_wconf 89' lang='lat' dir='ltr'>tamen</span> 
     </span>
    </p>
   </div>
   <div class='ocr_carea' id='block_1_87' title="bbox 266 5182 1921 5257">
    <p class='ocr_par' dir='ltr' id='par_1_87' title="bbox 266 5182 1921 5257">
     <span class='ocr_line' id='line_1_87' title="bbox 266 5182 1921 5257; baseline -0.002 -16"><span class='ocrx_word' id='word_1_606' title='bbox 266 5183 494 5252; x_wconf 87' lang='lat' dir='ltr'>est,cui</span> <span class='ocrx_word' id='word_1_607' title='bbox 524 5183 865 5257; x_wconf 90' lang='lat' dir='ltr'>episcopum</span> <span class='ocrx_word' id='word_1_608' title='bbox 901 5197 1256 5256; x_wconf 62' lang='lat' dir='ltr'>preponere,</span> <span class='ocrx_word' id='word_1_609' title='bbox 1284 5182 1636 5238; x_wconf 86' lang='lat' dir='ltr'>Francorum</span> <span class='ocrx_word' id='word_1_610' title='bbox 1681 5201 1921 5256; x_wconf 81' lang='lat' dir='ltr'>praeser-</span> 
     </span>
    </p>
   </div>
   <div class='ocr_carea' id='block_1_88' title="bbox 2018 3321 3668 3393">
    <p class='ocr_par' dir='ltr' id='par_1_88' title="bbox 2018 3321 3668 3393">
     <span class='ocr_line' id='line_1_88' title="bbox 2018 3321 3668 3393; baseline 0.002 -19"><span class='ocrx_word' id='word_1_611' title='bbox 2018 3321 2183 3375; x_wconf 88' lang='lat' dir='ltr'>vobis</span> <span class='ocrx_word' id='word_1_612' title='bbox 2213 3325 2584 3390; x_wconf 87' lang='lat' dir='ltr'>emanarunt,</span> <span class='ocrx_word' id='word_1_613' title='bbox 2602 3337 2778 3391; x_wconf 90' lang='lat' dir='ltr'>penes</span> <span class='ocrx_word' id='word_1_614' title='bbox 2810 3337 2913 3375; x_wconf 91' lang='lat' dir='ltr'>vos</span> <span class='ocrx_word' id='word_1_615' title='bbox 2946 3322 3286 3393; x_wconf 86' lang='lat' dir='ltr'>viguerunt;</span> <span class='ocrx_word' id='word_1_616' title='bbox 3323 3341 3356 3378; x_wconf 90' lang='lat' dir='ltr'>a</span> <span class='ocrx_word' id='word_1_617' title='bbox 3387 3325 3581 3393; x_wconf 90' lang='lat' dir='ltr'>nobis,</span> <span class='ocrx_word' id='word_1_618' title='bbox 3611 3324 3668 3378; x_wconf 90' lang='lat' dir='ltr'>id</span> 
     </span>
    </p>
   </div>
   <div class='ocr_carea' id='block_1_89' title="bbox 2021 3407 3674 3480">
    <p class='ocr_par' dir='ltr' id='par_1_89' title="bbox 2021 3407 3674 3480">
     <span class='ocr_line' id='line_1_89' title="bbox 2021 3407 3674 3480; baseline 0.002 -17"><span class='ocrx_word' id='word_1_619' title='bbox 2021 3413 2110 3463; x_wconf 90' lang='lat' dir='ltr'>est</span> <span class='ocrx_word' id='word_1_620' title='bbox 2141 3407 2617 3477; x_wconf 86' lang='lat' dir='ltr'>occidentalibus,</span> <span class='ocrx_word' id='word_1_621' title='bbox 2646 3409 2740 3463; x_wconf 89' lang='lat' dir='ltr'>hic</span> <span class='ocrx_word' id='word_1_622' title='bbox 2773 3414 2912 3464; x_wconf 91' lang='lat' dir='ltr'>sunt</span> <span class='ocrx_word' id='word_1_623' title='bbox 2952 3409 3256 3480; x_wconf 68' lang='lat' dir='ltr'>jugulataa,</span> <span class='ocrx_word' id='word_1_624' title='bbox 3287 3411 3380 3465; x_wconf 90' lang='lat' dir='ltr'>hic</span> <span class='ocrx_word' id='word_1_625' title='bbox 3415 3417 3552 3466; x_wconf 89' lang='lat' dir='ltr'>sunt</span> <span class='ocrx_word' id='word_1_626' title='bbox 3584 3430 3674 3467; x_wconf 87' lang='lat' dir='ltr'>oc-</span> 
     </span>
    </p>
   </div>
   <div class='ocr_carea' id='block_1_90' title="bbox 2021 3496 3673 3571">
    <p class='ocr_par' dir='ltr' id='par_1_90' title="bbox 2021 3496 3673 3571">
     <span class='ocr_line' id='line_1_90' title="bbox 2021 3496 3673 3571; baseline 0.002 -21"><span class='ocrx_word' id='word_1_627' title='bbox 2021 3496 2174 3551; x_wconf 78' lang='lat' dir='ltr'>cisze.</span> <span class='ocrx_word' id='word_1_628' title='bbox 2203 3497 2526 3551; x_wconf 84' lang='lat' dir='ltr'>Romanam</span> <span class='ocrx_word' id='word_1_629' title='bbox 2561 3498 2680 3552; x_wconf 88' lang='lat' dir='ltr'>sive</span> <span class='ocrx_word' id='word_1_630' title='bbox 2729 3497 3074 3569; x_wconf 86' lang='lat' dir='ltr'>Papienscm</span> <span class='ocrx_word' id='word_1_631' title='bbox 3121 3500 3430 3570; x_wconf 82' lang='lat' dir='ltr'>synodum,</span> <span class='ocrx_word' id='word_1_632' title='bbox 3466 3516 3673 3571; x_wconf 89' lang='lat' dir='ltr'>quam-</span> 
     </span>
    </p>
   </div>
   <div class='ocr_carea' id='block_1_91' title="bbox 2021 3585 3674 3656">
    <p class='ocr_par' dir='ltr' id='par_1_91' title="bbox 2021 3585 3674 3656">
     <span class='ocr_line' id='line_1_91' title="bbox 2021 3585 3674 3656; baseline 0.002 -16"><span class='ocrx_word' id='word_1_633' title='bbox 2021 3602 2198 3656; x_wconf 89' lang='lat' dir='ltr'>quam</span> <span class='ocrx_word' id='word_1_634' title='bbox 2219 3589 2415 3641; x_wconf 90' lang='lat' dir='ltr'>essent</span> <span class='ocrx_word' id='word_1_635' title='bbox 2432 3585 2702 3656; x_wconf 67' lang='lat' dir='ltr'>saepe,his</span> <span class='ocrx_word' id='word_1_636' title='bbox 2721 3603 2833 3640; x_wconf 90' lang='lat' dir='ltr'>non</span> <span class='ocrx_word' id='word_1_637' title='bbox 2853 3588 3674 3644; x_wconf 84' lang='lat' dir='ltr'>connumeramus.Romanus</span> 
     </span>
    </p>
   </div>
   <div class='ocr_carea' id='block_1_92' title="bbox 2022 3673 3676 3749">
    <p class='ocr_par' dir='ltr' id='par_1_92' title="bbox 2022 3673 3676 3749">
     <span class='ocr_line' id='line_1_92' title="bbox 2022 3673 3676 3749; baseline 0.001 -20"><span class='ocrx_word' id='word_1_638' title='bbox 2022 3675 2178 3729; x_wconf 91' lang='lat' dir='ltr'>enim</span> <span class='ocrx_word' id='word_1_639' title='bbox 2200 3673 2468 3740; x_wconf 91' lang='lat' dir='ltr'>clericus,</span> <span class='ocrx_word' id='word_1_640' title='bbox 2492 3675 2865 3745; x_wconf 91' lang='lat' dir='ltr'>postmodum</span> <span class='ocrx_word' id='word_1_641' title='bbox 2889 3674 3236 3730; x_wconf 89' lang='lat' dir='ltr'>universalis</span> <span class='ocrx_word' id='word_1_642' title='bbox 3267 3692 3438 3747; x_wconf 89' lang='lat' dir='ltr'>papa,</span> <span class='ocrx_word' id='word_1_643' title='bbox 3463 3677 3676 3749; x_wconf 86' lang='lat' dir='ltr'>Grego-</span> 
     </span>
    </p>
   </div>
   <div class='ocr_carea' id='block_1_93' title="bbox 2022 3762 3671 3838">
    <p class='ocr_par' dir='ltr' id='par_1_93' title="bbox 2022 3762 3671 3838">
     <span class='ocr_line' id='line_1_93' title="bbox 2022 3762 3671 3838; baseline 0.003 -22"><span class='ocrx_word' id='word_1_644' title='bbox 2022 3763 2167 3827; x_wconf 90' lang='lat' dir='ltr'>rius,</span> <span class='ocrx_word' id='word_1_645' title='bbox 2185 3764 2285 3834; x_wconf 88' lang='lat' dir='ltr'>qui</span> <span class='ocrx_word' id='word_1_646' title='bbox 2311 3780 2344 3817; x_wconf 90' lang='lat' dir='ltr'>a</span> <span class='ocrx_word' id='word_1_647' title='bbox 2365 3763 2529 3818; x_wconf 90' lang='lat' dir='ltr'>vobis</span> <span class='ocrx_word' id='word_1_648' title='bbox 2551 3762 2880 3835; x_wconf 90' lang='lat' dir='ltr'>appellatus</span> <span class='ocrx_word' id='word_1_649' title='bbox 2902 3767 2990 3819; x_wconf 89' lang='lat' dir='ltr'>est</span> <span class='ocrx_word' id='word_1_650' title='bbox 3008 3763 3304 3836; x_wconf 89' lang='lat' dir='ltr'>Dialogus,</span> <span class='ocrx_word' id='word_1_651' title='bbox 3326 3764 3671 3838; x_wconf 80' lang='lat' dir='ltr'>Eutychium</span> 
     </span>
    </p>
   </div>
   <div class='ocr_carea' id='block_1_94' title="bbox 2020 3851 3670 3924">
    <p class='ocr_par' dir='ltr' id='par_1_94' title="bbox 2020 3851 3670 3924">
     <span class='ocr_line' id='line_1_94' title="bbox 2020 3851 3670 3924; baseline 0.003 -18"><span class='ocrx_word' id='word_1_652' title='bbox 2020 3851 2729 3924; x_wconf 85' lang='lat' dir='ltr'>Constantinopolitanum</span> <span class='ocrx_word' id='word_1_653' title='bbox 2775 3853 3164 3924; x_wconf 89' lang='lat' dir='ltr'>patriarcham</span> <span class='ocrx_word' id='word_1_654' title='bbox 3214 3853 3550 3910; x_wconf 72' lang='lat' dir='ltr'>hazreticum</span> <span class='ocrx_word' id='word_1_655' title='bbox 3599 3858 3670 3911; x_wconf 92' lang='lat' dir='ltr'>ab</span> 
     </span>
    </p>
   </div>
   <div class='ocr_carea' id='block_1_95' title="bbox 2021 3940 3669 4016">
    <p class='ocr_par' dir='ltr' id='par_1_95' title="bbox 2021 3940 3669 4016">
     <span class='ocr_line' id='line_1_95' title="bbox 2021 3940 3669 4016; baseline 0.002 -20"><span class='ocrx_word' id='word_1_656' title='bbox 2021 3941 2309 4013; x_wconf 86' lang='lat' dir='ltr'>ejusmodi</span> <span class='ocrx_word' id='word_1_657' title='bbox 2343 3941 2547 3996; x_wconf 62' lang='lat' dir='ltr'>haeresi</span> <span class='ocrx_word' id='word_1_658' title='bbox 2578 3940 2861 3997; x_wconf 90' lang='lat' dir='ltr'>liberavit.</span> <span class='ocrx_word' id='word_1_659' title='bbox 2893 3941 3099 3997; x_wconf 90' lang='lat' dir='ltr'>Aiebat</span> <span class='ocrx_word' id='word_1_660' title='bbox 3135 3943 3289 3998; x_wconf 89' lang='lat' dir='ltr'>idem</span> <span class='ocrx_word' id='word_1_661' title='bbox 3328 3943 3669 4016; x_wconf 84' lang='lat' dir='ltr'>Eutychius,</span> 
     </span>
    </p>
   </div>
   <div class='ocr_carea' id='block_1_96' title="bbox 2022 4030 3675 4100">
    <p class='ocr_par' dir='ltr' id='par_1_96' title="bbox 2022 4030 3675 4100">
     <span class='ocr_line' id='line_1_96' title="bbox 2022 4030 3675 4100; baseline 0.002 -15"><span class='ocrx_word' id='word_1_662' title='bbox 2022 4048 2127 4086; x_wconf 89' lang='lat' dir='ltr'>nec</span> <span class='ocrx_word' id='word_1_663' title='bbox 2160 4030 2349 4086; x_wconf 90' lang='lat' dir='ltr'>solum</span> <span class='ocrx_word' id='word_1_664' title='bbox 2373 4031 2583 4099; x_wconf 90' lang='lat' dir='ltr'>aiebat,</span> <span class='ocrx_word' id='word_1_665' title='bbox 2602 4032 2702 4086; x_wconf 90' lang='lat' dir='ltr'>sed</span> <span class='ocrx_word' id='word_1_666' title='bbox 2725 4032 2902 4086; x_wconf 90' lang='lat' dir='ltr'>etiam</span> <span class='ocrx_word' id='word_1_667' title='bbox 2929 4032 3518 4100; x_wconf 87' lang='lat' dir='ltr'>docebat,clamabat,</span> <span class='ocrx_word' id='word_1_668' title='bbox 3536 4034 3675 4089; x_wconf 89' lang='lat' dir='ltr'>scri-</span> 
     </span>
    </p>
   </div>
   <div class='ocr_carea' id='block_1_97' title="bbox 2024 4120 3673 4194">
    <p class='ocr_par' dir='ltr' id='par_1_97' title="bbox 2024 4120 3673 4194">
     <span class='ocr_line' id='line_1_97' title="bbox 2024 4120 3673 4194; baseline 0.002 -20"><span class='ocrx_word' id='word_1_669' title='bbox 2024 4121 2291 4192; x_wconf 86' lang='lat' dir='ltr'>ptitabat,</span> <span class='ocrx_word' id='word_1_670' title='bbox 2320 4138 2426 4175; x_wconf 89' lang='lat' dir='ltr'>nos</span> <span class='ocrx_word' id='word_1_671' title='bbox 2456 4120 2513 4174; x_wconf 91' lang='lat' dir='ltr'>in</span> <span class='ocrx_word' id='word_1_672' title='bbox 2549 4122 2971 4177; x_wconf 87' lang='lat' dir='ltr'>resurrectione</span> <span class='ocrx_word' id='word_1_673' title='bbox 2996 4139 3111 4177; x_wconf 89' lang='lat' dir='ltr'>non</span> <span class='ocrx_word' id='word_1_674' title='bbox 3137 4139 3353 4188; x_wconf 89' lang='lat' dir='ltr'>veram,</span> <span class='ocrx_word' id='word_1_675' title='bbox 3377 4139 3554 4194; x_wconf 85' lang='lat' dir='ltr'>quam</span> <span class='ocrx_word' id='word_1_676' title='bbox 3578 4123 3673 4178; x_wconf 88' lang='lat' dir='ltr'>hic</span> 
     </span>
    </p>
   </div>
   <div class='ocr_carea' id='block_1_98' title="bbox 2021 4209 3674 4282">
    <p class='ocr_par' dir='ltr' id='par_1_98' title="bbox 2021 4209 3674 4282">
     <span class='ocr_line' id='line_1_98' title="bbox 2021 4209 3674 4282; baseline 0.001 -19"><span class='ocrx_word' id='word_1_677' title='bbox 2021 4209 2332 4275; x_wconf 90' lang='lat' dir='ltr'>habemus,</span> <span class='ocrx_word' id='word_1_678' title='bbox 2353 4211 2452 4264; x_wconf 84' lang='lat' dir='ltr'>sed</span> <span class='ocrx_word' id='word_1_679' title='bbox 2481 4210 2850 4265; x_wconf 80' lang='lat' dir='ltr'>fantasticam</span> <span class='ocrx_word' id='word_1_680' title='bbox 2876 4212 3172 4282; x_wconf 83' lang='lat' dir='ltr'>quandam</span> <span class='ocrx_word' id='word_1_681' title='bbox 3196 4229 3426 4266; x_wconf 84' lang='lat' dir='ltr'>carnem</span> <span class='ocrx_word' id='word_1_682' title='bbox 3448 4228 3674 4265; x_wconf 91' lang='lat' dir='ltr'>assum-</span> 
     </span>
    </p>
   </div>
   <div class='ocr_carea' id='block_1_99' title="bbox 2024 4299 3677 4369">
    <p class='ocr_par' dir='ltr' id='par_1_99' title="bbox 2024 4299 3677 4369">
     <span class='ocr_line' id='line_1_99' title="bbox 2024 4299 3677 4369; baseline 0 -18"><span class='ocrx_word' id='word_1_683' title='bbox 2024 4302 2257 4368; x_wconf 89' lang='lat' dir='ltr'>pturos;</span> <span class='ocrx_word' id='word_1_684' title='bbox 2287 4299 2457 4368; x_wconf 80' lang='lat' dir='ltr'>cujus</span> <span class='ocrx_word' id='word_1_685' title='bbox 2484 4300 2698 4353; x_wconf 82' lang='lat' dir='ltr'>erroris</span> <span class='ocrx_word' id='word_1_686' title='bbox 2723 4299 2871 4353; x_wconf 89' lang='lat' dir='ltr'>liber</span> <span class='ocrx_word' id='word_1_687' title='bbox 2893 4317 2925 4353; x_wconf 92' lang='lat' dir='ltr'>a</span> <span class='ocrx_word' id='word_1_688' title='bbox 2946 4299 3218 4369; x_wconf 81' lang='lat' dir='ltr'>Gregorio</span> <span class='ocrx_word' id='word_1_689' title='bbox 3240 4299 3556 4353; x_wconf 84' lang='lat' dir='ltr'>orthodoxe</span> <span class='ocrx_word' id='word_1_690' title='bbox 3587 4302 3677 4351; x_wconf 90' lang='lat' dir='ltr'>est</span> 
     </span>
    </p>
   </div>
   <div class='ocr_carea' id='block_1_100' title="bbox 2024 4386 3674 4457">
    <p class='ocr_par' dir='ltr' id='par_1_100' title="bbox 2024 4386 3674 4457">
     <span class='ocr_line' id='line_1_100' title="bbox 2024 4386 3674 4457; baseline 0.001 -19"><span class='ocrx_word' id='word_1_691' title='bbox 2024 4386 2388 4440; x_wconf 88' lang='lat' dir='ltr'>combustus.</span> <span class='ocrx_word' id='word_1_692' title='bbox 2413 4386 2524 4441; x_wconf 88' lang='lat' dir='ltr'>Sed</span> <span class='ocrx_word' id='word_1_693' title='bbox 2557 4387 2808 4441; x_wconf 87' lang='lat' dir='ltr'>Evodius</span> <span class='ocrx_word' id='word_1_694' title='bbox 2852 4387 3150 4456; x_wconf 89' lang='lat' dir='ltr'>Papiensis</span> <span class='ocrx_word' id='word_1_695' title='bbox 3188 4387 3518 4457; x_wconf 88' lang='lat' dir='ltr'>episcopus,</span> <span class='ocrx_word' id='word_1_696' title='bbox 3541 4402 3674 4456; x_wconf 87' lang='lat' dir='ltr'>pro-</span> 
     </span>
    </p>
   </div>
   <div class='ocr_carea' id='block_1_101' title="bbox 2024 4472 3680 4544">
    <p class='ocr_par' dir='ltr' id='par_1_101' title="bbox 2024 4472 3680 4544">
     <span class='ocr_line' id='line_1_101' title="bbox 2024 4472 3680 4544; baseline 0.001 -18"><span class='ocrx_word' id='word_1_697' title='bbox 2024 4477 2152 4544; x_wconf 86' lang='lat' dir='ltr'>pter</span> <span class='ocrx_word' id='word_1_698' title='bbox 2181 4472 2354 4527; x_wconf 88' lang='lat' dir='ltr'>aliam</span> <span class='ocrx_word' id='word_1_699' title='bbox 2380 4474 2674 4544; x_wconf 90' lang='lat' dir='ltr'>quandam</span> <span class='ocrx_word' id='word_1_700' title='bbox 2699 4474 2965 4528; x_wconf 73' lang='lat' dir='ltr'>haeresim</span> <span class='ocrx_word' id='word_1_701' title='bbox 2998 4473 3131 4538; x_wconf 89' lang='lat' dir='ltr'>huc,</span> <span class='ocrx_word' id='word_1_702' title='bbox 3156 4473 3212 4526; x_wconf 92' lang='lat' dir='ltr'>id</span> <span class='ocrx_word' id='word_1_703' title='bbox 3246 4478 3333 4529; x_wconf 86' lang='lat' dir='ltr'>est</span> <span class='ocrx_word' id='word_1_704' title='bbox 3354 4473 3680 4527; x_wconf 88' lang='lat' dir='ltr'>Constanti-</span> 
     </span>
    </p>
   </div>
   <div class='ocr_carea' id='block_1_102' title="bbox 2026 4559 3676 4632">
    <p class='ocr_par' dir='ltr' id='par_1_102' title="bbox 2026 4559 3676 4632">
     <span class='ocr_line' id='line_1_102' title="bbox 2026 4559 3676 4632; baseline -0.001 -16"><span class='ocrx_word' id='word_1_705' title='bbox 2026 4560 2305 4632; x_wconf 91' lang='lat' dir='ltr'>nopolim,</span> <span class='ocrx_word' id='word_1_706' title='bbox 2330 4578 2363 4616; x_wconf 89' lang='lat' dir='ltr'>a</span> <span class='ocrx_word' id='word_1_707' title='bbox 2395 4562 2655 4616; x_wconf 83' lang='lat' dir='ltr'>Romano</span> <span class='ocrx_word' id='word_1_708' title='bbox 2694 4565 2783 4615; x_wconf 89' lang='lat' dir='ltr'>est</span> <span class='ocrx_word' id='word_1_709' title='bbox 2826 4559 3158 4632; x_wconf 86' lang='lat' dir='ltr'>patriarcha</span> <span class='ocrx_word' id='word_1_710' title='bbox 3188 4559 3463 4627; x_wconf 91' lang='lat' dir='ltr'>directus,</span> <span class='ocrx_word' id='word_1_711' title='bbox 3498 4577 3676 4632; x_wconf 89' lang='lat' dir='ltr'>quam</span> 
     </span>
    </p>
   </div>
   <div class='ocr_carea' id='block_1_103' title="bbox 2025 4648 3681 4722">
    <p class='ocr_par' dir='ltr' id='par_1_103' title="bbox 2025 4648 3681 4722">
     <span class='ocr_line' id='line_1_103' title="bbox 2025 4648 3681 4722; baseline -0.001 -18"><span class='ocrx_word' id='word_1_712' title='bbox 2025 4666 2422 4722; x_wconf 89' lang='lat' dir='ltr'>compressam</span> <span class='ocrx_word' id='word_1_713' title='bbox 2447 4650 2504 4703; x_wconf 92' lang='lat' dir='ltr'>in</span> <span class='ocrx_word' id='word_1_714' title='bbox 2529 4649 2871 4705; x_wconf 86' lang='lat' dir='ltr'>catholicam</span> <span class='ocrx_word' id='word_1_715' title='bbox 2900 4653 3075 4720; x_wconf 90' lang='lat' dir='ltr'>atque</span> <span class='ocrx_word' id='word_1_716' title='bbox 3097 4648 3477 4704; x_wconf 85' lang='lat' dir='ltr'>orthodoxam</span> <span class='ocrx_word' id='word_1_717' title='bbox 3506 4649 3681 4704; x_wconf 87' lang='lat' dir='ltr'>refor-</span> 
     </span>
    </p>
   </div>
   <div class='ocr_carea' id='block_1_104' title="bbox 2027 4736 3681 4810">
    <p class='ocr_par' dir='ltr' id='par_1_104' title="bbox 2027 4736 3681 4810">
     <span class='ocr_line' id='line_1_104' title="bbox 2027 4736 3681 4810; baseline 0.001 -18"><span class='ocrx_word' id='word_1_718' title='bbox 2027 4739 2224 4793; x_wconf 89' lang='lat' dir='ltr'>mavit.</span> <span class='ocrx_word' id='word_1_719' title='bbox 2243 4739 2536 4794; x_wconf 84' lang='lat' dir='ltr'>Saxonum</span> <span class='ocrx_word' id='word_1_720' title='bbox 2559 4754 2847 4810; x_wconf 74' lang='lat' dir='ltr'>genus,ex</span> <span class='ocrx_word' id='word_1_721' title='bbox 2869 4755 2984 4810; x_wconf 90' lang='lat' dir='ltr'>quo</span> <span class='ocrx_word' id='word_1_722' title='bbox 3007 4742 3274 4793; x_wconf 89' lang='lat' dir='ltr'>sanctum</span> <span class='ocrx_word' id='word_1_723' title='bbox 3308 4736 3600 4793; x_wconf 89' lang='lat' dir='ltr'>lavacrum</span> <span class='ocrx_word' id='word_1_724' title='bbox 3624 4742 3681 4793; x_wconf 90' lang='lat' dir='ltr'>et</span> 
     </span>
    </p>
   </div>
   <div class='ocr_carea' id='block_1_105' title="bbox 2026 4825 3676 4899">
    <p class='ocr_par' dir='ltr' id='par_1_105' title="bbox 2026 4825 3676 4899">
     <span class='ocr_line' id='line_1_105' title="bbox 2026 4825 3676 4899; baseline 0 -17"><span class='ocrx_word' id='word_1_725' title='bbox 2026 4828 2123 4882; x_wconf 88' lang='lat' dir='ltr'>Dei</span> <span class='ocrx_word' id='word_1_726' title='bbox 2164 4827 2386 4899; x_wconf 88' lang='lat' dir='ltr'>accepit</span> <span class='ocrx_word' id='word_1_727' title='bbox 2416 4828 2706 4894; x_wconf 89' lang='lat' dir='ltr'>notitiam,</span> <span class='ocrx_word' id='word_1_728' title='bbox 2742 4827 2906 4882; x_wconf 89' lang='lat' dir='ltr'>nulla</span> <span class='ocrx_word' id='word_1_729' title='bbox 2933 4831 3022 4882; x_wconf 87' lang='lat' dir='ltr'>est</span> <span class='ocrx_word' id='word_1_730' title='bbox 3062 4825 3264 4882; x_wconf 61' lang='lat' dir='ltr'>haeresi</span> <span class='ocrx_word' id='word_1_731' title='bbox 3295 4826 3676 4893; x_wconf 87' lang='lat' dir='ltr'>maculatum,</span> 
     </span>
    </p>
   </div>
   <div class='ocr_carea' id='block_1_106' title="bbox 2029 4915 3676 4988">
    <p class='ocr_par' dir='ltr' id='par_1_106' title="bbox 2029 4915 3676 4988">
     <span class='ocr_line' id='line_1_106' title="bbox 2029 4915 3676 4988; baseline -0.001 -16"><span class='ocrx_word' id='word_1_732' title='bbox 2029 4922 2094 4972; x_wconf 91' lang='lat' dir='ltr'>ut</span> <span class='ocrx_word' id='word_1_733' title='bbox 2114 4916 2193 4971; x_wconf 92' lang='lat' dir='ltr'>ibi</span> <span class='ocrx_word' id='word_1_734' title='bbox 2216 4917 2473 4988; x_wconf 83' lang='lat' dir='ltr'>synodus</span> <span class='ocrx_word' id='word_1_735' title='bbox 2492 4918 2672 4983; x_wconf 86' lang='lat' dir='ltr'>fieret,</span> <span class='ocrx_word' id='word_1_736' title='bbox 2689 4933 2806 4988; x_wconf 89' lang='lat' dir='ltr'>qua</span> <span class='ocrx_word' id='word_1_737' title='bbox 2829 4932 3104 4983; x_wconf 88' lang='lat' dir='ltr'>errorem,</span> <span class='ocrx_word' id='word_1_738' title='bbox 3124 4932 3257 4970; x_wconf 91' lang='lat' dir='ltr'>cum</span> <span class='ocrx_word' id='word_1_739' title='bbox 3281 4915 3480 4971; x_wconf 90' lang='lat' dir='ltr'>nullus</span> <span class='ocrx_word' id='word_1_740' title='bbox 3501 4920 3676 4985; x_wconf 90' lang='lat' dir='ltr'>esset,</span> 
     </span>
    </p>
   </div>
   <div class='ocr_carea' id='block_1_107' title="bbox 2031 5003 3679 5078">
    <p class='ocr_par' dir='ltr' id='par_1_107' title="bbox 2031 5003 3679 5078">
     <span class='ocr_line' id='line_1_107' title="bbox 2031 5003 3679 5078; baseline 0 -17"><span class='ocrx_word' id='word_1_741' title='bbox 2031 5005 2598 5078; x_wconf 78' lang='lat' dir='ltr'>corrigeret.Rudem</span> <span class='ocrx_word' id='word_1_742' title='bbox 2625 5006 2762 5078; x_wconf 89' lang='lat' dir='ltr'>quia</span> <span class='ocrx_word' id='word_1_743' title='bbox 2792 5004 2938 5060; x_wconf 90' lang='lat' dir='ltr'>dicis</span> <span class='ocrx_word' id='word_1_744' title='bbox 2967 5003 3292 5060; x_wconf 82' lang='lat' dir='ltr'>Saxonibus</span> <span class='ocrx_word' id='word_1_745' title='bbox 3321 5021 3448 5061; x_wconf 89' lang='lat' dir='ltr'>esse</span> <span class='ocrx_word' id='word_1_746' title='bbox 3477 5005 3679 5071; x_wconf 85' lang='lat' dir='ltr'>ﬁdem,</span> 
     </span>
    </p>
   </div>
   <div class='ocr_carea' id='block_1_108' title="bbox 2031 5095 3680 5168">
    <p class='ocr_par' dir='ltr' id='par_1_108' title="bbox 2031 5095 3680 5168">
     <span class='ocr_line' id='line_1_108' title="bbox 2031 5095 3680 5168; baseline 0.001 -19"><span class='ocrx_word' id='word_1_747' title='bbox 2031 5095 2088 5150; x_wconf 94' lang='lat' dir='ltr'>id</span> <span class='ocrx_word' id='word_1_748' title='bbox 2123 5095 2317 5166; x_wconf 89' lang='lat' dir='ltr'>ipsum</span> <span class='ocrx_word' id='word_1_749' title='bbox 2367 5099 2423 5150; x_wconf 88' lang='lat' dir='ltr'>et</span> <span class='ocrx_word' id='word_1_750' title='bbox 2468 5111 2572 5167; x_wconf 91' lang='lat' dir='ltr'>ego</span> <span class='ocrx_word' id='word_1_751' title='bbox 2602 5096 2861 5163; x_wconf 81' lang='lat' dir='ltr'>afﬁrmo;</span> <span class='ocrx_word' id='word_1_752' title='bbox 2894 5111 3126 5167; x_wconf 89' lang='lat' dir='ltr'>semper</span> <span class='ocrx_word' id='word_1_753' title='bbox 3172 5096 3329 5150; x_wconf 90' lang='lat' dir='ltr'>enim</span> <span class='ocrx_word' id='word_1_754' title='bbox 3374 5096 3530 5168; x_wconf 92' lang='lat' dir='ltr'>apud</span> <span class='ocrx_word' id='word_1_755' title='bbox 3581 5111 3680 5152; x_wconf 93' lang='lat' dir='ltr'>eos</span> 
     </span>
    </p>
   </div>
   <div class='ocr_carea' id='block_1_109' title="bbox 2033 5184 3683 5256">
    <p class='ocr_par' dir='ltr' id='par_1_109' title="bbox 2033 5184 3683 5256">
     <span class='ocr_line' id='line_1_109' title="bbox 2033 5184 3683 5256; baseline 0.001 -18"><span class='ocrx_word' id='word_1_756' title='bbox 2033 5184 2243 5240; x_wconf 91' lang='lat' dir='ltr'>Christi</span> <span class='ocrx_word' id='word_1_757' title='bbox 2274 5185 2418 5239; x_wconf 89' lang='lat' dir='ltr'>ﬁdes</span> <span class='ocrx_word' id='word_1_758' title='bbox 2442 5184 2604 5239; x_wconf 91' lang='lat' dir='ltr'>rudis</span> <span class='ocrx_word' id='word_1_759' title='bbox 2627 5190 2734 5252; x_wconf 91' lang='lat' dir='ltr'>est,</span> <span class='ocrx_word' id='word_1_760' title='bbox 2759 5194 2815 5240; x_wconf 82' lang='lat' dir='ltr'>et</span> <span class='ocrx_word' id='word_1_761' title='bbox 2845 5202 2959 5240; x_wconf 92' lang='lat' dir='ltr'>non</span> <span class='ocrx_word' id='word_1_762' title='bbox 2981 5184 3280 5251; x_wconf 90' lang='lat' dir='ltr'>vetus,ubi</span> <span class='ocrx_word' id='word_1_763' title='bbox 3302 5184 3476 5240; x_wconf 89' lang='lat' dir='ltr'>ﬁdem</span> <span class='ocrx_word' id='word_1_764' title='bbox 3509 5201 3683 5256; x_wconf 88' lang='lat' dir='ltr'>opera</span> 
     </span>
    </p>
   </div>
   <div class='ocr_carea' id='block_1_110' title="bbox 1636 5317 2324 5376">
    <p class='ocr_par' dir='ltr' id='par_1_110' title="bbox 1636 5317 2324 5376">
     <span class='ocr_line' id='line_1_110' title="bbox 1636 5317 2324 5376; baseline 0.004 -6"><span class='ocrx_word' id='word_1_765' title='bbox 1636 5317 1873 5374; x_wconf 77' lang='lat' dir='ltr'>VAltLE</span> <span class='ocrx_word' id='word_1_766' title='bbox 1914 5319 2324 5376; x_wconf 88' lang='lat' dir='ltr'>LECTIONES.</span> 
     </span>
    </p>
   </div>
   <div class='ocr_carea' id='block_1_111' title="bbox 342 5413 1342 5488">
    <p class='ocr_par' dir='ltr' id='par_1_111' title="bbox 342 5413 1342 5488">
     <span class='ocr_line' id='line_1_111' title="bbox 342 5413 1342 5488; baseline -0.005 -14"><span class='ocrx_word' id='word_1_767' title='bbox 342 5418 410 5452; x_wconf 70' lang='grc'>⁸⁸⁸</span> <span class='ocrx_word' id='word_1_768' title='bbox 440 5434 621 5474; x_wconf 85' lang='lat' dir='ltr'>vocem</span> <span class='ocrx_word' id='word_1_769' title='bbox 648 5415 843 5488; x_wconf 80' lang='lat' dir='ltr'>adjeci.</span> <span class='ocrx_word' id='word_1_770' title='bbox 920 5415 986 5450; x_wconf 69' lang='lat'>‘97</span> <span class='ocrx_word' id='word_1_771' title='bbox 1017 5413 1254 5471; x_wconf 87' lang='lat' dir='ltr'>baoaria</span> <span class='ocrx_word' id='word_1_772' title='bbox 1285 5414 1342 5469; x_wconf 80' lang='grc' dir='ltr'>ϐ.</span> 
     </span>
    </p>
   </div>
   <div class='ocr_carea' id='block_1_112' title="bbox 1420 5415 2120 5487">
    <p class='ocr_par' dir='ltr' id='par_1_112' title="bbox 1420 5415 2120 5487">
     <span class='ocr_line' id='line_1_112' title="bbox 1420 5415 2120 5487; baseline 0.006 -17"><span class='ocrx_word' id='word_1_773' title='bbox 1420 5415 1486 5449; x_wconf 76' lang='grc'>⁴⁹³</span> <span class='ocrx_word' id='word_1_774' title='bbox 1518 5416 2031 5487; x_wconf 84' lang='lat' dir='ltr'>parakimomenos</span> <span class='ocrx_word' id='word_1_775' title='bbox 2063 5419 2120 5474; x_wconf 86' lang='lat' dir='ltr'>C.</span> 
     </span>
    </p>
   </div>
   <div class='ocr_carea' id='block_1_113' title="bbox 2197 5416 3254 5490">
    <p class='ocr_par' dir='ltr' id='par_1_113' title="bbox 2197 5416 3254 5490">
     <span class='ocr_line' id='line_1_113' title="bbox 2197 5416 3254 5490; baseline 0.001 -19"><span class='ocrx_word' id='word_1_776' title='bbox 2197 5419 2266 5452; x_wconf 70' lang='lat'>‘99</span> <span class='ocrx_word' id='word_1_777' title='bbox 2296 5416 2598 5490; x_wconf 83' lang='lat' dir='ltr'>indignam</span> <span class='ocrx_word' id='word_1_778' title='bbox 2631 5418 2918 5489; x_wconf 82' lang='lat' dir='ltr'>legendum</span> <span class='ocrx_word' id='word_1_779' title='bbox 2952 5417 3164 5474; x_wconf 79' lang='lat' dir='ltr'>videtur</span> <span class='ocrx_word' id='word_1_780' title='bbox 3194 5420 3254 5474; x_wconf 81' lang='grc' dir='ltr'>Ο.</span> 
     </span>
    </p>
   </div>
   <div class='ocr_carea' id='block_1_114' title="bbox 1861 5541 2097 5599">
    <p class='ocr_par' dir='ltr' id='par_1_114' title="bbox 1861 5541 2097 5599">
     <span class='ocr_line' id='line_1_114' title="bbox 1861 5541 2097 5599; baseline 0 -1"><span class='ocrx_word' id='word_1_781' title='bbox 1861 5541 2097 5599; x_wconf 65' lang='lat' dir='ltr'>NOTAE.</span> 
     </span>
    </p>
   </div>
   <div class='ocr_carea' id='block_1_115' title="bbox 344 5607 1616 5686">
    <p class='ocr_par' dir='ltr' id='par_1_115' title="bbox 344 5607 1616 5686">
     <span class='ocr_line' id='line_1_115' title="bbox 344 5607 1616 5686; baseline -0.002 -17"><span class='ocrx_word' id='word_1_782' title='bbox 344 5612 492 5686; x_wconf 84' lang='grc'>(169)</span> <span class='ocrx_word' id='word_1_783' title='bbox 527 5611 860 5671; x_wconf 86' lang='lat' dir='ltr'>Patriarcha</span> <span class='ocrx_word' id='word_1_784' title='bbox 889 5611 983 5670; x_wconf 89' lang='lat' dir='ltr'>hic</span> <span class='ocrx_word' id='word_1_785' title='bbox 1014 5610 1126 5668; x_wconf 86' lang='lat' dir='ltr'>fuit</span> <span class='ocrx_word' id='word_1_786' title='bbox 1155 5607 1521 5683; x_wconf 82' lang='lat' dir='ltr'>Polyeuctus.</span> <span class='ocrx_word' id='word_1_787' title='bbox 1559 5610 1616 5667; x_wconf 85' lang='lat' dir='ltr'>C.</span> 
     </span>
    </p>
   </div>
  </div>
