4068 6178
524 355 640 417 923

1472 345 1950 412 LIUTPRANDI
1995 341 2548 410 CREMONENSIS
2592 345 2970 410 EPISCOPI.
3769 349 3866 417 991

519 485 900 548 hebdomadas
932 486 1060 562 (Jul.
1090 487 1182 559 22)
1212 483 1572 560 Nicephorus
1605 480 2169 557 Constantinopolim
2199 478 2258 550 Α
2284 487 2514 554 verunt,
2545 500 2608 541 se
2658 500 2788 558 quae
2827 480 3181 540 latraverant
3205 497 3318 541 non
3349 479 3564 556 sponie,
3595 482 3685 543 sed
3711 483 3865 560 impe-

517 580 838 655 egreditur,
872 580 929 635 in
961 579 1228 652 Assyrios
1260 579 1647 651 profecturus.

589 673 678 727 35.
707 670 922 735 Quinta
952 668 1090 724 feria
1119 669 1248 740 (Jul.
1276 669 1366 730 23)
1399 668 1576 723 frater
1604 683 1747 722 suus
1775 682 1868 720 me
1917 663 2162 720 accersi-

514 761 807 832 vit,quem
831 759 913 815 ita
960 759 1227 815 convenit
1267 774 1280 812 :
1321 779 1348 808 ‹‹
1380 758 1593 813 Sancto
1642 756 1988 826 imperatore
2020 770 2164 824 prae-

517 850 722 919 misso,
743 850 898 905 domi
933 848 1105 905 hodie
1123 847 1805 919 dispositionisejusdem
1828 861 2006 899 causa
2023 844 2160 898 sub-

517 939 639 995 stiti
664 958 676 1006 ;
714 955 870 994 nunc
899 938 947 993 si
974 942 1030 994 te
1059 933 1992 1007 sanetumimperatoremvicendi
2015 932 2165 987 desi-

515 1028 742 1084 derium
800 1028 1043 1094 obtinet,
1090 1031 1146 1082 et
1195 1026 1244 1081 si
1291 1026 1637 1098 quidquam,
1709 1024 1864 1096 quod
1910 1021 2160 1078 necdum

515 1116 864 1190 prodideris,
915 1116 1117 1183 habes,
1151 1114 1426 1171 edissere.
1462 1136 1488 1164 »
1523 1113 1626 1168 Cui
1652 1112 1935 1184 inquam:
1990 1134 2016 1160 ‹‹
2048 1111 2161 1165 Nec

515 1209 788 1261 sanctum
837 1205 1248 1277 imperatorem
1297 1203 1555 1268 videndi,
1589 1219 1695 1258 nee
1722 1202 1803 1257 rei
1837 1217 1994 1256 nova:
2026 1216 2158 1254 nar-

514 1295 709 1350 randis
741 1294 928 1350 habeo
961 1311 1200 1348 causam
1232 1311 1244 1356 ;
1279 1308 1465 1347 unum
1504 1291 1613 1346 hoc
1647 1293 1799 1363 peto,
1835 1288 2158 1344 secundum

516 1383 704 1438 sancti
735 1382 963 1455 imperii
982 1381 1432 1455 promissionem
1452 1379 1850 1436 utcbelandiis
1864 1379 1922 1432 in
1941 1377 2162 1432 Aneho—

517 1471 786 1527 nitanum
818 1475 1053 1542 portum
1077 1487 1265 1542 usque
1282 1470 1550 1524 deducat.
1579 1491 1606 1518 »
1645 1466 1981 1534 Quoaudito
2009 1498 2074 1506 —
2097 1470 2161 1520 ut

514 1564 656 1618 sunt
684 1561 860 1615 Graeci
911 1577 1014 1632 per
1061 1564 1237 1631 caput
1285 1558 1528 1614 alterius
1568 1573 1801 1628 semper
1823 1557 2028 1627 jurare
2059 1571 2158 1626 pa-

511 1649 622 1706 rati
647 1681 711 1692 —
733 1666 835 1722 per
853 1648 1296 1721 imperatorium
1326 1647 1692 1719 caput,pervi
1705 1650 1820 1700 tam
1836 1642 2155 1716 prepriam,

511 1754 616 1812 per
644 1738 884 1804 liberos,
913 1755 1061 1810 quos
1093 1738 1247 1793 Deus
1275 1736 1378 1802 ita,
1406 1740 1469 1791 ut
1495 1751 1697 1792 verum
1730 1733 1900 1796 dixit,
1921 1747 2155 1787 conser-

507 1830 690 1896 vet,se
738 1827 796 1883 id
845 1825 1295 1898 completurum,
1329 1825 1533 1895 jurare
1576 1823 1768 1896 erepit.
1817 1822 1941 1920 Cui.
1977 1837 2150 1920 cum:
2187 1855 2234 1920 Β

513 1938 542 1967 ‹‹
573 1916 861 1982 Quando?
892 1936 919 1964 »
947 1915 1218 1981 dicerem,
1255 1936 1282 1963 ‹‹
1319 1913 1447 1968 Mox
1463 1908 2113 1982 discedente,inquit,iu
2139 1939 2160 1948 -

511 2004 815 2073 peratorc;
853 1999 1199 2072 Delongaris
1248 1999 1428 2065 enim,
1481 1999 1591 2055 sub
1642 2001 1809 2070 cujus
1848 2015 2025 2053 manu
2060 2013 2158 2051 na-

507 2088 670 2143 vium
693 2092 781 2143 est
809 2089 1002 2144 omnis
1024 2091 1302 2160 potestas,
1328 2089 1628 2144 recedente
1663 2092 1864 2142 sancto
1897 2087 2152 2157 impera-

510 2181 657 2246 tore,
690 2194 890 2233 curam
922 2177 1008 2232 tui
1039 2180 1189 2250 aget.
1217 2201 1238 2229 ι
1262 2177 1380 2232 Hac
1411 2175 2066 2250 speludiﬁcatus,lmtus
2085 2175 2154 2229 al)

508 2280 576 2322 eo
607 2265 841 2336 recessi,

579 2357 670 2412 36.
704 2357 839 2413 Post
877 2359 1215 2427 sequentem
1239 2372 1374 2412 vero
1405 2355 1583 2422 diem,
1615 2354 1901 2411 sabbatho
1933 2351 2155 2409 scilicet

507 2446 641 2517 (Jul.
675 2446 789 2518 24),
822 2445 882 2500 in
930 2445 1250 2513 Umbriam,
1286 2445 1384 2517 qui
1417 2448 1506 2500 est
1535 2444 1699 2501 locus
1721 2445 1920 2499 decem
1942 2447 1998 2500 et
2027 2448 2153 2498 octo

508 2533 841 2592 miliaribus
870 2533 1372 2606 Constantinopoli
1405 2533 2030 2606 distans,Nicephorus
2064 2548 2156 2586 me

508 2625 777 2682 accersiri
809 2625 1016 2695 jubet;
1067 2622 1161 2680 cui
1190 2628 1247 2680 et
1275 2623 1357 2680 ait
1389 2640 1402 2681 :
1441 2647 1462 2673 ε
1499 2624 1782 2679 Putabam
1816 2626 1870 2679 te
1914 2621 2153 2695 quidem

503 2713 696 2769 virum
729 2728 1009 2784 magnum
1031 2711 1408 2767 etbonestum
1442 2729 1510 2767 ea
1539 2711 1730 2784 gratia
1760 2711 1875 2766 huc
1901 2710 2152 2776 venisse,

507 2801 890 2872 ut,completa
917 2800 1254 2855 omnimodo
1297 2800 1595 2855 voluntate
1627 2817 1776 2866 mea,
1812 2803 2150 2872 perpetuam

506 2889 662 2944 inter
690 2903 782 2942 me
813 2893 870 2942 et
898 2887 1384 2943 dominumtuum
1412 2887 2149 2944 constituercsamicitiam.

504 2978 576 3034 Et
605 2977 884 3050 quoniam
915 2977 987 3032 ob
1022 2977 1213 3031 cordis
1245 2977 1331 3032 tui
1361 2977 1641 3032 duritiem
1672 2977 1728 3032 id
1763 2978 1947 3033 facere
1977 2976 2148 3044 nolis,

505 3084 694 3124 unum
725 3067 932 3122 saltem
965 3066 1119 3137 quod
1153 3065 1506 3137 facerejusta
1536 3066 1762 3122 ratione
1791 3067 2002 3138 possis,
2027 3067 2150 3121 effi-

506 3155 619 3213 cito
643 3175 657 3226 ;
673 3155 896 3211 scilicet
915 3154 1223 3210 dominum
1237 3159 1404 3210 tuum
1430 3155 1793 3228 principibus
1806 3157 2080 3228 Capuano
2093 3161 2152 3211 et

2274 579 2463 629 ratore
2493 574 2719 629 volente
2749 578 2807 628 et
2827 572 3238 638 comminante,
3267 573 3496 630 dixisse.
3531 573 3635 630 Sed
3666 579 3718 630 et
3738 575 3864 634 idem

2270 664 2632 736 Nicephorus
2663 663 2724 718 in
2754 665 2958 719 eadem
3011 681 3176 720 caena
3208 680 3298 719 me
3333 663 3712 735 interrogavit,
3733 666 3864 723 sivos

2273 752 2568 825 perivolia,
2618 753 2675 808 id
2727 756 2817 808 est
2865 751 3071 808 briolia
3125 752 3270 824 (475)
3317 751 3406 807 vel
3448 751 3584 807 siin
3613 751 3862 823 perivoliis

2271 858 2522 913 onagros
2553 840 2639 896 vel
2667 845 2876 897 caetera
2924 840 3220 896 amimalia
3248 839 3537 896 haberetis
3563 841 3589 894 ?
3617 841 3710 895 Cui
3736 859 3860 913 cum,

2269 947 2372 986 vos
2399 931 2586 986 brolia
2617 934 2674 986 et
2697 931 2754 985 in
2803 929 3006 986 broliis
3047 929 3345 996 animalia,
3378 929 3609 1001 onagris
3637 931 3860 1002 exceptis,

2270 1019 2504 1080 habere,
2536 1019 2891 1074 afﬁrmarem
2928 1036 2940 1074 :
2983 1042 3011 1069 ‹‹
3044 1017 3617 1088 Ducamteinquit,in
3638 1023 3861 1075 nostrum

2271 1107 2636 1181 perivolium,
2670 1109 2840 1180 cujus
2873 1107 3339 1181 magnitudinem
3373 1111 3433 1163 et
3462 1106 3781 1178 onagros,id
3800 1114 3865 1163 est

2270 1197 2581 1270 sylvestres
2611 1198 2891 1264 asinos,te
2911 1197 3125 1253 vidisse
3170 1196 3478 1252 miraberis
3500 1218 3527 1244 η
3558 1197 3760 1252 Ductus
3785 1195 3863 1252 ita-

2269 1304 2384 1359 que
2410 1287 2468 1342 in
2501 1287 2845 1360 perivolium
2872 1286 3017 1342 satis
3049 1301 3348 1357 magaum,
3383 1285 3867 1350 montuosum,fru-

2269 1381 2560 1440 etuosum,
2605 1375 2848 1431 minime
2879 1391 3177 1431 amomum
3197 1376 3284 1445 5’5,
3317 1390 3454 1429 cum
3490 1373 3724 1446 pileatus
3739 1373 3865 1445 equi-

2268 1469 2474 1532 tarem,
2506 1481 2716 1537 meque
2736 1464 3093 1536 coropalates
3125 1483 3156 1519 a
3186 1463 3357 1535 longe
3389 1462 3750 1536 prospiceret,
3778 1461 3865 1517 ﬁlio

2267 1554 2532 1610 celeriter
2562 1555 2780 1610 directo
2815 1554 2956 1609 mihi
2990 1552 3390 1609 mandavitfas
3425 1568 3542 1608 non
3561 1568 3682 1608 esse
3704 1563 3864 1624 quem-

2269 1644 2448 1716 piam,
2469 1643 2568 1698 ubi
2599 1643 2917 1714 imperator
2946 1646 3120 1710 esset,
3155 1641 3463 1714 pileatum,
3499 1641 3600 1697 sed
3653 1640 3867 1696 teristra-

2267 1737 2393 1788 tum
2447 1733 2733 1788 incedere.
2781 1731 2887 1788 Cui
2926 1750 2938 1786 :
2995 1754 3024 1781 ‹‹
3055 1730 3346 1798 Mulieres,
3399 1730 3662 1802 inquam,
3692 1732 3862 1784 nostra:

2267 1821 2486 1877 tiaratae
2517 1825 2574 1876 et
2593 1821 2953 1890 teristrastze,
2985 1819 3096 1876 viri
3126 1819 3394 1892 equitant
3427 1818 3643 1892 pileati.
3665 1819 3767 1873 Nec
3791 1817 3866 1872 de-

2267 1914 2357 1966 cet
2382 1927 2480 1966 vos
2511 1909 2858 1982 compellere
2879 1909 3137 1983 patrium
3167 1924 3260 1964 me
3289 1908 3388 1963 hic
3415 1911 3642 1963 mutare
3659 1922 3858 1975 morem,

2266 2014 2402 2054 cum
2433 2003 2674 2066 vestros,
2707 2016 2814 2054 nos
2853 1999 3154 2064 adeuntes,
3187 1997 3448 2069 patrium
3479 2012 3692 2052 morem
3715 1999 3867 2051 tenere

2267 2088 2532 2144 sinamus
2557 2106 2569 2154 ;
2596 2088 2870 2144 manicati
2901 2085 3670 2152 enim.fasciati.ﬁbulati5“,
3691 2082 3864 2147 criniti,

2266 2176 2435 2232 talari
2465 2177 2664 2232 tunica
2703 2177 2914 2246 induti,
2948 2193 3122 2248 penes
3155 2192 3260 2231 nos
3291 2175 3584 2247 equitant,
3615 2173 3864 2240 incedunt,

2265 2283 2480 2322 mensa:
2511 2265 2795 2334 assident,
2847 2269 2922 2331 et,
2973 2265 3127 2337 quod
3159 2264 3381 2320 nostris
3423 2263 3694 2320 omnibus
3729 2261 3865 2316 nimis

2264 2360 2435 2428 turpe
2465 2355 2712 2420 videtur,
2763 2356 2879 2427 ipsi
2928 2353 3036 2410 soli
3067 2353 3252 2426 capite
3295 2357 3501 2426 operto
3535 2353 3867 2424 imperatores

2265 2450 2496 2500 nostros
2511 2443 2946 2500 deosculantur.
2961 2475 3028 2483 —
3040 2443 3200 2506 Quod
3219 2459 3336 2498 non
3351 2441 3612 2514 amplius
3623 2440 3735 2496 ﬁeri
3749 2439 3866 2494 Deus

2264 2533 2565 2605 permittat
2600 2533 2611 2588 !
2654 2532 2868 2587 tacitus
2923 2531 3061 2587 dixi.
3103 2563 3171 2570 ——
3203 2532 3514 2586 Revertere
3543 2545 3674 2603 ergo
3705 2529 3717 2584 ι
3747 2551 3770 2580 ›ι
3799 2526 3865 2582 in-

2264 2622 2410 2694 quit.

2332 2714 2422 2768 38.
2456 2712 2620 2778 Quod
2652 2727 2786 2767 cum
2819 2711 3429 2776 facerem,occurrunt
3455 2703 3867 2765 mihicommisti

2261 2800 2509 2873 capreis,
2525 2817 2673 2872 quos
2694 2799 2806 2871 ipsi
2828 2799 3030 2854 dicunt
3049 2797 3274 2870 onagri.
3298 2799 3435 2867 Sed,
3463 2815 3684 2871 quasso,
3703 2794 3869 2869 quales

2261 2888 2464 2962 onagri
2487 2889 2514 2944 ?
2535 2888 2744 2955 Quales
2757 2892 2894 2944 sunt
2905 2887 3200 2943 Cremona:
3216 2886 3548 2942 domestici.
3565 2884 3870 2946 Coloridem,

2262 2979 2452 3034 forma
2475 2979 2700 3044 eadem,
2733 2975 2908 3032 auriti
2939 2976 3163 3042 itidem,
3196 2974 3430 3032 vocales
3461 2973 3730 3031 similiter
3768 2985 3872 3027 cum

2260 3069 2471 3124 rudere
2501 3067 2808 3139 incipiunt,
2847 3065 3189 3139 magnitudo
3221 3082 3339 3120 non
3371 3065 3598 3136 dispar,
3641 3060 3870 3119 velocitas

2263 3175 2403 3227 una,
2434 3157 2635 3213 dulces
2665 3156 2822 3228 lupis
2844 3158 3190 3228 mque.Quos
3220 3171 3357 3210 cum
3387 3149 3875 3222 viderem,coequi-

506 3243 1121 3310 Beneventano,scrvis
1152 3243 1319 3314 meis,
1349 3261 1497 3316 quos
1517 3261 1857 3318 oppugnare
1878 3245 2146 3317 dispono,
2180 3218 2224 3287 Ο
2263 3247 2408 3302 tanti
2453 3247 2644 3302 Graeco
2687 3245 2932 3316 inquam
2971 3261 2984 3299 :
3031 3267 3058 3294 «
3101 3243 3460 3314 Hujusmodi
3503 3257 3783 3314 nunquam
3825 3236 3869 3291 in

506 3334 736 3392 nullum
768 3332 1080 3391 consilium
1109 3332 1610 3390 collaturum.Sua
1639 3334 2149 3407 quinonlargitur,

505 3428 707 3484 nostra
736 3422 945 3480 saltem
977 3421 1494 3479 dimittat.Notam
1525 3439 1617 3480 res
1638 3427 1746 3492 est,
1767 3425 1921 3494 quod
1948 3439 2151 3479 eorum

505 3521 700 3589 patres
730 3516 788 3569 et
816 3511 904 3568 avi
938 3514 1137 3569 nostro
1167 3511 1412 3584 imperio
1427 3511 1646 3568 tributa
1660 3513 1947 3567 dederunt
1971 3529 1984 3580 ;
2005 3516 2064 3567 at
2093 3513 2149 3567 id

505 3605 651 3661 istos
680 3602 837 3660 brevi
871 3606 1133 3673 tempore
1159 3601 1436 3669 facturos,
1469 3600 1700 3674 imperii
1733 3602 1916 3657 nostri
1937 3602 2150 3657 exerci-

505 3698 606 3750 tus
632 3691 940 3749 laborabit.
967 3713 996 3741 ››

576 3781 678 3838 Cui
705 3780 949 3851 inquam
977 3796 989 3835 :
1025 3801 1054 3830 «
1085 3778 1382 3852 Principes
1415 3778 1509 3834 isti
1546 3780 1811 3852 appeime
1841 3779 2066 3836 nobiles
2097 3784 2154 3836 et

506 3868 732 3926 domini
763 3867 876 3923 mei
907 3871 1048 3923 sunt
1069 3867 1327 3935 milites;
1360 3867 1460 3939 qui
1484 3867 1532 3923 si
1565 3869 1813 3924 senserit
1834 3855 2151 3925 exercitum

504 3964 674 4014 tuum
707 3973 885 4029 super
904 3972 1002 4011 eos
1035 3956 1278 4022 irruere,
1310 3955 1396 4013 eis
1425 3957 1625 4028 copias
1657 3957 1868 4026 mittet,
1904 3958 2151 4031 quibus-

506 4060 641 4098 cum
671 4047 807 4098 tuos
831 4047 1148 4108 conterere,
1182 4047 1241 4097 et
1261 4043 1376 4098 duo
1403 4042 1504 4097 illa
1525 4043 1804 4109 themata,
1840 4064 1965 4118 quae
1997 4046 2152 4102 ultra

507 4148 669 4187 mare
688 4128 999 4197 habes,tibi
1015 4128 1672 4200 prmvalebuntauferre.
1696 4153 1724 4180 ››
1742 4132 1903 4187 Tunc
1916 4134 2150 4189 bul'onis

503 4221 564 4277 in
597 4220 839 4277 modum
869 4219 1223 4274 tumefactus
1240 4221 1296 4272 et
1312 4223 1642 4274 commotus
1668 4237 1680 4275 :
1711 4242 1739 4270 ‹‹
1761 4220 2020 4290 Discede,
2055 4223 2150 4278 in-

505 4309 654 4382 quit.
702 4308 809 4364 Per
837 4323 950 4373 me,
983 4323 1087 4379 per
1133 4305 1234 4378 qui
1268 4322 1360 4362 me
1391 4306 1567 4363 talem
1599 4324 1850 4380 genuere
1880 4318 2149 4383 parentes

503 4396 894 4470 (t74),faciam
919 4401 984 4452 ut
1006 4395 1166 4451 aliud
1188 4395 1464 4452 dominus
1494 4400 1655 4466 tuus,
1691 4415 1868 4471 quam
1890 4401 2150 4458 deserto-

502 4504 597 4543 res
628 4502 824 4542 servos
855 4485 1184 4553 defendere,
1220 4485 1450 4558 cogitet.
1477 4508 1506 4535 ››

2259 3336 2507 3392 Saxonia
2532 3335 2670 3390 vidi.
2704 3334 2786 3400 Si,
2820 3333 3032 3406 inquit,
3055 3332 3333 3388 dominus
3365 3330 3872 3399 tuussanctoimpc-

2261 3426 2438 3481 ratori
2470 3424 2858 3498 morigeratus
2877 3420 3305 3488 fuerit,multos
3329 3419 3418 3476 illi
3448 3416 3774 3492 hujusmodi
3797 3415 3872 3469 da-

2259 3515 2369 3580 bit,
2402 3512 2721 3585 eritqueilli
2754 3529 2869 3568 non
2894 3528 3072 3584 parva
3103 3509 3310 3582 gloria,
3340 3509 3626 3582 cumipse
3654 3503 3870 3580 posside-

2260 3604 2366 3671 bit,
2422 3603 2578 3675 quod
2624 3618 2794 3657 nemo
2847 3601 3220 3656 dominorum
3261 3599 3643 3655 decessorum
3670 3607 3867 3652 suorum

2259 3692 2475 3748 vidit.»
2507 3692 2618 3748 Sed
2645 3690 2786 3746 mihi
2823 3689 3058 3757 credite,
3092 3687 3317 3745 domini
3339 3687 3461 3744 mei
3489 3686 3738 3760 augusti,
3767 3697 3872 3739 con-

2261 3783 2439 3838 frater
2466 3785 2525 3837 et
2553 3780 2931 3852 coepiscopus
2962 3795 3126 3835 meus
3148 3777 3432 3834 dominus
3454 3775 3733 3833 Antonius
3755 3769 3871 3844 (176)

2261 3874 2453 3944 potest
2473 3886 2589 3925 non
2612 3868 2917 3924 inferiores
2939 3868 3098 3933 dare,
3132 3870 3199 3921 ut
3219 3865 3582 3921 commercia
3601 3863 3870 3921 testantur,

2261 3977 2389 4032 quas
2421 3959 2570 4015 ﬁunt
2590 3961 2883 4012 Cremona:
2908 3974 2921 4024 ;
2946 3960 3119 4027 atque
3145 3955 3258 4026 ipsi
3289 3971 3408 4010 non
3443 3952 3648 4026 onagri
3677 3951 3768 4007 sed
3794 3947 3871 4002 do-

2260 4048 2631 4115 mestici,non
2653 4045 2818 4102 vacui
2851 4045 2951 4101 sed
2977 4043 3216 4112 onerati,
3249 4045 3601 4116 procedunt.
3634 4040 3737 4097 Sed
3765 4049 3870 4092 cum

2259 4155 2327 4194 ea
2343 4137 2614 4209 superius
2634 4134 3036 4206 seriptaverba
3048 4133 3199 4189 idem
3213 4133 3545 4205 Nicephoro
3562 4129 3870 4187 nuntiasset.

2258 4225 2626 4282 transmissis
2657 4223 2801 4279 mihi
2831 4223 3061 4278 duabus
3092 4220 3339 4294 capreis,
3373 4227 3442 4277 ut
3473 4216 3869 4287 abirem,licen-

2256 4315 2402 4370 tiam
2435 4314 2615 4370 dedit.
2650 4315 2713 4368 In
2745 4311 3063 4368 crastinum
3086 4315 3284 4366 autem
3303 4311 3539 4380 Syriam
3559 4323 3752 4365 versus
3768 4317 3870 4376 pro-

2258 4405 2465 4461 fectus.

2329 4495 2418 4549 39.
2453 4493 2561 4549 Sed
2590 4508 2696 4547 cur
2713 4490 3028 4546 exercitum
3055 4505 3213 4543 nunc
3243 4489 3308 4523 ‘17
3328 4489 3386 4543 in
3420 4487 3689 4561 Assyrios
3726 4483 3871 4538 duxe-

572 4577 663 4631 37.
697 4579 959 4648 Cumque
979 4575 1222 4641 abirem,
1248 4575 1743 4648 jussitinterpreti
1765 4595 1857 4634 me
1878 4579 1990 4635 sibi
2007 4597 2143 4636 con-
2173 4583 2223 4650 D
2253 4583 2548 4654 rit,quzeso
2570 4579 3101 4654 advertite.Habent
3116 4577 3296 4633 Graeci
3319 4582 3375 4632 et
3389 4575 3670 4634 Saraceni
3695 4571 3865 4630 libros.

500 4665 691 4720 vivam
714 4664 870 4733 fieri;
894 4664 1212 4736 accitisque
1242 4665 1562 4720 eorundem
1589 4665 1921 4739 principum
1974 4669 2148 4726 fratre

502 4759 561 4809 et
597 4753 870 4824 Bysantio
919 4751 1240 4821 Barisiano,
1297 4768 1545 4826 magnas
1577 4753 1637 4809 in
1666 4772 1768 4811 vos
1796 4763 2147 4832 gentemque

505 4840 772 4897 Latinam
797 4845 855 4896 et
873 4841 1252 4897 Teutonieam
1270 4841 1655 4900 contumelias
1667 4859 1930 4902 evomere
1945 4848 2143 4918 jussit.

501 4932 720 4984 Verum
761 4945 895 4986 eum
941 4946 974 4984 a
1025 4929 1262 4985 sordida
1290 4947 1453 4985 ccena
1481 4931 1550 4972 ⁸η
1581 4932 1706 5004 ipse
1759 4933 2144 5005 discederem,

503 5018 728 5075 nuntiis
744 5017 1104 5092 interpositis
1135 5018 1284 5075 clam
1317 5018 1459 5075 mihi
1480 5023 2151 5099 mandaveruntetjura~

2258 4687 2406 4744 quos
2437 4680 2644 4742 δράσεις,
2688 4668 2809 4724 sive
2847 4667 3120 4735 visiones,
3172 4665 3432 4722 Danielis
3503 4665 3722 4729 vocant,
3780 4669 3868 4728 ego

2257 4765 2451 4817 autem
2491 4757 2823 4830 Sibyllanos
2863 4774 2877 4824 ;
2933 4756 2991 4810 in
3040 4755 3256 4827 quibus
3286 4755 3580 4828 scriptum
3611 4746 3863 4822 reperitur

2258 4853 2400 4921 quot
2429 4846 2600 4904 annis
2630 4845 2949 4918 imperator
2977 4843 3225 4916 quisque
3250 4844 3407 4900 vivat
3449 4861 3464 4911 ;
3501 4859 3629 4916 quis
3667 4839 3774 4895 sint
3799 4833 3871 4888 fus

2254 4943 2407 5003 tura,
2431 4953 2496 4993 eo
2527 4933 2920 5008 imperitante,
2948 4937 3213 5004 tempora
3242 4950 3255 4999 ;
3292 4949 3424 5004 pax,
3460 4948 3536 4989 an
3576 4925 3823 4986 simultas
3851 4937 3861 4984 ς

2257 5025 2528 5082 secundae
2549 5028 2971 5080 Saracenorum
3003 5037 3115 5090 res,
3133 5038 3205 5076 an
3228 5021 3511 5077 adversas.
3545 5016 3768 5091 Legitur
3792 5010 3873 5066 ita-

1923 5177 2162 5236 VARIIE
2201 5177 2618 5237 LECTIONES.

574 5294 640 5330 ⁸¹³
669 5293 834 5352 Noua
864 5293 922 5350 ο.
997 5294 1066 5330 ⁸¹⁵
1094 5310 1259 5352 casua
1287 5296 1490 5368 saepius
1513 5297 1570 5353 0.
1647 5298 1714 5334 ⁶¹⁸
1743 5315 2034 5360 amaenum
2068 5304 2126 5360 C.
2203 5301 2270 5341 ⁸1⁸
2301 5305 2377 5361 al.
2409 5299 2651 5376 vipolati
2684 5299 2741 5356 ε.
2818 5299 2884 5334 ⁵¹⁷
2917 5314 3033 5355 non
3061 5296 3118 5354 C.

2107 5455 2345 5513 NOTJE.

576 5565 723 5634 (t7t)
752 5561 912 5636 Virg.
947 5579 1005 5618 n.
1042 5562 1236 5636 I,_60f_i.

573 5632 618 5708 (4
630 5635 720 5706 75)
751 5632 1067 5710 Πιρῖὁόλαια,
1097 5632 1212 5691 luci
1262 5633 1518 5692 ferarum
1558 5638 1745 5698 muris
1778 5643 1880 5698 aut
1909 5642 2146 5716 sepibus

2259 5571 2455 5629 cincti.
3099 5599 3108 5624 κ

2332 5642 2478 5716 (176)
2509 5640 2832 5714 Episcopus
2861 5635 3198 5697 Brixiensis.
