4030 6184
162 381 278 443 925

1611 381 1950 448 LEGATIO
1991 381 2112 448 GP.

3448 394 3566 455 926

160 530 274 586 que
301 513 481 586 hujus
514 511 822 586 Nicephori
877 511 1244 587 temporibus
1294 513 1560 589 Assyrios
1591 517 1802 574 Graecis
1831 518 1887 584 Α
1914 521 1970 574 et
1999 517 2129 574 Otto
2179 516 2246 554 ⁸¹⁹
2295 516 2373 575 sit
2423 515 2672 589 catulus,
2715 517 2815 593 qui
2862 518 3039 578 simul
3080 521 3468 581 exterminant
3498 526 3568 561 ’³ο

159 621 276 660 non
305 621 475 676 posse
502 604 794 669 resistere,
827 604 1101 676 huncque
1133 605 1434 677 septennio
1465 610 1696 661 tantum
1728 605 1808 661 vi-

158 711 329 762 vere;
362 698 494 766 post
525 695 694 764 cujus
727 693 948 749 obitum
983 693 1396 767 imperatorem
1424 695 1535 750 isto
1567 696 1808 752 deterio-

157 800 284 839 rem
318 816 385 823 ——
416 783 518 838 sed
549 783 725 838 timeo
757 783 910 853 quod
972 782 1217 838 inveniri
1272 801 1386 839 non
1438 785 1624 856 possit
1653 816 1722 824 ο-
1751 789 1807 839 et

155 873 348 944 magis
379 871 676 927 imbellem
709 871 918 927 debere
949 889 1206 944 surgere;
1241 873 1413 943 cujus
1437 873 1802 944 temporibus

155 961 470 1033 praevalere
496 961 708 1016 debent
739 961 881 1016 adeo
911 961 1153 1034 Assyrii,
1191 966 1253 1016 nt
1274 961 1332 1016 in
1359 960 1804 1018 Chalcedoniam

155 1068 368 1122 usque,
391 1067 519 1122 quis
541 1049 720 1106 distat
741 1049 1241 1122 Constantinopoli
1260 1050 1414 1106 haud
1439 1051 1628 1123 longe,
1651 1056 1806 1123 pote-

154 1140 368 1196 stative
399 1145 608 1195 cuncta
638 1139 886 1195 debeant
916 1139 1196 1194 obtinere.
1233 1139 1616 1196 Considerant
1645 1142 1801 1196 enim

152 1230 393 1301 utrique
425 1235 685 1301 tempora
713 1247 724 1296 ;
751 1245 868 1283 una
893 1229 1215 1299 eademque
1249 1247 1309 1283 re
1342 1230 1521 1284 Grmci
1553 1230 1801 1285 animati

153 1319 562 1391 insequentur,
577 1317 845 1373 Saraceni
865 1317 1153 1390 desperati
1169 1335 1282 1372 non
1304 1317 1586 1374 resistunt
1613 1338 1626 1385 ;
1651 1324 1803 1375 tem-

149 1423 267 1476 pus
297 1409 684 1476 expectantes,
709 1421 842 1460 cum
867 1410 922 1460 et
945 1405 1055 1477 ipsi
1075 1404 1484 1478 insequantur,
1509 1407 1688 1464 Graeci
1716 1408 1800 1463 in-

150 1493 325 1548 terim
359 1509 473 1548 non
504 1493 783 1549 resistant
812 1495 898 1549 ⁵η.

224 1583 312 1636 AO.
345 1583 456 1638 Sed
489 1582 836 1656 Hippolytus
867 1586 1106 1656 quidam
1139 1585 1460 1642 Siciliensis
1491 1586 1802 1658 episcopus

147 1671 354 1728 eadem
388 1671 626 1744 scripsit
654 1677 712 1728 et
741 1673 811 1728 de
844 1673 1089 1746 imperio
1111 1679 1300 1730 vestro
1334 1680 1390 1730 et
1408 1680 1580 1746 gente
1601 1680 1800 1730 nostra

143 1793 214 1800 -—
251 1763 511 1816 nostram
545 1779 699 1817 nunc
730 1763 858 1819 dico
889 1781 1142 1832 omnem,
1177 1782 1302 1836 quze
1331 1765 1441 1818 sub
1472 1769 1662 1820 vestro
1697 1764 1800 1820 im-

1918 607 2196 680 aliquem.

1975 715 2112 783 Ante
2144 717 2444 783 (l77)_enim
2462 718 2748 783 pererratis
2776 719 3055 769 amborum
3088 721 3303 781 ﬁnibus,
3326 721 3469 783 exul,

1975 779 2110 827 Ante
2138 779 2344 828 Ararim
2370 779 2594 829 Parthus
2615 781 2874 840 bibet,aut
2902 783 3181 833 Germania
3206 779 3436 850 Tj'grim,

1915 891 2090 946 quam
2115 875 2476 948 Nicephorus
2506 882 2563 933 et
2583 878 2715 934 Otto
2747 879 3005 936 amicitia
3035 886 3239 938 coeant
3269 888 3323 939 et
3349 884 3565 941 fmdera

1905 964 2181 1037 junganL

1982 1056 2070 1112 [ιι.
2096 1053 2357 1109 Audistis
2389 1055 2740 1124 Graecorum,
2774 1058 2970 1114 audite
3020 1077 3176 1115 nunc
3204 1060 3562 1134 Liudpraudi

1911 1145 2315 1200 Cremonensis
2327 1145 2580 1218 episcopi
2603 1146 3161 1220 interpretationem.
3183 1149 3322 1206 Dico
3336 1156 3553 1220 autem,

1911 1235 1966 1286 et
1985 1248 2094 1286 non
2121 1232 2309 1287 solum
2335 1233 2463 1289 dico
2487 1235 2586 1290 sed
2609 1235 2916 1304 affirmo,si
2942 1243 3252 1310 scruptura
3272 1239 3392 1296 haec
3416 1258 3560 1312 pra:-

1908 1320 2171 1375 sentibus
2221 1326 2307 1376 est
2340 1322 2637 1394 implenda
2667 1326 3057 1398 temporibus,
3094 1327 3181 1383 leo
3213 1333 3269 1384 et
3305 1329 3557 1396 catulus,

1909 1413 2075 1479 pater
2117 1413 2173 1463 et
2204 1409 2378 1477 filius,
2409 1411 2540 1466 Ozto
2571 1417 2627 1467 et
2657 1413 2884 1482 Otto,in
2907 1415 3067 1470 nullo
3099 1417 3384 1490 dispares,
3417 1423 3557 1476 tem-

1911 1513 2048 1569 pore
2077 1497 2364 1554 distantes
2393 1503 2828 1567 tantum,simul
2859 1504 2970 1560 hoc
3003 1508 3271 1577 praesenti
3291 1512 3558 1580 tempore

1909 1587 2381 1642 exterminahunt
2411 1605 2719 1662 onagrum,
2754 1592 2811 1646 id
2844 1597 2932 1648 est
2961 1593 3299 1664 sylvestrem
3323 1596 3559 1652 asinum

1907 1675 2328 1746 Nicephorum;
2363 1677 2460 1748 qui
2485 1695 2597 1733 non
2615 1679 2934 1752 incongrue
2951 1681 3212 1753 sylvestri
3229 1683 3393 1739 asino
3407 1702 3561 1740 com-

1907 1765 2244 1836 paratur,ob
2275 1782 2484 1820 vanam
2517 1771 2574 1821 et
2607 1766 2839 1824 inanem
2864 1768 3559 1845 gloriam,incestumque

141 1849 312 1953 perio
341 1854 448 1913 est,
482 1854 718 1953 gentem
751 1883 814 1951 -'—-
838 1857 1046 1953 ;.at.que
1069 1853 1515 1953 utinamyerumﬂ
1540 1853 1792 1953 sitquod
1827 1887 1876 1953 B
1907 1853 2157 1953 dominae
2180 1857 2235 1909 et
2261 1856 2601 1953 commatris
2631 1873 2750 1912 suae
2783 1859 3122 1953 conjugium
3145 1861 3380 1934 (I78).Si
3413 1879 3559 1918 ona-

141 1941 218 1997 de
254 1941 638 2013 praesentibus
665 1941 902 2012 scripsit
930 1941 1040 1997 iste
1072 1942 1452 2013 temporibus,
1476 1943 1710 2006 Caetera,
1736 1945 1800 1996 ut

138 2029 406 2102 scripsit,
439 2033 578 2085 sunt
608 2047 793 2102 usque
823 2029 938 2085 huc
955 2030 1261 2101 completa,
1292 2030 1796 2103 quemadmodum

138 2136 255 2190 per
281 2119 460 2190 ipsos,
495 2117 595 2190 qui
627 2118 837 2172 horum
871 2118 1153 2174 librorum
1198 2119 1499 2174 scientiam
1559 2118 1795 2186 habent,

138 2207 366 2263 audivi.
400 2209 468 2262 Et
500 2223 567 2262 ex
588 2206 793 2263 multis
813 2208 940 2279 ejus
958 2207 1127 2263 dictis
1147 2225 1327 2263 unum
1350 2207 1408 2262 id
1433 2209 1798 2280 proferamus

136 2297 201 2352 in
223 2296 504 2353 medium.
519 2297 615 2352 Ait
631 2296 785 2352 enim
801 2313 955 2351 nunc
969 2296 1324 2369 completum
1341 2297 1408 2351 iri
1424 2297 1795 2369 scripturam,

137 2403 281 2458 quae
313 2386 452 2442 dicit
506 2394 635 2442 λέων
722 2396 804 2442 καὶ
896 2395 1093 2456 στάμνος
1166 2395 1506 2456 ὁμοδιώξουσιν
1591 2394 1798 2459 ὅναγρον

137 2476 344 2532 Graece
366 2475 464 2530 ita.
499 2475 773 2530 Latinum
805 2479 1000 2530 autem
1026 2475 1146 2530 sic:
1181 2477 1282 2531 Leo
1313 2479 1362 2530 et
1391 2476 1604 2531 catulus
1627 2477 1799 2530 simul

135 2564 598 2622 exterminabunt
626 2579 918 2634 onagrum.
952 2564 1134 2635 Cujus
1167 2563 1565 2636 interpretatio
1597 2580 1799 2619 secun-

139 2655 294 2710 dum
327 2655 590 2710 Graecos:
626 2654 758 2719 Leo,
783 2652 839 2708 id
872 2657 961 2708 est
993 2654 1392 2708 Romanorum
1426 2653 1545 2708 sive
1572 2653 1795 2709 Graeco-

135 2761 281 2800 rum
317 2744 650 2815 imperator,
685 2747 741 2796 et
773 2742 1026 2811 catulus,
1059 2743 1414 2798 Francorum
1435 2742 1655 2798 scilicet
1676 2759 1795 2807 rex,

136 2832 327 2889 simul
358 2832 451 2887 his
483 2832 868 2904 praesentibus
907 2833 1273 2904 temporibus
1324 2830 1798 2887 exterminabunt

137 2938 456 2993 onagrum,
503 2921 676 2976 idiest
707 2921 1132 2976 Saracenorum
1193 2936 1386 2993 regem
1445 2921 1792 2976 africanum.

138 3014 286 3078 Quae
319 3008 717 3082 interpretatio
747 3025 813 3065 eo
847 3008 991 3064 mihi
1034 3025 1173 3065 vera
1203 3026 1318 3063 non
1365 3008 1613 3077 videtur,
1649 3025 1795 3081 quo-

137 3102 309 3157 niam
332 3100 420 3156 leo
440 3106 496 3155 et
515 3099 766 3164 catulus,
791 3098 1058 3171 quamvis
1075 3098 1325 3170 disparis
1345 3097 1794 3170 magnitudinis,

137 3189 326 3246 unius
347 3192 541 3244 tamen
562 3193 699 3243 sunt
722 3193 939 3243 naturze
958 3192 1011 3243 et
1035 3187 1246 3260 speciei
1269 3205 1369 3242 seu
1391 3187 1596 3255 moris;
1623 3191 1796 3259 atque

1909 1957 2011 2014 ger
2035 1940 2144 1997 iste
2175 1959 2330 1998 nunc
2361 1959 2393 1996 a
2425 1942 2590 1999 leone
2612 1949 2667 2000 et
2688 1945 2878 2001 catulo
2902 1952 3122 2017 nostro,
3155 1948 3363 2005 Ottone
3383 1955 3439 2006 et
3457 1955 3561 2007 0t-

1908 2034 2062 2099 tone,
2124 2035 2285 2103 patre
2317 2031 2539 2087 scilicet
2585 2037 2642 2089 et
2672 2033 2811 2102 tilio,
2856 2036 3125 2107 angustis
3161 2038 3556 2095 Romanorum

1907 2118 2382 2191 imperatoribus,
2435 2122 2855 2180 exterminatus
2888 2141 3001 2179 non
3037 2125 3232 2196 fuerit,
3267 2143 3369 2183 nec
3399 2128 3554 2201 quod

1909 2208 2258 2281 Hippolytus
2276 2209 2509 2282 scripsit
2541 2228 2737 2266 verum
2763 2211 2903 2280 erit;
2929 2214 3258 2270 Graecorum
3272 2216 3430 2272 enim
3458 2216 3560 2271 illa

1909 2297 2195 2368 superior,
2225 2297 2532 2353 abicienda
2560 2299 2965 2371 interpretatio
3014 2307 3122 2358 est.
3173 2304 3307 2369 Sed,
3351 2321 3384 2360 o
3415 2306 3558 2360 Jesu

1909 2385 2078 2454 bone,
2121 2391 2269 2441 Deus
2313 2391 2548 2451 aeterne,
2598 2388 2842 2442 verbum
2888 2389 3097 2454 Patris,
3130 2391 3228 2463 qui
3263 2393 3435 2447 nobis
3466 2392 3559 2447 in-

1889 2473 2399 2551 dignisloqueris,
2435 2491 2550 2529 non
2582 2492 2719 2531 voce
2751 2477 2852 2531 sed
2894 2476 3294 2548 inspiratione,
3331 2479 3556 2536 nullam

1909 2562 2082 2618 aliam
2107 2562 2644 2636 interpretationem
2669 2580 2843 2636 quam
2867 2581 3058 2619 meam
3075 2565 3131 2620 in
3147 2565 3255 2622 hac
3269 2569 3558 2624 sententia

1905 2651 2226 2707 velis.Jube
2250 2655 2313 2706 ut
2342 2651 2430 2707 leo
2450 2656 2508 2706 et
2526 2650 2758 2707 catulus
2790 2652 2885 2708 isti
2908 2651 3065 2708 hunc
3088 2655 3474 2711 exterminent
3503 2661 3561 2712 et

1907 2740 2220 2795 humilient
2241 2757 2524 2812 onagrum
2540 2741 3087 2813 corpore,quatinus
3105 2741 3162 2797 in
3188 2759 3248 2798 se
3264 2760 3555 2814 reversus,

1906 2829 2282 2900 dominisque
2303 2830 2426 2884 suis
2457 2829 2672 2885 Basilio
2704 2834 2761 2884 et
2782 2831 3165 2887 Constantino
3182 2831 3548 2906 imperatori-

1906 2918 2018 2974 bus
2049 2917 2340 2985 subditus,
2376 2919 2434 2974 in
2467 2919 2560 2974 die
2581 2918 2810 2974 Domini
2845 2919 3089 2991 spiritus
3121 2919 3196 2976 sit
3227 2921 3444 2979 salvus.

1977 3009 2064 3062 42.
2094 3009 2204 3063 Sed
2237 3008 2554 3063 astronomi
2589 3007 2870 3065 hocidem
2885 3011 2955 3066 de
2977 3009 3139 3066 vobis
3153 3014 3208 3065 et
3231 3011 3554 3085 Nicephoro

1905 3097 2306 3169 pronuntiant.
2332 3098 2464 3165 Res,
2491 3098 2758 3170 inquam,
2784 3099 2952 3155 mira.
2973 3099 3116 3155 Cum
3151 3101 3404 3172 quodam
3421 3119 3552 3158 sum

1903 3184 2134 3241 locutus
2153 3187 2618 3258 astronomo,qui
2637 3187 3140 3256 vestram,domiui
3158 3189 3270 3244 mei
3299 3189 3556 3262 augusti,

136 3284 210 3335 ut
241 3277 386 3332 mihi
409 3294 536 3333 mea
568 3277 813 3332 scientia
852 3276 1135 3349 suggerit,
1166 3277 1214 3331 si
1234 3276 1320 3331 leo
1340 3277 1669 3331 Graecorum
1692 3276 1796 3329 im-
1826 3255 1869 3324 (ἶ
1905 3275 2484 3346 aequivoeiquevestri
2507 3276 2763 3348 augusti,
2785 3275 3057 3346 formam,
3083 3283 3375 3346 mores,ut
3395 3283 3554 3347 sunt,

137 3371 402 3441 perator,
434 3366 846 3422 inconveniens
875 3371 983 3432 est,
1022 3371 1085 3420 ut
1143 3365 1375 3420 catulus
1423 3365 1498 3420 sit
1548 3365 1795 3420 Franco-

138 3473 278 3512 rum
314 3472 430 3510 rex.
464 3455 738 3522 Quamvis
759 3455 915 3510 cnim
939 3454 1172 3526 utrique
1192 3453 1460 3508 homines
1484 3454 1622 3520 sint,
1644 3454 1797 3507 sicut

132 3546 231 3602 leo
263 3548 320 3600 et
350 3543 578 3600 catulus
609 3548 855 3616 uterque
881 3543 1178 3612 animalia,
1213 3542 1435 3598 distant
1455 3546 1651 3597 tamen
1676 3558 1794 3597 mo-

131 3636 307 3690 ribus
337 3638 584 3700 tantum,
613 3650 727 3688 non
752 3633 881 3688 dico
900 3632 1090 3688 solum
1116 3636 1402 3704 quantum
1427 3632 1652 3704 species
1669 3648 1794 3702 spe-

130 3721 363 3782 ciebus.
386 3721 486 3775 sed
510 3725 796 3791 quantum
817 3719 1118 3775 sensibilia
1140 3718 1601 3774 insensibilibus.
1627 3720 1791 3773 Catu-

128 3810 231 3868 lus
265 3825 300 3864 a
330 3807 496 3864 leone
525 3808 606 3863 nil
640 3808 753 3864 nisi
800 3812 1060 3880 tempore
1091 3808 1288 3875 distat,
1337 3809 1525 3863 forma
1562 3809 1788 3876 eadem,

130 3897 336 3954 rabies
368 3914 503 3963 una,
539 3897 769 3969 rugitus
819 3897 994 3952 idem.
1030 3897 1362 3952 Graecorum
1395 3914 1492 3952 rex
1521 3897 1787 3963 crinitus,

132 3986 461 4052 tunicatus,
485 3987 834 4055 manicatus,
859 3986 1214 4053 teristratus,
1236 3987 1503 4052 mendax,
1527 3985 1786 4042 dolosus.

129 4075 580 4142 immisericors,
613 4074 910 4147 vulpinus,
973 4076 1282 4147 superbus,
1344 4075 1490 4132 falso
1521 4075 1786 4144 humilis,

129 4181 371 4238 parcus,
391 4164 661 4240 cupidus,
688 4163 822 4220 allio
845 4180 982 4236 cepe
1005 4168 1062 4219 et
1082 4164 1270 4236 porris
1293 4181 1553 4232 vescens,
1579 4164 1789 4220 balnea

127 4254 378 4320 bibens;
409 4254 761 4308 Francorum
814 4270 912 4308 rex
945 4258 1148 4308 contra
1202 4252 1443 4326 pulchre
1491 4257 1720 4321 tonsus,
1755 4271 1789 4309 a

132 4342 413 4398 muliebri
445 4342 657 4398 vestitu
687 4347 844 4398 veste
876 4342 1162 4407 diversus,
1195 4342 1464 4414 pileatus,
1488 4358 1680 4411 verax,
1706 4341 1784 4398 nil

130 4431 257 4486 doli
293 4430 536 4499 habens,
565 4430 710 4488 satis
741 4430 838 4487 ubi
872 4431 1149 4502 competit
1179 4430 1531 4496 misericors,
1553 4447 1789 4487 severus

128 4519 237 4576 ubi
265 4523 510 4590 oportet,
530 4535 761 4592 semper
779 4535 908 4575 vere
929 4518 1192 4585 humilis,
1209 4535 1532 4590 numquam
1551 4535 1783 4590 parcus,

1903 3379 2034 3418 vere
2065 3363 2230 3422 dixit.
2263 3369 2589 3435 cunctaque
2611 3381 2741 3419 mea
2771 3365 3083 3436 praeterita,
3117 3366 3284 3436 quasi
3302 3384 3555 3437 prasen-

1902 3451 1983 3505 tia
2009 3451 2171 3506 dixit.
2201 3452 2314 3506 Nec
2337 3451 2941 3524 prmteriitquisquam
2976 3454 3300 3509 amicorum
3328 3455 3416 3509 vel
3449 3455 3556 3510 ini-

1903 3539 2214 3606 micorum,
2247 3539 2318 3594 de
2347 3540 2562 3611 quibus
2586 3557 2752 3596 mens
2784 3541 2927 3595 mihi
2959 3542 3552 3613 sugessitutinterro-

1900 3628 2308 3700 garem,cujus
2326 3627 2618 3695 habitum,
2653 3629 2900 3684 formam
2935 3634 2992 3684 et
3021 3645 3214 3685 mores
3245 3647 3360 3686 non
3396 3630 3550 3686 dice-

1899 3722 2007 3772 ret.
2041 3716 2326 3788 Quicquid
2351 3716 2700 3773 calamitatis
2723 3717 2866 3772 mihi
2890 3717 2999 3774 hoc
3019 3717 3079 3773 in
3095 3717 3301 3774 itinere
3318 3719 3548 3787 accidit,

1900 3805 2166 3860 futurum
2225 3822 2352 3861 esse
2382 3805 2666 3878 przedixit.
2723 3806 2812 3862 Sit
2857 3807 3229 3863 mendacium
3287 3824 3460 3863 omne
3485 3810 3550 3844 ⁸²ί

1900 3895 2055 3966 quod
2089 3893 2272 3962 dixit;
2322 3911 2529 3962 unum,
2581 3911 2778 3967 quaeso
2819 3894 3189 3952 solummodo
3220 3897 3296 3952 sit
3322 3914 3551 3967 verum,

1898 3986 2053 4058 quod
2077 4001 2177 4042 vos
2194 4001 2322 4041 esse
2345 3986 2598 4040 facturos
2611 3984 2931 4057 Nicephoro
2961 3986 3247 4059 praedixit.
3282 3988 3406 4043 Fiat
3436 3989 3550 4043 uti-

1898 4092 2058 4140 nam,
2092 4075 2317 4130 utinam
2352 4076 2471 4142 ﬁat,
2505 4079 2561 4130 et
2592 4079 2719 4130 tum
2744 4074 2824 4130 nil
2859 4091 2950 4132 me
2976 4075 3112 4131 mali
3147 4093 3390 4149 passum
3420 4095 3550 4134 esse

1895 4162 2222 4236 intelligam
2247 4162 2259 4216 l

1968 4251 2276 4306 43.Scribit
2297 4251 2473 4307 etiam
2489 4253 2764 4324 praefatus
2782 4253 3384 4327 Hippolytus,Grazcos
3425 4273 3538 4312 non

1897 4339 2105 4395 debere
2154 4341 2494 4405 Saracenos,
2550 4342 2650 4396 sed
2704 4343 2954 4398 Francos
2999 4346 3300 4398 conterere
3356 4360 3370 4410 ;
3427 4361 3544 4415 qua

1895 4427 2143 4484 lectione
2159 4428 2435 4483 Saraceni
2463 4427 2729 4494 animati,
2757 4434 2890 4484 ante
2912 4429 3233 4486 triennium
3263 4447 3399 4486 cum
3422 4431 3547 4487 Ma-

1895 4516 2064 4573 nuele
2095 4516 2358 4588 patricio,
2400 4515 2709 4587 Nicephori
2744 4522 2974 4588 nepote,
3001 4517 3173 4589 juxta
3203 4517 3457 4590 Scyllam
3490 4525 3548 4575 et

130 4625 253 4664 non
280 4607 436 4676 allio,
461 4608 639 4682 cepis,
660 4608 849 4681 porris
869 4611 1210 4674 vescens,ut
1229 4608 1413 4680 possit
1431 4606 1786 4664 animalibus
1815 4624 1863 4690 D
1894 4603 2248 4677 Charybdim
2281 4603 2339 4657 in
2392 4602 2538 4657 mari
2572 4601 2787 4667 Siculo,
2824 4602 3044 4659 bellum
3094 4609 3339 4676 parant;
3371 4606 3544 4677 cujus

128 4714 204 4753 eo
237 4712 496 4769 parcere,
514 4696 794 4769 quatinus
816 4715 931 4752 non
955 4696 1343 4764 manducatis,
1367 4697 1469 4751 sed
1492 4697 1785 4751 venunda-

127 4785 213 4841 tis
245 4785 551 4857 pecuniam
583 4789 916 4860 congreget.
947 4784 1203 4840 Audistit
1231 4785 1622 4841 differentiam
1650 4803 1663 4853 ;
1689 4802 1784 4841 no-

124 4873 233 4930 lite
293 4874 444 4930 hanc
497 4875 1037 4948 interpretationem
1094 4874 1428 4945 suscipere;
1483 4878 1585 4930 aut
1624 4875 1780 4931 enim

128 4964 336 5018 futura
366 4967 472 5030 est,
508 4968 606 5019 aut
636 4964 755 5019 hinc
785 4979 918 5019 vera
946 4979 1061 5016 non
1102 4965 1209 5016 est.
1276 4962 1638 5033 Impossibile
1695 4968 1784 5018 est

128 5052 314 5109 enim.
351 5056 417 5107 ut
448 5052 830 5125 Nicephorus,
856 5049 1139 5122 sicutipsi
1158 5051 1541 5118 mentiuntur,
1571 5051 1778 5122 sitleo,

1893 4695 2216 4750 immensas
2246 4691 2442 4764 copias
2472 4708 2604 4746 cum
2638 4692 3109 4764 prostravissent,
3156 4693 3352 4767 ipsum
3384 4711 3544 4750 com-

1893 4779 2658 4858 prehenderunt,capiteque
2679 4784 2954 4838 truncum
2977 4782 3045 4816 ⁸³³
3071 4783 3541 4856 suspenderunt;

1893 4873 2064 4944 cujus
2095 4870 2320 4926 socium
2365 4874 2422 4926 et
2457 4869 2916 4926 commilitonem
2948 4888 3083 4927 cum
3116 4877 3408 4944 caperent,
3442 4873 3542 4946 qui

1892 4961 2158 5017 neutrius
2185 4964 2310 5015 erat
2339 4960 2568 5033 generis
2591 4960 2756 5031 (169),
2783 4961 3044 5016 occidere
3065 4962 3544 5035 suntdedignati,

1890 5051 1994 5107 sed
2015 5049 2276 5106 vinctum
2308 5066 2375 5105 ac
2392 5049 2566 5123 longa
2587 5049 2854 5106 custodia
2868 5053 3223 5106 maceratum
3238 5051 3385 5106 tanti
3407 5067 3540 5108 ven-

1512 5157 1755 5213 VARIzE
1791 5157 2203 5214 LECTIONES.

203 5231 275 5266 ⁸¹⁸
317 5247 371 5287 a.
393 5230 607 5287 iterum
641 5247 756 5286 non
789 5229 1090 5287 resistunt.
1126 5228 1182 5284 C.
1215 5229 1310 5301 qui
1339 5230 1399 5284 in
1428 5230 1681 5298 margine
1708 5229 1870 5286 dedit.
1947 5231 2016 5264 ⁸¹⁹
2044 5229 2181 5285 otho
2215 5229 2271 5284 C.
2302 5243 2466 5300 saepe.
2543 5228 2611 5262 ⁸²⁰
2667 5228 3013 5284 exterminat
3043 5228 3098 5285 C.
3177 5229 3242 5264 ⁵³⁸
3275 5244 3446 5286 omen
3479 5229 3539 5288 (Ι.

130 5301 202 5338 ⁸³³
225 5305 272 5372 f.
303 5307 640 5360 truncatum
669 5307 806 5358 ΒΑΕ.

1749 5390 1981 5447 ΝΟΤίΕ.

231 5463 356 5535 177)
385 5461 593 5535 virga.
627 5463 747 5518 Ecl.
782 5479 820 5528 ι,
851 5462 943 5528 62,
973 5462 1063 5516 63.

234 5533 358 5614 1ῖ8)
387 5530 806 5614 The'ophanoni
839 5546 1092 5614 namque
1123 5530 1421 5614 Somanus
1444 5530 1783 5614 afﬁnitatea

131 5601 426 5676 baptismo
438 5601 704 5676 junctus,
729 5621 856 5662 eam
874 5601 1126 5676 denique
1142 5601 1200 5656 in
1217 5601 1543 5676 thalamum
1566 5604 1782 5676 rapuit,

133 5673 316 5732 invito
368 5673 600 5749 quoque
631 5675 979 5751 patriarcha.
1033 5673 1473 5745 Compatriatus
1521 5673 1693 5748 ergo:
1729 5681 1784 5732 et

1893 5466 2034 5516 tunc
2063 5458 2550 5516 impedimentum
2577 5460 2959 5515 matrimonii.
2993 5461 3131 5516 CAN.

1963 5477 2034 5516 nc
2063 5475 2142 5514 1m
2189 5475 2550 5514 ammentum
2577 5475 2959 5515 matrimonii.
2993 5475 3131 5516 UAN.

1962 5531 2111 5602 (179)
2145 5475 2205 5585 Γᾶ
2236 5533 2326 5585 est
2354 5528 2683 5602 eunuchus.
2716 5532 2848 5588 Fuit
2877 5531 2928 5589 is
2966 5533 3194 5590 Nicetas
3233 5531 3539 5589 eunuchus

1890 5601 1977 5660 τοῦ
2007 5609 2184 5659 στόλου
2216 5609 2530 5673 δρουγγάριος
2560 5601 2678 5658 CAN
