4068 6178
539 322 670 392 .937

1507 311 1987 383 LIUTPRANDI
2023 308 2580 380 CREMONENSIS
2622 305 3003 374 EPISCOPI.
3803 312 3898 375 928

545 453 1054 532 diderunt,quanti
1077 471 1184 515 nec
1200 450 1385 514 ullum
1401 449 1747 527 hujusmodi
1771 445 2050 506 mortales
2062 443 2190 504 sani
2218 445 2276 514 Α
2304 443 2592 501 biberent.
2628 442 2847 502 Latinae
2876 441 3089 518 linguae
3111 459 3416 518 pauperes,
3435 443 3538 519 qui
3561 459 3657 502 me
3671 442 3898 504 elemosi-

545 551 754 624 capitis
786 551 1065 606 emerent.
1093 545 1208 602 Nec
1233 543 1543 600 inﬁrmiori
1571 542 1791 608 animo,
1816 539 2019 595 eadem
2052 553 2190 591 con-

543 640 761 697 ﬁrmati
782 636 1211 704 lectione,haud
1233 634 1418 690 multo
1443 636 1573 706 post
1592 630 1874 704 magistro
1886 627 2188 683 Exacontm

542 732 895 796 occurrunt;
929 743 1102 799 quem
1137 725 1277 780 dum
1301 724 1360 779 in
1384 724 1584 796 fugam
1606 721 1916 784 verterent,
1950 717 2076 786 eius
2099 731 2190 769 co-

529 822 671 896 pias
702 817 976 876 omnihus
991 814 1181 870 modis
1202 814 1616 870 contriverunt.

615 911 704 969 [ι4.
737 909 839 964 Est
868 911 924 962 et
953 903 1134 971 aliud,
1168 904 1321 976 quod
1347 919 1504 958 nunc
1529 899 1920 971 Nicephorum
1944 910 2185 966 compu-

527 1001 610 1056 .lit
637 998 834 1070 copias
855 995 915 1050 in
929 993 1440 1066 Assyriosducere.
1466 993 1752 1062 Argorum
1771 987 1931 1043 enim
1949 999 2183 1040 omnem

538 1089 838 1163 regionem
887 1085 1118 1140 instans
1164 1087 1418 1154 tempus,
1453 1081 1568 1135 Deo
1593 1078 1860 1149 jubente,
1896 1092 1963 1130 eo
1995 1089 2183 1145 usque

536 1179 724 1237 fames
756 1173 997 1244 attrivit,
1030 1176 1096 1226 ut
1133 1187 1321 1242 neque
1344 1169 1519 1225 tritici
1549 1169 1664 1223 duo
1679 1165 1987 1238 Papienses
2002 1167 2180 1218 sexta-

538 1268 612 1324 rii
670 1281 845 1323 aureo
893 1264 1324 1333 comparentur,
1354 1257 1581 1329 hocque
1614 1255 1712 1311 ubi
1745 1256 1979 1310 ubertas
2013 1249 2181 1324 quasi

537 1358 767 1428 regnat.
819 1353 977 1408 Hanc
1021 1353 1266 1423 pestem,
1300 1346 1571 1402 muribus
1597 1342 2066 1416 .cooperantibus,
2103 1338 2183 1392 ita

539 1441 828 1509 dilatavit,
842 1444 905 1496 ut
923 1437 1232 1494 messionis
1250 1440 1512 1507 tempore
1533 1433 1812 1507 quicquid
1828 1431 2045 1501 ubique
2066 1432 2180 1482 ter-

539 1549 739 1590 rarum
772 1546 1012 1586 annonae
1043 1530 1185 1597 erat,
1220 1524 1462 1579 minimo
1494 1524 1630 1578 dato
1644 1521 1848 1595 pretio,
1881 1533 2179 1591 possesso-

537 1622 703 1677 ridus
748 1616 1125 1691 ejulantibus,
1174 1612 1558 1686 congregarit.
1609 1611 1773 1676 Quod
1835 1625 1970 1664 cum
2011 1608 2181 1677 juxta

535 1705 1017 1782 Mesopotamiam
1046 1704 1276 1771 faceret,
1314 1701 1411 1758 ubi
1447 1702 1681 1773 frugum
1714 1698 1883 1770 copia
1912 1695 2180 1752 muribus

537 1797 1167 1859 absentibuscreverat,
1201 1809 1387 1847 arenae
1411 1791 1592 1845 maris
1623 1787 2180 1842 multitudinianno-
2214 1819 2261 1885 Β

537 1907 624 1946 nm
653 1884 1092 1943 multitudinem
1118 1874 2020 1952 eomquavithiturcumvilihoc
2033 1891 2185 1930 com-

542 1975 758 2034 mercio
781 1973 1031 2044 turpiter
1078 1971 1261 2025 fames
1305 1967 1508 2025 ubiubi
1542 1966 1860 2030 desaeviret,
1893 1962 2185 2034 octoginta
2212 1965 2226 1976 '

537 2065 706 2128 milia
718 2061 1323 2127 mortalium,obtentu
1335 2056 1777 2120 militiaa,secum
1792 2052 2182 2126 congregavit;

537 2155 756 2229 quibus
785 2169 890 2226 per
919 2150 1264 2206 continuum
1312 2163 1597 2214 mensem,
1632 2146 1785 2218 quod
1821 2160 1936 2199 uno
1967 2146 2186 2198 emerat

538 2261 736 2312 aureo,
769 2241 1000 2298 duobus
1030 2237 1310 2294 vendidit.
1343 2237 1438 2292 Hze
1470 2239 1628 2304 sunt,
1663 2234 1898 2291 domine
1930 2231 2030 2297 mi,
2067 2247 2180 2296 res,

537 2350 665 2408 qum
699 2329 1098 2403 Nicephorum
1143 2327 1342 2399 copias
1371 2325 1430 2381 in
1481 2325 1750 2399 Assyrios
1787 2340 1942 2380 nunc
1974 2321 2182 2376 ducere

534 2406 966 2495 compulerunt.
1001 2417 1110 2474 Sed
1163 2415 1390 2489 quales,
1421 2406 1841 2488 quaeso,copias
1863 2412 2061 2475 ?vere,
2093 2408 2182 2464 in-

535 2526 860 2585 quam,non
892 2507 1183 2575 homines,
1210 2506 1310 2564 sed
1329 2504 1671 2560 hominibus
1690 2502 1946 2570 similes;
1967 2499 2182 2572 quibus

535 2598 742 2671 lingua
792 2601 1023 2654 tantum
1055 2611 1288 2669 procax,
1323 2594 1422 2649 sed
1471 2591 1732 2665 «frigida
1762 2589 1914 2646 bello
1946 2590 2184 2644 dextera

536 2690 705 2760 (180).
734 2710 760 2737 ››
793 2687 919 2742 Non
951 2683 1190 2756 inspicit
1233 2683 1291 2738 in
1321 2681 1414 2738 his
1435 2681 1797 2753 Nicephorus
1819 2678 2181 2752 qualitatem,

540 2777 641 2832 sed
695 2775 881 2832 solam
927 2771 1313 2845 quantitatem
1341 2788 1354 2839 ;
1389 2770 1544 2842 quod
1576 2785 1756 2841 quam
1787 2765 2183 2840 periculosum

542 2864 625 2919 illi
672 2863 767 2931 sit,
819 2867 946 2918 tum
988 2877 1115 2916 sero
1164 2859 1465 2932 pmnitebit
1511 2874 1674 2924 eum,
1724 2874 1859 2912 cum
1917 2853 2185 2910 imbelles

539 2950 800 3027 plurimi,
833 2947 1214 3005 multitudine
1264 2946 1528 3013 animati,
1563 2963 1597 3001 a
1628 2945 1845 3001 nostris
1876 2942 2185 3016 perpaucis

535 3040 691 3098 bella
720 3039 1060 3105 scientibus,
1094 3037 1274 3092 immo
1307 3035 1662 3102 sitientibus,
1693 3036 2085 3090 conterentur.

608 3131 696 3186 45.
719 3129 866 3188 Cum
889 3115 1237 3183 obsideretis
1259 3126 1486 3192 Bareas,
1511 3123 1748 3180 trecenti
1775 3121 2183 3182 tantummodo

2301 550 2511 589 narum
2524 533 2715 606 gratia
2727 533 3014 601 adierunt,
3023 535 3582 608 comprehendentes
3591 535 3895 606 ceciderunt,

2299 623 2575 678 custodiae
2609 623 3006 691 tradiderunt;
3069 625 3446 682 Graeconolon
3510 641 3724 693 meum,
3755 626 3808 681 id
3834 634 3898 684 est

2298 711 2504 767 Graecae
2537 710 2750 784 linguae
2786 729 3056 784 gnarum,
3093 730 3208 768 non
3259 713 3679 786 permittebant
3722 716 3894 787 egredi,

2297 799 2503 856 saltem
2531 805 2595 856 ut
2617 805 2890 874 sumptus
2913 806 3150 870 emeret,
3175 803 3273 858 sed
3295 819 3508 858 cocum
3531 802 3715 858 solum
3737 804 3892 861 Greca

2293 889 2506 964 linguae
2540 890 2846 963 ignarum;
2876 891 2976 961 qui
3009 908 3124 947 non
3155 891 3469 965 signorum
3503 891 3707 964 signis,
3725 893 3811 948 sed
3828 895 3890 948 d1-

2293 980 2547 1052 gitorum
2581 997 2682 1034 seu
2715 979 2918 1050 capitis
2953 980 3213 1049 nul-ibus,
3236 999 3373 1037 cum
3393 982 3692 1037 venditore
3713 987 3892 1053 emptor

2290 1068 2930 1141 loquebatur,tantique
2945 1069 3205 1126 nummis
3215 1071 3451 1126 emebat
3468 1086 3545 1142 qu
3555 1071 3888 1142 atuor,quanti

2293 1157 2664 1214 Graecolonus
2696 1158 3004 1214 obsonium
3040 1177 3174 1216 uno.
3210 1161 3278 1216 Et
3311 1177 3455 1216 cum
3477 1159 3784 1216 amicorum
3803 1161 3893 1231 qui-

2291 1247 2428 1302 dam
2460 1251 2745 1314 aromata,
2779 1264 2982 1319 panes,
3015 1247 3239 1315 vinum,
3273 1265 3458 1321 poma
3517 1249 3782 1319 mitteret,
3801 1249 3892 1304 sole

2289 1340 2499 1391 cuneta
2533 1336 2860 1402 fundentes,
2895 1337 3134 1393 nuntios
3178 1337 3444 1410 colaphis
3477 1337 3625 1394 satis
3669 1345 3887 1395 oneratos

2289 1425 2660 1480 dimiserunt.
2695 1425 2765 1480 Et
2794 1425 2906 1480 nisi
2939 1426 3133 1481 divina
3163 1426 3349 1498 pietas
3399 1431 3670 1498 parasset
3715 1426 3766 1481 in
3793 1444 3892 1483 oon-

2290 1517 2491 1586 spectu
2527 1530 2656 1568 meo
2715 1530 2979 1569 mensam
3038 1515 3319 1571 adversus
3364 1532 3470 1571 eos
3505 1515 3606 1588 qui
3665 1515 3893 1572 tribulant

2290 1620 2385 1660 me
2411 1602 2579 1676 (18!),
2615 1619 2733 1658 una
2765 1602 2908 1658 mihi
2939 1606 3140 1675 parata
3171 1619 3328 1660 mors
3359 1604 3515 1660 foret
3546 1611 3782 1676 accepta.
3809 1606 3892 1662 Sed

2289 1701 2392 1774 qui
2421 1701 2688 1774 permisit
2744 1701 3039 1772 temptari,
3066 1701 3226 1757 dedit
3284 1706 3432 1780 tunc
3492 1702 3891 1760 misericorditer

2291 1791 2434 1862 pati.
2469 1790 2883 1862 Hujuscemodi
2911 1807 3006 1846 me
3029 1789 3352 1862 periculum
3379 1792 3643 1848 secundo
3664 1796 3888 1848 Horarum

2293 1879 2456 1935 Junii
2481 1896 2667 1952 usque
2689 1880 2760 1934 ad
2781 1882 3007 1935 sextum
3028 1880 3222 1935 Nonas
3243 1879 3520 1936 Octobris
3542 1878 3888 1938 Constantino-

2295 1967 2435 2040 poli,
2469 1967 2676 2024 diebus
2705 1967 2925 2024 scilicet
2953 1971 3187 2023 centum
3212 1968 3491 2040 vinginti,
3528 1969 3827 2025 maceravit.

2368 2059 2454 2113 47.
2486 2057 2700 2113 Verum
2735 2061 2800 2112 ut
2856 2061 3208 2128 augerentur
3259 2057 3633 2114 calamitates
3691 2059 3888 2125 mea,in

2291 2147 2707 2218 Assumptioue
2737 2147 3075 2201 sanctmtDei
3107 2145 3413 2218 genitricis
3445 2151 3506 2203 et
3555 2147 3782 2222 virginis
3801 2147 3889 2201 Ma-

2293 2235 2391 2290 riae
2448 2235 2607 2306 (Aug.
2671 2234 2780 2307 15),
2840 2251 2966 2290 meo
3023 2235 3216 2290 omine
3273 2252 3394 2292 non
3440 2237 3596 2293 bono
3665 2238 3889 2292 venerunt

2293 2324 2494 2379 domui
2524 2325 2592 2358 5”
2621 2322 2924 2396 apostolici
2954 2327 3009 2379 et
3050 2324 3403 2381 universalis
3465 2343 3628 2402 papae
3654 2325 3886 2382 Johannis

2294 2412 2485 2468 nuntii
2530 2430 2663 2469 cum
2693 2412 2922 2479 litteris,
2954 2412 3172 2486 quibus
3203 2415 3501 2487 rogabant
3554 2413 3888 2486 Nicephorum

2292 2502 2707 2574 imperatorem
2739 2503 3093 2566 Graecorum,
3128 2507 3193 2557 ut
3241 2503 3553 2574 parentela
3595 2504 3887 2573 ﬁrmamque

2294 2590 2611 2646 amicitiam
2637 2590 2851 2646 faceret
2880 2607 3013 2647 cum
3040 2589 3271 2648 dilectio
3293 2591 3670 2665 spiritalique
3690 2591 3890 2647 ﬁliasue

2295 2679 2500 2736 Ottone
2535 2681 2932 2736 Romanorum
2962 2680 3312 2752 imperatore
3339 2685 3620 2754 augusto.
3649 2681 3768 2746 Qua:
3792 2697 3886 2740 vox,

2295 2786 2422 2841 quae
2456 2768 2778 2840 inscriptio,
2830 2770 3151 2824 secundum
3198 2772 3433 2826 Graecos
3465 2771 3741 2844 peccatrix
3765 2773 3811 2824 et
3833 2774 3892 2822 te-

2295 2857 2564 2925 meraria,
2636 2858 2930 2929 quomodo
2987 2857 3228 2913 latorem
3283 2875 3402 2914 non
3467 2859 3748 2924 occiderit,
3794 2873 3890 2919 cur,

2295 2947 2642 3019 priusquam
2673 2945 3003 3013 laederetur,
3035 2963 3149 3001 non
3179 2949 3565 3020 oppresserit,
3598 2948 3690 3021 qui
3720 2948 3769 3002 in
3797 2945 3893 3000 aliis

2294 3035 2470 3091 rebus
2484 3052 2558 3090 εδδ
2563 3051 2633 3107 pe
2645 3034 2844 3090 videor
2859 3034 3262 3109 spermologus
3275 3041 3333 3092 et
3351 3036 3780 3105 multisonas,in
3793 3033 3891 3099 hac,

2297 3127 2363 3179 ut
2393 3123 2560 3196 picis,
2591 3123 2788 3179 videor
2810 3124 3075 3180 insanus.
3110 3125 3525 3199 Objurgabant
3554 3125 3722 3183 Graeci
3750 3139 3890 3180 mare.

537 3217 754 3293 ngari
769 3213 1430 3290 juxtaThessalonicam
1445 3188 1795 3286 quingentos
1808 3214 2188 3268 Grecoseom-
2215 3188 2260 3258 (ἶ
2297 3188 2788 3284 imprmcabantur
2835 3214 3074 3284 aequori,
3137 3188 3270 3286 plus
3293 3188 3469 3286 iusto
3500 3218 3792 3281 morantes,
3815 3228 3891 3267 cur

539 3307 974 3384 prehenderunt
1004 3307 1062 3360 et
1106 3303 1164 3359 in
1197 3303 1513 3377 Ungariam
1554 3302 1868 3358 duxerunt.
1904 3303 2036 3368 Quae
2067 3317 2180 3368 res,

537 3398 677 3474 quia
705 3411 980 3472 prcepere
1011 3394 1315 3460 successit,
1358 3391 1644 3466 compulit
1673 3393 1956 3448 ducentos
1986 3391 2183 3462 Unga-

537 3489 755 3545 riorun:
777 3481 933 3542 haud
957 3484 1129 3557 longe
1151 3479 1654 3554 Constantinopoli
1672 3481 1730 3536 in
1752 3479 2094 3536 Macedonia
2111 3477 2186 3534 si-

535 3577 754 3636 militer
765 3575 951 3632 facere
976 3593 988 3642 ;
1016 3590 1084 3630 ex
1105 3571 1480 3644 quibus,cum
1505 3571 1736 3627 incaute
1759 3586 1859 3641 per
1871 3572 2183 3640 angustam

537 3666 794 3725 redirent
823 3663 1000 3730 viam,
1043 3659 1433 3734 quadraginta
1462 3661 1600 3714 sunt
1627 3657 1777 3730 capti
1805 3675 1817 3724 ;
1851 3672 1998 3727 quos
2029 3672 2185 3710 nunc

535 3753 899 3826 Nicephorus
931 3751 1003 3808 de
1032 3749 1300 3807 custodia
1323 3748 1581 3814 eductos,
1623 3744 2184 3818 pretiosissimisqne

535 3841 796 3899 vestibus
826 3842 1368 3910 ornatos,patronos
1399 3833 1508 3891 sibi
1523 3833 1924 3890 etdefensores
1939 3831 2183 3904 paravit,

538 3945 740 3987 secum
792 3928 852 3982 in
900 3924 1169 3999 Assyrios
1201 3925 1440 3981 ducens.
1472 3923 1689 3978 Verum
1728 3921 1920 3994 qualis
1953 3921 2028 3977 sit
2056 3922 2186 3992 ejus

538 4017 849 4085 exercitus,
874 4015 1011 4071 hinc
1040 4013 1284 4086 potestis
1311 4011 1598 4080 conicere,
1631 4010 1911 4081 quoniam
1944 4008 2045 4080 qui
2078 4026 2184 4064 cae—

541 4106 682 4164 teris
705 4107 1004 4177 praestant,
1030 4100 1288 4157 Venetici
1320 4105 1458 4156 sunt
1486 4103 1542 4154 et
1569 4097 1964 4170 Amalphitani
1988 4099 2074 4152 ⁵³³.

611 4197 700 4252 46.
735 4193 900 4249 Nunc
946 4190 1040 4246 his
1088 4188 1346 4255 omissis,
1391 4188 1532 4259 quid
1566 4185 1708 4242 mihi
1735 4185 2018 4242 acciderit
2062 4187 2185 4242 ani-

541 4281 909 4341 madvertite.
944 4281 1114 4336 Sexto
1142 4275 1433 4333 Kalendas
1460 4273 1712 4347 Augusti
1743 4275 1875 4345 (Jul.
1907 4277 1998 4348 27)
2027 4281 2189 4332 extra

537 4368 1105 4444 ConstantinOpolim
1137 4366 1195 4422 in
1225 4365 1464 4422 Umbria
1493 4383 1527 4420 a
1555 4363 2186 4436 Nicephorolicentiam

538 4461 737 4536 accepi
768 4461 840 4517 ad
873 4477 972 4515 vos
1004 4455 1307 4514 redeundi.
1335 4455 1598 4526 Cumque
1621 4453 2187 4527 Constantinopolim

2291 3305 2598 3374 peccatum
2630 3300 2773 3356 illud
2805 3306 3037 3374 portare
3068 3302 3341 3375 potuerit,
3369 3320 3486 3360 cur
3514 3305 3716 3360 fretum
3741 3301 3888 3357 dehis-

2292 3407 2430 3447 cens
2464 3389 2656 3446 navim
2689 3407 2804 3446 nou
2837 3391 3224 3448 absorbuerit.
3255 3414 3287 3443 ‹‹
3351 3396 3776 3466 Imperatorem,
3823 3389 3890 3442 in-

2294 3479 2527 3552 quiunt,
2560 3479 2948 3536 universalem
2982 3481 3410 3547 Romanorum,
3446 3486 3766 3555 augustum,
3794 3493 3887 3534 ma-

2293 3567 2726 3640 gnum,solum
2785 3569 3174 3641 Nicephorum
3226 3569 3544 3642 scripsisse
3595 3570 3885 3626 Graecorum.

2292 3658 2598 3713 hominem
2629 3659 2924 3730 quendam
2954 3659 3293 3727 barbarum,
3329 3676 3650 3734 pauperem
3671 3657 3798 3728 (182)
3817 3655 3890 3708 Ro-

2293 3763 2627 3814 manorum,
2660 3764 2776 3803 non
2809 3747 3030 3821 piguit!
3065 3747 3108 3804 O
3132 3747 3339 3805 coelum
3366 3751 3377 3805 !
3415 3746 3669 3806 oterra!
3691 3765 3721 3804 ο
3742 3738 3886 3800 ωλινεῖ

2294 3836 2406 3891 Sed
2439 3835 2602 3908 quid,
2635 3836 2937 3908 inquiunt,
2971 3836 3255 3894 iaciemus
3282 3837 3626 3894 hominibus
3653 3835 3769 3893 istis
3799 3846 3887 3887 sce-

2294 3924 2515 3991 leratis,
2548 3925 2883 3982 criminosis
2905 3926 2932 3980 ?
2962 3926 3254 3998 Pauperes
3301 3933 3475 3996 sunt,
3510 3931 3566 3984 et
3593 3927 3640 3982 si
3667 3941 3755 3982 eos
3778 3918 3887 3976 occi-

2295 4014 2514 4082 dimus,
2530 4031 2744 4070 manus
2767 4019 2995 4070 nostras
3014 4013 3300 4087 sanguine
3315 4015 3418 4071 vili
3440 4016 3766 4090 polluimus;
3781 4023 3886 4083 pan-

2295 4103 2423 4158 nosi
2455 4107 2614 4170 sunt,
2649 4103 2798 4159 servi
2831 4108 2988 4172 sunt,
3012 4104 3219 4160 rustici
3265 4109 3447 4175 sunt;
3476 4106 3532 4162 si
3552 4097 3885 4174 :eosﬂagella-

2295 4207 2450 4258 mus,
2486 4208 2602 4246 non
2656 4191 2836 4264 ipsos,
2893 4194 2996 4248 sed
3035 4210 3147 4250 nos
3195 4193 3635 4259 dedecoramus,
3681 4190 3765 4263 qui
3809 4199 3884 4242 nec

2297 4280 2563 4335 Romana
2591 4281 2818 4336 scutica
2832 4281 3132 4348 deaurata,
3155 4299 3260 4338 nec
3283 4283 3625 4356 huiusmodi
3645 4264 3769 4336 sunt
3787 4290 3884 4332 eru-

2296 4367 2462 4424 cibus
2480 4367 2664 4440 digni.
2685 4368 2728 4424 Ο
2749 4369 2975 4424 utinam
2991 4369 3140 4426 alter
3159 4370 3498 4444 episcopus,
3521 4371 3664 4428 alter
3679 4359 3883 4424 marchio

2296 4456 2477 4513 esset!
2503 4456 2685 4522 culais
2706 4457 2864 4514 enim
2888 4457 3024 4525 suti,
3041 4463 3174 4531 post
3194 4460 3440 4524 acerbos
3457 4460 3734 4532 virgarum
3752 4453 3881 4512 ictus.

539 4553 819 4619 venirem,
873 4543 1329 4620 Christophorus
1377 4543 1656 4616 patricius
1705 4543 2032 4611 eunuchus,
2088 4543 2266 4628 quigD
2297 4550 2428 4618 post
2459 4545 2652 4601 barba:
2683 4561 2786 4601 seu
2812 4546 3159 4618 capillorum
3193 4547 3656 4613 distractionem,
3685 4543 3736 4598 in
3765 4548 3887 4593 mare

539 4638 849 4712 Nicephori
897 4637 1084 4693 vicem
1133 4634 1336 4692 eodem
1369 4631 1536 4705 gerit,
1569 4630 1713 4686 mihi
1746 4631 2044 4687 mandavit
2069 4648 2187 4687 non

543 4745 715 4802 posse
746 4743 839 4784 me
869 4729 1009 4784 tunc
1040 4723 1326 4790 recedere,
1361 4721 1501 4793 quia
1546 4718 1818 4776 Saraceni
1850 4723 1988 4777 tunc
2021 4737 2186 4776 occu-

545 4819 830 4889 paverunt
886 4829 1046 4868 mare
1095 4816 1152 4868 et
1199 4809 1437 4884 Ungarii
1467 4811 1682 4864 terram
1719 4833 1732 4875 ;
1764 4809 2187 4880 expectandum

545 4903 691 4961 mihi
740 4918 871 4958 esse
909 4901 1092 4956 donec
1142 4899 1254 4973 ipsi
1283 4897 1664 4954 discederent.
1706 4895 1816 4952 Sed
1849 4901 2187 4970 utrumque,

2299 4637 2794 4708 demergerentur.
2829 4635 2941 4692 Sed
2975 4641 3297 4706 serventur,
3334 4637 3625 4710 inquiunt,
3645 4636 3886 4702 etquous-

2299 4741 2410 4796 que
2423 4723 2836 4781 sanctissimus
2851 4723 3169 4797 imperator
3181 4725 3580 4782 Romanorum
3589 4723 3632 4778 N
3638 4717 3890 4792 icephoﬂlﬁ

2299 4813 2421 4870 haec
2452 4813 2732 4869 resciscat
2763 4812 2939 4881 mala,
2972 4812 3133 4886 gravi
3165 4815 3436 4872 custodia
3463 4812 3812 4872 macerentur.
3839 4822 3862 4846 υ

2371 4901 2458 4956 48.
2487 4901 2644 4956 Dum
2679 4900 2801 4958 haec
2833 4901 3232 4972 resciscerem,
3263 4901 3463 4958 felices
3492 4917 3607 4968 eos,
3657 4889 3886 4970 quoniam

547 4992 694 5067 proh
746 4988 945 5048 dolor!
997 4988 1109 5046 fuit
1155 4987 1547 5045 mendacium.
1581 4985 1743 5042 Tunc
1773 4986 2024 5058 appositi
2056 4994 2195 5043 sunt
2301 5006 2612 5063 pauperes,
2644 5007 2738 5046 me
2797 4975 3109 5062 infelicem,
3165 4991 3306 5066 quia
3359 4990 3618 5054 divitem,-
3655 4974 3883 5058 judicavi-

547 5082 840 5149 custodes,
875 5079 975 5151 qui
1007 5077 1151 5134 mihi
1181 5082 1240 5134 et
1269 5076 1416 5132 meis
1446 5076 1665 5132 adomo
1680 5091 1812 5131 mea
1831 5074 2051 5132 exitum
2069 5094 2195 5150 pro-

2303 5080 2450 5136 Cum
2476 5079 2634 5136 domi
2657 5095 2870 5147 essem,
2890 5095 3022 5136 mea
3046 5097 3138 5136 me
3158 5080 3426 5137 voluntas
3449 5088 3743 5153 pauperem
3760 5078 3885 5124 excu-

1930 5226 2171 5285 ’νΑῆΙῶ
2210 5229 2623 5287 LECTIONES.

621 5329 692 5368 ⁸³³
721 5326 1128 5402 amalphitiani
1161 5326 1219 5383 C.
1295 5326 1362 5362 ⁸³⁸
1392 5325 1615 5382 domini
1648 5326 1711 5397 σε

2157 5428 2390 5486 NOTIE.

613 5527 947 5672 ιξιθωηίιδε.
972 5527 1109 5594 ΕΠ,
1141 5543 1223 5595 x1,

650 5604 771 5672 181)
804 5600 888 5660 Cf.
919 5601 1105 5672 Antap
1119 5599 1386 5671 odosxs,v

650 5599 771 5677 181)
804 5600 888 5660 Cf.
897 5599 1105 5676 'Antap
1119 5599 1494 5671 odosis;v1,1.

2391 5528 2542 5600 (182)
2573 5526 2635 5584 Id
2667 5527 2756 5583 est
2777 5525 3070 5586 Ottonem.
