4064 6182
268 380 422 448 1141

334 521 424 576 37.
459 521 670 576 Sancta
696 517 1074 589 Potamicsna,
1108 520 1250 576 civis
1280 520 1670 577 Putealiensis
1720 522 1779 576 in
1814 523 1917 577 Ba-
1951 524 2004 590 Α

261 609 508 679 tetania,
540 608 664 665 filia
709 610 784 666 M.
835 609 1052 665 Aurelii
1103 610 1346 678 Decimi,
1378 610 1640 682 praefecti
1666 611 1923 683 legionis

262 698 562 772 Septimis,
596 697 872 767 Gemina,
901 698 1034 768 Pize,
1069 698 1296 766 Felicis,
1316 704 1375 755 et
1404 700 1462 756 S.
1496 698 1743 764 Quintize
1778 699 1927 755 Mar-

263 788 463 858 cellas;
496 805 662 845 soror
706 787 947 844 Caecilia:
994 788 1261 858 Quintia,
1312 806 1440 861 qum
1486 788 1689 861 nupsit
1740 790 1925 845 Druso

260 878 495 935 Valerio
516 877 763 934 Caeliano
780 877 1188 935 Valentiniano
1212 896 1225 947 ;
1250 883 1308 960 et
1339 879 1433 932 isti
1459 878 1697 933 fuerunt
1723 894 1926 950 paren-

257 971 355 1024 tes
387 968 462 1023 M.
495 967 711 1024 Aurelii
742 966 1139 1023 Valentiniani
1171 968 1459 1040 praesidiis
1483 966 1792 1039 provinciae
1825 967 1920 1021 Ili-

261 1057 486 1130 spaniaa
509 1056 805 1113 Citerioris
831 1075 844 1125 ;
878 1061 1149 1113 constant
1170 1056 1290 1112 haec
1321 1074 1389 1112 ex
1418 1055 1920 1128 inscriptionibus.

337 1147 429 1203 38.
488 1147 816 1202 Paracuelos
876 1146 1112 1213 dicitur,
1164 1146 1334 1218 quasi
1364 1154 1498 1219 παρά
1527 1154 1679 1202 κόλεν
1726 1144 1849 1200 Cale
1891 1162 1926 1200 a

262 1235 490 1292 Mauris
515 1235 731 1290 dicitur
754 1235 1096 1291 Almodovar.

337 1323 428 1380 39.
462 1323 817 1391 Albacetem,
850 1324 1132 1397 oppidum
1162 1325 1629 1390 Bastetanorum,
1654 1322 1926 1379 condide-

258 1417 407 1470 runt
436 1412 639 1469 Cilices
670 1412 728 1468 in
763 1412 1103 1486 Hispaniam
1136 1413 1431 1470 venientes
1475 1431 1508 1468 a
1553 1412 1786 1485 regione
1818 1411 1921 1467 Ce-

259 1502 410 1558 tide.
442 1502 665 1559 Vocant
691 1501 879 1557 Mauri
923 1501 1081 1558 hunc
1132 1501 1322 1557 locum
1354 1503 1619 1569 Albacete,
1653 1504 1922 1572 corrupte

337 1592 426 1646 40.
476 1591 787 1647 Arbucarae
839 1588 899 1645 in
945 1590 1259 1646 Celtiberia
1304 1593 1361 1646 S.
1412 1589 1572 1661 Papii
1622 1588 1919 1660 martyris,

262 1680 370 1753 qui
401 1679 577 1736 variis
608 1683 799 1737 tortus
820 1679 1184 1735 cruciatuum
1207 1678 1542 1752 generibus,
1564 1678 1803 1734 tandem
1828 1678 1924 1733 da-

255 1770 343 1826 tis
374 1768 699 1825 cervicibus
731 1768 1006 1824 occubuit
1029 1786 1086 1825 ιν
1133 1768 1262 1825 Kal.
1294 1767 1435 1824 Julii
1469 1784 1621 1823 anno
1650 1768 1777 1834 503,
1809 1766 1919 1821 sub

1274 382 2106 451 PSEUDO-LIUTPRANDI
2148 383 2682 453 ADVERSARIA.

3532 381 3695 459 1142

2161 522 2444 595 Compede,
2474 526 2587 572 tum
2622 518 2828 595 vinclis,
2859 523 2974 595 tum
3003 518 3197 595 pietate
3225 534 3401 595 pares.

2161 536 2444 634 Compeae,
2474 536 2587 572 tum
2622 536 2828 595 nacus,
2859 536 2974 572 tum
3003 536 3197 586 pietate
3225 536 3401 586 pares.

2101 586 2245 644 Quos
2275 600 2289 634 1
2330 601 2346 634 ι
2377 599 2650 635 sermones
2679 589 2851 635 seritis
2880 584 2946 635 de
2972 589 3144 634 morte
3174 583 3414 635 ferenda.

2164 648 2264 697 Pro
2294 648 2489 710 pietate
2520 647 2699 708 semel,
2729 660 2931 710 proque
2962 647 3167 711 pudore
3197 648 3397 697 simul?

2099 711 2355 783 quenia.
2387 724 2419 759 ο
2447 710 2643 783 Pelagi,
2673 711 2767 783 tibi
2798 711 2866 783 sit
2893 710 3038 783 nova
3065 724 3229 783 causa
3258 724 3468 762 coronae
3489 724 3506 774 ;

2163 773 2251 821 Illa
2286 786 2471 822 necem
2491 772 2699 833 patiens
2730 776 2780 822 te
2810 772 2967 822 docet
2997 787 3112 822 esse
3142 774 3337 823 virum.

2101 835 2225 884 Post
2254 835 2425 898 cujus,
2460 838 2650 884 testare
2681 835 2857 896 ﬁdem,
2890 835 3112 896 vestigia
3141 839 3423 886 constans:

2164 898 2259 946 llla
2290 902 2378 947 tuo
2400 898 2561 960 capiti
2592 901 2737 946 serta
2769 912 2867 947 nec
2896 910 3006 947 una
3035 898 3190 948 locat.

2100 960 2355 1008 Gaudetis
2384 974 2546 1022 super
2576 964 2718 1009 astra
2748 960 2854 1010 duo
2886 960 2952 1009 de
2974 966 3143 1010 morte
3173 961 3414 1022 subacta,

2164 1022 2385 1070 Nomine
2414 1022 2625 1085 velletis
2656 1022 2812 1085 plura
2839 1023 3028 1072 tulisse
3059 1024 3166 1073 Dei.

2100 1085 2379 1149 Yosrosa,
2398 1097 2502 1149 vos
2531 1084 2788 1149 decorant
2815 1085 3105 1149 candentia
3132 1085 3243 1135 lilia
3270 1089 3434 1137 testes
3456 1100 3471 1149 ;

2164 1147 2313 1213 Hine
2329 1146 2514 1213 rubor,
2544 1147 2673 1213 hinc
2703 1147 2907 1213 candor
2934 1150 3176 1211 tempora
3203 1152 3384 1213 vestra
3415 1146 3562 1213 tegit.

2100 1210 2161 1257 In
2191 1208 2346 1257 terris
2376 1208 2546 1271 patria
2574 1209 2719 1258 haud
2750 1209 2975 1270 similis;
3009 1208 3189 1259 tamen
3219 1225 3326 1261 una
3355 1208 3566 1262 duobus
3670 1250 3673 1253 -

2163 1272 2339 1335 Patria
2366 1272 2670 1335 communis
2698 1273 2844 1335 regia
2872 1272 3016 1321 celsa
3045 1272 3155 1322 Dei.
3682 1295 3692 1303 -

2098 1333 2363 1405 andete,
2390 1347 2423 1405 ρ
2450 1334 2682 1405 pugiles,
2714 1333 3087 1405 memoresque
3125 1337 3294 1405 estote
3316 1335 3569 1405 clientum

2161 1396 2305 1453 Quos
2326 1394 2497 1461 dubia
2527 1394 2742 1446 exercet
2768 1411 2972 1461 pugna,
3000 1394 3295 1461 gravatque
3326 1402 3509 1450 metes.

2161 1411 2305 1453 quos
2333 1411 2497 1445 uunia
2527 1411 2742 1446 exercet.
2807 1411 2972 1460 ugna,
3004 1411 3295 1461 gravatque
3326 1412 3402 1449 me

2099 1457 2399 1531 Prgsentes
2428 1457 2589 1531 igitur
2617 1411 2829 1531 populFis
2858 1460 3227 1531 pugnaptibus
3256 1464 3402 1511 este:

2163 1521 2216 1569 Si
2249 1533 2350 1567 nos
2381 1521 2638 1582 aspicitis,
2664 1521 2928 1571 vincimus
2941 1521 3014 1571 _et
3042 1522 3289 1573 fruimur.

2101 1581 2151 1631 Si
2171 1581 2480 1647 vincemus,
2514 1583 2625 1647 erit
2643 1583 2839 1647 palmae,
2858 1598 2987 1647 pars
3017 1585 3250 1634 maxima
3278 1591 3489 1637 vestra:

2161 1644 2341 1693 Gloria
2370 1647 2557 1693 nostra
2586 1644 2763 1705 simul,
2794 1644 2964 1709 gloria
2994 1651 3172 1697 vestra
3200 1648 3308 1698 fiet.

2107 1798 2197 1851 44.
2230 1796 2389 1852 Obiit
2419 1799 2797 1854 sanctissima
2841 1799 3006 1871 virgo
3065 1804 3123 1856 et
3168 1805 3388 1874 martyr
3434 1788 3696 1876 Eugenia

255 1857 742 1962 Bi°°letlan°ftn
756 1857 1110 1962 Mgimiaﬁ‘?
1157 1857 1630 1959 impémtoribus’
1666 1856 1920 1962 Ipmside
1950 1895 2001 1962 B
2030 1903 2111 1941 vn
2144 1885 2391 1954 Kalend,
2422 1886 2661 1958 Aprilis,
2692 1888 2836 1943 feria
2864 1856 3078 1959 quarta
3116 1856 3693 1949 hebdomadiedictg

254 1946 557 2020 Hispania:
601 1951 667 2001 P.
700 1946 973 2015 Daeiano,
1023 1947 1221 2020 ibique
1259 1949 1386 2018 ejus
1436 1946 1719 2002 memoria
1766 1944 1913 2001 cele-

256 2036 388 2092 bris
419 2041 529 2094 est.

334 2127 422 2181 4t.
454 2129 643 2182 JEtate
675 2129 985 2199 parentum
1034 2141 1299 2182 meorum
1333 2142 1485 2181 anno
1530 2124 1752 2180 Domini
1782 2124 1914 2193 923,

334 2215 529 2271 Martii
559 2217 650 2283 26,
683 2232 862 2288 passa
878 2219 967 2271 est
984 2215 1331 2288 martyrium
1356 2214 1516 2287 virgo
1540 2213 1916 2270 sanctissima

256 2304 542 2377 Eugenia,
566 2304 687 2359 ﬁlia
707 2303 1174 2360 Christianorum
1200 2303 1648 2359 Muzarabumin
1672 2301 1918 2357 munici-

253 2391 357 2466 pio
390 2392 669 2460 Uticensi,
722 2393 876 2465 quod
910 2393 970 2447 in
1016 2397 1300 2449 conventu
1336 2390 1695 2448 Cordubensi
1744 2407 1913 2446 voca-

256 2486 407 2537 runt
436 2482 817 2554 Marmolejos,,
833 2482 1010 2554 jussu
1044 2482 1222 2555 regis,
1253 2485 1309 2537 et
1330 2479 1916 2537 MiramoliniAbder-

253 2571 546 2639 ramenis,
568 2570 917 2628 ferocissimi
936 2572 1191 2643 tyranni,
1207 2571 1342 2627 fidei
1367 2569 1691 2626 Christunae
1714 2584 1912 2636 causa;

252 2664 317 2717 et
345 2663 483 2733 post
512 2675 772 2715 carceres
801 2664 859 2715 et
879 2659 1187 2732 supplicia,
1221 2660 1375 2715 datis
1398 2658 1740 2722 cervicibus,
1766 2674 1917 2712 mar-

250 2754 356 2823 tyr
383 2750 590 2806 effecta
619 2753 707 2804 est
735 2750 844 2805 sub
866 2748 1059 2805 Blasio
1078 2749 1352 2805 Toletano
1376 2748 1666 2820 pontifice.
1701 2746 1916 2802 Cordu-

252 2838 433 2895 bensi
463 2839 533 2893 N.
566 2838 884 2895 honorifice
914 2838 1147 2911 sepulta
1176 2842 1266 2895 est
1294 2855 1430 2893 cum
1450 2836 1728 2893 .versibus
1760 2852 1918 2891 acro-

253 2927 476 2985 stichis
507 2927 568 2982 in
619 2943 909 2984 marmore
951 2926 1189 2983 caelatis.
1237 2927 1479 2983 Mirifice
1516 2924 1673 2981 culta
1697 2928 1805 2994 est,
1860 2930 1916 2981 et

254 3020 393 3073 erat
423 3016 488 3071 in
520 3016 695 3073 Oveto
722 3034 735 3086 ;
768 3016 953 3072 Toleti
983 3020 1041 3072 et
1070 3016 1348 3073 Callaecia:
1381 3015 1699 3071 colebatur.

337 3107 428 3161 42.
479 3105 672 3177 Hujus
722 3105 1107 3162 sanctissima:
1138 3106 1388 3179 virginis
1426 3112 1483 3162 et
1514 3104 1785 3177 martyris
1816 3104 1915 3159 Hi-

251 3211 465 3267 spanae
500 3192 758 3265 reliquiae
788 3193 989 3250 delatae
1019 3200 1156 3250 sunt
1184 3213 1252 3252 ac
1281 3194 1471 3251 varias
1499 3193 1914 3267 Hispaniarum

252 3287 506 3358 partes;
539 3281 640 3337 ubi
670 3283 914 3339 conditae
947 3288 1087 3339 sunt
1122 3284 1203 3340 illi
1234 3284 1513 3342 ecclesiae.

336 3373 431 3428 43.
466 3372 529 3427 In
558 3370 848 3427 tabulario
876 3377 1088 3428 sanctae
1118 3373 1299 3429 Justa:
1332 3371 1517 3444 reperi
1549 3389 1781 3428 carmen
1810 3372 1920 3427 hoc

250 3459 660 3532 compositum
708 3477 742 3515 a
794 3461 1031 3516 domino
1083 3461 1275 3517 Blasio
1316 3460 1595 3517 Toletano
1647 3460 1915 3533 prmsule,

248 3548 753 3624 prmstantissimo
784 3548 944 3605 illius
974 3551 1170 3606 saeculi
1198 3554 1367 3624 poeta
1395 3567 1407 3605 :

326 3655 701 3722 Eugeniahoc
727 3656 902 3722 posita
931 3658 1247 3722 estgtumulo
1278 3656 1622 3722 celeberrima
1650 3657 1827 3722 Virgo,

431 3718 665 3782 anguine
692 3731 811 3782 qua;
838 3718 1032 3769 Christi
1061 3724 1141 3769 est
1167 3720 1447 3770 testificata
1476 3720 1649 3769 fidem.

328 3779 573 3844 Purpura
601 3779 759 3844 qaam
775 3779 991 3831 decorat
1010 3782 1271 3832 candente
1296 3796 1445 3831 sacra
1466 3782 1575 3845 [al.,
1599 3783 1916 3894 infectejoeg-

1807 3858 1916 3902 ore,

304 3916 319 3929 ’
398 3906 601 3969 Laurea
629 3908 682 3954 et
710 3908 934 3969 exornat
953 3906 1038 3955 cui
1068 3906 1336 3969 duplicata
1363 3909 1539 3969 caput.
1768 3845 1786 3910 [

328 3967 495 4031 multa
524 3966 783 4031 tulit,ised
813 3967 969 4031 plura
996 3966 1162 4017 refert
1187 3983 1251 4017 ex
1281 3966 1444 4017 hoste'
1462 3969 1701 4031 trophma

395 4030 648 4079 Victrices
676 4030 856 4078 lauros
889 4030 1056 4079 aether
1085 4036 1136 4079 et
1164 4032 1273 4093 ipse
1300 4032 1442 4080 canit
1466 4045 1477 4079 :

328 4092 658 4155 Miratusque
690 4096 853 4155 canet,
868 4096 1102 4155 ventura
1131 4092 1196 4140 ini
1217 4094 1413 4142 saecula
1439 4093 1695 4153 mundus,

393 4155 527 4203 Dum
559 4154 764 4217 steterit
792 4154 948 4203 tellus
974 4155 1212 4217 pondere
1241 4155 1377 4204 fulta
1405 4168 1519 4204 suo.

325 4217 564 4266 Toletum
593 4216 706 4276 tibi,
737 4215 859 4265 diva
888 4215 1095 4279 potens,
1128 4217 1221 4266 tibi
1252 4217 1497 4267 Corduba
1522 4218 1646 4267 felix

395 4279 584 4337 Patria,
615 4292 930 4343 mansurum
958 4280 1196 4343 porriget
1222 4294 1393 4343 usque
1426 4280 1602 4343 decus.

324 4341 560 4404 Totaque
583 4355 693 4404 jam
724 4341 888 4391 refert
915 4341 1201 4405 parentum
1231 4341 1248 4405 f
1252 4341 1341 4399 a1}.
1372 4342 1652 4407 Tricensis]
1683 4344 1915 4455 Irilccldesia

1731 4421 1793 4455 au
1837 4421 1911 4455 es.

1731 4421 1892 4456 8110θὸ

1638 4406 1645 4407 “
1692 4406 1911 4470 [laudes,

393 4465 661 4528 Praecipue
688 4465 910 4528 indigeti
939 4464 1106 4514 solvet
1134 4465 1287 4514 lbera
1316 4478 1444 4514 suae.

323 4528 495 4591 Merte
525 4527 679 4590 paras
709 4527 891 4591 vitam,
923 4531 1174 4591 penetras
1204 4540 1420 4591 quoque
1451 4527 1636 4591 funere
1666 4531 1847 4591 emlos,

392 4589 732 4652 Vulneraque
761 4590 827 4638 ad
856 4589 1079 4652 superos
1108 4589 1391 4651 expediere
1421 4590 1580 4638 viam.

322 4651 669 4715 Supplicibus
702 4656 751 4701 te
782 4651 958 4715 pande
987 4652 1145 4715 qiam,
1176 4654 1495 4715 portumque
1525 4652 1739 4703 salutis:

436 4713 521 4763 iva
550 4713 680 4763 doce
709 4713 951 4774 miseros,
984 4713 1108 4763 diva
1138 4713 1286 4763 tuere
1316 4713 1455 4773 reos,

318 4775 477 4850 Quod
506 4777 741 4850 patimur
769 4781 851 4825 sat
879 4776 1027 4850 tr‘iste
1056 4776 1268 4850 jugum,
1300 4780 1348 4825 st
1376 4790 1539 4850 causa
1567 4791 1812 4827 coronae:

393 4838 591 4902 Blasius
618 4839 721 4888 hoc
744 4838 939 4902 prmsu]
964 4839 1204 4902 carmine
1234 4842 1286 4887 te
1315 4838 1564 4891 celebmt.

318 4900 491 4950 Toleti
520 4914 726 4951 memor
748 4900 869 4949 esto
898 4900 997 4956 tui.
1028 4901 1327 4962 veterisque
1352 4905 1563 4949 tuorum

389 4963 653 5024 Majorum
683 4963 910 5013 sobolis:
947 4963 1049 5010 "am
1080 4968 1171 5012 tua
1200 4975 1366 5025 regna
1394 4969 1532 5026 tege.
1648 5016 1649 5021 η

389 5026 617 5073 ueniam
648 5026 885 5073 secueris
921 4978 1118 5073 lgelani.
1149 5023 1434 5073 fortissime
1464 5029 1649 5073 martv:

318 5023 617 5089 Eugenium
648 5026 885 5089 sequeris
921 5023 1118 5089 Pelagi,
1149 5023 1434 5089 fortissime
1455 5023 1701 5088 'martyr:

387 5086 623 5159 ﬁoribus
652 5086 912 5159 assimiles
940 5086 1087 5159 estis,
1119 5090 1173 5135 et
1201 5086 1324 5149 igne
1345 5100 1525 5159 pares.

323 5148 531 5199 Efferus
554 5150 892 5200 Abderamen
924 5148 1211 5199 Almanzor
1226 5147 1466 5198 “credidit
1490 5150 1675 5198 ambos

386 5211 655 5275 Perdere;
692 5217 976 5275 utrumque
1022 5215 1207 5261 tamen
1253 5214 1423 5260 morte
1451 5211 1554 5261 sub
1602 5215 1742 5339 αεῗῐὶιι
1780 5226 1910 5339 part1]:

538 5335 553 5339 _
684 5334 700 5339 Δ
1147 5337 1153 5339 Α
1362 5334 1396 5339 __
1501 5336 1510 5339 _
1714 5289 1860 5339 .rapi

1714 5313 1725 5323 .
1746 5276 1886 5325 rapit

322 5336 429 5385 vos
458 5335 647 5386 eadem
677 5334 903 5386 fortasse
934 5337 1162 5398 gravant
1192 5334 1433 5384 custodia
1462 5276 1725 5385 vinctos“.
1746 5276 1905 5339 rapa]

255 5451 360 5507 ubi
389 5452 717 5507 conductus
746 5450 1265 5523 profundissimus,
1293 5469 1327 5506 a
1356 5455 1588 5506 centum
1615 5453 1910 5508 foramini-

256 5523 373 5595 bus
403 5523 571 5595 quasi
588 5522 823 5595 centum
847 5522 1099 5595 puteolis
1119 5522 1435 5595 distinctus
1452 5526 1548 5595 ;_et
1568 5524 1645 5577 ibi
1664 5526 1903 5581 lscadia.

257 5594 399 5666 Post
419 5592 923 5666 Puteoli,_centum
948 5595 1005 5666 (a
1025 5593 1360 5666 Buteolanis
1382 5592 1557 5649 Italiae
1586 5595 1751 5649 aiunt
1772 5612 1906 5651 con-

259 5664 467 5791 gitaém)
501 5682 595 5791 {ne
625 5664 747 5720 viro
779 5664 1101 5737 reparatur,
1142 5681 1269 5736 quae
1318 5665 1508 5720 fuerat
1539 5683 1572 5719 a
1603 5667 1907 5723 Saracenis

302 5752 363 5791 es
394 5753 496 5791 ruc
525 5753 579 5791 a.
616 5758 644 5785 »

302 5741 579 5792 estructa.
616 5758 644 5785 »

329 5809 419 5862 37.
472 5808 528 5863 S.
582 5808 944 5872 Potamiama,
1003 5812 1112 5863 etc.
1164 5807 1244 5861 De
1304 5807 1361 5860 S.
1396 5806 1746 5862 Potemicena
1793 5810 1904 5863 vir-

259 5876 395 5949 gine
419 5882 477 5935 et
508 5882 764 5951 martyre
791 5880 858 5934 ﬁt
887 5878 1105 5935 mentio
1132 5877 1192 5933 in
1218 5876 1624 5949 Martyrologio
1648 5879 1906 5937 Romano

2031 1978 2093 2031 in
2120 1977 2411 2033 Passione:
2444 1992 2623 2048 quam
2657 1982 2789 2051 post
2817 1978 2966 2033 duos
2999 1996 3188 2037 annos
3204 1980 3536 2053 assequitur
3555 1998 3693 2038 san-

2028 2065 2334 2121 ctissimus
2346 2064 2584 2137 juvenis
2608 2066 2900 2140 Pelagius,
2931 2071 3000 2122 ut
3018 2068 3296 2137 creditur,
3312 2056 3546 2128 natione
3564 2070 3695 2127 Gal-1

2028 2154 2227 2222 lamus,
2270 2154 2372 2227 qui
2404 2153 2614 2210 ducem
2664 2160 2723 2212 et
2751 2155 3100 2228 magistram
3132 2157 3341 2214 habuit
3367 2159 3437 2215 ad
3472 2165 3695 2234 marty-

2028 2243 2184 2299 rium
2218 2242 2655 2299 sanctissimam
2702 2243 3029 2316 Eugenium
3057 2262 3170 2301 aera
3205 2262 3493 2315 DCCCCLXI,
3535 2252 3693 2305 anno’

2028 2332 2376 2388 duodecimo
2404 2331 2881 2397 Abderramenis,
2905 2331 3089 2403 hujus
3123 2333 3381 2390 nominis
3400 2338 3587 2407 quarti
3605 2337 3691 2391 di-'

2028 2422 2126 2489 cti,
2161 2424 2546 2495 cognomento
2578 2422 2954 2483 Almanzorzls;
2979 2422 3144 2493 egira
3162 2438 3298 2477 vero
3334 2439 3539 2480 cccxu.
3568 2425 3687 2481 Sae-

2026 2510 2307 2566 vissimus
2341 2509 2451 2563 fuit
2478 2508 2573 2563 hic
2606 2509 2945 2581 imperator,
2976 2513 3037 2564 et
3068 2508 3288 2566 multas
3317 2510 3377 2565 in
3408 2510 3684 2569 Christia-

2027 2616 2134 2654 nos
2166 2599 2349 2655 edidit
2393 2603 2639 2669 strages,
2674 2615 2740 2653 ac
2791 2596 2926 2652 fidei
2974 2596 3319 2653 Christiana:
3348 2598 3461 2654 fuit
3490 2599 3682 2657 hostis

2026 2687 2485 2744 infens‘ssimus.
2520 2687 2669 2743 Sunt
2698 2685 2798 2758 qui
2830 2686 3074 2741 credant
3110 2689 3252 2742 tunc
3282 2688 3535 2745 occisam
3566 2690 3679 2746 To-'

2026 2774 2127 2833 leti
2160 2776 2402 2832 Mariam
2435 2790 2657 2832 servam
2692 2775 2814 2831 Dei.
3670 2780 3679 2787 °

2097 2885 2183 2939 45.
2227 2883 2502 2948 Queritur
2548 2886 2787 2937 sanctus
2836 2880 3094 2953 pontifex
3123 2882 3500 2940 Innocentius
3530 2885 3573 2951 Ι,
3613 2884 3675 2940 in

2026 2972 2276 3046 epistola
2288 2973 2358 3028 ad
2373 2971 2676 3044 episcopos
2693 2970 2984 3043 Hispaniae
2999 2969 3185 3026 Toleti
3202 2974 3583 3044 congregatos
3601 2968 3679 3028 ad

2025 3061 2358 3129 concilium,
2393 3061 2548 3135 quod
2577 3077 2645 3116 ex
2655 3058 3019 3131 jurisperitis
3048 3062 3105 3115 et
3126 3058 3439 3116 causidicis
3469 3060 3676 3117 fierent

2026 3151 2305 3223 episcopi,
2340 3155 2405 3206 ut
2433 3150 2672 3223 quidam
2705 3147 3051 3205 FLIluﬁnus
3077 3147 3280 3205 consul
3314 3165 3449 3205 cum
3481 3148 3687 3231 Flavio.

1948 3268 1990 3335 ρ
2029 3241 2277 3296 Eusebio
2296 3240 2416 3311 [al.,
2439 3238 2687 3308 Cuselio]
2710 3254 2863 3293 anno
2882 3238 2987 3292 347
3001 3238 3065 3335 fit
3086 3237 3398 3310 episcopus
3409 3238 3685 3335 anpo‘SGO

2030 3328 2088 3382 in
2112 3328 2474 3399 Hispania,et
2490 3326 2805 3398 Gregorius
2818 3341 2886 3380 ex
2898 3325 3177 3397 praefecto
3190 3324 3461 3397 praetorio
3478 3324 3678 3381 Galliae

2030 3415 2339 3488 episcopus
2371 3414 2801 3471 llliberitanus:
2836 3416 2911 3482 et,
2944 3411 3079 3468 licet
3128 3412 3348 3468 fuerint
3377 3412 3549 3468 ambo
3569 3412 3679 3469 viri

2029 3504 2213 3559 sancti
2229 3503 2421 3559 etvitze
2438 3502 2940 3571 laudabilissimm,
2958 3500 3218 3574 pontifex
3241 3500 3365 3557 fieri
3382 3499 3674 3574 prohibet.

2098 3610 2185 3663 46.
2220 3610 2371 3665 Sunt
2398 3608 2728 3681 qui’dicant
2757 3610 3023 3662 sanctam
3055 3606 3336 3662 Theclam
3368 3604 3548 3662 Iconii
3571 3608 3681 3661 naé

2027 3701 2169 3765 tam,
2204 3697 2454 3770 primam
2484 3695 2645 3753 Pauli
2699 3694 3072 3768 discipulam,
3121 3696 3369 3768 ejusque
3396 3692 3686 3767 prmdica-_

2024 3786 2182 3842 tione
2213 3802 2571 3853 conversam,
2628 3789 2827 3840 natam
2862 3789 3023 3857 patre
3066 3783 3322 3856 llispano
3365 3781 3673 3850 Celtibero,

2026 3879 2211 3931 matre
2240 3891 2370 3930 vero
2398 3874 2685 3931 Iconiensi
2714 3873 2917 3947 gentili
2950 3872 3291 3930 durissima.

2098 3982 2184 4036 47.
2216 3982 2380 4035 Anno
2411 3981 2581 4037 tertio
2627 3980 2958 4047 Sisenandi,
2992 3979 3103 4035 sub
3131 3981 3365 4037 Audace
3394 3981 3675 4038 Tarraco-

2025 4070 2192 4127 nensi
2226 4071 2517 4143 pontifice,
2543 4087 2679 4126 arca
2708 4087 2811 4143 per
2838 4085 2999 4125 mare
3030 4068 3543 4141 Mediterraneum,
3576 4087 3675 4127 an-

2024 4158 2152 4233 gelo
2183 4159 2349 4227 duce,
2385 4160 2619 4215 devecta
2646 4164 2735 4215 est
2762 4160 3151 4215 Tarraconem
3183 4175 3318 4214 cum
3351 4163 3517 4232 parte
3545 4176 3673 4215 cor-

2023 4247 2181 4319 poris
2214 4253 2425 4303 sanctae
2456 4248 2679 4303 Thecla:
2702 4248 2944 4321 virginis
2969 4253 3026 4302 et
3046 4247 3340 4321 martyris,
3370 4246 3693 4319 discipulae,

2022 4340 2078 4391 S.
2113 4335 2296 4403 Pauli,
2324 4352 2456 4390 cum
2480 4335 2861 4406 inscriptione
2885 4336 3043 4390 intus
3069 4339 3317 4406 reperta,
3342 4351 3470 4406 quae
3493 4335 3673 4407 signi-

2024 4424 2234 4479 ficabat
2263 4424 2371 4478 hoc
2396 4440 2410 4478 :
2444 4426 2607 4479 Anno
2629 4424 2736 4478 633
2757 4428 2995 4495 excepta
3016 4427 3106 4478 est
3126 4438 3262 4477 cum
3290 4422 3509 4495 ingenti
3532 4438 3671 4495 gau-

2022 4512 2117 4567 dio
2136 4512 2403 4583 praesulis
2431 4516 2487 4566 et
2522 4510 2735 4566 civium
2760 4529 2773 4579 ;
2799 4528 2865 4566 ac
2888 4527 2982 4566 res
2993 4510 3213 4581 scripta
3234 4527 3335 4582 per
3357 4509 3687 4587 epistolam:

1943 4635 1990 4699 Β
2021 4601 2093 4656 ab
2123 4601 2355 4699 Audace
2387 4598 2633 4699 prmsule
2679 4598 2800 4672 regi
2830 4599 3416 4699 SisenandoLmiram
3447 4598 3684 4675 Hispa-j

2021 4690 2128 4745 nim
2148 4688 2407 4744 lmtitiam
2431 4688 2644 4744 attulit.
2663 4689 2780 4743 Sub
2800 4686 3133 4759 captivitate
3153 4687 3490 4744 Maurorum
3512 4704 3664 4745 anno

2016 4779 2143 4847 960,
2175 4795 2309 4834 cum
2341 4795 2446 4851 ego
2467 4776 2599 4833 illac
2628 4776 2895 4845 transivi,
2922 4775 3126 4833 sedulo
3144 4776 3689 4855 custodiebaturinj

2020 4867 2373 4939 captivitatis
2406 4866 2616 4933 medio,
2651 4866 3125 4937 permittentibus
3156 4865 3481 4933 Saracenis,
3513 4883 3548 4922 a
3577 4884 3666 4923 ca-

2018 4954 2254 5011 tholicis
2286 4956 2715 5011 Muzarabibus.

2090 5064 2177 5121 48.
2211 5063 2279 5117 Et
2322 5063 2393 5118 ad
2444 5078 2642 5135 preces
2691 5060 2927 5117 illorum
2984 5050 3388 5134 qualecunque
3426 5079 3663 5121 carmen

2018 5151 2154 5220 lusi,
2189 5153 2343 5224 quod
2374 5157 2431 5208 et
2460 5152 2545 5207 eis
2575 5150 2824 5223 porrexi.
3683 5164 3690 5209 ἶ

2021 5241 2157 5297 Diva
2186 5246 2393 5313 potens
2424 5256 2666 5311 superas
2695 5240 2847 5294 inter
2871 5240 3237 5295 numeranda
3264 5239 3554 5313 cohortes,

2090 5328 2285 5383 Prima
2313 5345 2382 5383 ex
2406 5328 2655 5383 femineo
2689 5330 2910 5400 martyr
2938 5326 3136 5400 opima
3165 5328 3362 5401 choro,

2014 5456 2085 5510 28
2115 5453 2297 5508 Junii.

2089 5526 2175 5580 48.
2209 5526 2509 5578 Externum
2537 5526 2783 5579 carmine
2812 5524 2969 5579 [cetus
2996 5525 3131 5581 adit.
3156 5526 3453 5582 Externum
3470 5529 3656 5589 vocat,
3680 5556 3693 5565 ν-

2018 5612 2197 5667 quam
2239 5594 2404 5667 prius
2461 5611 2527 5649 ex
2560 5594 2870 5667 (Jeltriberia
2919 5596 3230 5655 oriundam
3260 5596 3521 5667 dixerat;
3554 5596 3656 5651 sed

2017 5666 2213 5722 tamen
2246 5666 2385 5721 tunc
2416 5681 2485 5720 ex
2512 5666 2649 5721 Asia
2678 5666 2738 5721 in
2786 5667 3096 5724 Hisnanias
3136 5668 3373 5722 advecta
3401 5666 3658 5724 Hisnano

2017 5683 2213 5722 tamen
2246 5683 2385 5721 tunc
2416 5683 2485 5720 ex
2512 5683 2649 5721 A818.
2678 5684 2738 5721 in
2786 5683 2888 5723 ms
2932 5684 3096 5724 amas
3136 5683 3373 5722 advecta
3401 5683 3503 5722 ms
3546 5683 3656 5721 ano

2016 5737 2238 5810 auctori
2286 5742 2478 5810 extera
2524 5736 2849 5794 videbatur.
2880 5684 2959 5794 ge
3003 5738 3190 5810 patria
3229 5736 3452 5810 origine
3499 5683 3656 5791 ﬁuit-

2016 5808 2223 5881 prandi
2255 5806 2493 5881 consule
2532 5825 2840 5881 censuram
2870 5806 3078 5864 Bivarii
3111 5808 3182 5863 ad
3214 5806 3411 5873 finem,
3443 5811 3502 5864 et
3530 5824 3657 5879 quae

2015 5879 2270 5936 diximus
2304 5880 2361 5935 in
2393 5879 2660 5936 Chronici
2696 5881 2848 5937 notis
2878 5896 3040 5935 num.
3071 5880 3159 5934 62.
