4030 6180
468 367 637 432 1443
1591 367 1992 430 ΑΡΡΕΝΠΙΧ
2034 368 2137 430 AD
2165 367 2778 433 :LIUTPRANDUM.
3681 373 3786 436 HM

477 503 562 560 En
592 501 844 577 patriam
875 503 1083 576 repetit
1112 506 1196 558 tot
1219 502 1345 576 jam
1380 501 1743 558 volventibus
1775 501 1968 569 annis,
2148 503 2204 570 Α
2232 505 2407 574 caput
2437 502 2584 558 fuit:
2636 517 2817 575 quam
2860 501 3070 558 urbem
3121 500 3313 556 Mauri
3341 505 3534 558 vocant
3568 503 3724 560 Sesclu.
3747 508 3785 564 1n

546 593 617 649 Et
644 590 988 650 Laletanum
1022 592 1269 665 sOSpitat
1297 591 1396 648 illa
1426 590 1639 648 solum.
2229 591 2399 648 tertio
2429 591 2705 648 Toletanc
2737 591 2982 648 concilio
3012 590 3323 647 conﬁrmat
3353 589 3787 666 Froiselusepiscc

475 680 850 739 Transmittit
879 681 1122 754 pelagus
1152 699 1363 754 supero
1395 686 1687 753 praeeunte
1721 680 2010 745 ministro,
2230 699 2341 754 pus
2371 680 2756 750 Castellunus,
2782 679 2932 736 alius
2955 681 3025 737 ab
3047 680 3322 754 episcopo
3347 679 3785 757 Gastulonensi,qui

549 771 720 827 Paret
743 775 804 829 .et
831 771 1076 844 imperio
1109 775 1318 828 ventus
1350 775 1406 827 et
1435 771 1594 826 unda
1623 789 1748 826 suo.
2228 770 2310 826 ibi
2343 771 2674 827 conﬁrmat.

475 859 560 918 Ex
588 858 873 916 Celtibera
892 860 1118 934 genitor
1147 860 1260 915 fuit
1290 861 1432 916 urbe
1461 860 1789 932 profectus;
2299 860 2389 916 59.
2423 861 2482 917 S.
2517 860 2809 932 Maginus,
2853 858 3000 916 alias
3051 859 3363 925 Maximus,
3390 875 3589 932 passus
3614 865 3684 916 est
3708 879 3784 926 nu,

549 948 766 1022 Illoque
797 965 944 1022 quos
974 949 1207 1016 deamat
1233 947 1356 1005 ﬁlia
1385 948 1600 1006 Thecla
1629 949 1797 1006 fovet.
2231 950 2308 1006 M.
2345 950 2453 1004 P.a
2483 951 2812 1006 Tarracone
2839 949 2899 1004 in
2922 954 3118 1004 monte
3134 947 3487 1018 Palfurianc,
3507 951 3571 1005 25
3591 953 3786 1022 Augusti,

476 1035 619 1096 Ecce
651 1038 1049 1111 Luitprandus
1073 1040 1201 1110 jam
1233 1056 1348 1096 non
1379 1055 1562 1094 novus
1594 1038 1787 1094 incola
1810 1042 1979 1095 terrae
2231 1039 2341 1096 sub
2359 1038 2984 1111 Diocletiano,przeside
2999 1038 3416 1111 Hispaniarum
3429 1037 3787 1108 Daciano,anno

547 1128 838 1200 Hispanae,
867 1132 1165 1184 externam
1195 1127 1454 1185 carmine
1483 1127 1650 1183 laetus
1681 1127 1820 1184 adsit.
2231 1129 2354 1184 302.
2393 1128 2523 1185 Fuit
2551 1128 2692 1184 civis
2729 1127 3181 1184 Tarraconensis
3206 1146 3220 1197 ;
3267 1127 3387 1200 egit
3415 1127 3582 1184 vitam
3609 1129 3788 1184 eremili-

475 1215 705 1290 Accipe,
739 1234 865 1290 quae
897 1217 1143 1290 supplex
1160 1216 1295 1286 tibi,
1329 1216 1511 1289 virgo,
1540 1217 1803 1272 carmina
1832 1219 2052 1273 sacrat:
2231 1234 2385 1273 cam.

546 1307 802 1374 Pectore,
837 1323 940 1379 pro
973 1306 1212 1379 templo,
1247 1312 1303 1362 te
1335 1323 1584 1378 quoque,
1619 1307 1770 1377 diva,
1796 1307 1959 1380 tegit.
2299 1307 2390 1361 60.
2442 1305 2740 1362 Palfurius
2786 1310 2952 1376 Sura,
3002 1306 3092 1362 vir
3139 1305 3490 1368 senatorius.
3537 1305 3788 1379 amicusqne

473 1393 632 1453 Felix
661 1395 947 1453 adventus
972 1400 1111 1451 tuus
1140 1399 1228 1458 est
1255 1399 1310 1450 et
1340 1395 1505 1450 laetus
1536 1395 1717 1452 Iberis
1742 1413 1753 1463 ;
2232 1395 2538 1465 Martialis,
2572 1396 2632 1451 in
2664 1400 2964 1452 senectute
2993 1395 3255 1452 creditur
3281 1396 3395 1451 sub
3421 1394 3640 1450 Claudia
3670 1396 3789 1451 fuisse

548 1483 652 1540 Est
675 1483 820 1540 nibii
851 1483 1098 1540 ulterius
1132 1486 1380 1541 Tarraco
1403 1485 1563 1557 quod
1598 1484 1816 1557 cupiat.
2231 1485 2685 1541 Tarraconensis
2731 1489 2963 1558 praetor,
2993 1489 3052 1541 et
3083 1500 3262 1558 prope
3294 1486 3653 1541 Tarraconem
3677 1486 3788 1558 Oppi-

475 1572 557 1632 Te
585 1572 851 1630 veniente
881 1572 1043 1636 salus
1072 1572 1247 1640 venit,
1282 1576 1339 1629 et
1371 1572 1746 1630 sanctissima
1775 1578 1970 1631 tecum
2229 1574 2372 1629 dum
2404 1592 2437 1630 a
2468 1591 2574 1630 suo
2605 1575 2842 1630 nomine
2872 1574 3205 1631 condidisse
3239 1573 3568 1640 Palfurium,
3590 1591 3620 1628 a
3642 1574 3790 1629 Mauris

550 1661 804 1736 Imponit
832 1657 983 1719 vctis
1010 1662 1265 1736 amplius
1298 1662 1398 1718 illa
1428 1665 1691 1720 modum.
2231 1667 2363 1734 post
2391 1666 2664 1736 corrupta
2690 1680 2826 1719 voce
2858 1665 3204 1735 Bufagraﬁa.

476 1750 540 1821 In
567 1754 835 1824 tempore
863 1755 1090 1820 Muzara
1100 1753 1238 1808 bum
1256 1757 1382 1808 erat
1394 1751 1649 1809 Ecclesia
1669 1754 2122 1818 Tarraconensis
2300 1752 2362 1808 6i
2379 1795 2391 1807 .
2411 1755 2631 1824 Corpus
2644 1752 2828 1808 sancti
2843 1751 3208 1824 Sigismundi
3234 1752 3392 1825 regis
3412 1749 3790 1824 Burgundiorum

476 1840 537 1909 ὃ.
571 1839 786 1898 Thecla
814 1845 1004 1906 vetus.
2152 1876 2201 1942 Β
2231 1843 2288 1896 et
2319 1840 2593 1914 martyris
2625 1840 2885 1897 ablatum
2931 1841 3004 1896 ab
3048 1842 3196 1897 urbe
3226 1842 3488 1909 Seduno,
3526 1842 3590 1896 ad
3616 1844 3790 1898 tractum

541 1930 852 1987 All-Sucro
897 1930 1110 1986 ﬂuvius
1147 1930 1410 1992 nascitur
1437 1931 1494 1986 in
1529 1931 1808 2004 HiSpania
1837 1933 1897 1988 in
1929 1939 2126 1992 monte
2153 1930 2199 1942 ”
2235 1931 2724 1986 Barcinonensem
2757 1930 3017 1986 eraditur
3047 1930 3336 1997 delatum,
3367 1935 3424 1986 et
3455 1931 3509 1986 in
3531 1931 3793 1986 monte'l‘cs-

479 2018 635 2074 dicto
669 2019 1048 2088 Megara-tuta;
1077 2035 1252 2090 quem
1296 2019 1574 2078 Saraceni
1624 2025 1829 2078 vocant
1858 2028 2126 2096 corrupte
2233 2020 2403 2075 biado
2425 2019 2756 2091 depositum
2783 2038 2795 2075 :
2818 2036 2993 2091 quem
3025 2022 3286 2076 montem
3313 2019 3495 2076 Mauri
3517 2035 3634 2076 voce
3658 2019 3790 2074 decor

476 2106 808 2178 Hogarmta,
840 2124 954 2164 non
979 2106 1188 2179 procul
1229 2125 1263 2164 a
1293 2108 1492 2174 Turia,
1532 2110 1687 2166 dicto
1732 2111 1911 2169 etiam
1961 2114 2124 2170 Ibero
2233 2111 2355 2164 tata
2381 2112 2590 2164 vocant
2619 2112 2891 2165 Monseve.

479 2194 727 2265 ωίῦρνβν
777 2212 813 2262 βο
855 2195 1076 2262 Mauris
1127 2196 1486 2262 Guadcliwar
1531 2199 1655 2270 [al.,
1712 2201 2123 2274 Guadalaviar],
2303 2199 2392 2254 62.
2425 2202 2482 2253 S.
2516 2197 2743 2254 Salvius
2775 2197 3084 2271 episcOpus
3103 2197 3533 2265 Ambianensis,
3555 2202 3603 2252 et
3623 2201 3790 2269 martyr,

478 2282 651 2357 quasi
679 2284 905 2352 diceres
935 2287 1168 2356 ﬂuvium
1197 2301 1359 2360 aquae
1387 2289 1661 2346 crudioris
1686 2289 1784 2362 [al,
1814 2291 2122 2364 candida]:
2234 2287 2492 2342 creditur
2525 2286 2737 2343 allatus
2760 2303 2938 2360 prope
2962 2287 3350 2343 Barcincnem
3374 2292 3438 2342 ut
3461 2288 3515 2343 S.
3537 2286 3791 2342 Valentinus

478 2373 694 2442 transit
721 2374 1057 2447 penu-rbem
1105 2377 1536 2449 cognominem,
1577 2379 1796 2443 dictam
1825 2398 1863 2437 ε,
1906 2382 2126 2438 Mauris
2235 2376 2542 2448 episcopus
2573 2381 2630 2431 et
2659 2381 2880 2450 martyr
2927 2378 3124 2450 (quem
3155 2375 3253 2433 alii
3290 2376 3508 2432 faciunt
3544 2372 3793 2431 lnteramnii

481 2462 756 2531 concham
800 2481 847 2529 ﬂ
885 2463 1160 2530 .Malacha
1202 2465 1622 2531 Celtiberorum
1671 2469 1832 2537 urbe,
1877 2471 2033 2528 dicta
2089 2489 2124 2528 ο,
2237 2464 2411 2520 Flavii
2444 2465 2502 2520 in
2537 2465 2818 2538 Hispania
2864 2467 3228 2539 episcopum,
3266 2465 3365 2522 alii
3412 2469 3592 2521 autem
3631 2463 3791 2531 Ilalum,

483 2553 790 2618 Saracenis
839 2553 1031 2623 Malea,
1062 2559 1120 2610 et
1166 2573 1200 2612 a
1244 2557 1544 2614 montibus
1593 2557 1694 2630 qui
1726 2560 1985 2631 Sagunto
2016 2561 2125 2616 im-
2238 2554 2431 2610 Romae
2457 2572 2700 2628 passum
2723 2553 3571 2628 subTrajanoimperatore)ad
3587 2555 3794 2608 monaste-

482 2641 777 2714 pendent:
811 2658 990 2714 quam
1010 2642 1300 2708 civitatem
1323 2643 1809 2716 Carthaginenses
1841 2647 2125 2716 demoliti,
2237 2643 2391 2698 rium
2444 2645 2736 2716 quoddam
2781 2657 2956 2716 prope
3005 2644 3386 2700 Rubricatam
3433 2643 3650 2708 urbem;
3688 2655 3793 2696 ηυηο

484 2729 903 2787 reaediﬁcantes
931 2732 1318 2803 Carthaginem
1348 2733 1713 2789 Edetanorum
1758 2741 2125 2802 vocaverunt,
2237 2731 2540 2787 Manresam
2587 2732 2811 2788 dicunt.
2839 2731 2974 2787 Allii
3006 2735 3216 2805 putant
3261 2731 3443 2804 hujus
3471 2729 3617 2786 urbis
3642 2728 3792 2784 latera.

484 2818 687 2890 Itaque
715 2818 928 2875 ﬂuvius
959 2818 1052 2876 hic
1076 2820 1254 2878 Sucro
1279 2821 1338 2876 in
1369 2821 1610 2894 pelagus
1639 2823 2125 2882 Mediterraneum
2238 2821 2386 2876 mnii
2417 2821 2599 2877 fuisse
2629 2821 3020 2877 confessorem
3053 2821 3420 2895 episcopum.

484 2911 755 2967 excursat
781 2907 904 2978 [al.,
925 2909 1193 2978 exundat
1218 2926 1240 2976 ;v
1266 2925 1380 2965 non
1413 2909 1614 2980 procul
1645 2916 1734 2966 est
1762 2929 1793 2966 a
1824 2913 1979 2968 dicta
1999 2913 2129 2970 Car-
2308 2912 2394 2967 63.
2433 2910 2708 2982 Reliquiae
2739 2911 2797 2965 S.
2832 2909 3092 2969 Baudelli
3124 2910 3356 2967 diaconi
3389 2914 3443 2966 et
3471 2905 3701 2981 martyris
3721 2904 3791 2959 Ne-

483 2993 742 3068 thagine,
769 2999 835 3052 et
863 2995 1037 3055 fluvio
1070 2997 1231 3053 Ibero
1264 2996 1508 3053 minore.
2238 3000 2569 3056 mausensis
2593 2999 3199 3074 [al.,Mamausensis],
3220 2998 3564 3055 subJuliano
3583 2993 3707 3069 passi
3725 3007 3791 3065 pro

541 3085 643 3148 .50.
675 3083 896 3165 Duplex
945 3088 1036 3142 est
1088 3085 1390 3160 Segueda:
1442 3085 1623 3144 altera
1671 3093 1846 3161 caput
1889 3089 2127 3147 Bellita-
2238 3088 2372 3156 ﬁde,
2421 3089 2626 3144 delatae
2684 3092 2823 3144 sunt
2879 3089 3102 3144 Rodam
3157 3089 3469 3161 (civitatem
3518 3083 3792 3142 maritimam

480 3189 691 3242 norum
724 3172 783 3228 in
817 3172 1145 3241 Celtiberia,
1177 3175 1451 3231 a-Mauris
1480 3175 1637 3232 dicta
1663 3179 1867 3248 Borgz'a
1887 3196 1909 3242 ,·
1941 3180 2125 3237 altera
2170 3249 2195 3252 μ
2239 3193 2417 3248 prope
2448 3178 2758 3250 Indigetes)
2783 3181 2838 3232 et
2855 3177 3122 3234 Toletum
3149 3193 3160 3234 :
3198 3195 3330 3250 quae
3362 3181 3489 3252 post
3515 3173 3684 3231 delata
3701 3173 3793 3226 sunt

479 3260 540 3328 in
580 3261 870 3334 Arevacis,
921 3261 1078 3320 dicta.
1117 3264 1441 3320 Baleranica
1486 3282 1519 3320 a
1563 3266 1890 3324 Saracenis.
1941 3269 2123 3327 Titios
2155 3249 2198 3316 C
2236 3264 2295 3320 in
2328 3283 2462 3321 arca
2490 3249 2655 3323 sacra
2687 3267 2951 3322 Ovetum.

477 3350 729 3431 populos
767 3351 964 3423 Thous!
988 3357 1339 3409 vocaverunt
1358 3353 1650 3424 Saraceni,
1703 3356 1856 3412 sicut
1886 3357 2124 3432 Bisgor.
2302 3354 2391 3408 64.
2424 3354 2679 3426 Septimo
2707 3355 3069 3428 Septembris
3088 3371 3270 3426 passa
3299 3358 3389 3410 est
3412 3355 3597 3408 sancta
3619 3349 3744 3420 virgo
3757 3348 3795 3400 et

477 3440 710 3516 gite-nos
743 3441 909 3507 Gobia
935 3441 995 3496 in
1043 3441 1172 3515 ripa
1200 3442 1368 3510 Iberi,
1406 3443 1506 3500 ubi
1546 3443 2006 3519 Caesaraugusta.
2037 3449 2123 3504 Ad
2235 3445 2456 3515 martyr
2488 3443 2709 3516 Regina
2738 3445 2891 3516 apud
2923 3444 3129 3500 urbem
3159 3441 3429 3511 Alisiam,
3464 3443 3517 3498 in
3545 3435 3793 3496 conﬁnibus

477 3519 782 3588 Dertosam
809 3535 949 3588 sunt
976 3530 1290 3604 plusquam
1320 3532 1562 3605 triginta
1613 3534 1813 3606 populi
1856 3537 2122 3594 Romani.
2235 3532 2547 3587 Lusitaniae
2605 3537 2663 3588 et
2718 3533 3092 3605 Carpetaniae,
3157 3534 3273 3588 sub
3342 3532 3549 3590 Olibrio
3599 3525 3793 3602 profecta

541 3621 640 3689 5|.
665 3620 946 3694 Axcniam
977 3620 1271 3677 civitatem
1303 3622 1362 3676 in
1392 3621 1600 3678 Aristis
1631 3622 1752 3696 [al.,
1785 3625 2010 3701 Anstis]
2033 3645 2128 3700 po-
2235 3620 2670 3692 Hispaniarum,
2714 3623 2825 3677 sub
2889 3621 3238 3678 Diocletiano
3266 3639 3282 3678 :
3315 3623 3481 3694 cujus
3505 3617 3699 3689 relique
3731 3611 3792 3664 d8-

478 3701 656 3783 pulis,
686 3713 895 3766 vocant
918 3709 1188 3765 Saraceni
1220 3711 1503 3767 Xixenam.
2234 3709 2363 3764 lata:
2395 3714 2532 3766 sunt
2580 3711 2688 3767 sub
2737 3711 3040 3767 Saracenis
3085 3711 3157 3768 ad
3188 3709 3542 3782 territorium
3578 3703 3790 3777 Augusto-

547 3800 638 3854 52.
680 3797 996 3854 Colendam
1027 3797 1340 3867 civitatem,
1372 3800 1714 3857 Maluendam
1741 3801 1926 3858 Mauri
1959 3822 2122 3861 voca-
2233 3799 2514 3856 dunense.
2542 3799 2726 3856 Mauri
2751 3800 2956 3856 urbem
2986 3800 3227 3856 Alisiam
3249 3801 3590 3857 vocaverunt
3614 3794 3788 3849 Alzlram.

474 3889 703 3956 verunt,
737 3885 897 3942 illius
929 3885 1156 3942 colonia
1185 3887 1490 3943 immunis.
2303 3890 2393 3944 65.
2428 3889 2614 3944 Mauri
2663 3891 2983 3946 creduntur
3031 3875 3159 3946 esse
3202 3887 3535 3963 depopulati
3578 3881 3788 3939 civitatw

545 3975 637 4030 53.
672 3974 838 4031 Belsa
867 3965 998 4048 post
1028 3975 1214 4031 Oricia
1239 3980 1328 4032 est
1352 3976 1529 4032 dicta.
2231 3977 2502 4049 Egaram,
2523 3977 2662 4033 olim
2681 3979 2878 4034 sedem
2899 3977 3317 4050 episcopalem,
3341 3995 3463 4050 quae
3476 3981 3694 4045 tempore
3705 3966 3790 4022 Got-

454 4135 458 4139 _
547 4063 638 4118 54.
671 4061 847 4130 Ocile,
878 4063 979 4118 ubi
1011 4067 1305 4119 mercatus
1354 4065 1462 4120 fuit
1493 4065 1885 4139 Hispanorum
1914 4071 2121 4127 Areva-
2231 4066 2470 4122 thcrum
2501 4066 2702 4122 civitas
2722 4066 2830 4122 fuit
2858 4066 3264 4140 amplissima;
3294 4068 3463 4140 cujus
3482 4058 3702 4119 ruinzein
3720 4054 3786 4108 La-

475 4166 700 4222 corum,
731 4149 1033 4208 decurtato
1061 4152 1344 4208 vocabulo
1375 4158 1784 4228 corruptoque,
1817 4159 2000 4214 Mauri
2024 4177 2122 4216 vo-
2232 4152 2458 4210 letaniae
2517 4156 2630 4212 ﬁne
2675 4155 2948 4212 visuntur
3003 4173 3182 4229 prope
3231 4155 3516 4212 civitatem
3562 4143 3787 4235 Basim,

473 4243 610 4297 cant
637 4238 896 4307 Ciria'(ab
921 4239 1240 4310 0cili,Cilz'a
1264 4241 1454 4314 prius)
1471 4247 1528 4299 et
1547 4226 1739 4300 adhuc
1765 4249 2061 4320 corruptiu

2231 4248 2498 4300 exortum
2535 4245 2838 4316 fontesque
2887 4226 3152 4301 ﬂuminis
3197 4242 3483 4308 Clodiani,
3513 4240 3586 4295 sic
3611 4253 3640 4292 a
3661 4226 3783 4323 nobili

481 4330 673 4388 είηανο
1939 4315 1956 4320 ”
2108 4315 2117 4318 ⁷
2233 4333 2492 4389 Romano
2523 4333 2720 4389 Clodio
2744 4315 2958 4389 vocati.
2991 4333 3178 4389 Habet
3222 4332 3500 4388 terminos
3539 4320 3702 4382 Bcrdel
3727 4315 3784 4369 di-

543 4421 635 4475 55.
669 4418 1032 4490 conﬂuentia
1078 4419 1213 4476 ﬁnis
1259 4421 1647 4478 Arovacorum
1678 4426 1766 4479 est
1796 4423 2119 4495 Villanova,
2232 4425 2390 4477 ctum
2442 4422 2677 4488 Burdus,
2734 4421 2968 4493 Palada,
3018 4437 3176 4477 nunc
3220 4421 3506 4486 Paludem,
3548 4415 3782 4472 Μοηιεωιην

473 4508 534 4566 in
567 4507 881 4566 conﬂuenti
913 4509 1224 4565 ﬂuminum
1249 4508 1508 4566 Arlanzm
1530 4514 1587 4566 et
1615 4512 1976 4581 Arlanzonis,
1995 4532 2121 4588 quae
2231 4515 2490 4567 montem
2514 4527 2819 4584 magnum,
2844 4511 3215 4584 Tespiadem,
3237 4515 3295 4567 et
3317 4509 3589 4572 Povellam,
3609 4505 3660 4557 ut
3677 4506 3780 4552 ηηυε

475 4596 556 4687 ibi
581 4598 938 4687 junguntur.
983 4686 990 4687 ί
1144 4686 1149 4687 γ
2152 4623 2200 4687 D
2232 4617 2443 4657 nomen
2471 4601 2663 4659 habet.

543 4685 634 4743 56.
667 4686 938 4763 Civiiates
979 4686 1088 4742 has
1138 4686 1198 4742 in
1229 4687 1498 4743 Arevacis
1547 4689 1710 4757 sitas,
1757 4695 1814 4746 et
1861 4692 1916 4746 in
1951 4692 2120 4749 Celti-
2152 4673 2197 4687 u
2302 4692 2392 4746 66.
2427 4691 2636 4746 Bentas
2667 4690 2856 4746 sualdi
2889 4707 2992 4763 pro
3024 4687 3322 4746 Emilianaa
3354 4688 3654 4744 Montesano
3677 4673 3779 4729 facta

471 4774 654 4846 beria,
703 4775 1074 4842 Pallantium,
1125 4777 1453 4848 Berlangam
1501 4779 1685 4833 Mauri
1734 4787 2118 4851 vocaverunt;
2230 4784 2319 4835 est
2348 4784 2479 4835 ante
2510 4779 2562 4848 l,
2595 4779 2886 4836 Toletum.

472 4863 826 4937 Calagurim,
883 4865 1241 4935 Calervegam
1263 4882 1284 4929 ;
1325 4865 1622 4938 Sigedam,
1657 4869 1827 4924 Caius
1847 4888 1870 4935 ;
1902 4870 2126 4930 Lauro-.
2299 4870 2390 4924 67.
2424 4868 2710 4942 Lugodini
2743 4869 2802 4924 in
2829 4867 3151 4934 Lusitania,
3174 4883 3370 4942 .quam
3400 4863 3583 4921 urbem
3606 4859 3775 4939 vocan

472 4968 632 5021 nam,
671 4955 954 5010 Varzones.
2229 4963 2368 5014 runt
2396 4958 2584 5016 Mauri
2613 4958 3006 5028 Vitigodz'num,
3029 4958 3088 5014 S.
3106 4957 3337 5022 Justus,
3363 4958 3426 5011 ut
3453 4945 3776 5028 creditum?

515 5042 632 5098 57.
661 5045 840 5111 Ausa,
864 5041 963 5103 vel
1007 5043 1260 5107 Ausona,
1313 5043 1372 5098 in
1401 5042 1633 5116 populis
1664 5046 1972 5103 Ausetanis
2003 5053 2113 5117 est,
2229 5065 2441 5119 scapus
2470 5025 2802 5119 Egarensis,
2853 5047 2955 5120 qui
2985 5046 3227 5103 concilio
3275 5046 3460 5118 Egere
3508 5025 3773 5105 σοιιεωεδίο

469 5131 732 5202 tempore
791 5135 1125 5187 Maurorum
1176 5131 1336 5187 dicta
1379 5136 1654 5200 Manresa,
1707 5134 1863 5190 sicut
1909 5137 2114 5209 Egara,
2228 5135 2598 5209 subscripsit,
2629 5139 2685 5193 et
2708 5136 2946 5199 Amicus
2973 5135 3303 5208 episcopus.

468 5218 690 5286 Beseda,
720 5218 809 5274 vel
837 5221 1046 5291 Resque
1091 5220 1157 5276 de
1184 5221 1465 5277 Malatesta
1494 5220 1616 5294 [ειι.ν
1650 5203 2119 5283 ΜίιιαίοιςεαῘνίιΙθ
2293 5226 2385 5280 68.
2414 5203 2597 5291 Quam
2624 5225 2827 5282 urbem
2849 5203 3200 5281 vocaverunt
3218 5219 3408 5280 Gottbi
3438 5213 3666 5301 corrupte

470 5326 529 5365 η’
561 5308 676 5380 68]’
2225 5332 2370 5385 ram,
2419 5321 2776 5371 vocaueruut
2822 5314 3003 5371 Latini
3049 5313 3313 5369 Basedam
3353 5311 3411 5367 in
3465 5295 3767 5362 Castellum?

540 5397 632 5454 58.
666 5396 729 5452 In
760 5394 1024 5451 conciliis
1047 5395 1346 5452 Toletanis
1367 5397 1518 5455 alius
1551 5400 1662 5457 fuit
1691 5401 2000 5474 episcopus
2017 5403 2118 5461 Ca—
2229 5406 2399 5475 cujus
2430 5404 2698 5460 meminit
2725 5404 3067 5462 Ptolemaeus
3097 5404 3240 5475 (vide
3264 5419 3321 5458 η.
3351 5402 3458 5469 57).

469 5484 924 5554 stulonensismt
942 5483 1326 5556 Castellanus;
1350 5489 1410 5543 in
1431 5471 1776 5548 Castellanis
1792 5471 2113 5550 Castellum
2293 5471 2385 5550 69.
2418 5493 2552 5550 Era
2595 5493 2737 5550 Caes.
2785 5495 2889 5548 759
2919 5471 3176 5550 Joannes
3205 5489 3514 5567 Egarensis,
3549 5471 3767 5539 destruw

541 5664 631 5728 66.
665 5665 853 5740 Locus
885 5663 944 5722 in
977 5663 1249 5740 originali
1278 5667 1608 5738 corruptus.
