  <div class='ocr_page' id='page_1' title='image "/cluster/home/n/w/nwhite01/storage/ocr_20150623/136/hvd.32044054759964/580.png"; bbox 0 0 4030 6180; ppageno 0'>
   <div class='ocr_carea' id='block_1_1' title="bbox 229 393 383 458">
    <p class='ocr_par' dir='ltr' id='par_1_1' title="bbox 229 393 383 458">
     <span class='ocr_line' id='line_1_1' title="bbox 229 393 383 458; baseline -0.013 0"><span class='ocrx_word' id='word_1_1' title='bbox 229 393 383 458; x_wconf 74' lang='grc'><strong>1145</strong></span> 
     </span>
    </p>
   </div>
   <div class='ocr_carea' id='block_1_2' title="bbox 1243 389 2625 456">
    <p class='ocr_par' dir='ltr' id='par_1_2' title="bbox 1243 389 2625 456">
     <span class='ocr_line' id='line_1_2' title="bbox 1243 389 2625 456; baseline -0.002 -2"><span class='ocrx_word' id='word_1_2' title='bbox 1243 389 2062 456; x_wconf 81' lang='lat' dir='ltr'><strong>PSEUDO-LIUTPRANDI</strong></span> <span class='ocrx_word' id='word_1_3' title='bbox 2104 389 2625 456; x_wconf 73' lang='lat' dir='ltr'><strong>ADVERSARIA.</strong></span> 
     </span>
    </p>
   </div>
   <div class='ocr_carea' id='block_1_3' title="bbox 3469 382 3633 448">
    <p class='ocr_par' dir='ltr' id='par_1_3' title="bbox 3469 382 3633 448">
     <span class='ocr_line' id='line_1_3' title="bbox 3469 382 3633 448; baseline 0 0"><span class='ocrx_word' id='word_1_4' title='bbox 3469 382 3633 448; x_wconf 63' lang='grc'><strong>1146</strong></span> 
     </span>
    </p>
   </div>
   <div class='ocr_carea' id='block_1_4' title="bbox 227 519 3635 596">
    <p class='ocr_par' dir='ltr' id='par_1_4' title="bbox 227 519 3635 596">
     <span class='ocr_line' id='line_1_4' title="bbox 227 519 3635 596; baseline -0.001 -13"><span class='ocrx_word' id='word_1_5' title='bbox 227 527 457 584; x_wconf 78' lang='lat' dir='ltr'><strong>civitate</strong></span> <span class='ocrx_word' id='word_1_6' title='bbox 487 544 616 593; x_wconf 90' lang='lat' dir='ltr'><strong>sua,</strong></span> <span class='ocrx_word' id='word_1_7' title='bbox 648 526 741 582; x_wconf 88' lang='lat' dir='ltr'><strong>vix</strong></span> <span class='ocrx_word' id='word_1_8' title='bbox 769 527 994 595; x_wconf 93' lang='lat' dir='ltr'><strong>evasit;</strong></span> <span class='ocrx_word' id='word_1_9' title='bbox 1026 543 1202 583; x_wconf 86' lang='lat' dir='ltr'><strong>senex</strong></span> <span class='ocrx_word' id='word_1_10' title='bbox 1231 530 1288 583; x_wconf 92' lang='lat' dir='ltr'><strong>et</strong></span> <span class='ocrx_word' id='word_1_11' title='bbox 1333 526 1630 582; x_wconf 83' lang='lat' dir='ltr'><strong>confectus</strong></span> <span class='ocrx_word' id='word_1_12' title='bbox 1687 523 1872 591; x_wconf 91' lang='lat' dir='ltr'><strong>senio,</strong></span> <span class='ocrx_word' id='word_1_13' title='bbox 1902 527 1957 593; x_wconf 81' lang='grc' dir='ltr'><strong>Α</strong></span> <span class='ocrx_word' id='word_1_14' title='bbox 1988 526 2108 596; x_wconf 87' lang='lat' dir='ltr'><strong>[al.,</strong></span> <span class='ocrx_word' id='word_1_15' title='bbox 2141 524 2458 582; x_wconf 81' lang='lat' dir='ltr'><strong>Castellum</strong></span> <span class='ocrx_word' id='word_1_16' title='bbox 2497 525 2579 581; x_wconf 84' lang='lat' dir='ltr'><strong>vel</strong></span> <span class='ocrx_word' id='word_1_17' title='bbox 2635 522 2898 596; x_wconf 89' lang='lat' dir='ltr'><strong>Cetulii]:</strong></span> <span class='ocrx_word' id='word_1_18' title='bbox 2956 521 3128 578; x_wconf 87' lang='lat' dir='ltr'><strong>ambo</strong></span> <span class='ocrx_word' id='word_1_19' title='bbox 3185 519 3354 596; x_wconf 81' lang='lat' dir='ltr'><strong>sedes</strong></span> <span class='ocrx_word' id='word_1_20' title='bbox 3410 519 3635 592; x_wconf 86' lang='lat' dir='ltr'><strong>episco-</strong></span> 
     </span>
    </p>
   </div>
   <div class='ocr_carea' id='block_1_5' title="bbox 225 615 1066 690">
    <p class='ocr_par' dir='ltr' id='par_1_5' title="bbox 225 615 1066 690">
     <span class='ocr_line' id='line_1_5' title="bbox 225 615 1066 690; baseline -0.001 -18"><span class='ocrx_word' id='word_1_21' title='bbox 225 631 465 690; x_wconf 87' lang='lat' dir='ltr'><strong>peregre</strong></span> <span class='ocrx_word' id='word_1_22' title='bbox 493 617 786 690; x_wconf 74' lang='lat' dir='ltr'><strong>profectus</strong></span> <span class='ocrx_word' id='word_1_23' title='bbox 815 621 905 672; x_wconf 91' lang='lat' dir='ltr'><strong>est</strong></span> <span class='ocrx_word' id='word_1_24' title='bbox 933 615 1066 672; x_wconf 89' lang='lat' dir='ltr'><strong>alio.</strong></span> 
     </span>
    </p>
   </div>
   <div class='ocr_carea' id='block_1_6' title="bbox 294 723 1871 798">
    <p class='ocr_par' dir='ltr' id='par_1_6' title="bbox 294 723 1871 798">
     <span class='ocr_line' id='line_1_6' title="bbox 294 723 1871 798; baseline 0.003 -20"><span class='ocrx_word' id='word_1_25' title='bbox 294 725 386 780; x_wconf 93' lang='lat'><strong>70.</strong></span> <span class='ocrx_word' id='word_1_26' title='bbox 417 723 880 796; x_wconf 85' lang='lat' dir='ltr'><strong>Antiquissimus</strong></span> <span class='ocrx_word' id='word_1_27' title='bbox 921 729 1012 780; x_wconf 88' lang='lat' dir='ltr'><strong>est</strong></span> <span class='ocrx_word' id='word_1_28' title='bbox 1064 725 1436 798; x_wconf 84' lang='lat' dir='ltr'><strong>episcopatus</strong></span> <span class='ocrx_word' id='word_1_29' title='bbox 1485 725 1871 783; x_wconf 86' lang='lat' dir='ltr'><strong>Basedensis:</strong></span> 
     </span>
    </p>
   </div>
   <div class='ocr_carea' id='block_1_7' title="bbox 225 813 1877 886">
    <p class='ocr_par' dir='ltr' id='par_1_7' title="bbox 225 813 1877 886">
     <span class='ocr_line' id='line_1_7' title="bbox 225 813 1877 886; baseline 0.002 -19"><span class='ocrx_word' id='word_1_30' title='bbox 225 828 363 868; x_wconf 89' lang='lat' dir='ltr'><strong>nam</strong></span> <span class='ocrx_word' id='word_1_31' title='bbox 396 813 454 868; x_wconf 93' lang='lat' dir='ltr'><strong>S.</strong></span> <span class='ocrx_word' id='word_1_32' title='bbox 498 813 879 881; x_wconf 80' lang='lat' dir='ltr'><strong>Fructuosus,</strong></span> <span class='ocrx_word' id='word_1_33' title='bbox 940 814 1252 886; x_wconf 89' lang='lat' dir='ltr'><strong>episcopus</strong></span> <span class='ocrx_word' id='word_1_34' title='bbox 1309 815 1762 871; x_wconf 78' lang='lat' dir='ltr'><strong>Tarraconensis</strong></span> <span class='ocrx_word' id='word_1_35' title='bbox 1819 819 1877 871; x_wconf 90' lang='lat' dir='ltr'><strong>et</strong></span> 
     </span>
    </p>
   </div>
   <div class='ocr_carea' id='block_1_8' title="bbox 224 901 1876 977">
    <p class='ocr_par' dir='ltr' id='par_1_8' title="bbox 224 901 1876 977">
     <span class='ocr_line' id='line_1_8' title="bbox 224 901 1876 977; baseline 0.002 -20"><span class='ocrx_word' id='word_1_36' title='bbox 224 906 470 974; x_wconf 80' lang='lat' dir='ltr'><strong>martyr,</strong></span> <span class='ocrx_word' id='word_1_37' title='bbox 502 902 664 975; x_wconf 88' lang='lat' dir='ltr'><strong>prius</strong></span> <span class='ocrx_word' id='word_1_38' title='bbox 695 901 950 958; x_wconf 78' lang='lat' dir='ltr'><strong>creditur</strong></span> <span class='ocrx_word' id='word_1_39' title='bbox 979 903 1161 960; x_wconf 87' lang='lat' dir='ltr'><strong>fuisse</strong></span> <span class='ocrx_word' id='word_1_40' title='bbox 1191 903 1333 959; x_wconf 83' lang='lat' dir='ltr'><strong>civis</strong></span> <span class='ocrx_word' id='word_1_41' title='bbox 1355 908 1411 959; x_wconf 88' lang='lat' dir='ltr'><strong>et</strong></span> <span class='ocrx_word' id='word_1_42' title='bbox 1439 903 1748 977; x_wconf 88' lang='lat' dir='ltr'><strong>episcopus</strong></span> <span class='ocrx_word' id='word_1_43' title='bbox 1774 911 1876 960; x_wconf 90' lang='lat' dir='ltr'><strong>Ba-</strong></span> 
     </span>
    </p>
   </div>
   <div class='ocr_carea' id='block_1_9' title="bbox 225 991 1874 1060">
    <p class='ocr_par' dir='ltr' id='par_1_9' title="bbox 225 991 1874 1060">
     <span class='ocr_line' id='line_1_9' title="bbox 225 991 1874 1060; baseline 0.002 -14"><span class='ocrx_word' id='word_1_44' title='bbox 225 991 512 1056; x_wconf 86' lang='lat' dir='ltr'><strong>sedensis,</strong></span> <span class='ocrx_word' id='word_1_45' title='bbox 539 995 601 1047; x_wconf 89' lang='lat' dir='ltr'><strong>et</strong></span> <span class='ocrx_word' id='word_1_46' title='bbox 630 991 764 1048; x_wconf 90' lang='lat' dir='ltr'><strong>inde</strong></span> <span class='ocrx_word' id='word_1_47' title='bbox 795 991 1119 1049; x_wconf 86' lang='lat' dir='ltr'><strong>translatus</strong></span> <span class='ocrx_word' id='word_1_48' title='bbox 1148 995 1559 1060; x_wconf 86' lang='lat' dir='ltr'><strong>Tarraconem,</strong></span> <span class='ocrx_word' id='word_1_49' title='bbox 1585 995 1684 1050; x_wconf 93' lang='lat' dir='ltr'><strong>ubi</strong></span> <span class='ocrx_word' id='word_1_50' title='bbox 1719 1011 1874 1050; x_wconf 89' lang='lat' dir='ltr'><strong>mar-</strong></span> 
     </span>
    </p>
   </div>
   <div class='ocr_carea' id='block_1_10' title="bbox 222 1079 1140 1152">
    <p class='ocr_par' dir='ltr' id='par_1_10' title="bbox 222 1079 1140 1152">
     <span class='ocr_line' id='line_1_10' title="bbox 222 1079 1140 1152; baseline 0.002 -18"><span class='ocrx_word' id='word_1_51' title='bbox 222 1079 442 1152; x_wconf 89' lang='lat' dir='ltr'><strong>tyrium</strong></span> <span class='ocrx_word' id='word_1_52' title='bbox 473 1080 620 1136; x_wconf 92' lang='lat' dir='ltr'><strong>obiit</strong></span> <span class='ocrx_word' id='word_1_53' title='bbox 649 1080 1140 1137; x_wconf 86' lang='lat' dir='ltr'><strong>illustrissimum.</strong></span> 
     </span>
    </p>
   </div>
   <div class='ocr_carea' id='block_1_11' title="bbox 292 1187 1877 1261">
    <p class='ocr_par' dir='ltr' id='par_1_11' title="bbox 292 1187 1877 1261">
     <span class='ocr_line' id='line_1_11' title="bbox 292 1187 1877 1261; baseline 0.004 -19"><span class='ocrx_word' id='word_1_54' title='bbox 292 1187 382 1244; x_wconf 77' lang='lat' dir='ltr'><strong>7i.</strong></span> <span class='ocrx_word' id='word_1_55' title='bbox 417 1187 700 1254; x_wconf 88' lang='lat' dir='ltr'><strong>Foiselus,</strong></span> <span class='ocrx_word' id='word_1_56' title='bbox 734 1189 1042 1261; x_wconf 89' lang='lat' dir='ltr'><strong>episcopus</strong></span> <span class='ocrx_word' id='word_1_57' title='bbox 1074 1188 1557 1258; x_wconf 86' lang='lat' dir='ltr'><strong>Castellanorum,</strong></span> <span class='ocrx_word' id='word_1_58' title='bbox 1612 1191 1877 1248; x_wconf 80' lang='lat' dir='ltr'><strong>interfuit</strong></span> 
     </span>
    </p>
   </div>
   <div class='ocr_carea' id='block_1_12' title="bbox 225 1277 1873 1349">
    <p class='ocr_par' dir='ltr' id='par_1_12' title="bbox 225 1277 1873 1349">
     <span class='ocr_line' id='line_1_12' title="bbox 225 1277 1873 1349; baseline 0.002 -16"><span class='ocrx_word' id='word_1_59' title='bbox 225 1277 396 1334; x_wconf 18' lang='lat' dir='ltr'><strong>tivrtio</strong></span> <span class='ocrx_word' id='word_1_60' title='bbox 423 1277 666 1332; x_wconf 91' lang='lat' dir='ltr'><strong>concilio</strong></span> <span class='ocrx_word' id='word_1_61' title='bbox 697 1277 974 1333; x_wconf 88' lang='lat' dir='ltr'><strong>Toletano</strong></span> <span class='ocrx_word' id='word_1_62' title='bbox 1000 1294 1012 1333; x_wconf 89' lang='lat'>:</span> <span class='ocrx_word' id='word_1_63' title='bbox 1043 1278 1178 1344; x_wconf 89' lang='lat' dir='ltr'><strong>huc,</strong></span> <span class='ocrx_word' id='word_1_64' title='bbox 1225 1294 1295 1334; x_wconf 88' lang='lat' dir='ltr'><strong>ex</strong></span> <span class='ocrx_word' id='word_1_65' title='bbox 1351 1279 1668 1336; x_wconf 89' lang='lat' dir='ltr'><strong>Dertosana</strong></span> <span class='ocrx_word' id='word_1_66' title='bbox 1717 1282 1873 1349; x_wconf 90' lang='lat' dir='ltr'><strong>sede,</strong></span> 
     </span>
    </p>
   </div>
   <div class='ocr_carea' id='block_1_13' title="bbox 217 1365 1694 1440">
    <p class='ocr_par' dir='ltr' id='par_1_13' title="bbox 217 1365 1694 1440">
     <span class='ocr_line' id='line_1_13' title="bbox 217 1365 1694 1440; baseline 0.002 -18"><span class='ocrx_word' id='word_1_67' title='bbox 217 1368 394 1440; x_wconf 80' lang='lat' dir='ltr'><strong>jussu</strong></span> <span class='ocrx_word' id='word_1_68' title='bbox 422 1365 576 1437; x_wconf 77' lang='lat' dir='ltr'><strong>regis</strong></span> <span class='ocrx_word' id='word_1_69' title='bbox 605 1365 1013 1438; x_wconf 85' lang='lat' dir='ltr'><strong>gloriosissimi</strong></span> <span class='ocrx_word' id='word_1_70' title='bbox 1048 1368 1323 1424; x_wconf 85' lang='lat' dir='ltr'><strong>Recaredi</strong></span> <span class='ocrx_word' id='word_1_71' title='bbox 1353 1369 1694 1426; x_wconf 85' lang='lat' dir='ltr'><strong>translatus.</strong></span> 
     </span>
    </p>
   </div>
   <div class='ocr_carea' id='block_1_14' title="bbox 294 1472 1877 1547">
    <p class='ocr_par' dir='ltr' id='par_1_14' title="bbox 294 1472 1877 1547">
     <span class='ocr_line' id='line_1_14' title="bbox 294 1472 1877 1547; baseline 0.004 -19"><span class='ocrx_word' id='word_1_72' title='bbox 294 1475 385 1530; x_wconf 89' lang='lat'><strong>72.</strong></span> <span class='ocrx_word' id='word_1_73' title='bbox 417 1473 583 1546; x_wconf 88' lang='lat' dir='ltr'><strong>Apud</strong></span> <span class='ocrx_word' id='word_1_74' title='bbox 609 1472 922 1529; x_wconf 83' lang='lat' dir='ltr'><strong>Castellum</strong></span> <span class='ocrx_word' id='word_1_75' title='bbox 952 1474 1335 1532; x_wconf 90' lang='lat' dir='ltr'><strong>Milledunum</strong></span> <span class='ocrx_word' id='word_1_76' title='bbox 1367 1476 1424 1530; x_wconf 92' lang='lat' dir='ltr'><strong>in</strong></span> <span class='ocrx_word' id='word_1_77' title='bbox 1452 1477 1816 1547; x_wconf 89' lang='lat' dir='ltr'><strong>Castellanis,</strong></span> <span class='ocrx_word' id='word_1_78' title='bbox 1842 1495 1877 1534; x_wconf 92' lang='lat' dir='ltr'><strong>a</strong></span> 
     </span>
    </p>
   </div>
   <div class='ocr_carea' id='block_1_15' title="bbox 228 1561 1878 1640">
    <p class='ocr_par' dir='ltr' id='par_1_15' title="bbox 228 1561 1878 1640">
     <span class='ocr_line' id='line_1_15' title="bbox 228 1561 1878 1640; baseline 0.003 -22"><span class='ocrx_word' id='word_1_79' title='bbox 228 1561 450 1619; x_wconf 90' lang='lat' dir='ltr'><strong>Mauris</strong></span> <span class='ocrx_word' id='word_1_80' title='bbox 478 1562 700 1618; x_wconf 90' lang='lat' dir='ltr'><strong>dictum</strong></span> <span class='ocrx_word' id='word_1_81' title='bbox 728 1564 922 1619; x_wconf 64' lang='lat' dir='ltr'><strong>Milloz</strong></span> <span class='ocrx_word' id='word_1_82' title='bbox 952 1569 1241 1637; x_wconf 80' lang='lat' dir='ltr'><strong>corrupte,</strong></span> <span class='ocrx_word' id='word_1_83' title='bbox 1275 1569 1332 1621; x_wconf 92' lang='lat' dir='ltr'><strong>S.</strong></span> <span class='ocrx_word' id='word_1_84' title='bbox 1368 1567 1576 1623; x_wconf 90' lang='lat' dir='ltr'><strong>Leonis</strong></span> <span class='ocrx_word' id='word_1_85' title='bbox 1621 1567 1878 1640; x_wconf 90' lang='lat' dir='ltr'><strong>episcopi</strong></span> 
     </span>
    </p>
   </div>
   <div class='ocr_carea' id='block_1_16' title="bbox 224 1651 1878 1795">
    <p class='ocr_par' dir='ltr' id='par_1_16' title="bbox 224 1651 1878 1795">
     <span class='ocr_line' id='line_1_16' title="bbox 225 1651 1878 1730; baseline 0.005 -24"><span class='ocrx_word' id='word_1_86' title='bbox 225 1655 285 1706; x_wconf 88' lang='lat' dir='ltr'><strong>et</strong></span> <span class='ocrx_word' id='word_1_87' title='bbox 325 1651 678 1708; x_wconf 81' lang='lat' dir='ltr'><strong>confessoris</strong></span> <span class='ocrx_word' id='word_1_88' title='bbox 735 1653 825 1724; x_wconf 86' lang='lat' dir='ltr'><strong>(ut</strong></span> <span class='ocrx_word' id='word_1_89' title='bbox 879 1654 1138 1710; x_wconf 85' lang='lat' dir='ltr'><strong>creditur</strong></span> <span class='ocrx_word' id='word_1_90' title='bbox 1189 1656 1520 1730; x_wconf 88' lang='lat' dir='ltr'><strong>Egareusis)</strong></span> <span class='ocrx_word' id='word_1_91' title='bbox 1578 1657 1878 1714; x_wconf 89' lang='lat' dir='ltr'><strong>miraculis</strong></span> 
     </span>
     <span class='ocr_line' id='line_1_17' title="bbox 224 1737 386 1795; baseline 0.006 -1"><span class='ocrx_word' id='word_1_92' title='bbox 224 1737 386 1795; x_wconf 82' lang='lat' dir='ltr'><strong>clari.</strong></span> 
     </span>
    </p>
   </div>
   <div class='ocr_carea' id='block_1_17' title="bbox 291 1829 1881 1906">
    <p class='ocr_par' dir='ltr' id='par_1_17' title="bbox 291 1829 1881 1906">
     <span class='ocr_line' id='line_1_18' title="bbox 291 1829 1881 1906; baseline 0.006 -24"><span class='ocrx_word' id='word_1_93' title='bbox 291 1829 382 1883; x_wconf 89' lang='lat'><strong>73.</strong></span> <span class='ocrx_word' id='word_1_94' title='bbox 418 1829 569 1886; x_wconf 89' lang='lat' dir='ltr'><strong>Sunt</strong></span> <span class='ocrx_word' id='word_1_95' title='bbox 599 1830 700 1902; x_wconf 87' lang='lat' dir='ltr'><strong>qui</strong></span> <span class='ocrx_word' id='word_1_96' title='bbox 733 1831 973 1887; x_wconf 85' lang='lat' dir='ltr'><strong>credant</strong></span> <span class='ocrx_word' id='word_1_97' title='bbox 1004 1832 1161 1888; x_wconf 90' lang='lat' dir='ltr'><strong>hunc</strong></span> <span class='ocrx_word' id='word_1_98' title='bbox 1190 1832 1529 1906; x_wconf 88' lang='lat' dir='ltr'><strong>episcopum</strong></span> <span class='ocrx_word' id='word_1_99' title='bbox 1577 1834 1778 1901; x_wconf 86' lang='lat' dir='ltr'><strong>fuisse,</strong></span> <span class='ocrx_word' id='word_1_100' title='bbox 1825 1839 1881 1890; x_wconf 92' lang='lat' dir='ltr'><strong>et</strong></span> 
     </span>
    </p>
   </div>
   <div class='ocr_carea' id='block_1_18' title="bbox 223 1901 1959 1993">
    <p class='ocr_par' dir='ltr' id='par_1_18' title="bbox 223 1901 1959 1993">
     <span class='ocr_line' id='line_1_19' title="bbox 223 1901 1959 1993; baseline 0.004 -21"><span class='ocrx_word' id='word_1_101' title='bbox 223 1933 260 1972; x_wconf 91' lang='lat' dir='ltr'><strong>a</strong></span> <span class='ocrx_word' id='word_1_102' title='bbox 286 1913 524 1973; x_wconf 88' lang='lat' dir='ltr'><strong>Venetis</strong></span> <span class='ocrx_word' id='word_1_103' title='bbox 555 1901 812 1973; x_wconf 80' lang='lat' dir='ltr'><strong>delatum</strong></span> <span class='ocrx_word' id='word_1_104' title='bbox 843 1918 1137 1988; x_wconf 86' lang='lat' dir='ltr'><strong>Venetias,</strong></span> <span class='ocrx_word' id='word_1_105' title='bbox 1171 1901 1492 1993; x_wconf 73' lang='lat' dir='ltr'><strong>datumque</strong></span> <span class='ocrx_word' id='word_1_106' title='bbox 1522 1923 1696 1978; x_wconf 92' lang='lat' dir='ltr'><strong>Leoni</strong></span> <span class='ocrx_word' id='word_1_107' title='bbox 1720 1923 1884 1978; x_wconf 89' lang='lat' dir='ltr'><strong>Mita-</strong></span> <span class='ocrx_word' id='word_1_108' title='bbox 1910 1901 1959 1967; x_wconf 79' lang='grc' dir='ltr'><strong>Β</strong></span> 
     </span>
    </p>
   </div>
   <div class='ocr_carea' id='block_1_19' title="bbox 225 2005 1877 2080">
    <p class='ocr_par' dir='ltr' id='par_1_19' title="bbox 225 2005 1877 2080">
     <span class='ocr_line' id='line_1_20' title="bbox 225 2005 1877 2080; baseline 0.003 -19"><span class='ocrx_word' id='word_1_109' title='bbox 225 2005 596 2062; x_wconf 85' lang='lat' dir='ltr'><strong>manensium</strong></span> <span class='ocrx_word' id='word_1_110' title='bbox 629 2006 898 2080; x_wconf 90' lang='lat' dir='ltr'><strong>episcopo</strong></span> <span class='ocrx_word' id='word_1_111' title='bbox 919 2006 977 2063; x_wconf 92' lang='lat' dir='ltr'><strong>in</strong></span> <span class='ocrx_word' id='word_1_112' title='bbox 1010 2008 1376 2079; x_wconf 86' lang='lat' dir='ltr'><strong>Castellanis,</strong></span> <span class='ocrx_word' id='word_1_113' title='bbox 1409 2011 1480 2066; x_wconf 87' lang='lat' dir='ltr'><strong>ad</strong></span> <span class='ocrx_word' id='word_1_114' title='bbox 1513 2027 1674 2068; x_wconf 88' lang='lat' dir='ltr'><strong>mare</strong></span> <span class='ocrx_word' id='word_1_115' title='bbox 1696 2012 1877 2067; x_wconf 88' lang='lat' dir='ltr'><strong>Medi-</strong></span> 
     </span>
    </p>
   </div>
   <div class='ocr_carea' id='block_1_20' title="bbox 223 2097 1876 2170">
    <p class='ocr_par' dir='ltr' id='par_1_20' title="bbox 223 2097 1876 2170">
     <span class='ocr_line' id='line_1_21' title="bbox 223 2097 1876 2170; baseline 0.002 -18"><span class='ocrx_word' id='word_1_116' title='bbox 223 2099 559 2152; x_wconf 87' lang='lat' dir='ltr'><strong>terraneum</strong></span> <span class='ocrx_word' id='word_1_117' title='bbox 578 2113 591 2163; x_wconf 96' lang='lat'><strong>;</strong></span> <span class='ocrx_word' id='word_1_118' title='bbox 611 2101 687 2161; x_wconf 90' lang='lat' dir='ltr'><strong>et,</strong></span> <span class='ocrx_word' id='word_1_119' title='bbox 703 2097 1010 2152; x_wconf 88' lang='lat' dir='ltr'><strong>submerso</strong></span> <span class='ocrx_word' id='word_1_120' title='bbox 1023 2097 1236 2170; x_wconf 91' lang='lat' dir='ltr'><strong>oppido</strong></span> <span class='ocrx_word' id='word_1_121' title='bbox 1255 2099 1565 2156; x_wconf 85' lang='lat' dir='ltr'><strong>maritimis</strong></span> <span class='ocrx_word' id='word_1_122' title='bbox 1582 2100 1876 2168; x_wconf 84' lang='lat' dir='ltr'><strong>fluctibus,</strong></span> 
     </span>
    </p>
   </div>
   <div class='ocr_carea' id='block_1_21' title="bbox 227 2183 1879 2260">
    <p class='ocr_par' dir='ltr' id='par_1_21' title="bbox 227 2183 1879 2260">
     <span class='ocr_line' id='line_1_22' title="bbox 227 2183 1879 2260; baseline 0.004 -20"><span class='ocrx_word' id='word_1_123' title='bbox 227 2184 484 2240; x_wconf 90' lang='lat' dir='ltr'><strong>delatum</strong></span> <span class='ocrx_word' id='word_1_124' title='bbox 512 2183 692 2241; x_wconf 80' lang='lat' dir='ltr'><strong>fuisse</strong></span> <span class='ocrx_word' id='word_1_125' title='bbox 714 2184 1124 2255; x_wconf 89' lang='lat' dir='ltr'><strong>Milledunum,</strong></span> <span class='ocrx_word' id='word_1_126' title='bbox 1149 2191 1205 2243; x_wconf 92' lang='lat' dir='ltr'><strong>et</strong></span> <span class='ocrx_word' id='word_1_127' title='bbox 1230 2187 1521 2260; x_wconf 89' lang='lat' dir='ltr'><strong>sepultum</strong></span> <span class='ocrx_word' id='word_1_128' title='bbox 1540 2188 1597 2244; x_wconf 91' lang='lat' dir='ltr'><strong>in</strong></span> <span class='ocrx_word' id='word_1_129' title='bbox 1621 2190 1879 2246; x_wconf 80' lang='lat' dir='ltr'><strong>cmnobio</strong></span> 
     </span>
    </p>
   </div>
   <div class='ocr_carea' id='block_1_22' title="bbox 224 2271 1880 2352">
    <p class='ocr_par' dir='ltr' id='par_1_22' title="bbox 224 2271 1880 2352">
     <span class='ocr_line' id='line_1_23' title="bbox 224 2271 1880 2352; baseline 0.002 -21"><span class='ocrx_word' id='word_1_130' title='bbox 224 2271 562 2331; x_wconf 88' lang='lat' dir='ltr'><strong>S.Servulis</strong></span> <span class='ocrx_word' id='word_1_131' title='bbox 623 2275 935 2347; x_wconf 80' lang='lat' dir='ltr'><strong>martyris;</strong></span> <span class='ocrx_word' id='word_1_132' title='bbox 997 2276 1127 2347; x_wconf 84' lang='lat' dir='ltr'><strong>ejus</strong></span> <span class='ocrx_word' id='word_1_133' title='bbox 1183 2294 1398 2349; x_wconf 89' lang='lat' dir='ltr'><strong>corpus</strong></span> <span class='ocrx_word' id='word_1_134' title='bbox 1453 2277 1542 2334; x_wconf 85' lang='lat' dir='ltr'><strong>vel</strong></span> <span class='ocrx_word' id='word_1_135' title='bbox 1601 2278 1880 2352; x_wconf 83' lang='lat' dir='ltr'><strong>reliquias</strong></span> 
     </span>
    </p>
   </div>
   <div class='ocr_carea' id='block_1_23' title="bbox 225 2359 1878 2438">
    <p class='ocr_par' dir='ltr' id='par_1_23' title="bbox 225 2359 1878 2438">
     <span class='ocr_line' id='line_1_24' title="bbox 225 2359 1878 2438; baseline 0.005 -21"><span class='ocrx_word' id='word_1_136' title='bbox 225 2359 370 2418; x_wconf 84' lang='lat' dir='ltr'><strong>illuc</strong></span> <span class='ocrx_word' id='word_1_137' title='bbox 395 2361 710 2418; x_wconf 83' lang='lat' dir='ltr'><strong>translatas</strong></span> <span class='ocrx_word' id='word_1_138' title='bbox 745 2362 944 2431; x_wconf 83' lang='lat' dir='ltr'><strong>fuisse,</strong></span> <span class='ocrx_word' id='word_1_139' title='bbox 1007 2365 1076 2420; x_wconf 89' lang='lat' dir='ltr'><strong>ad</strong></span> <span class='ocrx_word' id='word_1_140' title='bbox 1127 2365 1410 2438; x_wconf 86' lang='lat' dir='ltr'><strong>Oppidum</strong></span> <span class='ocrx_word' id='word_1_141' title='bbox 1471 2365 1878 2435; x_wconf 88' lang='lat' dir='ltr'><strong>Milledunum,</strong></span> 
     </span>
    </p>
   </div>
   <div class='ocr_carea' id='block_1_24' title="bbox 227 2451 1881 2524">
    <p class='ocr_par' dir='ltr' id='par_1_24' title="bbox 227 2451 1881 2524">
     <span class='ocr_line' id='line_1_25' title="bbox 227 2451 1881 2524; baseline 0.006 -20"><span class='ocrx_word' id='word_1_142' title='bbox 227 2451 379 2524; x_wconf 89' lang='lat' dir='ltr'><strong>quod</strong></span> <span class='ocrx_word' id='word_1_143' title='bbox 411 2451 500 2523; x_wconf 88' lang='lat' dir='ltr'><strong>(ut</strong></span> <span class='ocrx_word' id='word_1_144' title='bbox 528 2451 806 2524; x_wconf 86' lang='lat' dir='ltr'><strong>diximus)</strong></span> <span class='ocrx_word' id='word_1_145' title='bbox 848 2453 1037 2508; x_wconf 86' lang='lat' dir='ltr'><strong>Mauri</strong></span> <span class='ocrx_word' id='word_1_146' title='bbox 1080 2470 1240 2510; x_wconf 88' lang='lat' dir='ltr'><strong>more</strong></span> <span class='ocrx_word' id='word_1_147' title='bbox 1295 2472 1403 2511; x_wconf 87' lang='lat' dir='ltr'><strong>suo</strong></span> <span class='ocrx_word' id='word_1_148' title='bbox 1462 2473 1618 2513; x_wconf 89' lang='lat' dir='ltr'><strong>nunc</strong></span> <span class='ocrx_word' id='word_1_149' title='bbox 1675 2462 1881 2514; x_wconf 88' lang='lat' dir='ltr'><strong>vocant</strong></span> 
     </span>
    </p>
   </div>
   <div class='ocr_carea' id='block_1_25' title="bbox 225 2540 428 2597">
    <p class='ocr_par' dir='ltr' id='par_1_25' title="bbox 225 2540 428 2597">
     <span class='ocr_line' id='line_1_26' title="bbox 225 2540 428 2597; baseline -0.005 0"><span class='ocrx_word' id='word_1_150' title='bbox 225 2540 428 2597; x_wconf 65' lang='lat' dir='ltr'><strong>Milloz.</strong></span> 
     </span>
    </p>
   </div>
   <div class='ocr_carea' id='block_1_26' title="bbox 297 2629 1878 2708">
    <p class='ocr_par' dir='ltr' id='par_1_26' title="bbox 297 2629 1878 2708">
     <span class='ocr_line' id='line_1_27' title="bbox 297 2629 1878 2708; baseline 0.006 -25"><span class='ocrx_word' id='word_1_151' title='bbox 297 2633 384 2684; x_wconf 74' lang='grc' dir='ltr'><strong>Ἡ.</strong></span> <span class='ocrx_word' id='word_1_152' title='bbox 413 2630 475 2685; x_wconf 91' lang='lat' dir='ltr'><strong>In</strong></span> <span class='ocrx_word' id='word_1_153' title='bbox 507 2629 809 2703; x_wconf 84' lang='lat' dir='ltr'><strong>Hispania,</strong></span> <span class='ocrx_word' id='word_1_154' title='bbox 844 2629 1072 2687; x_wconf 84' lang='lat' dir='ltr'><strong>civitate</strong></span> <span class='ocrx_word' id='word_1_155' title='bbox 1112 2632 1412 2706; x_wconf 84' lang='lat' dir='ltr'><strong>Octogesa,</strong></span> <span class='ocrx_word' id='word_1_156' title='bbox 1472 2652 1648 2708; x_wconf 90' lang='lat' dir='ltr'><strong>quam</strong></span> <span class='ocrx_word' id='word_1_157' title='bbox 1709 2635 1878 2692; x_wconf 87' lang='lat' dir='ltr'><strong>Gothi</strong></span> 
     </span>
    </p>
   </div>
   <div class='ocr_carea' id='block_1_27' title="bbox 229 2720 1884 2790">
    <p class='ocr_par' dir='ltr' id='par_1_27' title="bbox 229 2720 1884 2790">
     <span class='ocr_line' id='line_1_28' title="bbox 229 2720 1884 2790; baseline 0.004 -16"><span class='ocrx_word' id='word_1_158' title='bbox 229 2721 499 2790; x_wconf 87' lang='lat' dir='ltr'><strong>corrupte</strong></span> <span class='ocrx_word' id='word_1_159' title='bbox 527 2722 585 2775; x_wconf 87' lang='lat' dir='ltr'><strong>et</strong></span> <span class='ocrx_word' id='word_1_160' title='bbox 615 2720 914 2776; x_wconf 88' lang='lat' dir='ltr'><strong>decurtate</strong></span> <span class='ocrx_word' id='word_1_161' title='bbox 961 2722 1188 2776; x_wconf 85' lang='lat' dir='ltr'><strong>Ictosam</strong></span> <span class='ocrx_word' id='word_1_162' title='bbox 1242 2722 1457 2790; x_wconf 84' lang='lat' dir='ltr'><strong>dixere,</strong></span> <span class='ocrx_word' id='word_1_163' title='bbox 1515 2723 1884 2780; x_wconf 88' lang='lat' dir='ltr'><strong>celebrantur</strong></span> 
     </span>
    </p>
   </div>
   <div class='ocr_carea' id='block_1_28' title="bbox 227 2807 1881 2881">
    <p class='ocr_par' dir='ltr' id='par_1_28' title="bbox 227 2807 1881 2881">
     <span class='ocr_line' id='line_1_29' title="bbox 227 2807 1881 2881; baseline 0.004 -19"><span class='ocrx_word' id='word_1_164' title='bbox 227 2811 513 2879; x_wconf 84' lang='lat' dir='ltr'><strong>martyres</strong></span> <span class='ocrx_word' id='word_1_165' title='bbox 541 2807 860 2874; x_wconf 84' lang='lat' dir='ltr'><strong>Juvenalis,</strong></span> <span class='ocrx_word' id='word_1_166' title='bbox 899 2809 1158 2866; x_wconf 90' lang='lat' dir='ltr'><strong>Bonosus</strong></span> <span class='ocrx_word' id='word_1_167' title='bbox 1197 2816 1254 2866; x_wconf 91' lang='lat' dir='ltr'><strong>et</strong></span> <span class='ocrx_word' id='word_1_168' title='bbox 1300 2813 1710 2881; x_wconf 84' lang='lat' dir='ltr'><strong>Maximianus,</strong></span> <span class='ocrx_word' id='word_1_169' title='bbox 1770 2813 1881 2868; x_wconf 90' lang='lat' dir='ltr'><strong>sub</strong></span> 
     </span>
    </p>
   </div>
   <div class='ocr_carea' id='block_1_29' title="bbox 225 2895 1882 2974">
    <p class='ocr_par' dir='ltr' id='par_1_29' title="bbox 225 2895 1882 2974">
     <span class='ocr_line' id='line_1_30' title="bbox 225 2895 1882 2974; baseline 0.005 -23"><span class='ocrx_word' id='word_1_170' title='bbox 225 2895 481 2966; x_wconf 86' lang='lat' dir='ltr'><strong>Trajano</strong></span> <span class='ocrx_word' id='word_1_171' title='bbox 516 2895 698 2968; x_wconf 87' lang='lat' dir='ltr'><strong>passi,</strong></span> <span class='ocrx_word' id='word_1_172' title='bbox 731 2900 785 2951; x_wconf 86' lang='lat' dir='ltr'><strong>et</strong></span> <span class='ocrx_word' id='word_1_173' title='bbox 816 2897 874 2951; x_wconf 92' lang='lat' dir='ltr'><strong>S.</strong></span> <span class='ocrx_word' id='word_1_174' title='bbox 925 2897 1263 2967; x_wconf 73' lang='lat' dir='ltr'><strong>Vildet‘rius,</strong></span> <span class='ocrx_word' id='word_1_175' title='bbox 1315 2901 1578 2974; x_wconf 86' lang='lat' dir='ltr'><strong>ejusdem</strong></span> <span class='ocrx_word' id='word_1_176' title='bbox 1629 2901 1882 2959; x_wconf 86' lang='lat' dir='ltr'><strong>civitatis</strong></span> 
     </span>
    </p>
   </div>
   <div class='ocr_carea' id='block_1_30' title="bbox 227 2984 1879 3060">
    <p class='ocr_par' dir='ltr' id='par_1_30' title="bbox 227 2984 1879 3060">
     <span class='ocr_line' id='line_1_31' title="bbox 227 2984 1879 3060; baseline 0.004 -20"><span class='ocrx_word' id='word_1_177' title='bbox 227 2984 540 3057; x_wconf 90' lang='lat' dir='ltr'><strong>episcopus</strong></span> <span class='ocrx_word' id='word_1_178' title='bbox 571 2989 630 3040; x_wconf 92' lang='lat' dir='ltr'><strong>et</strong></span> <span class='ocrx_word' id='word_1_179' title='bbox 660 2985 979 3056; x_wconf 84' lang='lat' dir='ltr'><strong>confessor,</strong></span> <span class='ocrx_word' id='word_1_180' title='bbox 1009 2988 1307 3044; x_wconf 88' lang='lat' dir='ltr'><strong>miraculis</strong></span> <span class='ocrx_word' id='word_1_181' title='bbox 1340 2993 1553 3060; x_wconf 90' lang='lat' dir='ltr'><strong>clarus,</strong></span> <span class='ocrx_word' id='word_1_182' title='bbox 1578 2995 1713 3047; x_wconf 92' lang='lat' dir='ltr'><strong>ante</strong></span> <span class='ocrx_word' id='word_1_183' title='bbox 1732 2996 1879 3046; x_wconf 91' lang='lat' dir='ltr'><strong>tem-</strong></span> 
     </span>
    </p>
   </div>
   <div class='ocr_carea' id='block_1_31' title="bbox 228 3073 1879 3150">
    <p class='ocr_par' dir='ltr' id='par_1_31' title="bbox 228 3073 1879 3150">
     <span class='ocr_line' id='line_1_32' title="bbox 228 3073 1879 3150; baseline 0.005 -22"><span class='ocrx_word' id='word_1_184' title='bbox 228 3090 370 3147; x_wconf 91' lang='lat' dir='ltr'><strong>pora</strong></span> <span class='ocrx_word' id='word_1_185' title='bbox 383 3073 767 3129; x_wconf 86' lang='lat' dir='ltr'><strong>Constantini.</strong></span> <span class='ocrx_word' id='word_1_186' title='bbox 804 3074 931 3130; x_wconf 71' lang='lat' dir='ltr'><strong>Haec</strong></span> <span class='ocrx_word' id='word_1_187' title='bbox 962 3077 1128 3132; x_wconf 88' lang='lat' dir='ltr'><strong>sedes</strong></span> <span class='ocrx_word' id='word_1_188' title='bbox 1151 3077 1208 3132; x_wconf 92' lang='lat' dir='ltr'><strong>in</strong></span> <span class='ocrx_word' id='word_1_189' title='bbox 1223 3078 1501 3150; x_wconf 88' lang='lat' dir='ltr'><strong>Hispania</strong></span> <span class='ocrx_word' id='word_1_190' title='bbox 1520 3085 1746 3136; x_wconf 87' lang='lat' dir='ltr'><strong>vetusta</strong></span> <span class='ocrx_word' id='word_1_191' title='bbox 1763 3085 1879 3147; x_wconf 87' lang='lat' dir='ltr'><strong>est;</strong></span> 
     </span>
    </p>
   </div>
   <div class='ocr_carea' id='block_1_32' title="bbox 228 3163 1881 3242">
    <p class='ocr_par' dir='ltr' id='par_1_32' title="bbox 228 3163 1881 3242">
     <span class='ocr_line' id='line_1_33' title="bbox 228 3163 1881 3242; baseline 0.005 -26"><span class='ocrx_word' id='word_1_192' title='bbox 228 3166 392 3234; x_wconf 89' lang='lat' dir='ltr'><strong>paret</strong></span> <span class='ocrx_word' id='word_1_193' title='bbox 422 3163 864 3230; x_wconf 89' lang='lat' dir='ltr'><strong>Tarraconensi,</strong></span> <span class='ocrx_word' id='word_1_194' title='bbox 899 3181 1004 3219; x_wconf 92' lang='lat' dir='ltr'><strong>nec</strong></span> <span class='ocrx_word' id='word_1_195' title='bbox 1034 3165 1105 3221; x_wconf 88' lang='lat' dir='ltr'><strong>ab</strong></span> <span class='ocrx_word' id='word_1_196' title='bbox 1138 3165 1250 3222; x_wconf 91' lang='lat' dir='ltr'><strong>alio</strong></span> <span class='ocrx_word' id='word_1_197' title='bbox 1281 3171 1470 3239; x_wconf 87' lang='lat' dir='ltr'><strong>potest</strong></span> <span class='ocrx_word' id='word_1_198' title='bbox 1500 3168 1626 3240; x_wconf 85' lang='lat' dir='ltr'><strong>cogi</strong></span> <span class='ocrx_word' id='word_1_199' title='bbox 1657 3170 1881 3242; x_wconf 87' lang='lat' dir='ltr'><strong>episco-</strong></span> 
     </span>
    </p>
   </div>
   <div class='ocr_carea' id='block_1_33' title="bbox 226 3251 1850 3326">
    <p class='ocr_par' dir='ltr' id='par_1_33' title="bbox 226 3251 1850 3326">
     <span class='ocr_line' id='line_1_34' title="bbox 226 3251 1850 3326; baseline 0.007 -22"><span class='ocrx_word' id='word_1_200' title='bbox 226 3265 339 3324; x_wconf 90' lang='lat' dir='ltr'><strong>pus</strong></span> <span class='ocrx_word' id='word_1_201' title='bbox 371 3251 522 3322; x_wconf 90' lang='lat' dir='ltr'><strong>ejus,</strong></span> <span class='ocrx_word' id='word_1_202' title='bbox 575 3251 688 3306; x_wconf 90' lang='lat' dir='ltr'><strong>nisi</strong></span> <span class='ocrx_word' id='word_1_203' title='bbox 749 3269 782 3308; x_wconf 92' lang='lat' dir='ltr'><strong>a</strong></span> <span class='ocrx_word' id='word_1_204' title='bbox 815 3270 984 3326; x_wconf 87' lang='lat' dir='ltr'><strong>papa.</strong></span> <span class='ocrx_word' id='word_1_205' title='bbox 1047 3255 1315 3312; x_wconf 83' lang='lat' dir='ltr'><strong>Interfuit</strong></span> <span class='ocrx_word' id='word_1_206' title='bbox 1359 3257 1605 3313; x_wconf 90' lang='lat' dir='ltr'><strong>concilio</strong></span> <span class='ocrx_word' id='word_1_207' title='bbox 1657 3258 1850 3315; x_wconf 88' lang='lat' dir='ltr'><strong>Gerun</strong></span> 
     </span>
    </p>
   </div>
   <div class='ocr_carea' id='block_1_34' title="bbox 227 3339 1878 3404">
    <p class='ocr_par' dir='ltr' id='par_1_34' title="bbox 227 3339 1878 3404">
     <span class='ocr_line' id='line_1_35' title="bbox 227 3339 1878 3404; baseline 0.005 -9"><span class='ocrx_word' id='word_1_208' title='bbox 227 3339 394 3396; x_wconf 91' lang='lat' dir='ltr'><strong>densi</strong></span> <span class='ocrx_word' id='word_1_209' title='bbox 424 3340 534 3403; x_wconf 89' lang='lat' dir='ltr'><strong>sub</strong></span> <span class='ocrx_word' id='word_1_210' title='bbox 563 3340 788 3398; x_wconf 86' lang='lat' dir='ltr'><strong>Joanne</strong></span> <span class='ocrx_word' id='word_1_211' title='bbox 818 3343 1237 3401; x_wconf 87' lang='lat' dir='ltr'><strong>Tarraconensi</strong></span> <span class='ocrx_word' id='word_1_212' title='bbox 1287 3343 1704 3404; x_wconf 90' lang='lat' dir='ltr'><strong>Frontinianus</strong></span> <span class='ocrx_word' id='word_1_213' title='bbox 1734 3347 1878 3403; x_wconf 88' lang='lat' dir='ltr'><strong>Icto-</strong></span> 
     </span>
    </p>
   </div>
   <div class='ocr_carea' id='block_1_35' title="bbox 226 3429 446 3502">
    <p class='ocr_par' dir='ltr' id='par_1_35' title="bbox 226 3429 446 3502">
     <span class='ocr_line' id='line_1_36' title="bbox 226 3429 446 3502; baseline 0 -18"><span class='ocrx_word' id='word_1_214' title='bbox 226 3429 446 3502; x_wconf 87' lang='lat' dir='ltr'><strong>gensis.</strong></span> 
     </span>
    </p>
   </div>
   <div class='ocr_carea' id='block_1_36' title="bbox 295 3518 1879 3594">
    <p class='ocr_par' dir='ltr' id='par_1_36' title="bbox 295 3518 1879 3594">
     <span class='ocr_line' id='line_1_37' title="bbox 295 3518 1879 3594; baseline 0.006 -22"><span class='ocrx_word' id='word_1_215' title='bbox 295 3519 384 3572; x_wconf 87' lang='grc'><strong>75.</strong></span> <span class='ocrx_word' id='word_1_216' title='bbox 420 3518 483 3580; x_wconf 87' lang='lat' dir='ltr'><strong>In</strong></span> <span class='ocrx_word' id='word_1_217' title='bbox 515 3519 848 3587; x_wconf 87' lang='lat' dir='ltr'><strong>Asturibus,</strong></span> <span class='ocrx_word' id='word_1_218' title='bbox 883 3521 1173 3594; x_wconf 65' lang='lat' dir='ltr'><strong>Hispaniae</strong></span> <span class='ocrx_word' id='word_1_219' title='bbox 1214 3523 1356 3580; x_wconf 88' lang='lat' dir='ltr'><strong>urbe</strong></span> <span class='ocrx_word' id='word_1_220' title='bbox 1405 3524 1684 3591; x_wconf 80' lang='lat' dir='ltr'><strong>Britonia,</strong></span> <span class='ocrx_word' id='word_1_221' title='bbox 1743 3543 1879 3581; x_wconf 90' lang='lat' dir='ltr'><strong>san-</strong></span> 
     </span>
    </p>
   </div>
   <div class='ocr_carea' id='block_1_37' title="bbox 225 3609 1881 3689">
    <p class='ocr_par' dir='ltr' id='par_1_37' title="bbox 225 3609 1881 3689">
     <span class='ocr_line' id='line_1_38' title="bbox 225 3609 1881 3689; baseline 0.005 -27"><span class='ocrx_word' id='word_1_222' title='bbox 225 3609 452 3662; x_wconf 89' lang='lat' dir='ltr'><strong>ctorum</strong></span> <span class='ocrx_word' id='word_1_223' title='bbox 486 3612 808 3682; x_wconf 87' lang='lat' dir='ltr'><strong>martyrum</strong></span> <span class='ocrx_word' id='word_1_224' title='bbox 829 3609 1126 3684; x_wconf 87' lang='lat' dir='ltr'><strong>Gorgonii,</strong></span> <span class='ocrx_word' id='word_1_225' title='bbox 1151 3611 1350 3682; x_wconf 83' lang='lat' dir='ltr'><strong>Firmi,</strong></span> <span class='ocrx_word' id='word_1_226' title='bbox 1373 3614 1631 3681; x_wconf 87' lang='lat' dir='ltr'><strong>Antonii,</strong></span> <span class='ocrx_word' id='word_1_227' title='bbox 1659 3619 1717 3671; x_wconf 93' lang='lat' dir='ltr'><strong>et</strong></span> <span class='ocrx_word' id='word_1_228' title='bbox 1733 3616 1881 3689; x_wconf 83' lang='lat' dir='ltr'><strong>Aga-</strong></span> 
     </span>
    </p>
   </div>
   <div class='ocr_carea' id='block_1_38' title="bbox 224 3695 1878 3775">
    <p class='ocr_par' dir='ltr' id='par_1_38' title="bbox 224 3695 1878 3775">
     <span class='ocr_line' id='line_1_39' title="bbox 224 3695 1878 3775; baseline 0.006 -25"><span class='ocrx_word' id='word_1_229' title='bbox 224 3695 317 3768; x_wconf 87' lang='lat' dir='ltr'><strong>pis</strong></span> <span class='ocrx_word' id='word_1_230' title='bbox 341 3695 605 3769; x_wconf 85' lang='lat' dir='ltr'><strong>virginis,</strong></span> <span class='ocrx_word' id='word_1_231' title='bbox 637 3702 910 3755; x_wconf 90' lang='lat' dir='ltr'><strong>natorum</strong></span> <span class='ocrx_word' id='word_1_232' title='bbox 943 3700 1003 3754; x_wconf 92' lang='lat' dir='ltr'><strong>in</strong></span> <span class='ocrx_word' id='word_1_233' title='bbox 1034 3700 1225 3756; x_wconf 69' lang='lat' dir='ltr'><strong>Nicaea</strong></span> <span class='ocrx_word' id='word_1_234' title='bbox 1257 3701 1558 3775; x_wconf 71' lang='lat' dir='ltr'><strong>Bithyniaa,</strong></span> <span class='ocrx_word' id='word_1_235' title='bbox 1608 3721 1744 3760; x_wconf 90' lang='lat' dir='ltr'><strong>casu</strong></span> <span class='ocrx_word' id='word_1_236' title='bbox 1806 3705 1878 3760; x_wconf 88' lang='lat' dir='ltr'><strong>ad</strong></span> 
     </span>
    </p>
   </div>
   <div class='ocr_carea' id='block_1_39' title="bbox 223 3782 1881 3862">
    <p class='ocr_par' dir='ltr' id='par_1_39' title="bbox 223 3782 1881 3862">
     <span class='ocr_line' id='line_1_40' title="bbox 223 3782 1881 3862; baseline 0.005 -22"><span class='ocrx_word' id='word_1_237' title='bbox 223 3782 574 3856; x_wconf 83' lang='lat' dir='ltr'><strong>Hispaniam</strong></span> <span class='ocrx_word' id='word_1_238' title='bbox 600 3786 946 3856; x_wconf 90' lang='lat' dir='ltr'><strong>delatorum,</strong></span> <span class='ocrx_word' id='word_1_239' title='bbox 975 3789 1033 3844; x_wconf 93' lang='lat' dir='ltr'><strong>in</strong></span> <span class='ocrx_word' id='word_1_240' title='bbox 1054 3791 1458 3862; x_wconf 88' lang='lat' dir='ltr'><strong>persecutione</strong></span> <span class='ocrx_word' id='word_1_241' title='bbox 1488 3791 1881 3849; x_wconf 86' lang='lat' dir='ltr'><strong>crudelissimi</strong></span> 
     </span>
    </p>
   </div>
   <div class='ocr_carea' id='block_1_40' title="bbox 223 3872 1880 3950">
    <p class='ocr_par' dir='ltr' id='par_1_40' title="bbox 223 3872 1880 3950">
     <span class='ocr_line' id='line_1_41' title="bbox 223 3872 1880 3950; baseline 0.004 -18"><span class='ocrx_word' id='word_1_242' title='bbox 223 3872 423 3932; x_wconf 90' lang='lat' dir='ltr'><strong>Decii:</strong></span> <span class='ocrx_word' id='word_1_243' title='bbox 457 3874 557 3946; x_wconf 88' lang='lat' dir='ltr'><strong>qui</strong></span> <span class='ocrx_word' id='word_1_244' title='bbox 589 3875 816 3931; x_wconf 90' lang='lat' dir='ltr'><strong>decimo</strong></span> <span class='ocrx_word' id='word_1_245' title='bbox 848 3877 1038 3936; x_wconf 88' lang='lat' dir='ltr'><strong>Martii</strong></span> <span class='ocrx_word' id='word_1_246' title='bbox 1073 3895 1176 3950; x_wconf 89' lang='lat' dir='ltr'><strong>per</strong></span> <span class='ocrx_word' id='word_1_247' title='bbox 1229 3879 1422 3936; x_wconf 90' lang='lat' dir='ltr'><strong>varios</strong></span> <span class='ocrx_word' id='word_1_248' title='bbox 1477 3887 1536 3937; x_wconf 89' lang='lat' dir='ltr'><strong>et</strong></span> <span class='ocrx_word' id='word_1_249' title='bbox 1592 3881 1880 3938; x_wconf 87' lang='lat' dir='ltr'><strong>terribiles</strong></span> 
     </span>
    </p>
   </div>
   <div class='ocr_carea' id='block_1_41' title="bbox 225 3961 1876 4040">
    <p class='ocr_par' dir='ltr' id='par_1_41' title="bbox 225 3961 1876 4040">
     <span class='ocr_line' id='line_1_42' title="bbox 225 3961 1876 4040; baseline 0.005 -22"><span class='ocrx_word' id='word_1_250' title='bbox 225 3961 521 4020; x_wconf 90' lang='lat' dir='ltr'><strong>cruciatus</strong></span> <span class='ocrx_word' id='word_1_251' title='bbox 551 3963 809 4036; x_wconf 86' lang='lat' dir='ltr'><strong>palmam</strong></span> <span class='ocrx_word' id='word_1_252' title='bbox 840 3967 1101 4040; x_wconf 77' lang='lat' dir='ltr'><strong>martyrii</strong></span> <span class='ocrx_word' id='word_1_253' title='bbox 1133 3969 1369 4025; x_wconf 91' lang='lat' dir='ltr'><strong>tandem</strong></span> <span class='ocrx_word' id='word_1_254' title='bbox 1401 3970 1694 4026; x_wconf 86' lang='lat' dir='ltr'><strong>consecuti</strong></span> <span class='ocrx_word' id='word_1_255' title='bbox 1719 3975 1876 4027; x_wconf 90' lang='lat' dir='ltr'><strong>sunt.</strong></span> 
     </span>
    </p>
   </div>
   <div class='ocr_carea' id='block_1_42' title="bbox 295 4069 1879 4149">
    <p class='ocr_par' dir='ltr' id='par_1_42' title="bbox 295 4069 1879 4149">
     <span class='ocr_line' id='line_1_43' title="bbox 295 4069 1879 4149; baseline 0.006 -25"><span class='ocrx_word' id='word_1_256' title='bbox 295 4069 385 4124; x_wconf 90' lang='lat'><strong>76.</strong></span> <span class='ocrx_word' id='word_1_257' title='bbox 419 4069 655 4139; x_wconf 89' lang='lat' dir='ltr'><strong>Lucius,</strong></span> <span class='ocrx_word' id='word_1_258' title='bbox 687 4071 775 4128; x_wconf 92' lang='lat' dir='ltr'><strong>vel</strong></span> <span class='ocrx_word' id='word_1_259' title='bbox 811 4073 1018 4141; x_wconf 88' lang='lat' dir='ltr'><strong>Lucas,</strong></span> <span class='ocrx_word' id='word_1_260' title='bbox 1051 4075 1361 4149; x_wconf 91' lang='lat' dir='ltr'><strong>episcopus</strong></span> <span class='ocrx_word' id='word_1_261' title='bbox 1383 4076 1765 4134; x_wconf 88' lang='lat' dir='ltr'><strong>Britonicnsis</strong></span> <span class='ocrx_word' id='word_1_262' title='bbox 1820 4077 1879 4134; x_wconf 89' lang='lat' dir='ltr'><strong>in</strong></span> 
     </span>
    </p>
   </div>
   <div class='ocr_carea' id='block_1_43' title="bbox 220 4157 1882 4238">
    <p class='ocr_par' dir='ltr' id='par_1_43' title="bbox 220 4157 1882 4238">
     <span class='ocr_line' id='line_1_44' title="bbox 220 4157 1882 4238; baseline 0.004 -23"><span class='ocrx_word' id='word_1_263' title='bbox 220 4157 529 4230; x_wconf 85' lang='lat' dir='ltr'><strong>Hispania,</strong></span> <span class='ocrx_word' id='word_1_264' title='bbox 566 4165 770 4232; x_wconf 89' lang='lat' dir='ltr'><strong>petens</strong></span> <span class='ocrx_word' id='word_1_265' title='bbox 791 4161 1113 4220; x_wconf 64' lang='lat' dir='ltr'><strong>Caesaream</strong></span> <span class='ocrx_word' id='word_1_266' title='bbox 1173 4165 1550 4238; x_wconf 74' lang='lat' dir='ltr'><strong>Cappadociae</strong></span> <span class='ocrx_word' id='word_1_267' title='bbox 1599 4167 1882 4238; x_wconf 89' lang='lat' dir='ltr'><strong>(nescitur</strong></span> 
     </span>
    </p>
   </div>
   <div class='ocr_carea' id='block_1_44' title="bbox 224 4247 1882 4326">
    <p class='ocr_par' dir='ltr' id='par_1_44' title="bbox 224 4247 1882 4326">
     <span class='ocr_line' id='line_1_45' title="bbox 224 4247 1882 4326; baseline 0.002 -18"><span class='ocrx_word' id='word_1_268' title='bbox 224 4247 447 4319; x_wconf 71' lang='lat' dir='ltr'><strong>causa),</strong></span> <span class='ocrx_word' id='word_1_269' title='bbox 481 4265 614 4306; x_wconf 91' lang='lat' dir='ltr'><strong>cum</strong></span> <span class='ocrx_word' id='word_1_270' title='bbox 646 4250 822 4308; x_wconf 89' lang='lat' dir='ltr'><strong>sociis</strong></span> <span class='ocrx_word' id='word_1_271' title='bbox 852 4268 1063 4325; x_wconf 87' lang='lat' dir='ltr'><strong>passus</strong></span> <span class='ocrx_word' id='word_1_272' title='bbox 1094 4257 1186 4309; x_wconf 90' lang='lat' dir='ltr'><strong>est</strong></span> <span class='ocrx_word' id='word_1_273' title='bbox 1214 4254 1325 4310; x_wconf 89' lang='lat' dir='ltr'><strong>sub</strong></span> <span class='ocrx_word' id='word_1_274' title='bbox 1349 4254 1746 4326; x_wconf 88' lang='lat' dir='ltr'><strong>persecutione</strong></span> <span class='ocrx_word' id='word_1_275' title='bbox 1776 4256 1882 4311; x_wconf 88' lang='lat' dir='ltr'><strong>Ne-</strong></span> 
     </span>
    </p>
   </div>
   <div class='ocr_carea' id='block_1_45' title="bbox 225 4335 1878 4414">
    <p class='ocr_par' dir='ltr' id='par_1_45' title="bbox 225 4335 1878 4414">
     <span class='ocr_line' id='line_1_46' title="bbox 225 4335 1878 4414; baseline 0.004 -20"><span class='ocrx_word' id='word_1_276' title='bbox 225 4335 409 4403; x_wconf 84' lang='lat' dir='ltr'><strong>ronis,</strong></span> <span class='ocrx_word' id='word_1_277' title='bbox 442 4337 768 4411; x_wconf 86' lang='lat' dir='ltr'><strong>coliturque</strong></span> <span class='ocrx_word' id='word_1_278' title='bbox 801 4341 1085 4398; x_wconf 89' lang='lat' dir='ltr'><strong>memoria</strong></span> <span class='ocrx_word' id='word_1_279' title='bbox 1108 4342 1256 4413; x_wconf 88' lang='lat' dir='ltr'><strong>ejus,</strong></span> <span class='ocrx_word' id='word_1_280' title='bbox 1289 4347 1346 4399; x_wconf 89' lang='lat' dir='ltr'><strong>et</strong></span> <span class='ocrx_word' id='word_1_281' title='bbox 1375 4343 1665 4414; x_wconf 72' lang='lat' dir='ltr'><strong>Britoniae,</strong></span> <span class='ocrx_word' id='word_1_282' title='bbox 1709 4349 1774 4400; x_wconf 89' lang='lat' dir='ltr'><strong>ut</strong></span> <span class='ocrx_word' id='word_1_283' title='bbox 1819 4346 1878 4401; x_wconf 92' lang='lat' dir='ltr'><strong>in</strong></span> 
     </span>
    </p>
   </div>
   <div class='ocr_carea' id='block_1_46' title="bbox 225 4425 1433 4502">
    <p class='ocr_par' dir='ltr' id='par_1_46' title="bbox 225 4425 1433 4502">
     <span class='ocr_line' id='line_1_47' title="bbox 225 4425 1433 4502; baseline 0.002 -20"><span class='ocrx_word' id='word_1_284' title='bbox 225 4425 465 4498; x_wconf 85' lang='lat' dir='ltr'><strong>propria</strong></span> <span class='ocrx_word' id='word_1_285' title='bbox 495 4427 653 4494; x_wconf 83' lang='lat' dir='ltr'><strong>sede,</strong></span> <span class='ocrx_word' id='word_1_286' title='bbox 689 4431 746 4482; x_wconf 92' lang='lat' dir='ltr'><strong>et</strong></span> <span class='ocrx_word' id='word_1_287' title='bbox 776 4430 1008 4484; x_wconf 64' lang='lat' dir='ltr'><strong>Caesaris</strong></span> <span class='ocrx_word' id='word_1_288' title='bbox 1040 4428 1433 4502; x_wconf 65' lang='lat' dir='ltr'><strong>Cappadociae.</strong></span> 
     </span>
    </p>
   </div>
   <div class='ocr_carea' id='block_1_47' title="bbox 298 4533 1880 4610">
    <p class='ocr_par' dir='ltr' id='par_1_47' title="bbox 298 4533 1880 4610">
     <span class='ocr_line' id='line_1_48' title="bbox 298 4533 1880 4610; baseline 0.005 -25"><span class='ocrx_word' id='word_1_289' title='bbox 298 4534 390 4587; x_wconf 87' lang='lat'><strong>77.</strong></span> <span class='ocrx_word' id='word_1_290' title='bbox 422 4536 488 4590; x_wconf 88' lang='lat' dir='ltr'><strong>In</strong></span> <span class='ocrx_word' id='word_1_291' title='bbox 535 4533 892 4592; x_wconf 88' lang='lat' dir='ltr'><strong>Austuribus</strong></span> <span class='ocrx_word' id='word_1_292' title='bbox 951 4551 1129 4608; x_wconf 89' lang='lat' dir='ltr'><strong>prope</strong></span> <span class='ocrx_word' id='word_1_293' title='bbox 1186 4534 1554 4610; x_wconf 85' lang='lat' dir='ltr'><strong>Balobrigam</strong></span> <span class='ocrx_word' id='word_1_294' title='bbox 1613 4537 1672 4593; x_wconf 90' lang='lat' dir='ltr'><strong>in</strong></span> <span class='ocrx_word' id='word_1_295' title='bbox 1730 4539 1880 4594; x_wconf 87' lang='lat' dir='ltr'><strong>mari</strong></span> 
     </span>
    </p>
   </div>
   <div class='ocr_carea' id='block_1_48' title="bbox 226 4619 1958 4708">
    <p class='ocr_par' dir='ltr' id='par_1_48' title="bbox 226 4619 1958 4708">
     <span class='ocr_line' id='line_1_49' title="bbox 226 4619 1958 4708; baseline 0.004 -33"><span class='ocrx_word' id='word_1_296' title='bbox 226 4619 456 4676; x_wconf 88' lang='lat' dir='ltr'><strong>Oceano</strong></span> <span class='ocrx_word' id='word_1_297' title='bbox 482 4621 744 4677; x_wconf 90' lang='lat' dir='ltr'><strong>resident</strong></span> <span class='ocrx_word' id='word_1_298' title='bbox 773 4639 950 4679; x_wconf 86' lang='lat' dir='ltr'><strong>naves</strong></span> <span class='ocrx_word' id='word_1_299' title='bbox 989 4625 1509 4692; x_wconf 89' lang='lat' dir='ltr'><strong>Nortmannorum,</strong></span> <span class='ocrx_word' id='word_1_300' title='bbox 1569 4642 1698 4698; x_wconf 63' lang='lat' dir='ltr'><strong>quae</strong></span> <span class='ocrx_word' id='word_1_301' title='bbox 1756 4642 1880 4698; x_wconf 83' lang='lat' dir='ltr'><strong>pre-</strong></span> <span class='ocrx_word' id='word_1_302' title='bbox 1910 4643 1958 4708; x_wconf 74' lang='grc' dir='ltr'>υ</span> 
     </span>
    </p>
   </div>
   <div class='ocr_carea' id='block_1_49' title="bbox 226 4707 1880 4786">
    <p class='ocr_par' dir='ltr' id='par_1_49' title="bbox 226 4707 1880 4786">
     <span class='ocr_line' id='line_1_50' title="bbox 226 4707 1880 4786; baseline 0.004 -22"><span class='ocrx_word' id='word_1_303' title='bbox 226 4707 398 4772; x_wconf 79' lang='lat' dir='ltr'><strong>cibus</strong></span> <span class='ocrx_word' id='word_1_304' title='bbox 415 4710 476 4768; x_wconf 90' lang='lat' dir='ltr'><strong>S.</strong></span> <span class='ocrx_word' id='word_1_305' title='bbox 496 4709 837 4768; x_wconf 80' lang='lat' dir='ltr'><strong>Gundisalvi</strong></span> <span class='ocrx_word' id='word_1_306' title='bbox 859 4712 1118 4786; x_wconf 86' lang='lat' dir='ltr'><strong>episcopi</strong></span> <span class='ocrx_word' id='word_1_307' title='bbox 1133 4713 1574 4782; x_wconf 90' lang='lat' dir='ltr'><strong>Mindoniensis,</strong></span> <span class='ocrx_word' id='word_1_308' title='bbox 1607 4713 1696 4771; x_wconf 87' lang='lat' dir='ltr'><strong>vel</strong></span> <span class='ocrx_word' id='word_1_309' title='bbox 1717 4714 1880 4771; x_wconf 89' lang='lat' dir='ltr'><strong>Balo-</strong></span> 
     </span>
    </p>
   </div>
   <div class='ocr_carea' id='block_1_50' title="bbox 224 4797 1877 4870">
    <p class='ocr_par' dir='ltr' id='par_1_50' title="bbox 224 4797 1877 4870">
     <span class='ocr_line' id='line_1_51' title="bbox 224 4797 1877 4870; baseline 0.004 -16"><span class='ocrx_word' id='word_1_310' title='bbox 224 4797 544 4870; x_wconf 82' lang='lat' dir='ltr'><strong>brigensis,</strong></span> <span class='ocrx_word' id='word_1_311' title='bbox 568 4800 896 4858; x_wconf 68' lang='lat' dir='ltr'><strong>submersas</strong></span> <span class='ocrx_word' id='word_1_312' title='bbox 927 4806 1065 4857; x_wconf 89' lang='lat' dir='ltr'><strong>sunt</strong></span> <span class='ocrx_word' id='word_1_313' title='bbox 1093 4818 1247 4859; x_wconf 90' lang='lat' dir='ltr'><strong>anno</strong></span> <span class='ocrx_word' id='word_1_314' title='bbox 1275 4804 1381 4862; x_wconf 82' lang='grc'><strong>846</strong></span> <span class='ocrx_word' id='word_1_315' title='bbox 1407 4820 1420 4869; x_wconf 89' lang='lat'>;</span> <span class='ocrx_word' id='word_1_316' title='bbox 1443 4802 1540 4860; x_wconf 90' lang='lat' dir='ltr'><strong>ille</strong></span> <span class='ocrx_word' id='word_1_317' title='bbox 1587 4820 1721 4860; x_wconf 91' lang='lat' dir='ltr'><strong>vero</strong></span> <span class='ocrx_word' id='word_1_318' title='bbox 1752 4820 1877 4859; x_wconf 84' lang='lat' dir='ltr'><strong>mo-</strong></span> 
     </span>
    </p>
   </div>
   <div class='ocr_carea' id='block_1_51' title="bbox 225 4885 1545 4957">
    <p class='ocr_par' dir='ltr' id='par_1_51' title="bbox 225 4885 1545 4957">
     <span class='ocr_line' id='line_1_52' title="bbox 225 4885 1545 4957; baseline 0.005 -16"><span class='ocrx_word' id='word_1_319' title='bbox 225 4885 380 4944; x_wconf 85' lang='lat' dir='ltr'><strong>ritur</strong></span> <span class='ocrx_word' id='word_1_320' title='bbox 399 4903 562 4948; x_wconf 72' lang='lat' dir='ltr'><strong>anno</strong></span> <span class='ocrx_word' id='word_1_321' title='bbox 585 4889 729 4957; x_wconf 80' lang='lat'><strong>850;</strong></span> <span class='ocrx_word' id='word_1_322' title='bbox 761 4889 974 4948; x_wconf 87' lang='lat' dir='ltr'><strong>colitur</strong></span> <span class='ocrx_word' id='word_1_323' title='bbox 1003 4890 1026 4947; x_wconf 81' lang='grc'><strong>4</strong></span> <span class='ocrx_word' id='word_1_324' title='bbox 1060 4890 1153 4948; x_wconf 89' lang='lat' dir='ltr'><strong>die</strong></span> <span class='ocrx_word' id='word_1_325' title='bbox 1182 4891 1545 4952; x_wconf 83' lang='lat' dir='ltr'><strong>Novembris.</strong></span> 
     </span>
    </p>
   </div>
   <div class='ocr_carea' id='block_1_52' title="bbox 298 4990 1878 5070">
    <p class='ocr_par' dir='ltr' id='par_1_52' title="bbox 298 4990 1878 5070">
     <span class='ocr_line' id='line_1_53' title="bbox 298 4990 1878 5070; baseline 0.006 -24"><span class='ocrx_word' id='word_1_326' title='bbox 298 4994 387 5050; x_wconf 89' lang='lat'><strong>78.</strong></span> <span class='ocrx_word' id='word_1_327' title='bbox 419 4993 482 5051; x_wconf 84' lang='lat' dir='ltr'><strong>S.</strong></span> <span class='ocrx_word' id='word_1_328' title='bbox 513 4993 801 5052; x_wconf 83' lang='lat' dir='ltr'><strong>Martinus</strong></span> <span class='ocrx_word' id='word_1_329' title='bbox 831 4990 1163 5054; x_wconf 83' lang='lat' dir='ltr'><strong>exorientis</strong></span> <span class='ocrx_word' id='word_1_330' title='bbox 1183 4997 1524 5070; x_wconf 84' lang='lat' dir='ltr'><strong>partibusin</strong></span> <span class='ocrx_word' id='word_1_331' title='bbox 1547 4998 1878 5056; x_wconf 73' lang='lat' dir='ltr'><strong>Gallaaciam</strong></span> 
     </span>
    </p>
   </div>
   <div class='ocr_carea' id='block_1_53' title="bbox 223 5083 1876 5158">
    <p class='ocr_par' dir='ltr' id='par_1_53' title="bbox 223 5083 1876 5158">
     <span class='ocr_line' id='line_1_54' title="bbox 223 5083 1876 5158; baseline 0.004 -21"><span class='ocrx_word' id='word_1_332' title='bbox 223 5083 488 5148; x_wconf 86' lang='lat' dir='ltr'><strong>veniens,</strong></span> <span class='ocrx_word' id='word_1_333' title='bbox 519 5085 805 5140; x_wconf 87' lang='lat' dir='ltr'><strong>convertit</strong></span> <span class='ocrx_word' id='word_1_334' title='bbox 858 5087 928 5141; x_wconf 89' lang='lat' dir='ltr'><strong>ad</strong></span> <span class='ocrx_word' id='word_1_335' title='bbox 981 5086 1152 5142; x_wconf 82' lang='lat' dir='ltr'><strong>ﬁdem</strong></span> <span class='ocrx_word' id='word_1_336' title='bbox 1213 5087 1559 5143; x_wconf 85' lang='lat' dir='ltr'><strong>catholicam</strong></span> <span class='ocrx_word' id='word_1_337' title='bbox 1617 5088 1876 5158; x_wconf 88' lang='lat' dir='ltr'><strong>Suevos;</strong></span> 
     </span>
    </p>
   </div>
   <div class='ocr_carea' id='block_1_54' title="bbox 228 5171 1876 5248">
    <p class='ocr_par' dir='ltr' id='par_1_54' title="bbox 228 5171 1876 5248">
     <span class='ocr_line' id='line_1_55' title="bbox 228 5171 1876 5248; baseline 0.004 -22"><span class='ocrx_word' id='word_1_338' title='bbox 228 5171 543 5244; x_wconf 78' lang='lat' dir='ltr'><strong>factusque</strong></span> <span class='ocrx_word' id='word_1_339' title='bbox 551 5173 743 5244; x_wconf 88' lang='lat' dir='ltr'><strong>primo</strong></span> <span class='ocrx_word' id='word_1_340' title='bbox 764 5178 855 5230; x_wconf 89' lang='lat' dir='ltr'><strong>est</strong></span> <span class='ocrx_word' id='word_1_341' title='bbox 868 5175 1180 5248; x_wconf 87' lang='lat' dir='ltr'><strong>episcopus</strong></span> <span class='ocrx_word' id='word_1_342' title='bbox 1207 5175 1708 5245; x_wconf 81' lang='lat' dir='ltr'><strong>Britoniensis,vel</strong></span> <span class='ocrx_word' id='word_1_343' title='bbox 1727 5177 1876 5233; x_wconf 72' lang='grc' dir='ltr'><strong>Μία-</strong></span> 
     </span>
    </p>
   </div>
   <div class='ocr_carea' id='block_1_55' title="bbox 225 5259 1880 5334">
    <p class='ocr_par' dir='ltr' id='par_1_55' title="bbox 225 5259 1880 5334">
     <span class='ocr_line' id='line_1_56' title="bbox 225 5259 1880 5334; baseline 0.005 -20"><span class='ocrx_word' id='word_1_344' title='bbox 225 5259 547 5331; x_wconf 81' lang='lat' dir='ltr'><strong>donieusis,</strong></span> <span class='ocrx_word' id='word_1_345' title='bbox 580 5265 714 5334; x_wconf 89' lang='lat' dir='ltr'><strong>post</strong></span> <span class='ocrx_word' id='word_1_346' title='bbox 742 5277 810 5317; x_wconf 86' lang='lat' dir='ltr'><strong>ex</strong></span> <span class='ocrx_word' id='word_1_347' title='bbox 824 5263 1170 5320; x_wconf 81' lang='lat' dir='ltr'><strong>Britoniensi</strong></span> <span class='ocrx_word' id='word_1_348' title='bbox 1188 5263 1544 5332; x_wconf 82' lang='lat' dir='ltr'><strong>Dumiensis,</strong></span> <span class='ocrx_word' id='word_1_349' title='bbox 1559 5266 1798 5322; x_wconf 81' lang='lat' dir='ltr'><strong>tandem</strong></span> <span class='ocrx_word' id='word_1_350' title='bbox 1811 5282 1880 5324; x_wconf 84' lang='lat' dir='ltr'><strong>ex</strong></span> 
     </span>
    </p>
   </div>
   <div class='ocr_carea' id='block_1_56' title="bbox 227 5347 1457 5424">
    <p class='ocr_par' dir='ltr' id='par_1_56' title="bbox 227 5347 1457 5424">
     <span class='ocr_line' id='line_1_57' title="bbox 227 5347 1457 5424; baseline 0.003 -20"><span class='ocrx_word' id='word_1_351' title='bbox 227 5347 535 5405; x_wconf 88' lang='lat' dir='ltr'><strong>Dumiensi</strong></span> <span class='ocrx_word' id='word_1_352' title='bbox 562 5349 1037 5424; x_wconf 84' lang='lat' dir='ltr'><strong>archiepiscopus</strong></span> <span class='ocrx_word' id='word_1_353' title='bbox 1069 5353 1457 5410; x_wconf 82' lang='lat' dir='ltr'><strong>Bracareusis.</strong></span> 
     </span>
    </p>
   </div>
   <div class='ocr_carea' id='block_1_57' title="bbox 299 5455 1875 5530">
    <p class='ocr_par' dir='ltr' id='par_1_57' title="bbox 299 5455 1875 5530">
     <span class='ocr_line' id='line_1_58' title="bbox 299 5455 1875 5530; baseline 0.006 -21"><span class='ocrx_word' id='word_1_354' title='bbox 299 5457 389 5512; x_wconf 84' lang='lat'><strong>79.</strong></span> <span class='ocrx_word' id='word_1_355' title='bbox 421 5455 648 5529; x_wconf 86' lang='lat' dir='ltr'><strong>Duplex</strong></span> <span class='ocrx_word' id='word_1_356' title='bbox 677 5458 846 5515; x_wconf 87' lang='lat' dir='ltr'><strong>sedes</strong></span> <span class='ocrx_word' id='word_1_357' title='bbox 879 5459 1246 5528; x_wconf 89' lang='lat' dir='ltr'><strong>Dumiensis;</strong></span> <span class='ocrx_word' id='word_1_358' title='bbox 1279 5459 1460 5516; x_wconf 86' lang='lat' dir='ltr'><strong>altera</strong></span> <span class='ocrx_word' id='word_1_359' title='bbox 1491 5460 1549 5515; x_wconf 91' lang='lat' dir='ltr'><strong>in</strong></span> <span class='ocrx_word' id='word_1_360' title='bbox 1599 5461 1875 5530; x_wconf 78' lang='lat' dir='ltr'><strong>Asturiis,</strong></span> 
     </span>
    </p>
   </div>
   <div class='ocr_carea' id='block_1_58' title="bbox 231 5545 1881 5618">
    <p class='ocr_par' dir='ltr' id='par_1_58' title="bbox 231 5545 1881 5618">
     <span class='ocr_line' id='line_1_59' title="bbox 231 5545 1881 5618; baseline 0.005 -20"><span class='ocrx_word' id='word_1_361' title='bbox 231 5560 357 5616; x_wconf 61' lang='lat' dir='ltr'><strong>quae</strong></span> <span class='ocrx_word' id='word_1_362' title='bbox 381 5545 806 5616; x_wconf 80' lang='lat' dir='ltr'><strong>Britoniensis;</strong></span> <span class='ocrx_word' id='word_1_363' title='bbox 841 5547 1023 5604; x_wconf 87' lang='lat' dir='ltr'><strong>altera</strong></span> <span class='ocrx_word' id='word_1_364' title='bbox 1051 5548 1110 5603; x_wconf 88' lang='lat' dir='ltr'><strong>in</strong></span> <span class='ocrx_word' id='word_1_365' title='bbox 1135 5549 1424 5606; x_wconf 65' lang='lat' dir='ltr'><strong>Gallaaciis</strong></span> <span class='ocrx_word' id='word_1_366' title='bbox 1449 5565 1464 5618; x_wconf 91' lang='lat'>;</span> <span class='ocrx_word' id='word_1_367' title='bbox 1493 5555 1551 5606; x_wconf 86' lang='lat' dir='ltr'><strong>et</strong></span> <span class='ocrx_word' id='word_1_368' title='bbox 1588 5549 1711 5607; x_wconf 66' lang='lat' dir='ltr'><strong>hec</strong></span> <span class='ocrx_word' id='word_1_369' title='bbox 1768 5551 1881 5606; x_wconf 81' lang='lat' dir='ltr'><strong>fuit</strong></span> 
     </span>
    </p>
   </div>
   <div class='ocr_carea' id='block_1_59' title="bbox 231 5632 1747 5706">
    <p class='ocr_par' dir='ltr' id='par_1_59' title="bbox 231 5632 1747 5706">
     <span class='ocr_line' id='line_1_60' title="bbox 231 5632 1747 5706; baseline 0.001 -17"><span class='ocrx_word' id='word_1_370' title='bbox 231 5632 675 5702; x_wconf 84' lang='lat' dir='ltr'><strong>monasterium,</strong></span> <span class='ocrx_word' id='word_1_371' title='bbox 709 5635 865 5706; x_wconf 91' lang='lat' dir='ltr'><strong>quod</strong></span> <span class='ocrx_word' id='word_1_372' title='bbox 892 5639 1132 5692; x_wconf 87' lang='lat' dir='ltr'><strong>sanctus</strong></span> <span class='ocrx_word' id='word_1_373' title='bbox 1153 5635 1441 5692; x_wconf 84' lang='lat' dir='ltr'><strong>Martinus</strong></span> <span class='ocrx_word' id='word_1_374' title='bbox 1469 5636 1747 5692; x_wconf 88' lang='lat' dir='ltr'><strong>instituit.</strong></span> 
     </span>
    </p>
   </div>
   <div class='ocr_carea' id='block_1_60' title="bbox 301 5720 1878 5798">
    <p class='ocr_par' dir='ltr' id='par_1_60' title="bbox 301 5720 1878 5798">
     <span class='ocr_line' id='line_1_61' title="bbox 301 5720 1878 5798; baseline 0.004 -21"><span class='ocrx_word' id='word_1_375' title='bbox 301 5722 390 5778; x_wconf 88' lang='lat'><strong>80.</strong></span> <span class='ocrx_word' id='word_1_376' title='bbox 424 5720 647 5798; x_wconf 85' lang='lat' dir='ltr'><strong>Duplex</strong></span> <span class='ocrx_word' id='word_1_377' title='bbox 675 5722 930 5792; x_wconf 88' lang='lat' dir='ltr'><strong>Castulo,</strong></span> <span class='ocrx_word' id='word_1_378' title='bbox 992 5723 1238 5781; x_wconf 88' lang='lat' dir='ltr'><strong>alterum</strong></span> <span class='ocrx_word' id='word_1_379' title='bbox 1301 5724 1521 5782; x_wconf 87' lang='lat' dir='ltr'><strong>dictum</strong></span> <span class='ocrx_word' id='word_1_380' title='bbox 1573 5724 1878 5784; x_wconf 89' lang='lat' dir='ltr'><strong>Castulum</strong></span> 
     </span>
    </p>
   </div>
   <div class='ocr_carea' id='block_1_61' title="bbox 1311 5855 1364 5900">
    <p class='ocr_par' dir='ltr' id='par_1_61' title="bbox 1311 5855 1364 5900">
     <span class='ocr_line' id='line_1_62' title="bbox 1311 5855 1364 5900; baseline 0 0"><span class='ocrx_word' id='word_1_381' title='bbox 1311 5855 1364 5900; x_wconf 61' lang='grc' dir='ltr'>δ</span> 
     </span>
    </p>
   </div>
   <div class='ocr_carea' id='block_1_62' title="bbox 1984 615 2164 690">
    <p class='ocr_par' dir='ltr' id='par_1_62' title="bbox 1984 615 2164 690">
     <span class='ocr_line' id='line_1_63' title="bbox 1984 615 2164 690; baseline 0 -18"><span class='ocrx_word' id='word_1_382' title='bbox 1984 615 2164 690; x_wconf 90' lang='lat' dir='ltr'><strong>pales.</strong></span> 
     </span>
    </p>
   </div>
   <div class='ocr_carea' id='block_1_63' title="bbox 2055 698 3638 778">
    <p class='ocr_par' dir='ltr' id='par_1_63' title="bbox 2055 698 3638 778">
     <span class='ocr_line' id='line_1_64' title="bbox 2055 698 3638 778; baseline -0.006 -14"><span class='ocrx_word' id='word_1_383' title='bbox 2055 709 2144 764; x_wconf 85' lang='lat'><strong>81.</strong></span> <span class='ocrx_word' id='word_1_384' title='bbox 2176 707 2240 764; x_wconf 91' lang='lat' dir='ltr'><strong>In</strong></span> <span class='ocrx_word' id='word_1_385' title='bbox 2271 705 2556 763; x_wconf 89' lang='lat' dir='ltr'><strong>divisione</strong></span> <span class='ocrx_word' id='word_1_386' title='bbox 2587 705 3050 778; x_wconf 90' lang='lat' dir='ltr'><strong>episcopatuum,</strong></span> <span class='ocrx_word' id='word_1_387' title='bbox 3084 701 3195 758; x_wconf 87' lang='lat' dir='ltr'><strong>sub</strong></span> <span class='ocrx_word' id='word_1_388' title='bbox 3226 715 3358 774; x_wconf 83' lang='lat' dir='ltr'><strong>rege</strong></span> <span class='ocrx_word' id='word_1_389' title='bbox 3379 698 3638 756; x_wconf 83' lang='lat' dir='ltr'><strong>Theode-</strong></span> 
     </span>
    </p>
   </div>
   <div class='ocr_carea' id='block_1_64' title="bbox 1983 787 3636 868">
    <p class='ocr_par' dir='ltr' id='par_1_64' title="bbox 1983 787 3636 868">
     <span class='ocr_line' id='line_1_65' title="bbox 1983 787 3636 868; baseline -0.005 -16"><span class='ocrx_word' id='word_1_390' title='bbox 1983 796 2155 864; x_wconf 90' lang='lat' dir='ltr'><strong>miro,</strong></span> <span class='ocrx_word' id='word_1_391' title='bbox 2190 798 2514 853; x_wconf 88' lang='lat' dir='ltr'><strong>Suevorum</strong></span> <span class='ocrx_word' id='word_1_392' title='bbox 2546 795 2903 868; x_wconf 86' lang='lat' dir='ltr'><strong>Magnetum,</strong></span> <span class='ocrx_word' id='word_1_393' title='bbox 2958 793 3328 865; x_wconf 80' lang='lat' dir='ltr'><strong>episcopatus</strong></span> <span class='ocrx_word' id='word_1_394' title='bbox 3387 787 3636 844; x_wconf 70' lang='lat' dir='ltr'><strong>P‘otuen-</strong></span> 
     </span>
    </p>
   </div>
   <div class='ocr_carea' id='block_1_65' title="bbox 1985 879 3639 959">
    <p class='ocr_par' dir='ltr' id='par_1_65' title="bbox 1985 879 3639 959">
     <span class='ocr_line' id='line_1_66' title="bbox 1985 879 3639 959; baseline -0.005 -17"><span class='ocrx_word' id='word_1_395' title='bbox 1985 886 2086 955; x_wconf 90' lang='lat' dir='ltr'><strong>sis,</strong></span> <span class='ocrx_word' id='word_1_396' title='bbox 2122 886 2424 959; x_wconf 87' lang='lat' dir='ltr'><strong>oppidum,</strong></span> <span class='ocrx_word' id='word_1_397' title='bbox 2457 885 2613 958; x_wconf 91' lang='lat' dir='ltr'><strong>quod</strong></span> <span class='ocrx_word' id='word_1_398' title='bbox 2644 882 2916 941; x_wconf 89' lang='lat' dir='ltr'><strong>Saraceni</strong></span> <span class='ocrx_word' id='word_1_399' title='bbox 2945 883 3290 938; x_wconf 88' lang='lat' dir='ltr'><strong>vecaverunt</strong></span> <span class='ocrx_word' id='word_1_400' title='bbox 3343 879 3639 936; x_wconf 64' lang='grc' dir='ltr'><strong>Μαιδιηοοα</strong></span> 
     </span>
    </p>
   </div>
   <div class='ocr_carea' id='block_1_66' title="bbox 1984 967 3590 1049">
    <p class='ocr_par' dir='ltr' id='par_1_66' title="bbox 1984 967 3590 1049">
     <span class='ocr_line' id='line_1_67' title="bbox 1984 967 3590 1049; baseline -0.005 -18"><span class='ocrx_word' id='word_1_401' title='bbox 1984 975 2108 1049; x_wconf 86' lang='lat' dir='ltr'><strong>[al,,</strong></span> <span class='ocrx_word' id='word_1_402' title='bbox 2141 975 2461 1046; x_wconf 81' lang='lat' dir='ltr'><strong>Maulhoce],</strong></span> <span class='ocrx_word' id='word_1_403' title='bbox 2498 975 2716 1030; x_wconf 82' lang='lat' dir='ltr'><strong>factum</strong></span> <span class='ocrx_word' id='word_1_404' title='bbox 2745 976 2836 1030; x_wconf 90' lang='lat' dir='ltr'><strong>est</strong></span> <span class='ocrx_word' id='word_1_405' title='bbox 2865 971 3070 1038; x_wconf 90' lang='lat' dir='ltr'><strong>sedes;</strong></span> <span class='ocrx_word' id='word_1_406' title='bbox 3102 967 3334 1026; x_wconf 87' lang='lat' dir='ltr'><strong>duravit</strong></span> <span class='ocrx_word' id='word_1_407' title='bbox 3361 984 3590 1042; x_wconf 86' lang='lat' dir='ltr'><strong>parum.</strong></span> 
     </span>
    </p>
   </div>
   <div class='ocr_carea' id='block_1_67' title="bbox 2054 1057 3641 1131">
    <p class='ocr_par' dir='ltr' id='par_1_67' title="bbox 2054 1057 3641 1131">
     <span class='ocr_line' id='line_1_68' title="bbox 2054 1057 3641 1131; baseline -0.007 -9"><span class='ocrx_word' id='word_1_408' title='bbox 2054 1069 2140 1122; x_wconf 86' lang='lat'><strong>82.</strong></span> <span class='ocrx_word' id='word_1_409' title='bbox 2170 1065 2403 1121; x_wconf 87' lang='lat' dir='ltr'><strong>Vectica</strong></span> <span class='ocrx_word' id='word_1_410' title='bbox 2433 1064 2621 1130; x_wconf 90' lang='lat' dir='ltr'><strong>sedes,</strong></span> <span class='ocrx_word' id='word_1_411' title='bbox 2654 1060 2993 1118; x_wconf 89' lang='lat' dir='ltr'><strong>Bracareusi</strong></span> <span class='ocrx_word' id='word_1_412' title='bbox 3033 1060 3318 1131; x_wconf 87' lang='lat' dir='ltr'><strong>subjecta,</strong></span> <span class='ocrx_word' id='word_1_413' title='bbox 3364 1057 3521 1113; x_wconf 88' lang='lat' dir='ltr'><strong>dicta</strong></span> <span class='ocrx_word' id='word_1_414' title='bbox 3551 1057 3641 1112; x_wconf 91' lang='lat' dir='ltr'><strong>est</strong></span> 
     </span>
    </p>
   </div>
   <div class='ocr_carea' id='block_1_68' title="bbox 1982 1147 3636 1222">
    <p class='ocr_par' dir='ltr' id='par_1_68' title="bbox 1982 1147 3636 1222">
     <span class='ocr_line' id='line_1_69' title="bbox 1982 1147 3636 1222; baseline -0.005 -12"><span class='ocrx_word' id='word_1_415' title='bbox 1982 1155 2159 1210; x_wconf 90' lang='lat' dir='ltr'><strong>etiam</strong></span> <span class='ocrx_word' id='word_1_416' title='bbox 2191 1155 2392 1222; x_wconf 89' lang='lat' dir='ltr'><strong>Besea,</strong></span> <span class='ocrx_word' id='word_1_417' title='bbox 2419 1151 2507 1208; x_wconf 91' lang='lat' dir='ltr'><strong>vel</strong></span> <span class='ocrx_word' id='word_1_418' title='bbox 2538 1151 2814 1208; x_wconf 88' lang='lat' dir='ltr'><strong>Betaonia</strong></span> <span class='ocrx_word' id='word_1_419' title='bbox 2839 1169 2852 1220; x_wconf 90' lang='lat'>;</span> <span class='ocrx_word' id='word_1_420' title='bbox 2883 1166 2918 1206; x_wconf 87' lang='lat' dir='ltr'><strong>a</strong></span> <span class='ocrx_word' id='word_1_421' title='bbox 2945 1149 3166 1206; x_wconf 88' lang='lat' dir='ltr'><strong>Mauris</strong></span> <span class='ocrx_word' id='word_1_422' title='bbox 3191 1165 3326 1206; x_wconf 87' lang='lat' dir='ltr'><strong>vero</strong></span> <span class='ocrx_word' id='word_1_423' title='bbox 3381 1147 3636 1216; x_wconf 84' lang='lat' dir='ltr'><strong>Barbola,</strong></span> 
     </span>
    </p>
   </div>
   <div class='ocr_carea' id='block_1_69' title="bbox 1985 1237 3637 1312">
    <p class='ocr_par' dir='ltr' id='par_1_69' title="bbox 1985 1237 3637 1312">
     <span class='ocr_line' id='line_1_70' title="bbox 1985 1237 3637 1312; baseline -0.005 -13"><span class='ocrx_word' id='word_1_424' title='bbox 1985 1243 2046 1299; x_wconf 90' lang='lat' dir='ltr'><strong>in</strong></span> <span class='ocrx_word' id='word_1_425' title='bbox 2077 1241 2379 1299; x_wconf 88' lang='lat' dir='ltr'><strong>Portuensi</strong></span> <span class='ocrx_word' id='word_1_426' title='bbox 2410 1241 2565 1297; x_wconf 91' lang='lat' dir='ltr'><strong>sede.</strong></span> <span class='ocrx_word' id='word_1_427' title='bbox 2626 1241 2776 1296; x_wconf 90' lang='lat' dir='ltr'><strong>Sunt</strong></span> <span class='ocrx_word' id='word_1_428' title='bbox 2831 1239 2932 1312; x_wconf 90' lang='lat' dir='ltr'><strong>qui</strong></span> <span class='ocrx_word' id='word_1_429' title='bbox 2979 1237 3179 1304; x_wconf 89' lang='lat' dir='ltr'><strong>dicant</strong></span> <span class='ocrx_word' id='word_1_430' title='bbox 3224 1253 3352 1294; x_wconf 85' lang='lat' dir='ltr'><strong>esse</strong></span> <span class='ocrx_word' id='word_1_431' title='bbox 3404 1250 3637 1308; x_wconf 86' lang='lat' dir='ltr'><strong>quoque</strong></span> 
     </span>
    </p>
   </div>
   <div class='ocr_carea' id='block_1_70' title="bbox 1986 1324 3639 1400">
    <p class='ocr_par' dir='ltr' id='par_1_70' title="bbox 1986 1324 3639 1400">
     <span class='ocr_line' id='line_1_71' title="bbox 1986 1324 3639 1400; baseline -0.005 -12"><span class='ocrx_word' id='word_1_432' title='bbox 1986 1333 2200 1388; x_wconf 90' lang='lat' dir='ltr'><strong>dictam</strong></span> <span class='ocrx_word' id='word_1_433' title='bbox 2260 1331 2616 1400; x_wconf 88' lang='lat' dir='ltr'><strong>Betonicam,</strong></span> <span class='ocrx_word' id='word_1_434' title='bbox 2695 1347 2730 1386; x_wconf 90' lang='lat' dir='ltr'><strong>a</strong></span> <span class='ocrx_word' id='word_1_435' title='bbox 2789 1327 3106 1386; x_wconf 87' lang='lat' dir='ltr'><strong>Botonibus</strong></span> <span class='ocrx_word' id='word_1_436' title='bbox 3160 1324 3445 1400; x_wconf 82' lang='lat' dir='ltr'><strong>proximis</strong></span> <span class='ocrx_word' id='word_1_437' title='bbox 3501 1341 3639 1381; x_wconf 88' lang='lat' dir='ltr'><strong>con-</strong></span> 
     </span>
    </p>
   </div>
   <div class='ocr_carea' id='block_1_71' title="bbox 1987 1421 2196 1477">
    <p class='ocr_par' dir='ltr' id='par_1_71' title="bbox 1987 1421 2196 1477">
     <span class='ocr_line' id='line_1_72' title="bbox 1987 1421 2196 1477; baseline 0 -1"><span class='ocrx_word' id='word_1_438' title='bbox 1987 1421 2196 1477; x_wconf 89' lang='lat' dir='ltr'><strong>ditam.</strong></span> 
     </span>
    </p>
   </div>
   <div class='ocr_carea' id='block_1_72' title="bbox 2057 1502 3640 1582">
    <p class='ocr_par' dir='ltr' id='par_1_72' title="bbox 2057 1502 3640 1582">
     <span class='ocr_line' id='line_1_73' title="bbox 2057 1502 3640 1582; baseline -0.006 -17"><span class='ocrx_word' id='word_1_439' title='bbox 2057 1510 2147 1565; x_wconf 91' lang='lat'><strong>83.</strong></span> <span class='ocrx_word' id='word_1_440' title='bbox 2194 1510 2409 1565; x_wconf 91' lang='lat' dir='ltr'><strong>Sancta</strong></span> <span class='ocrx_word' id='word_1_441' title='bbox 2463 1508 2770 1582; x_wconf 88' lang='lat' dir='ltr'><strong>Typbenes</strong></span> <span class='ocrx_word' id='word_1_442' title='bbox 2822 1506 3082 1563; x_wconf 88' lang='lat' dir='ltr'><strong>creditur</strong></span> <span class='ocrx_word' id='word_1_443' title='bbox 3113 1521 3312 1578; x_wconf 88' lang='lat' dir='ltr'><strong>.passa</strong></span> <span class='ocrx_word' id='word_1_444' title='bbox 3373 1502 3640 1570; x_wconf 68' lang='lat' dir='ltr'><strong>Vecticie,</strong></span> 
     </span>
    </p>
   </div>
   <div class='ocr_carea' id='block_1_73' title="bbox 1980 1591 3641 1672">
    <p class='ocr_par' dir='ltr' id='par_1_73' title="bbox 1980 1591 3641 1672">
     <span class='ocr_line' id='line_1_74' title="bbox 1980 1591 3641 1672; baseline -0.005 -18"><span class='ocrx_word' id='word_1_445' title='bbox 1980 1599 2182 1672; x_wconf 88' lang='lat' dir='ltr'><strong>judice</strong></span> <span class='ocrx_word' id='word_1_446' title='bbox 2239 1597 2321 1655; x_wconf 89' lang='lat' dir='ltr'><strong>F1.</strong></span> <span class='ocrx_word' id='word_1_447' title='bbox 2381 1598 2652 1664; x_wconf 81' lang='lat' dir='ltr'><strong>Caesario,</strong></span> <span class='ocrx_word' id='word_1_448' title='bbox 2703 1596 2804 1670; x_wconf 90' lang='lat' dir='ltr'><strong>qui</strong></span> <span class='ocrx_word' id='word_1_449' title='bbox 2861 1597 3051 1652; x_wconf 86' lang='lat' dir='ltr'><strong>fuerat</strong></span> <span class='ocrx_word' id='word_1_450' title='bbox 3107 1593 3246 1650; x_wconf 87' lang='lat' dir='ltr'><strong>olim</strong></span> <span class='ocrx_word' id='word_1_451' title='bbox 3333 1591 3641 1666; x_wconf 62' lang='lat' dir='ltr'><strong>praefectus</strong></span> 
     </span>
    </p>
   </div>
   <div class='ocr_carea' id='block_1_74' title="bbox 1989 1680 3641 1760">
    <p class='ocr_par' dir='ltr' id='par_1_74' title="bbox 1989 1680 3641 1760">
     <span class='ocr_line' id='line_1_75' title="bbox 1989 1680 3641 1760; baseline -0.007 -15"><span class='ocrx_word' id='word_1_452' title='bbox 1989 1689 2207 1758; x_wconf 65' lang='lat' dir='ltr'><strong>Romae,</strong></span> <span class='ocrx_word' id='word_1_453' title='bbox 2245 1691 2377 1760; x_wconf 88' lang='lat' dir='ltr'><strong>post</strong></span> <span class='ocrx_word' id='word_1_454' title='bbox 2406 1688 2514 1744; x_wconf 90' lang='lat' dir='ltr'><strong>sub</strong></span> <span class='ocrx_word' id='word_1_455' title='bbox 2544 1685 2779 1743; x_wconf 86' lang='lat' dir='ltr'><strong>Juliano</strong></span> <span class='ocrx_word' id='word_1_456' title='bbox 2805 1685 2984 1756; x_wconf 85' lang='lat' dir='ltr'><strong>judex</strong></span> <span class='ocrx_word' id='word_1_457' title='bbox 3011 1682 3304 1757; x_wconf 80' lang='lat' dir='ltr'><strong>Hispaniae</strong></span> <span class='ocrx_word' id='word_1_458' title='bbox 3337 1699 3352 1749; x_wconf 91' lang='lat'><strong>;</strong></span> <span class='ocrx_word' id='word_1_459' title='bbox 3385 1680 3641 1737; x_wconf 83' lang='lat' dir='ltr'><strong>tandem</strong></span> 
     </span>
    </p>
   </div>
   <div class='ocr_carea' id='block_1_75' title="bbox 1987 1766 3642 1847">
    <p class='ocr_par' dir='ltr' id='par_1_75' title="bbox 1987 1766 3642 1847">
     <span class='ocr_line' id='line_1_76' title="bbox 1987 1766 3642 1847; baseline -0.006 -14"><span class='ocrx_word' id='word_1_460' title='bbox 1987 1793 2144 1834; x_wconf 88' lang='lat' dir='ltr'><strong>anno</strong></span> <span class='ocrx_word' id='word_1_461' title='bbox 2171 1777 2277 1832; x_wconf 87' lang='lat'><strong>397</strong></span> <span class='ocrx_word' id='word_1_462' title='bbox 2306 1777 2418 1832; x_wconf 89' lang='lat' dir='ltr'><strong>sub</strong></span> <span class='ocrx_word' id='word_1_463' title='bbox 2451 1776 2723 1843; x_wconf 85' lang='lat' dir='ltr'><strong>Honorio,</strong></span> <span class='ocrx_word' id='word_1_464' title='bbox 2750 1776 2877 1847; x_wconf 81' lang='lat' dir='ltr'><strong>jam</strong></span> <span class='ocrx_word' id='word_1_465' title='bbox 2907 1773 3204 1831; x_wconf 86' lang='lat' dir='ltr'><strong>confectus</strong></span> <span class='ocrx_word' id='word_1_466' title='bbox 3254 1787 3378 1828; x_wconf 69' lang='lat' dir='ltr'><strong>aevo</strong></span> <span class='ocrx_word' id='word_1_467' title='bbox 3435 1766 3642 1825; x_wconf 89' lang='lat' dir='ltr'><strong>consul</strong></span> 
     </span>
    </p>
   </div>
   <div class='ocr_carea' id='block_1_76' title="bbox 1989 1866 2359 1922">
    <p class='ocr_par' dir='ltr' id='par_1_76' title="bbox 1989 1866 2359 1922">
     <span class='ocr_line' id='line_1_77' title="bbox 1989 1866 2359 1922; baseline -0.005 0"><span class='ocrx_word' id='word_1_468' title='bbox 1989 1882 2125 1922; x_wconf 91' lang='lat' dir='ltr'><strong>cum</strong></span> <span class='ocrx_word' id='word_1_469' title='bbox 2156 1866 2359 1921; x_wconf 79' lang='lat' dir='ltr'><strong>Attico.</strong></span> 
     </span>
    </p>
   </div>
   <div class='ocr_carea' id='block_1_77' title="bbox 2062 1949 3644 2024">
    <p class='ocr_par' dir='ltr' id='par_1_77' title="bbox 2062 1949 3644 2024">
     <span class='ocr_line' id='line_1_78' title="bbox 2062 1949 3644 2024; baseline -0.004 -16"><span class='ocrx_word' id='word_1_470' title='bbox 2062 1955 2151 2008; x_wconf 84' lang='grc'><strong>84.</strong></span> <span class='ocrx_word' id='word_1_471' title='bbox 2209 1955 2377 2008; x_wconf 87' lang='lat' dir='ltr'><strong>Anno</strong></span> <span class='ocrx_word' id='word_1_472' title='bbox 2437 1954 2507 2008; x_wconf 92' lang='grc'><strong>15</strong></span> <span class='ocrx_word' id='word_1_473' title='bbox 2550 1952 2798 2008; x_wconf 88' lang='lat' dir='ltr'><strong>Theudii</strong></span> <span class='ocrx_word' id='word_1_474' title='bbox 2859 1951 3013 2024; x_wconf 88' lang='lat' dir='ltr'><strong>regis</strong></span> <span class='ocrx_word' id='word_1_475' title='bbox 3077 1949 3446 2016; x_wconf 87' lang='lat' dir='ltr'><strong>Gotthorum,</strong></span> <span class='ocrx_word' id='word_1_476' title='bbox 3528 1964 3644 2003; x_wconf 68' lang='lat' dir='ltr'><strong>era</strong></span> 
     </span>
    </p>
   </div>
   <div class='ocr_carea' id='block_1_78' title="bbox 1987 2036 3642 2109">
    <p class='ocr_par' dir='ltr' id='par_1_78' title="bbox 1987 2036 3642 2109">
     <span class='ocr_line' id='line_1_79' title="bbox 1987 2036 3642 2109; baseline -0.004 -12"><span class='ocrx_word' id='word_1_477' title='bbox 1987 2059 2122 2098; x_wconf 91' lang='lat' dir='ltr'><strong>vero</strong></span> <span class='ocrx_word' id='word_1_478' title='bbox 2152 2059 2411 2108; x_wconf 78' lang='lat' dir='ltr'><strong>anxxxv,</strong></span> <span class='ocrx_word' id='word_1_479' title='bbox 2444 2041 2803 2098; x_wconf 86' lang='lat' dir='ltr'><strong>celebratum</strong></span> <span class='ocrx_word' id='word_1_480' title='bbox 2845 2044 2934 2096; x_wconf 89' lang='lat' dir='ltr'><strong>est</strong></span> <span class='ocrx_word' id='word_1_481' title='bbox 2988 2057 3023 2096; x_wconf 88' lang='lat' dir='ltr'><strong>a</strong></span> <span class='ocrx_word' id='word_1_482' title='bbox 3076 2038 3350 2096; x_wconf 79' lang='lat' dir='ltr'><strong>Patribus</strong></span> <span class='ocrx_word' id='word_1_483' title='bbox 3408 2036 3642 2109; x_wconf 88' lang='lat' dir='ltr'><strong>provin-</strong></span> 
     </span>
    </p>
   </div>
   <div class='ocr_carea' id='block_1_79' title="bbox 1989 2124 3640 2197">
    <p class='ocr_par' dir='ltr' id='par_1_79' title="bbox 1989 2124 3640 2197">
     <span class='ocr_line' id='line_1_80' title="bbox 1989 2124 3640 2197; baseline -0.005 -9"><span class='ocrx_word' id='word_1_484' title='bbox 1989 2132 2090 2188; x_wconf 73' lang='lat' dir='ltr'><strong>ciae</strong></span> <span class='ocrx_word' id='word_1_485' title='bbox 2119 2131 2573 2188; x_wconf 87' lang='lat' dir='ltr'><strong>Tarraconensis</strong></span> <span class='ocrx_word' id='word_1_486' title='bbox 2624 2128 2938 2186; x_wconf 89' lang='lat' dir='ltr'><strong>concilium</strong></span> <span class='ocrx_word' id='word_1_487' title='bbox 2996 2127 3270 2183; x_wconf 81' lang='lat' dir='ltr'><strong>Vallense</strong></span> <span class='ocrx_word' id='word_1_488' title='bbox 3307 2126 3369 2182; x_wconf 90' lang='lat' dir='ltr'><strong>in</strong></span> <span class='ocrx_word' id='word_1_489' title='bbox 3425 2124 3640 2197; x_wconf 88' lang='lat' dir='ltr'><strong>oppido</strong></span> 
     </span>
    </p>
   </div>
   <div class='ocr_carea' id='block_1_80' title="bbox 1987 2215 3641 2291">
    <p class='ocr_par' dir='ltr' id='par_1_80' title="bbox 1987 2215 3641 2291">
     <span class='ocr_line' id='line_1_81' title="bbox 1987 2215 3641 2291; baseline -0.005 -14"><span class='ocrx_word' id='word_1_490' title='bbox 1987 2220 2172 2288; x_wconf 88' lang='lat' dir='ltr'><strong>Nalle,</strong></span> <span class='ocrx_word' id='word_1_491' title='bbox 2198 2219 2366 2276; x_wconf 84' lang='lat' dir='ltr'><strong>vallis</strong></span> <span class='ocrx_word' id='word_1_492' title='bbox 2397 2219 2722 2275; x_wconf 73' lang='lat' dir='ltr'><strong>Faventinze</strong></span> <span class='ocrx_word' id='word_1_493' title='bbox 2746 2237 2760 2276; x_wconf 89' lang='lat'><strong>:</strong></span> <span class='ocrx_word' id='word_1_494' title='bbox 2789 2235 2894 2274; x_wconf 92' lang='lat' dir='ltr'><strong>nec</strong></span> <span class='ocrx_word' id='word_1_495' title='bbox 2915 2217 3254 2291; x_wconf 88' lang='lat' dir='ltr'><strong>legendum,</strong></span> <span class='ocrx_word' id='word_1_496' title='bbox 3303 2215 3418 2272; x_wconf 89' lang='lat' dir='ltr'><strong>nisi</strong></span> <span class='ocrx_word' id='word_1_497' title='bbox 3475 2229 3641 2270; x_wconf 89' lang='lat' dir='ltr'><strong>men-</strong></span> 
     </span>
    </p>
   </div>
   <div class='ocr_carea' id='block_1_81' title="bbox 1989 2303 3639 2380">
    <p class='ocr_par' dir='ltr' id='par_1_81' title="bbox 1989 2303 3639 2380">
     <span class='ocr_line' id='line_1_82' title="bbox 1989 2303 3639 2380; baseline -0.005 -15"><span class='ocrx_word' id='word_1_498' title='bbox 1989 2311 2150 2380; x_wconf 90' lang='lat' dir='ltr'><strong>dose,</strong></span> <span class='ocrx_word' id='word_1_499' title='bbox 2186 2310 2551 2375; x_wconf 73' lang='lat' dir='ltr'><strong>Valentinum,</strong></span> <span class='ocrx_word' id='word_1_500' title='bbox 2585 2309 2686 2364; x_wconf 92' lang='lat' dir='ltr'><strong>sed</strong></span> <span class='ocrx_word' id='word_1_501' title='bbox 2725 2309 2983 2374; x_wconf 83' lang='lat' dir='ltr'><strong>Vallense,</strong></span> <span class='ocrx_word' id='word_1_502' title='bbox 3015 2305 3127 2376; x_wconf 89' lang='lat' dir='ltr'><strong>vel,</strong></span> <span class='ocrx_word' id='word_1_503' title='bbox 3159 2308 3226 2360; x_wconf 92' lang='lat' dir='ltr'><strong>ut</strong></span> <span class='ocrx_word' id='word_1_504' title='bbox 3271 2303 3370 2360; x_wconf 87' lang='lat' dir='ltr'><strong>alii</strong></span> <span class='ocrx_word' id='word_1_505' title='bbox 3394 2303 3639 2360; x_wconf 87' lang='lat' dir='ltr'><strong>.codices</strong></span> 
     </span>
    </p>
   </div>
   <div class='ocr_carea' id='block_1_82' title="bbox 1989 2391 3642 2468">
    <p class='ocr_par' dir='ltr' id='par_1_82' title="bbox 1989 2391 3642 2468">
     <span class='ocr_line' id='line_1_83' title="bbox 1989 2391 3642 2468; baseline -0.006 -12"><span class='ocrx_word' id='word_1_506' title='bbox 1989 2398 2230 2468; x_wconf 88' lang='lat' dir='ltr'><strong>habent,</strong></span> <span class='ocrx_word' id='word_1_507' title='bbox 2259 2397 2663 2465; x_wconf 80' lang='lat' dir='ltr'><strong>Valletanum,</strong></span> <span class='ocrx_word' id='word_1_508' title='bbox 2680 2396 2769 2454; x_wconf 90' lang='lat' dir='ltr'><strong>vel</strong></span> <span class='ocrx_word' id='word_1_509' title='bbox 2795 2395 3119 2454; x_wconf 80' lang='lat' dir='ltr'><strong>Valetense.</strong></span> <span class='ocrx_word' id='word_1_510' title='bbox 3144 2393 3226 2451; x_wconf 83' lang='lat' dir='ltr'><strong>lbi</strong></span> <span class='ocrx_word' id='word_1_511' title='bbox 3245 2391 3459 2452; x_wconf 81' lang='lat' dir='ltr'><strong>colitur</strong></span> <span class='ocrx_word' id='word_1_512' title='bbox 3477 2407 3642 2448; x_wconf 85' lang='lat' dir='ltr'><strong>sacer</strong></span> 
     </span>
    </p>
   </div>
   <div class='ocr_carea' id='block_1_83' title="bbox 1988 2481 3639 2560">
    <p class='ocr_par' dir='ltr' id='par_1_83' title="bbox 1988 2481 3639 2560">
     <span class='ocr_line' id='line_1_84' title="bbox 1988 2481 3639 2560; baseline -0.004 -17"><span class='ocrx_word' id='word_1_513' title='bbox 1988 2489 2254 2553; x_wconf 85' lang='lat' dir='ltr'><strong>Amatus,</strong></span> <span class='ocrx_word' id='word_1_514' title='bbox 2285 2488 2586 2560; x_wconf 86' lang='lat' dir='ltr'><strong>presbyter</strong></span> <span class='ocrx_word' id='word_1_515' title='bbox 2607 2490 2666 2542; x_wconf 89' lang='lat' dir='ltr'><strong>et</strong></span> <span class='ocrx_word' id='word_1_516' title='bbox 2702 2486 2884 2542; x_wconf 85' lang='lat' dir='ltr'><strong>abbas</strong></span> <span class='ocrx_word' id='word_1_517' title='bbox 2943 2481 3324 2550; x_wconf 88' lang='lat' dir='ltr'><strong>Tamirensis,</strong></span> <span class='ocrx_word' id='word_1_518' title='bbox 3369 2481 3450 2536; x_wconf 67' lang='lat'><strong>&#39;12</strong></span> <span class='ocrx_word' id='word_1_519' title='bbox 3495 2481 3639 2552; x_wconf 82' lang='lat' dir='ltr'><strong>Sep-</strong></span> 
     </span>
    </p>
   </div>
   <div class='ocr_carea' id='block_1_84' title="bbox 1987 2568 3638 2642">
    <p class='ocr_par' dir='ltr' id='par_1_84' title="bbox 1987 2568 3638 2642">
     <span class='ocr_line' id='line_1_85' title="bbox 1987 2568 3638 2642; baseline -0.005 -11"><span class='ocrx_word' id='word_1_520' title='bbox 1987 2575 2252 2631; x_wconf 89' lang='lat' dir='ltr'><strong>tembris.</strong></span> <span class='ocrx_word' id='word_1_521' title='bbox 2287 2577 2417 2632; x_wconf 87' lang='lat' dir='ltr'><strong>Fuit</strong></span> <span class='ocrx_word' id='word_1_522' title='bbox 2444 2577 2690 2630; x_wconf 87' lang='lat' dir='ltr'><strong>Amatus</strong></span> <span class='ocrx_word' id='word_1_523' title='bbox 2722 2573 3008 2637; x_wconf 80' lang='lat' dir='ltr'><strong>oriundus</strong></span> <span class='ocrx_word' id='word_1_524' title='bbox 3037 2568 3223 2638; x_wconf 88' lang='lat' dir='ltr'><strong>Valle,</strong></span> <span class='ocrx_word' id='word_1_525' title='bbox 3250 2573 3415 2642; x_wconf 91' lang='lat' dir='ltr'><strong>patre</strong></span> <span class='ocrx_word' id='word_1_526' title='bbox 3451 2568 3638 2624; x_wconf 85' lang='lat' dir='ltr'><strong>Theo-</strong></span> 
     </span>
    </p>
   </div>
   <div class='ocr_carea' id='block_1_85' title="bbox 1989 2657 3638 2736">
    <p class='ocr_par' dir='ltr' id='par_1_85' title="bbox 1989 2657 3638 2736">
     <span class='ocr_line' id='line_1_86' title="bbox 1989 2657 3638 2736; baseline -0.004 -17"><span class='ocrx_word' id='word_1_527' title='bbox 1989 2664 2132 2721; x_wconf 89' lang='lat' dir='ltr'><strong>dora</strong></span> <span class='ocrx_word' id='word_1_528' title='bbox 2162 2663 2420 2720; x_wconf 83' lang='lat' dir='ltr'><strong>Vallensi</strong></span> <span class='ocrx_word' id='word_1_529' title='bbox 2455 2663 2730 2736; x_wconf 84' lang='lat' dir='ltr'><strong>Hispano,</strong></span> <span class='ocrx_word' id='word_1_530' title='bbox 2757 2661 2864 2735; x_wconf 86' lang='lat' dir='ltr'><strong>qui</strong></span> <span class='ocrx_word' id='word_1_531' title='bbox 2905 2661 3070 2717; x_wconf 83' lang='lat' dir='ltr'><strong>duxit</strong></span> <span class='ocrx_word' id='word_1_532' title='bbox 3124 2675 3364 2716; x_wconf 83' lang='lat' dir='ltr'><strong>uxorem</strong></span> <span class='ocrx_word' id='word_1_533' title='bbox 3393 2657 3638 2714; x_wconf 31' lang='lat' dir='ltr'><strong>’Gratia-</strong></span> 
     </span>
    </p>
   </div>
   <div class='ocr_carea' id='block_1_86' title="bbox 1991 2746 3639 2825">
    <p class='ocr_par' dir='ltr' id='par_1_86' title="bbox 1991 2746 3639 2825">
     <span class='ocr_line' id='line_1_87' title="bbox 1991 2746 3639 2825; baseline -0.005 -16"><span class='ocrx_word' id='word_1_534' title='bbox 1991 2753 2185 2825; x_wconf 90' lang='lat' dir='ltr'><strong>nopoli</strong></span> <span class='ocrx_word' id='word_1_535' title='bbox 2217 2754 2273 2809; x_wconf 91' lang='lat' dir='ltr'><strong>in</strong></span> <span class='ocrx_word' id='word_1_536' title='bbox 2305 2753 2526 2810; x_wconf 86' lang='lat' dir='ltr'><strong>Gallia:</strong></span> <span class='ocrx_word' id='word_1_537' title='bbox 2588 2756 2760 2808; x_wconf 87' lang='lat' dir='ltr'><strong>natus</strong></span> <span class='ocrx_word' id='word_1_538' title='bbox 2813 2753 3088 2808; x_wconf 77' lang='lat' dir='ltr'><strong>est&#39;anno</strong></span> <span class='ocrx_word' id='word_1_539' title='bbox 3137 2750 3279 2816; x_wconf 84' lang='lat'>635;</span> <span class='ocrx_word' id='word_1_540' title='bbox 3340 2746 3486 2804; x_wconf 91' lang='lat' dir='ltr'><strong>obiit</strong></span> <span class='ocrx_word' id='word_1_541' title='bbox 3528 2763 3639 2802; x_wconf 32' lang='lat' dir='ltr'><strong>ran-</strong></span> 
     </span>
    </p>
   </div>
   <div class='ocr_carea' id='block_1_87' title="bbox 1990 2836 3637 2914">
    <p class='ocr_par' dir='ltr' id='par_1_87' title="bbox 1990 2836 3637 2914">
     <span class='ocr_line' id='line_1_88' title="bbox 1990 2836 3637 2914; baseline -0.005 -16"><span class='ocrx_word' id='word_1_542' title='bbox 1990 2860 2065 2898; x_wconf 91' lang='lat' dir='ltr'><strong>no</strong></span> <span class='ocrx_word' id='word_1_543' title='bbox 2094 2844 2233 2910; x_wconf 83' lang='lat'>695;</span> <span class='ocrx_word' id='word_1_544' title='bbox 2273 2842 2595 2898; x_wconf 87' lang='lat' dir='ltr'><strong>translatus</strong></span> <span class='ocrx_word' id='word_1_545' title='bbox 2653 2845 2855 2914; x_wconf 88' lang='lat' dir='ltr'><strong>postea</strong></span> <span class='ocrx_word' id='word_1_546' title='bbox 2903 2840 2979 2895; x_wconf 87' lang='lat' dir='ltr'><strong>ad</strong></span> <span class='ocrx_word' id='word_1_547' title='bbox 3026 2837 3358 2894; x_wconf 86' lang='lat' dir='ltr'><strong>Vallensem</strong></span> <span class='ocrx_word' id='word_1_548' title='bbox 3409 2836 3637 2902; x_wconf 86' lang='lat' dir='ltr'><strong>urbem,</strong></span> 
     </span>
    </p>
   </div>
   <div class='ocr_carea' id='block_1_88' title="bbox 1991 2923 3638 3003">
    <p class='ocr_par' dir='ltr' id='par_1_88' title="bbox 1991 2923 3638 3003">
     <span class='ocr_line' id='line_1_89' title="bbox 1991 2923 3638 3003; baseline -0.004 -16"><span class='ocrx_word' id='word_1_549' title='bbox 1991 2949 2144 2988; x_wconf 90' lang='lat' dir='ltr'><strong>anno</strong></span> <span class='ocrx_word' id='word_1_550' title='bbox 2167 2934 2311 3000; x_wconf 77' lang='lat'>712;</span> <span class='ocrx_word' id='word_1_551' title='bbox 2345 2937 2608 3003; x_wconf 90' lang='lat' dir='ltr'><strong>tempore.</strong></span> <span class='ocrx_word' id='word_1_552' title='bbox 2657 2935 3077 2985; x_wconf 82' lang='lat' dir='ltr'><strong>Saracenorum</strong></span> <span class='ocrx_word' id='word_1_553' title='bbox 3135 2927 3250 2982; x_wconf 88' lang='lat' dir='ltr'><strong>alio</strong></span> <span class='ocrx_word' id='word_1_554' title='bbox 3295 2923 3638 2981; x_wconf 87' lang='lat' dir='ltr'><strong>translatus.</strong></span> 
     </span>
    </p>
   </div>
   <div class='ocr_carea' id='block_1_89' title="bbox 2061 3013 3640 3084">
    <p class='ocr_par' dir='ltr' id='par_1_89' title="bbox 2061 3013 3640 3084">
     <span class='ocr_line' id='line_1_90' title="bbox 2061 3013 3640 3084; baseline -0.004 -8"><span class='ocrx_word' id='word_1_555' title='bbox 2061 3023 2149 3076; x_wconf 87' lang='lat'><strong>85.</strong></span> <span class='ocrx_word' id='word_1_556' title='bbox 2182 3022 2324 3078; x_wconf 88' lang='lat' dir='ltr'><strong>Cum</strong></span> <span class='ocrx_word' id='word_1_557' title='bbox 2359 3036 2548 3076; x_wconf 89' lang='lat' dir='ltr'><strong>essem</strong></span> <span class='ocrx_word' id='word_1_558' title='bbox 2582 3019 2778 3075; x_wconf 70' lang='lat' dir='ltr'><strong>Fuldsa</strong></span> <span class='ocrx_word' id='word_1_559' title='bbox 2810 3015 3306 3084; x_wconf 87' lang='lat' dir='ltr'><strong>bibliothecarius,</strong></span> <span class='ocrx_word' id='word_1_560' title='bbox 3347 3014 3528 3071; x_wconf 88' lang='lat' dir='ltr'><strong>incidi</strong></span> <span class='ocrx_word' id='word_1_561' title='bbox 3581 3013 3640 3070; x_wconf 90' lang='lat' dir='ltr'><strong>in</strong></span> 
     </span>
    </p>
   </div>
   <div class='ocr_carea' id='block_1_90' title="bbox 1990 3102 3638 3173">
    <p class='ocr_par' dir='ltr' id='par_1_90' title="bbox 1990 3102 3638 3173">
     <span class='ocr_line' id='line_1_91' title="bbox 1990 3102 3638 3173; baseline -0.005 -7"><span class='ocrx_word' id='word_1_562' title='bbox 1990 3111 2250 3167; x_wconf 88' lang='lat' dir='ltr'><strong>codicem</strong></span> <span class='ocrx_word' id='word_1_563' title='bbox 2281 3108 2662 3166; x_wconf 86' lang='lat' dir='ltr'><strong>conciliorum</strong></span> <span class='ocrx_word' id='word_1_564' title='bbox 2693 3107 3131 3173; x_wconf 85' lang='lat' dir='ltr'><strong>Toletanorum,</strong></span> <span class='ocrx_word' id='word_1_565' title='bbox 3173 3105 3233 3160; x_wconf 92' lang='lat' dir='ltr'><strong>in</strong></span> <span class='ocrx_word' id='word_1_566' title='bbox 3256 3102 3638 3170; x_wconf 84' lang='lat' dir='ltr'><strong>membranis,</strong></span> 
     </span>
    </p>
   </div>
   <div class='ocr_carea' id='block_1_91' title="bbox 1991 3191 3641 3270">
    <p class='ocr_par' dir='ltr' id='par_1_91' title="bbox 1991 3191 3641 3270">
     <span class='ocr_line' id='line_1_92' title="bbox 1991 3191 3641 3270; baseline -0.006 -14"><span class='ocrx_word' id='word_1_567' title='bbox 1991 3197 2202 3257; x_wconf 87' lang='lat' dir='ltr'><strong>litteris</strong></span> <span class='ocrx_word' id='word_1_568' title='bbox 2235 3197 2494 3254; x_wconf 90' lang='lat' dir='ltr'><strong>Gothicis</strong></span> <span class='ocrx_word' id='word_1_569' title='bbox 2523 3196 2831 3270; x_wconf 86' lang='lat' dir='ltr'><strong>scriptum,</strong></span> <span class='ocrx_word' id='word_1_570' title='bbox 2864 3213 3039 3270; x_wconf 90' lang='lat' dir='ltr'><strong>quem</strong></span> <span class='ocrx_word' id='word_1_571' title='bbox 3069 3193 3480 3252; x_wconf 83' lang='lat' dir='ltr'><strong>sanctissimus</strong></span> <span class='ocrx_word' id='word_1_572' title='bbox 3527 3191 3641 3248; x_wconf 87' lang='lat' dir='ltr'><strong>Eli-</strong></span> 
     </span>
    </p>
   </div>
   <div class='ocr_carea' id='block_1_92' title="bbox 1856 3275 3642 3360">
    <p class='ocr_par' dir='ltr' id='par_1_92' title="bbox 1856 3275 3642 3360">
     <span class='ocr_line' id='line_1_93' title="bbox 1856 3275 3642 3360; baseline -0.003 -18"><span class='ocrx_word' id='word_1_573' title='bbox 1856 3290 1878 3299; x_wconf 84' lang='lat'>&#39;</span> <span class='ocrx_word' id='word_1_574' title='bbox 1911 3275 1954 3342; x_wconf 88' lang='lat' dir='ltr'><strong>C</strong></span> <span class='ocrx_word' id='word_1_575' title='bbox 1992 3288 2221 3360; x_wconf 87' lang='lat' dir='ltr'><strong>pandus</strong></span> <span class='ocrx_word' id='word_1_576' title='bbox 2299 3285 2615 3342; x_wconf 90' lang='lat' dir='ltr'><strong>Toletanus</strong></span> <span class='ocrx_word' id='word_1_577' title='bbox 2698 3285 3174 3358; x_wconf 82' lang='lat' dir='ltr'><strong>archiepiscopus</strong></span> <span class='ocrx_word' id='word_1_578' title='bbox 3231 3283 3302 3338; x_wconf 89' lang='lat' dir='ltr'><strong>ad</strong></span> <span class='ocrx_word' id='word_1_579' title='bbox 3371 3280 3642 3338; x_wconf 87' lang='lat' dir='ltr'><strong>Carolum</strong></span> 
     </span>
    </p>
   </div>
   <div class='ocr_carea' id='block_1_93' title="bbox 1989 3369 3644 3448">
    <p class='ocr_par' dir='ltr' id='par_1_93' title="bbox 1989 3369 3644 3448">
     <span class='ocr_line' id='line_1_94' title="bbox 1989 3369 3644 3448; baseline -0.006 -16"><span class='ocrx_word' id='word_1_580' title='bbox 1989 3378 2268 3448; x_wconf 89' lang='lat' dir='ltr'><strong>Magnum</strong></span> <span class='ocrx_word' id='word_1_581' title='bbox 2299 3378 2629 3448; x_wconf 88' lang='lat' dir='ltr'><strong>Augustum</strong></span> <span class='ocrx_word' id='word_1_582' title='bbox 2657 3375 3104 3440; x_wconf 85' lang='lat' dir='ltr'><strong>transmiserat;</strong></span> <span class='ocrx_word' id='word_1_583' title='bbox 3139 3371 3338 3446; x_wconf 85' lang='lat' dir='ltr'><strong>ibique</strong></span> <span class='ocrx_word' id='word_1_584' title='bbox 3358 3369 3644 3442; x_wconf 88' lang='lat' dir='ltr'><strong>reperitur</strong></span> 
     </span>
    </p>
   </div>
   <div class='ocr_carea' id='block_1_94' title="bbox 1989 3465 3641 3531">
    <p class='ocr_par' dir='ltr' id='par_1_94' title="bbox 1989 3465 3641 3531">
     <span class='ocr_line' id='line_1_95' title="bbox 1989 3465 3641 3531; baseline -0.005 0"><span class='ocrx_word' id='word_1_585' title='bbox 1989 3475 2262 3531; x_wconf 91' lang='lat' dir='ltr'><strong>mutilum</strong></span> <span class='ocrx_word' id='word_1_586' title='bbox 2321 3472 2635 3530; x_wconf 88' lang='lat' dir='ltr'><strong>concilium</strong></span> <span class='ocrx_word' id='word_1_587' title='bbox 2667 3471 3015 3530; x_wconf 82' lang='lat' dir='ltr'><strong>Toletanum</strong></span> <span class='ocrx_word' id='word_1_588' title='bbox 3047 3469 3157 3526; x_wconf 88' lang='lat' dir='ltr'><strong>sub</strong></span> <span class='ocrx_word' id='word_1_589' title='bbox 3186 3467 3419 3526; x_wconf 81' lang='lat' dir='ltr'><strong>Juliano</strong></span> <span class='ocrx_word' id='word_1_590' title='bbox 3462 3465 3641 3522; x_wconf 78' lang='lat' dir='ltr'><strong>Tole-</strong></span> 
     </span>
    </p>
   </div>
   <div class='ocr_carea' id='block_1_95' title="bbox 1988 3553 3641 3634">
    <p class='ocr_par' dir='ltr' id='par_1_95' title="bbox 1988 3553 3641 3634">
     <span class='ocr_line' id='line_1_96' title="bbox 1988 3553 3641 3634; baseline -0.006 -14"><span class='ocrx_word' id='word_1_591' title='bbox 1988 3567 2125 3620; x_wconf 90' lang='lat' dir='ltr'><strong>tano</strong></span> <span class='ocrx_word' id='word_1_592' title='bbox 2183 3562 2641 3634; x_wconf 87' lang='lat' dir='ltr'><strong>archiepiscopo,</strong></span> <span class='ocrx_word' id='word_1_593' title='bbox 2701 3577 2815 3616; x_wconf 70' lang='lat' dir='ltr'><strong>aera</strong></span> <span class='ocrx_word' id='word_1_594' title='bbox 2870 3575 3138 3626; x_wconf 78' lang='lat' dir='ltr'><strong>anxvm,</strong></span> <span class='ocrx_word' id='word_1_595' title='bbox 3193 3572 3346 3613; x_wconf 91' lang='lat' dir='ltr'><strong>anno</strong></span> <span class='ocrx_word' id='word_1_596' title='bbox 3401 3554 3438 3609; x_wconf 83' lang='lat'>9</span> <span class='ocrx_word' id='word_1_597' title='bbox 3512 3553 3641 3629; x_wconf 77' lang='lat' dir='ltr'><strong>glo-</strong></span> 
     </span>
    </p>
   </div>
   <div class='ocr_carea' id='block_1_96' title="bbox 1988 3650 3638 3733">
    <p class='ocr_par' dir='ltr' id='par_1_96' title="bbox 1988 3650 3638 3733">
     <span class='ocr_line' id='line_1_97' title="bbox 1988 3650 3638 3733; baseline -0.005 -15"><span class='ocrx_word' id='word_1_598' title='bbox 1988 3661 2297 3718; x_wconf 87' lang='lat' dir='ltr'><strong>riosissimi</strong></span> <span class='ocrx_word' id='word_1_599' title='bbox 2331 3659 2484 3733; x_wconf 87' lang='lat' dir='ltr'><strong>regis</strong></span> <span class='ocrx_word' id='word_1_600' title='bbox 2513 3652 2796 3716; x_wconf 85' lang='lat' dir='ltr'><strong>Theudii:</strong></span> <span class='ocrx_word' id='word_1_601' title='bbox 2854 3657 3011 3732; x_wconf 86' lang='lat' dir='ltr'><strong>quod</strong></span> <span class='ocrx_word' id='word_1_602' title='bbox 3069 3654 3299 3710; x_wconf 89' lang='lat' dir='ltr'><strong>videtur</strong></span> <span class='ocrx_word' id='word_1_603' title='bbox 3347 3650 3638 3709; x_wconf 82' lang='lat' dir='ltr'><strong>nationale</strong></span> 
     </span>
    </p>
   </div>
   <div class='ocr_carea' id='block_1_97' title="bbox 1988 3739 3010 3819">
    <p class='ocr_par' dir='ltr' id='par_1_97' title="bbox 1988 3739 3010 3819">
     <span class='ocr_line' id='line_1_98' title="bbox 1988 3739 3010 3819; baseline -0.003 -12"><span class='ocrx_word' id='word_1_604' title='bbox 1988 3749 2322 3819; x_wconf 90' lang='lat' dir='ltr'><strong>concilium,</strong></span> <span class='ocrx_word' id='word_1_605' title='bbox 2354 3749 2439 3806; x_wconf 90' lang='lat' dir='ltr'><strong>sic</strong></span> <span class='ocrx_word' id='word_1_606' title='bbox 2464 3766 2477 3805; x_wconf 89' lang='lat'><strong>:</strong></span> <span class='ocrx_word' id='word_1_607' title='bbox 3001 3739 3010 3742; x_wconf 53' lang='grc'><strong>’</strong></span> 
     </span>
    </p>
   </div>
   <div class='ocr_carea' id='block_1_98' title="bbox 1989 3849 3634 3922">
    <p class='ocr_par' dir='ltr' id='par_1_98' title="bbox 1989 3849 3634 3922">
     <span class='ocr_line' id='line_1_99' title="bbox 1989 3849 3634 3922; baseline -0.005 -12"><span class='ocrx_word' id='word_1_608' title='bbox 1989 3858 2075 3912; x_wconf 83' lang='grc'><strong>86.</strong></span> <span class='ocrx_word' id='word_1_609' title='bbox 2110 3859 2172 3912; x_wconf 88' lang='lat' dir='ltr'><strong>In</strong></span> <span class='ocrx_word' id='word_1_610' title='bbox 2199 3857 2421 3911; x_wconf 73' lang='lat' dir='ltr'><strong>nomine</strong></span> <span class='ocrx_word' id='word_1_611' title='bbox 2448 3855 2670 3911; x_wconf 81' lang='lat' dir='ltr'><strong>Domini</strong></span> <span class='ocrx_word' id='word_1_612' title='bbox 2695 3855 2870 3910; x_wconf 58' lang='lat' dir='ltr'><strong>vostri</strong></span> <span class='ocrx_word' id='word_1_613' title='bbox 2891 3855 3013 3910; x_wconf 80' lang='lat' dir='ltr'><strong>Iesu</strong></span> <span class='ocrx_word' id='word_1_614' title='bbox 3043 3851 3246 3907; x_wconf 77' lang='lat' dir='ltr'><strong>Christi</strong></span> <span class='ocrx_word' id='word_1_615' title='bbox 3272 3849 3468 3922; x_wconf 87' lang='lat' dir='ltr'><strong>incipit</strong></span> <span class='ocrx_word' id='word_1_616' title='bbox 3509 3864 3634 3903; x_wconf 86' lang='lat' dir='ltr'><strong>con-</strong></span> 
     </span>
    </p>
   </div>
   <div class='ocr_carea' id='block_1_99' title="bbox 2057 3923 3634 3991">
    <p class='ocr_par' dir='ltr' id='par_1_99' title="bbox 2057 3923 3634 3991">
     <span class='ocr_line' id='line_1_100' title="bbox 2057 3923 3634 3991; baseline -0.006 -8"><span class='ocrx_word' id='word_1_617' title='bbox 2057 3930 2252 3983; x_wconf 82' lang='lat' dir='ltr'><strong>cilium</strong></span> <span class='ocrx_word' id='word_1_618' title='bbox 2279 3927 2592 3983; x_wconf 83' lang='lat' dir='ltr'><strong>Toletanum</strong></span> <span class='ocrx_word' id='word_1_619' title='bbox 2619 3927 2718 3983; x_wconf 86' lang='lat' dir='ltr'><strong>sub</strong></span> <span class='ocrx_word' id='word_1_620' title='bbox 2767 3926 3007 3991; x_wconf 77' lang='lat' dir='ltr'><strong>Iuliano,</strong></span> <span class='ocrx_word' id='word_1_621' title='bbox 3065 3925 3314 3980; x_wconf 79' lang='lat' dir='ltr'><strong>Toletano</strong></span> <span class='ocrx_word' id='word_1_622' title='bbox 3369 3923 3634 3991; x_wconf 76' lang='lat' dir='ltr'><strong>metropo-</strong></span> 
     </span>
    </p>
   </div>
   <div class='ocr_carea' id='block_1_100' title="bbox 2060 3996 3633 4065">
    <p class='ocr_par' dir='ltr' id='par_1_100' title="bbox 2060 3996 3633 4065">
     <span class='ocr_line' id='line_1_101' title="bbox 2060 3996 3633 4065; baseline -0.006 -11"><span class='ocrx_word' id='word_1_623' title='bbox 2060 4001 2251 4065; x_wconf 80' lang='lat' dir='ltr'><strong>litano,</strong></span> <span class='ocrx_word' id='word_1_624' title='bbox 2283 4000 2380 4054; x_wconf 83' lang='lat' dir='ltr'><strong>sub</strong></span> <span class='ocrx_word' id='word_1_625' title='bbox 2409 3998 2498 4054; x_wconf 83' lang='lat' dir='ltr'><strong>die</strong></span> <span class='ocrx_word' id='word_1_626' title='bbox 2526 4015 2617 4053; x_wconf 74' lang='lat' dir='ltr'><strong>xuv</strong></span> <span class='ocrx_word' id='word_1_627' title='bbox 2646 3999 2764 4053; x_wconf 86' lang='lat' dir='ltr'><strong>Kal.</strong></span> <span class='ocrx_word' id='word_1_628' title='bbox 2827 3996 3134 4053; x_wconf 84' lang='lat' dir='ltr'><strong>Decembris</strong></span> <span class='ocrx_word' id='word_1_629' title='bbox 3189 4010 3310 4052; x_wconf 65' lang='grc' dir='ltr'><strong>ιτνίι</strong></span> <span class='ocrx_word' id='word_1_630' title='bbox 3362 4007 3633 4058; x_wconf 83' lang='lat' dir='ltr'><strong>DLxxvuI,</strong></span> 
     </span>
    </p>
   </div>
   <div class='ocr_carea' id='block_1_101' title="bbox 2059 4067 3127 4140">
    <p class='ocr_par' dir='ltr' id='par_1_101' title="bbox 2059 4067 3127 4140">
     <span class='ocr_line' id='line_1_102' title="bbox 2059 4067 3127 4140; baseline -0.005 -14"><span class='ocrx_word' id='word_1_631' title='bbox 2059 4087 2203 4126; x_wconf 82' lang='lat' dir='ltr'><strong>anno</strong></span> <span class='ocrx_word' id='word_1_632' title='bbox 2231 4072 2266 4125; x_wconf 86' lang='lat'>9</span> <span class='ocrx_word' id='word_1_633' title='bbox 2295 4071 2682 4140; x_wconf 85' lang='lat' dir='ltr'><strong>gloriosissimi</strong></span> <span class='ocrx_word' id='word_1_634' title='bbox 2709 4070 2854 4138; x_wconf 85' lang='lat' dir='ltr'><strong>regis</strong></span> <span class='ocrx_word' id='word_1_635' title='bbox 2885 4067 3127 4124; x_wconf 74' lang='lat' dir='ltr'><strong>Theudii.</strong></span> 
     </span>
    </p>
   </div>
   <div class='ocr_carea' id='block_1_102' title="bbox 2062 4150 3634 4232">
    <p class='ocr_par' dir='ltr' id='par_1_102' title="bbox 2062 4150 3634 4232">
     <span class='ocr_line' id='line_1_103' title="bbox 2062 4150 3634 4232; baseline -0.005 -19"><span class='ocrx_word' id='word_1_636' title='bbox 2062 4158 2268 4232; x_wconf 77' lang='lat' dir='ltr'><strong>«Cum</strong></span> <span class='ocrx_word' id='word_1_637' title='bbox 2301 4174 2688 4232; x_wconf 76' lang='lat' dir='ltr'><strong>exconsensu</strong></span> <span class='ocrx_word' id='word_1_638' title='bbox 2720 4157 2944 4232; x_wconf 80' lang='lat' dir='ltr'><strong>domini</strong></span> <span class='ocrx_word' id='word_1_639' title='bbox 2985 4155 3167 4232; x_wconf 74' lang='lat' dir='ltr'><strong>nostri</strong></span> <span class='ocrx_word' id='word_1_640' title='bbox 3224 4150 3634 4232; x_wconf 73' lang='lat' dir='ltr'><strong>gloriosissimi</strong></span> 
     </span>
    </p>
   </div>
   <div class='ocr_carea' id='block_1_103' title="bbox 1988 4223 3634 4310">
    <p class='ocr_par' dir='ltr' id='par_1_103' title="bbox 1988 4223 3634 4310">
     <span class='ocr_line' id='line_1_104' title="bbox 1988 4223 3634 4310; baseline -0.005 -26"><span class='ocrx_word' id='word_1_641' title='bbox 1988 4229 2144 4310; x_wconf 73' lang='lat' dir='ltr'><strong>regis</strong></span> <span class='ocrx_word' id='word_1_642' title='bbox 2199 4229 2464 4310; x_wconf 44' lang='lat' dir='ltr'><strong>Theudiﬂi,</strong></span> <span class='ocrx_word' id='word_1_643' title='bbox 2543 4245 2800 4310; x_wconf 51' lang='lat' dir='ltr'><strong>omnes“</strong></span> <span class='ocrx_word' id='word_1_644' title='bbox 2837 4227 3139 4310; x_wconf 48' lang='lat' dir='ltr'><strong>Hispaniae</strong></span> <span class='ocrx_word' id='word_1_645' title='bbox 3177 4223 3634 4310; x_wconf 62' lang='lat' dir='ltr'><strong>metropolitani,</strong></span> 
     </span>
    </p>
   </div>
   <div class='ocr_carea' id='block_1_104' title="bbox 1988 4296 3635 4375">
    <p class='ocr_par' dir='ltr' id='par_1_104' title="bbox 1988 4296 3635 4375">
     <span class='ocr_line' id='line_1_105' title="bbox 1988 4296 3635 4375; baseline -0.005 -20"><span class='ocrx_word' id='word_1_646' title='bbox 1988 4296 2204 4375; x_wconf 73' lang='lat' dir='ltr'><strong>aliique</strong></span> <span class='ocrx_word' id='word_1_647' title='bbox 2228 4296 2549 4375; x_wconf 71' lang='lat' dir='ltr'><strong>pontifices</strong></span> <span class='ocrx_word' id='word_1_648' title='bbox 2568 4296 3062 4375; x_wconf 72' lang='lat' dir='ltr'><strong>consedissemus.</strong></span> <span class='ocrx_word' id='word_1_649' title='bbox 3095 4297 3297 4375; x_wconf 81' lang='lat' dir='ltr'><strong>Toleti,</strong></span> <span class='ocrx_word' id='word_1_650' title='bbox 3347 4296 3492 4375; x_wconf 79' lang='lat' dir='ltr'><strong>urbe</strong></span> <span class='ocrx_word' id='word_1_651' title='bbox 3547 4309 3635 4348; x_wconf 89' lang='lat' dir='ltr'><strong>re-</strong></span> 
     </span>
    </p>
   </div>
   <div class='ocr_carea' id='block_1_105' title="bbox 1987 4369 3635 4444">
    <p class='ocr_par' dir='ltr' id='par_1_105' title="bbox 1987 4369 3635 4444">
     <span class='ocr_line' id='line_1_106' title="bbox 1987 4369 3635 4444; baseline -0.006 -18"><span class='ocrx_word' id='word_1_652' title='bbox 1987 4369 2195 4444; x_wconf 57' lang='lat' dir='ltr'><strong>gia,&#39;in</strong></span> <span class='ocrx_word' id='word_1_653' title='bbox 2228 4369 2573 4444; x_wconf 46' lang='lat' dir='ltr'><strong>Basilicas.</strong></span> <span class='ocrx_word' id='word_1_654' title='bbox 2610 4369 2796 4444; x_wconf 66' lang='lat' dir='ltr'><strong>Maria}</strong></span> <span class='ocrx_word' id='word_1_655' title='bbox 2824 4369 3070 4444; x_wconf 72' lang='lat' dir='ltr'><strong>virginis</strong></span> <span class='ocrx_word' id='word_1_656' title='bbox 3110 4369 3447 4444; x_wconf 62' lang='lat' dir='ltr'><strong>secretario,</strong></span> <span class='ocrx_word' id='word_1_657' title='bbox 3482 4379 3635 4444; x_wconf 63' lang='lat' dir='ltr'><strong>qua;</strong></span> 
     </span>
    </p>
   </div>
   <div class='ocr_carea' id='block_1_106' title="bbox 1985 4435 3636 4518">
    <p class='ocr_par' dir='ltr' id='par_1_106' title="bbox 1985 4435 3636 4518">
     <span class='ocr_line' id='line_1_107' title="bbox 1985 4435 3636 4518; baseline -0.005 -22"><span class='ocrx_word' id='word_1_658' title='bbox 1985 4435 2238 4518; x_wconf 51' lang='lat' dir='ltr'><strong>vocatur</strong></span> <span class='ocrx_word' id='word_1_659' title='bbox 2254 4439 2637 4508; x_wconf 85' lang='lat' dir='ltr'><strong>Hierusalem,</strong></span> <span class='ocrx_word' id='word_1_660' title='bbox 2671 4446 2728 4495; x_wconf 91' lang='lat' dir='ltr'><strong>et</strong></span> <span class='ocrx_word' id='word_1_661' title='bbox 2757 4435 3367 4518; x_wconf 66' lang='lat' dir='ltr'><strong>de_sahc_t_issim_orum</strong></span> <span class='ocrx_word' id='word_1_662' title='bbox 3396 4435 3636 4518; x_wconf 75' lang='lat' dir='ltr'><strong>Patrum</strong></span> 
     </span>
    </p>
   </div>
   <div class='ocr_carea' id='block_1_107' title="bbox 1987 4507 3638 4582">
    <p class='ocr_par' dir='ltr' id='par_1_107' title="bbox 1987 4507 3638 4582">
     <span class='ocr_line' id='line_1_108' title="bbox 1987 4507 3638 4582; baseline -0.005 -15"><span class='ocrx_word' id='word_1_663' title='bbox 1987 4511 2296 4581; x_wconf 88' lang='lat' dir='ltr'><strong>institutis,</strong></span> <span class='ocrx_word' id='word_1_664' title='bbox 2355 4527 2765 4582; x_wconf 84' lang='lat' dir='ltr'><strong>canonumque</strong></span> <span class='ocrx_word' id='word_1_665' title='bbox 2823 4510 3090 4582; x_wconf 88' lang='lat' dir='ltr'><strong>decretis,</strong></span> <span class='ocrx_word' id='word_1_666' title='bbox 3141 4507 3364 4582; x_wconf 78' lang='lat' dir='ltr'><strong>debita</strong></span> <span class='ocrx_word' id='word_1_667' title='bbox 3405 4507 3638 4582; x_wconf 76' lang='lat' dir='ltr'><strong>mentio</strong></span> 
     </span>
    </p>
   </div>
   <div class='ocr_carea' id='block_1_108' title="bbox 1987 4573 3636 4657">
    <p class='ocr_par' dir='ltr' id='par_1_108' title="bbox 1987 4573 3636 4657">
     <span class='ocr_line' id='line_1_109' title="bbox 1987 4573 3636 4657; baseline -0.005 -19"><span class='ocrx_word' id='word_1_668' title='bbox 1987 4573 2335 4657; x_wconf 78' lang='lat' dir='ltr'><strong>haberetur;</strong></span> <span class='ocrx_word' id='word_1_669' title='bbox 2369 4581 2587 4657; x_wconf 81' lang='lat' dir='ltr'><strong>placuit</strong></span> <span class='ocrx_word' id='word_1_670' title='bbox 2627 4573 2815 4650; x_wconf 69' lang='lat' dir='ltr'><strong>nobis,</strong></span> <span class='ocrx_word' id='word_1_671' title='bbox 2849 4573 3137 4657; x_wconf 69' lang='lat' dir='ltr'><strong>omnibus</strong></span> <span class='ocrx_word' id='word_1_672' title='bbox 3165 4579 3224 4633; x_wconf 89' lang='lat' dir='ltr'><strong>in</strong></span> <span class='ocrx_word' id='word_1_673' title='bbox 3269 4592 3467 4657; x_wconf 77' lang='lat' dir='ltr'><strong>unum</strong></span> <span class='ocrx_word' id='word_1_674' title='bbox 3518 4573 3636 4630; x_wconf 88' lang='lat' dir='ltr'><strong>col-</strong></span> 
     </span>
    </p>
   </div>
   <div class='ocr_carea' id='block_1_109' title="bbox 1985 4651 3637 4730">
    <p class='ocr_par' dir='ltr' id='par_1_109' title="bbox 1985 4651 3637 4730">
     <span class='ocr_line' id='line_1_110' title="bbox 1985 4651 3637 4730; baseline -0.007 -19"><span class='ocrx_word' id='word_1_675' title='bbox 1985 4655 2174 4730; x_wconf 80' lang='lat' dir='ltr'><strong>lectis,</strong></span> <span class='ocrx_word' id='word_1_676' title='bbox 2204 4651 2455 4710; x_wconf 78' lang='lat' dir='ltr'><strong>tractare</strong></span> <span class='ocrx_word' id='word_1_677' title='bbox 2469 4655 2555 4730; x_wconf 90' lang='lat' dir='ltr'><strong>_de</strong></span> <span class='ocrx_word' id='word_1_678' title='bbox 2586 4670 2816 4730; x_wconf 76' lang='lat' dir='ltr'><strong>morum</strong></span> <span class='ocrx_word' id='word_1_679' title='bbox 2844 4651 3294 4730; x_wconf 72' lang='lat' dir='ltr'><strong>reformatione;</strong></span> <span class='ocrx_word' id='word_1_680' title='bbox 3325 4651 3470 4730; x_wconf 38' lang='lat' dir='ltr'><strong>ac-si</strong></span> <span class='ocrx_word' id='word_1_681' title='bbox 3498 4662 3637 4730; x_wconf 70' lang='lat' dir='ltr'><strong>qua:</strong></span> 
     </span>
    </p>
   </div>
   <div class='ocr_carea' id='block_1_110' title="bbox 1985 4720 3638 4800">
    <p class='ocr_par' dir='ltr' id='par_1_110' title="bbox 1985 4720 3638 4800">
     <span class='ocr_line' id='line_1_111' title="bbox 1985 4720 3638 4800; baseline -0.006 -18"><span class='ocrx_word' id='word_1_682' title='bbox 1985 4720 2217 4782; x_wconf 82' lang='lat' dir='ltr'><strong>decreta</strong></span> <span class='ocrx_word' id='word_1_683' title='bbox 2267 4730 2412 4800; x_wconf 79' lang='lat' dir='ltr'><strong>sunt</strong></span> <span class='ocrx_word' id='word_1_684' title='bbox 2465 4725 2535 4800; x_wconf 75' lang='lat' dir='ltr'><strong>in</strong></span> <span class='ocrx_word' id='word_1_685' title='bbox 2584 4724 2974 4800; x_wconf 89' lang='lat' dir='ltr'><strong>ante_rioribus</strong></span> <span class='ocrx_word' id='word_1_686' title='bbox 3026 4720 3308 4800; x_wconf 88' lang='lat' dir='ltr'><strong>conciliis,</strong></span> <span class='ocrx_word' id='word_1_687' title='bbox 3366 4722 3441 4800; x_wconf 39' lang='lat' dir='ltr'><strong>et.</strong></span> <span class='ocrx_word' id='word_1_688' title='bbox 3493 4721 3638 4800; x_wconf 79' lang='lat' dir='ltr'><strong>tem-</strong></span> 
     </span>
    </p>
   </div>
   <div class='ocr_carea' id='block_1_111' title="bbox 1986 4794 3636 4873">
    <p class='ocr_par' dir='ltr' id='par_1_111' title="bbox 1986 4794 3636 4873">
     <span class='ocr_line' id='line_1_112' title="bbox 1986 4794 3636 4873; baseline -0.007 -20"><span class='ocrx_word' id='word_1_689' title='bbox 1986 4814 2204 4873; x_wconf 74' lang='lat' dir='ltr'><strong>porum</strong></span> <span class='ocrx_word' id='word_1_690' title='bbox 2230 4798 2417 4852; x_wconf 87' lang='lat' dir='ltr'><strong>abusu</strong></span> <span class='ocrx_word' id='word_1_691' title='bbox 2448 4795 2655 4873; x_wconf 81' lang='lat' dir='ltr'><strong>deleta,</strong></span> <span class='ocrx_word' id='word_1_692' title='bbox 2696 4796 2887 4873; x_wconf 66' lang='lat' dir='ltr'><strong>denuo</strong></span> <span class='ocrx_word' id='word_1_693' title='bbox 2946 4799 3312 4873; x_wconf 71' lang='lat' dir='ltr'><strong>restaurare;</strong></span> <span class='ocrx_word' id='word_1_694' title='bbox 3339 4794 3398 4846; x_wconf 89' lang='lat' dir='ltr'><strong>et</strong></span> <span class='ocrx_word' id='word_1_695' title='bbox 3427 4794 3490 4873; x_wconf 76' lang='lat' dir='ltr'><strong>in</strong></span> <span class='ocrx_word' id='word_1_696' title='bbox 3506 4794 3636 4873; x_wconf 40' lang='lat' dir='ltr'><strong>&#39;pri-</strong></span> 
     </span>
    </p>
   </div>
   <div class='ocr_carea' id='block_1_112' title="bbox 1985 4864 3638 4932">
    <p class='ocr_par' dir='ltr' id='par_1_112' title="bbox 1985 4864 3638 4932">
     <span class='ocr_line' id='line_1_113' title="bbox 1985 4864 3638 4932; baseline -0.007 -5"><span class='ocrx_word' id='word_1_697' title='bbox 1985 4864 2100 4927; x_wconf 68' lang='lat' dir='ltr'><strong>inis</strong></span> <span class='ocrx_word' id='word_1_698' title='bbox 2130 4868 2307 4925; x_wconf 85' lang='lat' dir='ltr'><strong>ﬁdem</strong></span> <span class='ocrx_word' id='word_1_699' title='bbox 2333 4868 2518 4924; x_wconf 90' lang='lat' dir='ltr'><strong>sancti</strong></span> <span class='ocrx_word' id='word_1_700' title='bbox 2549 4866 2776 4923; x_wconf 90' lang='lat' dir='ltr'><strong>concilii</strong></span> <span class='ocrx_word' id='word_1_701' title='bbox 2807 4865 3043 4932; x_wconf 68' lang='lat' dir='ltr'><strong>Nicaeui,</strong></span> <span class='ocrx_word' id='word_1_702' title='bbox 3073 4864 3305 4927; x_wconf 87' lang='lat' dir='ltr'><strong>litteris,</strong></span> <span class='ocrx_word' id='word_1_703' title='bbox 3337 4864 3638 4917; x_wconf 87' lang='lat' dir='ltr'><strong>mentibus</strong></span> 
     </span>
    </p>
   </div>
   <div class='ocr_carea' id='block_1_113' title="bbox 1985 4939 3546 5015">
    <p class='ocr_par' dir='ltr' id='par_1_113' title="bbox 1985 4939 3546 5015">
     <span class='ocr_line' id='line_1_114' title="bbox 1985 4939 3546 5015; baseline 0.012 -20"><span class='ocrx_word' id='word_1_704' title='bbox 1985 4943 2042 4996; x_wconf 88' lang='lat' dir='ltr'><strong>et</strong></span> <span class='ocrx_word' id='word_1_705' title='bbox 2069 4940 2310 5015; x_wconf 77' lang='lat' dir='ltr'><strong>vocibus</strong></span> <span class='ocrx_word' id='word_1_706' title='bbox 2345 4939 2623 5015; x_wconf 71' lang='lat' dir='ltr'><strong>proﬁteri.</strong></span> <span class='ocrx_word' id='word_1_707' title='bbox 2811 5012 2817 5015; x_wconf 94' lang='lat'>_</span> <span class='ocrx_word' id='word_1_708' title='bbox 3167 5005 3232 5015; x_wconf 78' lang='lat'><strong>_-.</strong></span> <span class='ocrx_word' id='word_1_709' title='bbox 3506 5001 3546 5015; x_wconf 91' lang='lat'><strong>..</strong></span> 
     </span>
    </p>
   </div>
   <div class='ocr_carea' id='block_1_114' title="bbox 2059 5001 3632 5086">
    <p class='ocr_par' dir='ltr' id='par_1_114' title="bbox 2059 5001 3632 5086">
     <span class='ocr_line' id='line_1_115' title="bbox 2059 5001 3632 5086; baseline -0.003 -25"><span class='ocrx_word' id='word_1_710' title='bbox 2059 5033 2088 5061; x_wconf 85' lang='lat'>«</span> <span class='ocrx_word' id='word_1_711' title='bbox 2110 5001 2524 5086; x_wconf 44' lang='lat' dir='ltr'><strong>incipit-fides,</strong></span> <span class='ocrx_word' id='word_1_712' title='bbox 2577 5027 2611 5066; x_wconf 89' lang='lat' dir='ltr'><strong>a</strong></span> <span class='ocrx_word' id='word_1_713' title='bbox 2658 5012 2860 5086; x_wconf 73' lang='lat' dir='ltr'><strong>sancto</strong></span> <span class='ocrx_word' id='word_1_714' title='bbox 2891 5005 3137 5086; x_wconf 82' lang='lat' dir='ltr'><strong>c_oncilio</strong></span> <span class='ocrx_word' id='word_1_715' title='bbox 3166 5005 3432 5086; x_wconf 43' lang='lat' dir='ltr'><strong>Nicano‘</strong></span> <span class='ocrx_word' id='word_1_716' title='bbox 3455 5001 3632 5086; x_wconf 81' lang='lat' dir='ltr'><strong>edita.</strong></span> 
     </span>
    </p>
   </div>
   <div class='ocr_carea' id='block_1_115' title="bbox 1989 5073 3633 5147">
    <p class='ocr_par' dir='ltr' id='par_1_115' title="bbox 1989 5073 3633 5147">
     <span class='ocr_line' id='line_1_116' title="bbox 1989 5073 3633 5147; baseline -0.005 -9"><span class='ocrx_word' id='word_1_717' title='bbox 1989 5073 2268 5138; x_wconf 69' lang='lat' dir='ltr'><strong>Credimus</strong></span> <span class='ocrx_word' id='word_1_718' title='bbox 2315 5083 2377 5136; x_wconf 81' lang='lat' dir='ltr'><strong>in</strong></span> <span class='ocrx_word' id='word_1_719' title='bbox 2431 5073 2606 5136; x_wconf 66' lang='lat' dir='ltr'><strong>unum</strong></span> <span class='ocrx_word' id='word_1_720' title='bbox 2661 5081 2847 5144; x_wconf 80' lang='lat' dir='ltr'><strong>Deum,</strong></span> <span class='ocrx_word' id='word_1_721' title='bbox 2899 5081 3119 5136; x_wconf 78' lang='lat' dir='ltr'><strong>Patrem</strong></span> <span class='ocrx_word' id='word_1_722' title='bbox 3194 5073 3633 5147; x_wconf 75' lang='lat' dir='ltr'><strong>omnipotentem,</strong></span> 
     </span>
    </p>
   </div>
   <div class='ocr_carea' id='block_1_116' title="bbox 1986 5148 3370 5224">
    <p class='ocr_par' dir='ltr' id='par_1_116' title="bbox 1986 5148 3370 5224">
     <span class='ocr_line' id='line_1_117' title="bbox 1986 5148 3370 5224; baseline -0.007 -15"><span class='ocrx_word' id='word_1_723' title='bbox 1986 5158 2121 5223; x_wconf 89' lang='lat' dir='ltr'><strong>etc.,</strong></span> <span class='ocrx_word' id='word_1_724' title='bbox 2157 5169 2345 5224; x_wconf 89' lang='lat' dir='ltr'><strong>usque</strong></span> <span class='ocrx_word' id='word_1_725' title='bbox 2373 5153 2442 5208; x_wconf 89' lang='lat' dir='ltr'><strong>ad</strong></span> <span class='ocrx_word' id='word_1_726' title='bbox 2481 5153 2654 5208; x_wconf 82' lang='lat' dir='ltr'><strong>Vitam</strong></span> <span class='ocrx_word' id='word_1_727' title='bbox 2680 5153 2857 5222; x_wconf 82' lang='lat' dir='ltr'><strong>futuri</strong></span> <span class='ocrx_word' id='word_1_728' title='bbox 2883 5151 3086 5207; x_wconf 73' lang='lat' dir='ltr'><strong>saeculi.</strong></span> <span class='ocrx_word' id='word_1_729' title='bbox 3119 5148 3308 5204; x_wconf 81' lang='lat' dir='ltr'><strong>Amen.</strong></span> <span class='ocrx_word' id='word_1_730' title='bbox 3339 5169 3370 5200; x_wconf 86' lang='grc'><strong>››</strong></span> 
     </span>
    </p>
   </div>
   <div class='ocr_carea' id='block_1_117' title="bbox 2058 5244 3632 5321">
    <p class='ocr_par' dir='ltr' id='par_1_117' title="bbox 2058 5244 3632 5321">
     <span class='ocr_line' id='line_1_118' title="bbox 2058 5244 3632 5321; baseline -0.004 -15"><span class='ocrx_word' id='word_1_731' title='bbox 2058 5251 2309 5306; x_wconf 81' lang='lat' dir='ltr'><strong>Deerant</strong></span> <span class='ocrx_word' id='word_1_732' title='bbox 2334 5249 2392 5304; x_wconf 90' lang='lat' dir='ltr'><strong>in</strong></span> <span class='ocrx_word' id='word_1_733' title='bbox 2424 5249 2554 5321; x_wconf 86' lang='lat' dir='ltr'><strong>ipsa</strong></span> <span class='ocrx_word' id='word_1_734' title='bbox 2607 5248 2840 5320; x_wconf 82' lang='lat' dir='ltr'><strong>Synodo</strong></span> <span class='ocrx_word' id='word_1_735' title='bbox 2895 5244 3179 5303; x_wconf 83' lang='lat' dir='ltr'><strong>nonnulla</strong></span> <span class='ocrx_word' id='word_1_736' title='bbox 3235 5244 3395 5310; x_wconf 85' lang='lat' dir='ltr'><strong>folia,</strong></span> <span class='ocrx_word' id='word_1_737' title='bbox 3453 5247 3511 5300; x_wconf 87' lang='lat' dir='ltr'><strong>et</strong></span> <span class='ocrx_word' id='word_1_738' title='bbox 3559 5244 3632 5300; x_wconf 92' lang='lat' dir='ltr'><strong>ob</strong></span> 
     </span>
    </p>
   </div>
   <div class='ocr_carea' id='block_1_118' title="bbox 1985 5331 3633 5410">
    <p class='ocr_par' dir='ltr' id='par_1_118' title="bbox 1985 5331 3633 5410">
     <span class='ocr_line' id='line_1_119' title="bbox 1985 5331 3633 5410; baseline -0.005 -15"><span class='ocrx_word' id='word_1_739' title='bbox 1985 5337 2045 5395; x_wconf 89' lang='lat' dir='ltr'><strong>id</strong></span> <span class='ocrx_word' id='word_1_740' title='bbox 2079 5337 2361 5394; x_wconf 86' lang='lat' dir='ltr'><strong>nonnulla</strong></span> <span class='ocrx_word' id='word_1_741' title='bbox 2386 5336 2598 5410; x_wconf 84' lang='lat' dir='ltr'><strong>capita,</strong></span> <span class='ocrx_word' id='word_1_742' title='bbox 2631 5341 2688 5392; x_wconf 90' lang='lat' dir='ltr'><strong>et</strong></span> <span class='ocrx_word' id='word_1_743' title='bbox 2716 5336 2925 5409; x_wconf 83' lang='lat' dir='ltr'><strong>primo,</strong></span> <span class='ocrx_word' id='word_1_744' title='bbox 2965 5335 3156 5408; x_wconf 90' lang='lat' dir='ltr'><strong>prima</strong></span> <span class='ocrx_word' id='word_1_745' title='bbox 3186 5339 3438 5408; x_wconf 89' lang='lat' dir='ltr'><strong>quatuor</strong></span> <span class='ocrx_word' id='word_1_746' title='bbox 3475 5331 3633 5406; x_wconf 90' lang='lat' dir='ltr'><strong>capi-</strong></span> 
     </span>
    </p>
   </div>
   <div class='ocr_carea' id='block_1_119' title="bbox 1987 5425 3062 5499">
    <p class='ocr_par' dir='ltr' id='par_1_119' title="bbox 1987 5425 3062 5499">
     <span class='ocr_line' id='line_1_120' title="bbox 1987 5425 3062 5499; baseline -0.004 -15"><span class='ocrx_word' id='word_1_747' title='bbox 1987 5433 2046 5484; x_wconf 89' lang='lat' dir='ltr'><strong>ta</strong></span> <span class='ocrx_word' id='word_1_748' title='bbox 2070 5444 2081 5483; x_wconf 89' lang='lat'><strong>:</strong></span> <span class='ocrx_word' id='word_1_749' title='bbox 2117 5427 2385 5499; x_wconf 91' lang='lat' dir='ltr'><strong>sequitur</strong></span> <span class='ocrx_word' id='word_1_750' title='bbox 2409 5442 2540 5481; x_wconf 89' lang='lat' dir='ltr'><strong>vero</strong></span> <span class='ocrx_word' id='word_1_751' title='bbox 2570 5429 2746 5497; x_wconf 85' lang='lat' dir='ltr'><strong>caput</strong></span> <span class='ocrx_word' id='word_1_752' title='bbox 2766 5425 3062 5498; x_wconf 91' lang='lat' dir='ltr'><strong>quintum.</strong></span> 
     </span>
    </p>
   </div>
   <div class='ocr_carea' id='block_1_120' title="bbox 2057 5507 3632 5584">
    <p class='ocr_par' dir='ltr' id='par_1_120' title="bbox 2057 5507 3632 5584">
     <span class='ocr_line' id='line_1_121' title="bbox 2057 5507 3632 5584; baseline -0.006 -12"><span class='ocrx_word' id='word_1_753' title='bbox 2057 5516 2192 5572; x_wconf 79' lang='lat' dir='ltr'><strong>CAP.</strong></span> <span class='ocrx_word' id='word_1_754' title='bbox 2225 5515 2292 5569; x_wconf 87' lang='lat' dir='ltr'><strong>V.</strong></span> <span class='ocrx_word' id='word_1_755' title='bbox 2327 5519 2404 5571; x_wconf 84' lang='lat' dir='ltr'><strong>De</strong></span> <span class='ocrx_word' id='word_1_756' title='bbox 2430 5514 2641 5570; x_wconf 79' lang='lat' dir='ltr'><strong>clericis</strong></span> <span class='ocrx_word' id='word_1_757' title='bbox 2670 5513 2828 5584; x_wconf 78' lang='lat' dir='ltr'><strong>ﬁctis.</strong></span> <span class='ocrx_word' id='word_1_758' title='bbox 2863 5545 2929 5553; x_wconf 98' lang='lat'>—</span> <span class='ocrx_word' id='word_1_759' title='bbox 2965 5535 2987 5562; x_wconf 75' lang='grc' dir='ltr'><strong>(ι</strong></span> <span class='ocrx_word' id='word_1_760' title='bbox 3023 5511 3226 5570; x_wconf 90' lang='lat' dir='ltr'><strong>Clerici</strong></span> <span class='ocrx_word' id='word_1_761' title='bbox 3257 5511 3356 5584; x_wconf 90' lang='lat' dir='ltr'><strong>qui</strong></span> <span class='ocrx_word' id='word_1_762' title='bbox 3410 5525 3472 5565; x_wconf 91' lang='lat' dir='ltr'><strong>se</strong></span> <span class='ocrx_word' id='word_1_763' title='bbox 3518 5507 3632 5563; x_wconf 81' lang='lat' dir='ltr'><strong>tin-</strong></span> 
     </span>
    </p>
   </div>
   <div class='ocr_carea' id='block_1_121' title="bbox 1986 5583 3626 5661">
    <p class='ocr_par' dir='ltr' id='par_1_121' title="bbox 1986 5583 3626 5661">
     <span class='ocr_line' id='line_1_122' title="bbox 1986 5583 3626 5661; baseline -0.005 -19"><span class='ocrx_word' id='word_1_764' title='bbox 1986 5591 2133 5661; x_wconf 77' lang='lat' dir='ltr'><strong>gunt</strong></span> <span class='ocrx_word' id='word_1_765' title='bbox 2162 5585 2390 5661; x_wconf 33' lang='lat' dir='ltr'><strong>habitu‘</strong></span> <span class='ocrx_word' id='word_1_766' title='bbox 2405 5588 2463 5661; x_wconf 84' lang='lat' dir='ltr'><strong>et</strong></span> <span class='ocrx_word' id='word_1_767' title='bbox 2493 5585 2727 5661; x_wconf 85' lang='lat' dir='ltr'><strong>nomine</strong></span> <span class='ocrx_word' id='word_1_768' title='bbox 2753 5583 3068 5661; x_wconf 87' lang='lat' dir='ltr'><strong>monachos</strong></span> <span class='ocrx_word' id='word_1_769' title='bbox 3126 5583 3291 5640; x_wconf 35' lang='lat' dir='ltr'><strong>esse.’</strong></span> <span class='ocrx_word' id='word_1_770' title='bbox 3318 5624 3332 5638; x_wconf 95' lang='lat'><strong>.</strong></span> <span class='ocrx_word' id='word_1_771' title='bbox 3376 5621 3389 5636; x_wconf 94' lang='lat'><strong>.</strong></span> <span class='ocrx_word' id='word_1_772' title='bbox 3421 5620 3449 5661; x_wconf 39' lang='grc' dir='ltr'><strong>ο.</strong></span> <span class='ocrx_word' id='word_1_773' title='bbox 3493 5619 3509 5634; x_wconf 92' lang='grc'><strong>.</strong></span> <span class='ocrx_word' id='word_1_774' title='bbox 3553 5621 3567 5661; x_wconf 55' lang='grc' dir='ltr'>ε</span> <span class='ocrx_word' id='word_1_775' title='bbox 3605 5599 3626 5627; x_wconf 73' lang='grc' dir='ltr'><strong>ι</strong></span> 
     </span>
    </p>
   </div>
   <div class='ocr_carea' id='block_1_122' title="bbox 2057 5650 3631 5730">
    <p class='ocr_par' dir='ltr' id='par_1_122' title="bbox 2057 5650 3631 5730">
     <span class='ocr_line' id='line_1_123' title="bbox 2057 5650 3631 5730; baseline -0.008 -14"><span class='ocrx_word' id='word_1_776' title='bbox 2057 5659 2191 5716; x_wconf 76' lang='lat' dir='ltr'><strong>CAP.</strong></span> <span class='ocrx_word' id='word_1_777' title='bbox 2227 5656 2327 5730; x_wconf 69' lang='lat' dir='ltr'><strong>VI.</strong></span> <span class='ocrx_word' id='word_1_778' title='bbox 2355 5656 2416 5713; x_wconf 89' lang='lat' dir='ltr'><strong>Si</strong></span> <span class='ocrx_word' id='word_1_779' title='bbox 2435 5657 2718 5730; x_wconf 68' lang='lat' dir='ltr'><strong>presbyter</strong></span> <span class='ocrx_word' id='word_1_780' title='bbox 2744 5659 3060 5730; x_wconf 54' lang='lat' dir='ltr'><strong>cantumrm</strong></span> <span class='ocrx_word' id='word_1_781' title='bbox 3082 5650 3631 5730; x_wconf 62' lang='lat' dir='ltr'><strong>mommunicqndus</strong></span> 
     </span>
    </p>
   </div>
   <div class='ocr_carea' id='block_1_123' title="bbox 1987 5721 3632 5801">
    <p class='ocr_par' dir='ltr' id='par_1_123' title="bbox 1987 5721 3632 5801">
     <span class='ocr_line' id='line_1_124' title="bbox 1987 5721 3632 5801; baseline -0.006 -15"><span class='ocrx_word' id='word_1_782' title='bbox 1987 5733 2083 5786; x_wconf 80' lang='lat' dir='ltr'><strong>est.</strong></span> <span class='ocrx_word' id='word_1_783' title='bbox 2115 5760 2184 5772; x_wconf 89' lang='lat'><strong><em>—</em></strong></span> <span class='ocrx_word' id='word_1_784' title='bbox 2214 5751 2242 5780; x_wconf 88' lang='lat'>«</span> <span class='ocrx_word' id='word_1_785' title='bbox 2275 5727 2332 5784; x_wconf 90' lang='lat' dir='ltr'><strong>Si</strong></span> <span class='ocrx_word' id='word_1_786' title='bbox 2364 5721 2498 5800; x_wconf 77' lang='lat' dir='ltr'><strong>quis</strong></span> <span class='ocrx_word' id='word_1_787' title='bbox 2529 5721 2828 5801; x_wconf 75' lang='lat' dir='ltr'><strong>presbyter</strong></span> <span class='ocrx_word' id='word_1_788' title='bbox 2857 5726 2929 5784; x_wconf 89' lang='lat' dir='ltr'><strong>ab</strong></span> <span class='ocrx_word' id='word_1_789' title='bbox 2972 5726 3244 5798; x_wconf 85' lang='lat' dir='ltr'><strong>episcopo</strong></span> <span class='ocrx_word' id='word_1_790' title='bbox 3300 5738 3406 5780; x_wconf 86' lang='lat' dir='ltr'><strong>suo</strong></span> <span class='ocrx_word' id='word_1_791' title='bbox 3456 5721 3632 5778; x_wconf 80' lang='lat' dir='ltr'><strong>fuerit</strong></span> 
     </span>
    </p>
   </div>
  </div>
