4064 6182
238 308 388 369 1157

1252 306 2083 373 PSEUDO-LIUTPRANDI
2128 312 2234 376 AD
2247 316 2662 382 VERSARIA.

3512 331 3683 393 1158‘

230 441 425 514 jussit,
454 442 512 496 et
553 437 863 494 Victorem
894 436 1317 515 presbyterum
1369 444 1435 498 16
1478 443 1569 499 die
1626 439 1899 516 Augusti,
1931 440 1988 509 Α
2091 445 2213 504 162.
2248 449 2503 507 Concilio
2532 452 2857 512 Arelatensi
2896 456 3085 528 primo
3116 460 3431 531 praesident
3459 461 3674 529 Hosius

240 532 386 587 anno
416 525 652 584 Domini
685 526 817 596 950,
851 544 986 583 cum
1018 543 1125 600 ego
1157 544 1320 585 cram
1350 532 1557 587 Tolcti.

308 620 426 675 151.
458 614 689 672 Natalis
721 615 1035 689 episcopus
1086 616 1405 676 Toletanus
1457 620 1726 676 interfuit
1770 637 1907 676 con-

242 708 366 765 cilio
396 703 753 772 Romano,in
786 718 902 777 quo
931 705 1130 778 gratiae
1150 711 1293 762 sunt
1323 713 1463 764 actae
1497 713 1734 782 propter
1762 714 1911 765 Con-

246 794 478 855 stantini
508 794 905 865 baptismum,
938 811 1091 850 anno
1122 795 1228 850 32/4
1264 796 1534 853 interfuit
1563 803 1620 853 et
1650 798 1909 854 subscri-

248 887 359 960 psit
386 883 632 942 concilio
664 882 899 939 Nicaeno
935 900 948 939 :
980 884 1329 941 muneribus
1377 886 1635 942 donatus
1677 905 1711 943 a
1740 892 1911 943 Cons-

248 974 464 1032 tantino
496 988 633 1029 cum
668 972 848 1028 Hosio
898 972 1072 1029 rediit
1119 973 1386 1041 Romam,
1433 973 1575 1031 inde
1616 975 1910 1044 Toletum,

250 1063 345 1122 ubi
374 1065 589 1120 statuta
619 1061 858 1117 concilii
886 1061 1176 1135 generalis
1208 1062 1424 1119 servari
1465 1063 1623 1119 fecit.

320 1154 437 1208 152.
470 1151 675 1207 Eidem
723 1151 1167 1222 Constantinus,
1207 1167 1275 1207 ex
1325 1152 1681 1209 auctoritate
1728 1154 1916 1211 sancti

251 1240 501 1299 Silvestri
560 1238 789 1295 summi
848 1239 1167 1312 pontiﬁcis,
1226 1240 1505 1311 injunxit,
1560 1244 1632 1296 ut
1679 1242 1915 1315 primati

254 1332 440 1405 (cujus
469 1328 792 1402 primatum
824 1327 886 1383 in
919 1327 1164 1384 concilio
1210 1329 1444 1384 Nicaeno
1497 1331 1915 1387 conﬁrmatum

254 1421 362 1491 est)
399 1423 464 1474 ut
515 1418 730 1474 comite
778 1416 956 1474 Hosio
1002 1418 1366 1473 Cordubensi
1401 1419 1646 1489 juberet
1698 1420 1917 1494 inquiri

251 1513 467 1566 veteres
485 1506 883 1579 Hispanorum
914 1506 1362 1578 episcopatuum
1396 1507 1709 1577 terminos,
1740 1514 1797 1565 ct
1820 1526 1919 1566 eos

256 1596 533 1655 renovari.
565 1595 727 1659 Quod
760 1595 985 1651 factum
1017 1597 1108 1651 est
1138 1612 1239 1667 per
1265 1598 1424 1652 totos
1450 1599 1678 1668 septem
1710 1614 1917 1669 annos,

255 1686 344 1743 vel
374 1700 594 1754 novem,
629 1682 913 1756 delegatis
934 1682 1307 1756 singularum
1339 1685 1763 1757 metropolium
1798 1687 1917 1759 epi-

2022 536 2079 587 et
2110 535 2226 593 duo
2259 541 2599 613 presbyteri,
2636 542 2802 600 missi
2833 562 2867 600 a
2895 545 3184 603 Silvestre.
3213 550 3430 604 Habuit
3465 550 3676 606 oratio-

2020 639 2155 711 nem
2187 626 2407 683 Natalis
2438 630 2773 701 Toletanus,
2808 637 2865 688 et
2894 635 3131 707 scripsit
3158 637 3471 709 epistolam
3502 655 3679 711 syno-

2021 710 2215 770 dicam
2233 714 2253 783 ;’
2270 716 2380 772 fuit
2408 734 2442 771 a
2472 719 2710 776 secretis
2742 721 2971 778 concilii
3002 741 3135 780 cum
3168 724 3302 782 alio.

2096 800 2219 857 163.
2258 805 2604 864 Toletanum
2636 809 2980 881 primatum,
3040 814 3355 885 adjuvante
3384 814 3584 885 Hosio,
3618 816 3679 873 in

2024 891 2269 947 concilio
2300 893 2530 951 Nicaeno
2562 897 2920 955 declaratum
2952 908 3058 957 est.

2099 980 2221 1036 164,
2257 982 2351 1037 Bis
2371 984 2529 1039 venit
2559 985 2888 1044 Cordubam
2920 991 3296 1061 Athanasius,
3322 992 3547 1050 habitis
3573 994 3680 1050 ibi-

2026 1067 2161 1124 dem
2221 1070 2452 1127 duobus
2507 1075 2790 1145 conciliis,
2826 1080 3005 1134 semel
3065 1097 3218 1137 anno
3273 1082 3399 1150 350,
3463 1082 3682 1142 iterum

2027 1171 2182 1212 anno
2209 1158 2334 1214 356.

2099 1246 2223 1301 165.
2257 1246 2420 1303 Prior
2449 1250 2834 1321 Sardicensis,
2869 1271 2937 1309 ex
2966 1256 3340 1330 Theophane,
3367 1262 3685 1322 confirmat

2028 1333 2342 1390 concilium
2375 1337 2735 1410 Sardicense,
2759 1342 2849 1397 cui
2880 1342 3195 1401 Toletanus
3215 1345 3484 1404 interfuit
3513 1350 3685 1409 Nata-

2029 1419 2124 1488 lis,
2157 1426 2214 1477 et
2244 1424 2625 1483 Athanasium
2652 1433 2709 1484 et
2737 1429 2982 1486 Paulum
3014 1432 3283 1493 absolvit.

2104 1512 2225 1566 166.
2258 1513 2305 1566 A
2334 1515 2696 1587 temporibus
2728 1520 3125 1589 apostolorum
3151 1523 3409 1583 maxima
3437 1544 3683 1587 consue-

2029 1600 2197 1667 tudo,
2229 1604 2286 1655 et
2314 1604 2579 1673 quaedam
2610 1605 2862 1662 fraterna
2883 1610 3148 1678 societas,
3181 1610 3333 1668 inter
3360 1614 3680 1675 Ecclesiam

2028 1687 2370 1746 Toletanam
2401 1696 2458 1748 et
2486 1694 2997 1754 Mediolanensem.

260 1775 471 1849 scepis,
501 1773 598 1847 qui
633 1789 734 1845 per
773 1772 1046 1829 homines
1089 1772 1345 1828 locorum
1401 1773 1623 1846 peritos
1676 1776 1732 1830 id
1781 1774 1917 1832 sciri
1950 1813 2000 1878 B
2250 1779 2654 1878 Athenodorus
2686 1784 2996 1878 episcopus
3020 1788 3225 1846 Plateaa
3256 1791 3317 1847 in
3348 1792 3680 1863 Celtiberia,

262 1867 548 1922 curarent.

334 1955 455 2010 153.
482 1950 705 2008 Natalis
754 1950 1074 2008 Toletanus
1118 1951 1190 2006 ab
1235 1950 1440 2007 exsilio
1486 1953 1743 2022 rediens,
1778 1954 1919 2010 dum

263 2041 571 2099 Mediolani
601 2044 1023 2106 commoratur,
1056 2038 1225 2111 pulso
1257 2040 1317 2095 in
1363 2041 1638 2098 exsilium
1672 2044 1920 2100 sanctis-

264 2133 414 2188 simo
439 2129 776 2203 Dionysio,a
796 2128 1104 2185 catholicis
1127 2128 1584 2187 Mediolanensis
1607 2132 1921 2205 episcopus

264 2220 498 2293 eligitur
531 2238 543 2276 :
577 2218 678 2292 qui
707 2218 844 2275 licet
871 2234 933 2275 se
963 2217 1213 2290 gesserit
1241 2222 1307 2273 ut
1334 2214 1587 2275 vicarius
1616 2219 1801 2287 illius,
1833 2238 1921 2276 re-

266 2311 380 2366 bus
407 2313 525 2364 tam
556 2308 830 2380 praeclare
874 2306 1058 2380 gestis
1118 2306 1331 2374 floruit,
1365 2312 1431 2363 ut
1485 2308 1543 2362 in
1604 2326 1919 2365 numerum

270 2403 605 2456 sanctorum
639 2397 854 2453 relatus
886 2396 1072 2451 fuisse
1103 2396 1517 2452 dicatur.0biit
1539 2398 1764 2453 mensis
1786 2399 1923 2455 Maii

270 2504 424 2544 anno
454 2488 578 2554 354,
606 2487 694 2541 vir
724 2491 964 2542 sanctus
996 2491 1053 2541 et
1083 2486 1311 2541 doctus.

344 2575 467 2632 154.
499 2578 749 2632 Sanctus
794 2575 1106 2648 episcopus
1136 2574 1357 2631 Natalis
1404 2574 1739 2647 Toletanus,
1792 2583 1926 2650 post

274 2664 748 2733 Mediolanensis,
783 2662 990 2720 Vitalis
1038 2663 1282 2735 Hispani
1307 2663 1466 2720 ﬁlius
1497 2664 1630 2732 fuit,
1662 2682 1844 2737 nepos
1865 2672 1922 2724 S.

273 2753 495 2810 Natalis
524 2752 877 2810 confessoris
920 2752 1207 2820 Romani;
1241 2753 1525 2809 successit
1551 2757 1609 2809 S.
1648 2752 1925 2813 Melantio

275 2842 592 2899 confessori
626 2859 639 2897 :
675 2842 942 2897 interfuit
972 2840 1216 2897 concilio
1248 2841 1568 2898 Arelatensi
1591 2858 1629 2912 ι,
1663 2843 1926 2901 Romano

276 2932 387 2987 sub
414 2930 710 3001 Silvestre,
739 2934 796 2987 et
823 2930 1091 2998 Nicaeae;
1126 2933 1259 3001 post
1306 2930 1442 2987 ﬁdei
1490 2946 1668 2987 causa
1705 2934 1927 2991 missus

275 3020 335 3076 in
367 3019 661 3087 exsilium,
714 3035 1003 3087 reversus,
1049 3018 1362 3074 Mediolani
1413 3019 1724 3092 episccpus
1770 3020 1929 3095 eligi-

274 3114 399 3177 tur;
433 3112 672 3164 sanctus
702 3107 969 3162 moritur.

2032 1864 2120 1921 vel
2149 1866 2662 1937 Thuriasonensis,
2708 1874 3020 1932 comitatus
3077 1883 3168 1935 est
3225 1887 3501 1940 sanctum
3530 1885 3684 1941 Vita-

2032 1954 2169 2020 lcm,
2206 1961 2264 2011 et
2295 1964 2425 2029 post
2453 1965 2701 2015 mortem
2733 1962 2883 2017 redit
2928 1965 2999 2019 ad
3046 1968 3245 2024 sedem
3277 1986 3470 2042 suam,
3503 1972 3682 2030 inter-

2034 2043 2264 2116 fuitque
2296 2047 2543 2104 concilio
2570 2050 2898 2108 Sardicensi
2927 2070 2940 2118 ;
2970 2054 3056 2109 vir
3084 2056 3218 2127 pius
3250 2061 3309 2114 et
3337 2061 3681 2119 catholicus.

2104 2129 2229 2186 168.
2263 2132 2594 2203 Severinus,
2649 2146 3034 2210 cognomento
3076 2143 3411 2216 Euphrada,
3446 2155 3684 2207 sanctus

2033 2223 2090 2275 et
2120 2220 2466 2290 catholicus,
2501 2228 2678 2296 atque
2727 2228 2870 2283 adeo
2915 2246 3069 2285 unus
3101 2248 3169 2287 ex
3217 2234 3425 2308 legatis
3455 2239 3684 2295 concilii

2034 2308 2417 2378 Sardicensis,
2453 2313 2832 2369 substituitur
2870 2317 3213 2389 Euphradae,
3266 2324 3456 2394 primo
3504 2326 3684 2396 hujus

2032 2396 2309 2464 nominis,
2342 2400 2774 2472 Agrippinensi,
2808 2403 3079 2462 haeretica
3110 2410 3397 2481 deposito.

2105 2485 2227 2540 169.
2260 2487 2317 2541 S.
2354 2487 2684 2559 Gerontius,
2718 2509 2754 2545 x
2783 2492 3108 2566 Episcopus
3147 2499 3558 2573 Trajectensis,
3593 2506 3684 2561 di-

2033 2574 2185 2629 citur
2213 2575 2519 2649 privilegio
2568 2579 2847 2650 peculiari
2890 2582 3106 2641 vixisse
3153 2586 3272 2644 fere
3313 2607 3449 2659 cccc
3478 2610 3682 2653 annos.

2033 2662 2129 2719 Sic
2158 2663 2327 2718 multi
2360 2672 2650 2723 auctores.

2104 2751 2228 2807 170.
2257 2752 2317 2807 S.
2354 2753 2565 2811 Hosius
2594 2757 2904 2831 episcopus
2932 2759 3329 2825 Cordubensis
3360 2776 3556 2831 sancte
3587 2790 3688 2831 ca-

2037 2840 2364 2912 tholiceque
2395 2842 2676 2900 Cordubae
2710 2847 2959 2905 moritur
3000 2851 3098 2909 die
3129 2854 3163 2909 3
3193 2856 3352 2928 Maii,
3386 2877 3502 2933 quo
3546 2863 3688 2920 cele-

2033 2930 2243 2985 bratur
2272 2936 2488 2988 sanctae
2520 2935 2713 2991 crucis
2752 2936 3010 2994 inventio
3042 2944 3245 3014 (quam
3290 2930 3687 3009 celebritatem

2036 3018 2163 3090 ipse
2193 3018 2442 3089 petierat
2473 3039 2507 3077 a
2540 3021 2816 3080 Silvestro
2846 3026 3350 3106 Constantinoque
3390 3038 3691 3112 celebrari)

2037 3121 2188 3160 anno
2234 3107 2361 3177 360,
2393 3125 2526 3164 cum
2561 3117 2715 3167 esset
2772 3130 3063 3173 annorum
3127 3122 3247 3192 110,
3302 3107 3689 3196 praesentibus

347 3199 467 3253 155.
499 3194 710 3253 Vitalis
738 3200 903 3269 pater
931 3196 1110 3268 hujus
1161 3196 1216 3250 in
1266 3196 1549 3271 Hispania
1596 3200 1768 3253 natus
1818 3201 1924 3254 est.
1959 3180 2002 3247 C
2042 3193 2589 3287 multis-episcopis
2642 3203 2699 3254 et
2727 3201 2866 3257 viris
2913 3180 3687 3287 religiosis,ldatoﬂveneno;

273 3287 402 3355 Qui,
435 3286 674 3355 veniens
702 3284 763 3341 in
798 3284 1046 3352 Italiam,
1081 3286 1283 3359 genuit
1344 3287 1404 3342 S.
1464 3284 1748 3353 Natalem,
1798 3292 1931 3359 post

271 3376 607 3432 Thermedze
639 3374 699 3430 in
733 3373 1077 3446 Carpetania
1108 3374 1299 3446 priore
1348 3375 1596 3455 conjuge
1633 3375 1926 3443 defuncta,

273 3465 440 3520 duxit
473 3464 794 3536 Hispanam
841 3479 854 3517 :
897 3479 964 3518 ex
1010 3480 1127 3535 qua
1168 3465 1374 3534 genuit
1417 3468 1650 3518 sanctos
1700 3464 1926 3534 fratres,

272 3554 509 3609 Justum
542 3557 599 3608 et
628 3551 1241 3624 Pastorem,martyrcs
1257 3550 1930 3625 Complutenses.ltaque

275 3646 441 3699 erant
468 3642 678 3698 fratres
708 3639 807 3696 isti
839 3643 1146 3712 martyres,
1178 3644 1235 3697 et
1263 3639 1486 3696 Natalis
1516 3639 1931 3711 Toletanus,ex

316 3737 456 3787 atre.

274 3748 470 3875 pallii;
505 3820 564 3875 S.
598 3818 863 3875 Isidorus
892 3817 1255 3889 Hispalensis
1286 3818 1524 3890 scripsit
1550 3816 1765 3875 librum
1798 3820 1931 3875 Pro-

276 3908 586 3982 phetarum
622 3925 635 3964 :
664 3923 842 3979 quem
874 3922 980 3978 ego
1010 3906 1130 3961 vidi
1161 3907 1445 3980 scriptum
1478 3906 1679 3979 lingua
1701 3908 1926 3978 Latina,

277 3996 538 4062 Gothica,
569 3994 797 4069 vulgari
828 3994 1087 4067 Hispana
1115 3999 1171 4050 et
1200 3996 1462 4052 Arabica.

350 4087 471 4142 157.
506 4084 790 4150 Marinus,
821 4082 909 4139 vel
939 4084 1301 4155 Camerinus,
1325 4084 1633 4157 episcopus
1662 4085 1926 4143 Tuccita-

279 4192 411 4243 nus,
471 4174 571 4247 qui
624 4172 893 4228 interfuit
945 4172 1187 4230 concilio
1232 4173 1605 4241 Illiberitano,
1638 4191 1792 4232 anno
1823 4176 1928 4231 300

275 4268 542 4335 tempore
572 4261 1291 4334 persecutionis,Mclantii
1326 4262 1696 4331 confessoris,
1732 4269 1787 4320 et
1818 4264 1927 4321 Na-

277 4350 411 4408 talis
442 4349 801 4407 successoris
829 4349 1207 4422 coepiscopus
1229 4350 1584 4418 fuit,Dicitur
1614 4368 1648 4407 a
1681 4353 1924 4424 quibus-

277 4440 415 4495 dam
438 4438 776 4495 interfuisse
807 4435 1153 4505 conciliis,et
1183 4439 1253 4494 ad
1285 4439 1443 4494 hunc
1475 4439 1781 4512 scripsisse
1798 4459 1927 4498 san-

276 4531 434 4583 ctum
466 4526 802 4600 pontiﬁcem
825 4524 1205 4582 Melchiadem
1231 4527 1360 4596 ;sed
1380 4527 1588 4583 Dexter
1604 4528 1783 4600 hujus
1810 4548 1925 4587 non
1955 4551 2004 4617 D

276 4616 568 4673 meminit.

350 4706 475 4761 158.
507 4707 656 4759 Sunt
704 4703 807 4776 qui
858 4702 1057 4760 dicant
1084 4703 1348 4761 Natalem
1400 4705 1577 4762 etiam
1609 4705 1723 4763 dici
1756 4708 1929 4764 Mari-

276 4811 444 4861 num,
475 4793 565 4850 vel
598 4793 994 4861 Camerinum,
1026 4794 1128 4849 sed
1160 4810 1488 4868 perperam.

350 4885 476 4939 159.
512 4881 848 4950 Patruinus,
881 4882 1187 4951 Paternus,
1214 4883 1300 4939 vel
1346 4883 1751 4957 Paternianus,
1796 4904 1925 4944 suc-

275 4972 432 5029 cedit
458 4971 519 5027 in
551 4973 686 5028 sede
713 4970 1008 5027 Toletana.
1042 4972 1177 5027 Post
1204 4988 1406 5027 novem
1430 4977 1486 5029 et
1514 4974 1718 5047 viginti
1742 4994 1926 5033 annos

274 5062 652 5135 episcopatus
682 5060 925 5117 secessit
953 5059 1012 5116 in
1040 5059 1409 5116 Palmstinam
1435 5080 1448 5131 ;
1480 5061 1562 5117 ibi
1611 5064 1675 5119 ﬁt
1723 5082 1925 5121 mona-

272 5151 447 5217 chus,
480 5153 537 5206 et
587 5154 753 5222 pater
799 5148 1416 5219 monachorum;mox
1462 5150 1774 5226 episcopus
1823 5156 1925 5225 fit;

272 5238 528 5294 moritur
558 5239 747 5310 major
774 5239 1128 5295 centenario.

328 5328 473 5383 ¹160.
508 5326 871 5383 Maurentius
901 5327 1030 5397 ejus
1058 5328 1148 5384 vel
1178 5328 1379 5398 frater,
1426 5328 1513 5386 vel
1564 5331 1927 5390 archidiaco-

271 5434 415 5485 nus,
446 5420 685 5473 secutus
717 5420 825 5472 est.

328 5504 475 5561 '161.
507 5503 792 5572 Marinus,
816 5503 905 5561 vel
934 5506 1295 5574 Camerinus,
1326 5507 1517 5583 factus
1566 5513 1657 5569 est
1702 5511 1924 5587 episco-

271 5610 393 5673 pus
421 5592 805 5653 Arelatensis.

2039 3282 2194 3353 quod
2226 3281 2309 3337 illi
2333 3284 2827 3358 jussitpropinari
2841 3290 3222 3355 Constantius
3245 3300 3303 3355 in
3330 3304 3531 3360 odium
3555 3281 3690 3363 ﬁdei

2039 3370 2334 3426 catholica
2361 3373 2519 3444 ;quia
2539 3374 2807 3433 noluerat
2825 3380 3176 3441 Arianorum
3200 3395 3417 3446 sectam
3444 3393 3687 3466 impiam

2039 3458 2268 3529 sectari,
2301 3464 2367 3515 ut
2395 3461 2563 3517 multi
2612 3466 2904 3521 testantur
2952 3471 3291 3544 scriptores.
3344 3480 3470 3552 Ipse
3517 3458 3692 3539 testa-

2038 3551 2236 3603 mento
2267 3552 2519 3606 testatus
2551 3555 2640 3607 est
2670 3568 2733 3608 se
2764 3555 2911 3610 mori
2942 3557 3002 3611 in
3035 3560 3151 3617 ﬁde
3179 3566 3407 3622 concilii
3450 3569 3687 3640 Nicaani,

2039 3640 2095 3691 et
2124 3636 2399 3692 detestari
2425 3638 2640 3711 dogma
2670 3640 2920 3714 impium
2949 3646 3324 3720 Arianorum,
3355 3659 3413 3711 et
3458 3657 3560 3730 qui
3590 3636 3689 3717 eos

2037 3731 2447 3796 sequerentur,
2480 3744 2905 3803 nunquamque
2950 3733 3108 3805 (licet
3149 3740 3237 3795 vis
3286 3741 3372 3797 illi
3422 3744 3499 3800 sit
3528 3745 3693 3805 illata

2036 3830 2142 3886 per
2168 3815 2483 3883 tormenta,
2515 3819 2580 3871 ut
2608 3820 3071 3880 communicaret
3088 3826 3283 3885 Sirmii
3308 3848 3442 3888 cum
3464 3834 3690 3894 valente
3784 3872 3787 3873 ν

2036 3906 2093 3958 et
2122 3901 2378 3978 Ursacio)
2411 3903 2582 3960 aliter
2610 3908 2868 3965 sensisse
2898 3917 3001 3968 aut
3030 3917 3402 3986 prmdicasse.

2110 3992 2232 4047 171.
2266 3992 2403 4082 Post
2432 3993 2686 4050 reditum
2717 4013 2787 4053 ex
2826 3998 2970 4056 urbe
3018 4002 3254 4077 Sirmio,
3300 4009 3540 4082 scripsit
3586 4013 3695 4070 Ho-

2036 4080 2159 4135 sius
2189 4080 2499 4153 epistolam
2530 4084 3034 4162 Constantio,quae
3065 4092 3270 4166 incipit
3297 4114 3311 4153 ε
3340 4080 3450 4170 Ego
3477 4105 3695 4174 confes-

2034 4170 2204 4225 sionis
2234 4188 2434 4228 munus
2461 4173 2686 4245 c'rplevi.

2107 4257 2234 4313 172.
2268 4264 2497 4327 Petrus,
2531 4268 2916 4349 cognomento
2958 4266 3226 4338 Pulcher,
3259 4276 3317 4328 et
3345 4274 3419 4329 ob
3449 4274 3688 4349 elegan-

2035 4346 2180 4403 tiam
2212 4349 2332 4405 oris
2363 4353 2420 4404 et
2450 4348 2635 4405 multo
2676 4352 2865 4425 magis
2892 4354 2966 4409 ob
3016 4373 3246 4413 morum
3294 4346 3687 4434 sanctitatem,

2036 4436 2176 4492 dum
2191 4442 2463 4511 peragrat
2475 4436 2602 4494 loca
2618 4450 2721 4494 san
2730 4443 3326 4518 cta,archiepiscopus
3346 4448 3684 4521 Toletanus,

2035 4526 2304 4582 Damasci
2335 4526 2795 4598 comprehensus
2827 4546 2862 4585 a
2890 4531 3277 4601 Saracenis,et
3308 4536 3689 4597 horribilibus

2036 4614 2333 4673 cruciatus
2362 4615 2755 4689 suppliciis,et
2784 4618 2841 4673 in
2875 4637 3108 4677 crucem
3140 4626 3528 4692 actus,nobile
3546 4646 3687 4686 con-

2038 4706 2356 4761 summavit
2386 4705 2732 4779 martyrium
2765 4724 2916 4764 anno
2948 4710 3179 4766 Domini
3208 4714 3331 4768 752.
3720 4764 3725 4769 .

2110 4795 2232 4850 173.
2268 4796 2392 4851 1)υο
2442 4795 2680 4851 fuerunt
2719 4796 3140 4872 archiepiscopi
3189 4800 3451 4859 Toletani
3499 4808 3689 4865 vocati

2037 4883 2288 4956 Olympii
2323 4902 2335 4939 :
2370 4883 2518 4939 alter
2546 4900 2615 4939 ex
2644 4886 2915 4958 episcopo
2961 4888 3243 4955 Thraciae,
3293 4891 3381 4946 vir
3422 4902 3684 4967 sanctus,

2037 4972 2135 5046 qui
2171 4972 2453 5030 successit
2482 4972 2880 5047 Natali,cujus
2912 4977 3267 5034 meminitD.
3298 4967 3685 5057 Augustinus;

2035 5062 2181 5119 alter
2210 5064 2311 5135 qui
2350 5061 2615 5118 interfuit
2660 5063 2935 5119 Toletano
2984 5065 3251 5135 concilio,
3302 5085 3371 5125 ex
3416 5071 3687 5149 episcopo

2036 5151 2380 5220 Oxomensi;
2410 5155 2655 5223 uterque
2684 5156 2879 5211 tamen
2912 5154 3126 5211 nobilis
3155 5158 3423 5231 scriptor.

2108 5243 2230 5297 174.
2266 5242 2469 5297 Petrus
2498 5240 2746 5297 Pulcher
2789 5244 3025 5315 scripsit
3071 5245 3143 5301 ad
3187 5246 3542 5309 Clementem
3575 5253 3687 5327 pri-

2036 5347 2202 5388 mum
2233 5331 2571 5404 episcopum
2603 5331 3031 5405 Hispalensem,
3064 5333 3423 5411 clerumque,
3457 5347 3523 5398 ut
3565 5342 3687 5414 pri-

2037 5437 2186 5486 mas,
2219 5420 2375 5492 quod
2406 5436 2558 5475 anno
2591 5421 2701 5475 747
2731 5420 3162 5481 celebraverunt
3212 5431 3480 5485 sanctum
3527 5429 3685 5486 diem

2036 5509 2269 5566 Paschae
2294 5509 2364 5564 29
2396 5507 2608 5576 Martii,
2641 5524 2775 5564 cum
2807 5511 3357 5571 essetcelebrandus
3383 5519 3419 5571 2
3445 5515 3684 5589 Aprilis.

2036 5597 2355 5675 Rescripsit
2383 5611 2516 5655 vero
2543 5594 2835 5669 Clemens,
2867 5601 2925 5659 et
2953 5598 3165 5672 clerus,
3197 5602 3417 5681 gratias
3446 5616 3647 5684 agens,
