4108 6198
537 275 692 343 1183

1617 271 1989 348 FOLOUINI
2034 272 2100 338 S.
2143 271 2459 338 BEBTINI
2503 269 2863 338 MONACHI

3755 277 3863 342 1184

531 416 578 472 Π
609 422 697 472 est
727 413 909 472 di’visé
937 429 1006 470 en
1036 411 1187 469 deux
1215 409 1407 483 livres,
1438 410 1712 483 precedes
1735 410 1908 483 d’une
1937 408 2072 464 liste
2102 409 2204 464 des
2235 409 2415 483 abbés
2443 409 2514 463 de
2543 409 2948 483 Saint-Bertin.
2985 409 3060 465 Le
3093 409 3365 483 premier
3395 408 3538 465 livre
3569 425 3626 465 se
3656 425 3860 483 campose

534 489 604 545 de
633 489 894 543 soixante
924 489 981 542 et
1012 503 1092 540 un
1125 482 1414 556 cbapitres
1441 480 1499 556 et
1527 481 1579 536 le
1611 481 1821 556 second
1855 481 1926 535 de
1979 480 2485 556 quatre-vingt-un
2515 484 2598 556 ;_a
2639 480 2696 536 la
2725 481 2879 556 suite
2925 480 3490 556 sontftranscrites
3513 499 3585 536 ou
3635 480 3860 555 analy'sées

527 576 667 616 onze
697 559 927 642 chartas
953 551 1292 642 constatant
1315 555 1401 610 les
1432 552 1842 642 donationsloii
1891 551 2273 642 acqu‘isitions
2303 551 2652 642 immeu‘blejs
2683 552 3012 642 afl‘c‘ctées‘a
3044 552 3429 642 l’aqmdne'rie
3460 553 3537 642 dgu
3581 551 3854 642 monasteria,

529 647 595 687 ce
625 632 724 703 qui
756 631 948 710 donne
979 645 1059 682 un
1088 627 1230 709 total
1261 627 1331 681 de
1362 622 2162 703 quatre-vingt-douze’chapi

526 701 629 782 ble‘
650 704 752 782 des
783 701 1073 782 chapitres
1103 701 1308 782 sorites
1340 701 1374 752 ἐι
1399 697 1454 752 la
1474 699 1586 751 tete
1616 697 1695 750 du
1726 699 2052 782 manuscrit
2071 695 2142 748 de

2271 640 2296 678 s
2344 639 2490 693 pour
2519 623 2572 678 lc
2603 624 2907 706 deuxieme
2936 623 3100 705 livre.
3135 625 3218 680 0n
3249 625 3382 679 voit
3417 627 3604 679 meme
3631 641 3719 696 par
3739 625 3780 679 la
3802 631 3858 680 ta-

2271 693 2482 782 ilogne,
2517 710 2630 782 que
2652 695 3034 782 lendeuxu‘ame
3065 694 3204 782 l‘ivre
3232 695 3591 782 defolquinl
3615 712 3858 782 se‘compo-

527 773 639 830 sait
669 764 1149 851 primitivement,‘
1174 771 1322 851 dans
1353 785 1415 823 ce
1445 765 1787 849 manuscrit,
1819 766 1900 851 d‘e‘
1920 764 2514 851 quatrezvingt-trteri‘ze
2535 764 2839 851 “chapitrps
2867 784 2878 835 ;
2905 766 3131 851 ωρῑ8ηιθ
3164 767 3404 822 del-Hier
3435 764 3731 822 ῖρυίιιθιάη
3753 764 3859 823 γοὶυ,

528 862 623 918 me
651 835 824 918 ayant
854 841 1230 918 étéAarraché,
1263 839 1302 894 il
1333 855 1587 918 manque
1619 836 1990 918 aujourd’hui
2023 835 2074 891 le
2101 835 2359 918 chapitre
2389 838 2457 892 93
2491 841 2638 918 tout‘
2662 835 2855 918 entier
2881 842 2937 918 et
2966 837 3022 893 la
3051 839 3130 894 {in
3163 839 3241 894 du
3303 838 3575 909 chapitre
3601 839 3683 900 92,
3710 837 3860 911 lequel,

527 907 881 989 ainsi'qu’on
913 914 1032 971 s’en
1065 929 1371 986 apercevra
1386 907 1738 975 facilement,
1772 912 1862 964 est
1892 907 2208 979 incomplet
2239 907 2384 964 dans
2421 911 2583 964 notre
2613 909 2833 964 édition
2863 909 2940 983 (9)

522 1141 841 1212 Boulogne,

593 1068 666 1142 (9)
696 1068 836 1139 Voy.
870 1083 928 1142 p.
965 1067 1065 1122 168
1095 1064 1166 1142 de
1195 1061 1694 1142 l’editnG‘uérard.‘
1715 1059 1788 1114 Ce
1817 1059 2076 1140 chapitre
2104 1060 2172 1122 93
2205 1062 2385 1129 porte,
2422 1059 2569 1114 dans
2588 1057 2658 1142 .l‘a
2697 1059 2980 1142 table_des
3012 1061 3306 1142 chapitres
3341 1061 3426 1117 du
3485 1062 3774 1118 manuscrit
3813 1062 3858 1118 de

648 1068 666 1194 ἰ
696 1068 836 1139 Voy.
965 1068 1065 1122 168
1095 1068 1166 1149 de
1196 1068 1372 1117 l'édit.
1402 1068 1678 1142 Guérard.
1715 1068 1788 1114 Ue
1817 1068 2076 1140 chapitre
2104 1068 2172 1122 9:5
2205 1068 2385 1129 porte,
2422 1068 2569 1114 dans
2588 1068 2658 1140 .la
2697 1068 2849 1116 table
2879 1068 2980 1116 des
3012 1068 3304 1133 chapitres

671 1155 841 1204 ogne,
893 1155 922 1194 e
955 1151 1196 1192 numero
1229 1136 1316 1202 95,
1349 1137 1406 1188 et
1433 1132 1486 1188 le
1507 1131 1767 1204 chapitre
1789 1148 1888 1203 qui
1918 1147 2172 1204 manque
2201 1147 2274 1186 au
2307 1135 2629 1186 manuscrit
2657 1136 2820 1204 porte
2851 1131 2912 1188 lu
2944 1136 3188 1190 numero
3212 1134 3304 1188 94.

525 1311 3865 1347 W

1145 1459 1911 1586 FOLQUINI
2023 1459 3294 1580 CHARTULAltlUM

1512 1694 1700 1769 (Apud
1731 1697 1796 1748 D.
1830 1693 2110 1760 Guérard,
2141 1693 2454 1750 Cartulaz're
2482 1693 2548 1751 de
2569 1694 2724 1752 Saz'nt
2753 1697 2995 1767 Bertin.)

2014 1855 2409 1868 Μ

1531 1989 1932 2078 INCIPIT
1990 1989 2322 2076 LIBER
2379 1991 2843 2080 PRIMUS.

587 2297 650 2356 In
683 2293 920 2353 nomine
949 2292 1160 2348 sanctae
1191 2292 1249 2344 et
1280 2285 1595 2342 individua:
1617 2283 1947 2340 Trinitatis.
1974 2287 2039 2339 In
2060 2284 2163 2339 hoc
2192 2287 2249 2351 Α
2275 2285 2541 2342 vocabuli
2572 2287 2810 2360 ponitur
2837 2285 3052 2357 littera,
3085 2303 3152 2344 eo
3201 2288 3364 2363 quod
3399 2286 3476 2343 ab
3523 2287 3646 2364 ipsa
3690 2302 3862 2356 semper

519 2387 716 2446 codice
745 2387 909 2459 gesta
939 2381 1216 2438 abbatum
1245 2375 1558 2433 Sithiensis
1578 2373 1826 2430 cwnobii
1847 2375 1919 2430 de
1937 2390 2162 2446 promc-

517 2495 579 2537 re
609 2475 932 2548 cupientes,
955 2469 1042 2527 vel
1075 2466 1515 2542 possessionum
1547 2463 1913 2532 traditiones,
1967 2481 2094 2536 quae
2126 2480 2160 2519 a

516 2565 790 2623 fidelibus
821 2562 931 2619 sub
962 2558 1138 2615 unius
1168 2557 1574 2627 cujuscunque
1605 2552 1841 2609 illorum
1875 2557 2160 2624 tempore,

518 2672 682 2716 sacro
713 2651 848 2710 huic
880 2650 1026 2717 loco,
1061 2663 1195 2704 cum
1228 2650 1522 2701 certarum
1573 2642 1970 2715 inscriptione,
2023 2646 2162 2698 sunt

517 2759 825 2809 concessa,
859 2738 1190 2796 describere
1218 2733 1498 2799 volentes,
1532 2750 1566 2788 a
1593 2732 1779 2804 primo
1813 2731 2002 2804 ipsius
2048 2729 2160 2786 loci

518 2836 827 2897 structore,
874 2829 1089 2884 domno
1139 2824 1392 2891 Bertino,
1444 2823 1686 2889 abbate;
1739 2821 1933 2893 operis
1982 2820 2159 2890 hujus

516 2918 817 2977 exordium
851 2929 1158 2971 sumamus
1179 2911 1428 2968 Christo.

731 3007 773 3062 Ι.
799 3004 1061 3074 Prologus
1086 2999 1347 3072 Folquz’ni
1388 2998 1565 3053 levita
1593 3000 1645 3053 et
1669 2996 1942 3051 monachi.

587 3096 751 3163 Quod
787 3091 1159 3164 omnipotens
1190 3093 1344 3144 Deus
1374 3102 1526 3160 saepe
1557 3084 1681 3142 suis
1734 3083 2004 3140 ﬁdelibus
2043 3085 2158 3140 duo

515 3181 914 3244 retributionis
944 3179 1184 3254 pramia
1212 3175 1477 3245 dederit,,
1513 3191 1697 3230 unum
1729 3174 1788 3230 in
1820 3174 2001 3245 hujus
2031 3173 2157 3230 vitae

514 3270 1001 3351 peregrinatione,
1065 3266 1315 3323 alterum
1345 3264 1405 3319 in
1439 3267 1716 3337 perpetua
1767 3279 2157 3334 supernorum

513 3349 962 3436 tranquillitate,
996 3356 1139 3414 satis
1168 3359 1370 3411 sancta
1401 3352 1697 3426 paginula,
1731 3349 2026 3424 sapienter
2056 3369 2157 3406 an-

515 3452 692 3510 serini
723 3448 974 3508 vomeris
996 3445 1182 3504 cultro
1204 3443 1448 3510 sulcata,
1471 3441 1974 3514 perscrutantibus
1999 3445 2158 3512 pate-

516 3543 671 3598 fecit.
690 3556 824 3596 nam
839 3538 934 3594 hic
948 3534 1417 3610 quamplurimos
1430 3531 1583 3604 apud
1599 3529 2157 3602 homines,quandiu

513 3626 1007 3688 vivuntalmiﬂuis
1028 3624 1310 3690 virtutum
1334 3619 1633 3676 miraculis
1655 3619 2013 3675 coruscando
2035 3635 2160 3673 ma-

516 3719 732 3776 nifesta
761 3733 908 3789 quos
938 3719 1141 3788 postea
1170 3715 1230 3768 in
1261 3715 1475 3767 aeterna
1515 3708 1876 3781 quietudine,
1910 3724 2013 3780 pro
2069 3707 2161 3762 sui

515 3807 735 3867 laboris
762 3805 994 3870 sudore,
1019 3803 1316 3875 quiescere
1339 3796 1751 3873 perpetualitcr
1773 3801 2025 3868 prmstat.
2051 3795 2162 3852 Un-

518 3899 590 3954 dc
621 3911 853 3968 quoque
877 3894 964 3958 ﬁt,
979 3898 1064 3962 ut,
1085 3906 1284 3948 eorum
1302 3886 1910 3953 memorialaudando,
1931 3902 2164 3957 semper

519 3985 854 4057 magniﬁcet
875 3982 934 4036 in
959 3979 1149 4047 terris,
1165 3993 1413 4051 quorum
1432 3974 1836 4048 perpetuitatis
1853 3973 2162 4030 nominain

520 4071 855 4130 cmlestibus
867 4067 1314 4125 conscribantur
1335 4064 1504 4121 albis.
1531 4065 1684 4118 Inter
1704 4080 1850 4135 quos
1863 4063 2032 4119 nobis
2045 4081 2160 4136 prae

519 4160 744 4220 caeteris
766 4176 921 4215 unus
940 4172 1136 4214 coram
1159 4155 1274 4212 Deo
1298 4152 1687 4226 prasentique
1709 4150 1942 4218 saeculo,
1977 4152 2164 4208 carior

519 4249 790 4307 consistit
819 4250 1132 4320 patronus;
1166 4243 1266 4316 qui
1297 4241 1450 4299 visui
1506 4245 1716 4296 nostrae
1758 4240 1994 4306 mentis,
2028 4257 2161 4296 cum

519 4340 638 4398 alta
669 4351 934 4412 supernae
968 4331 1364 4390 meditationis
1410 4329 1693 4396 ascendit,
1737 4329 2028 4402 gloriosus
2061 4347 2162 4402 ap-

518 4432 686 4505 paret
711 4424 890 4484 veluti
921 4440 1134 4480 aureus
1165 4421 1358 4490 Titan,
1391 4435 1523 4476 cum
1557 4435 1702 4475 novo
1734 4434 1926 4486 mane,
1963 4434 2167 4474 crocea

518 4519 860 4590 relinquens
890 4511 1108 4572 cubilia
1131 4507 1553 4583 septemplicia,
1607 4506 1867 4580 praeclari
1897 4506 2163 4575 luminis,

519 4625 624 4682 per
651 4611 842 4662 totum
875 4601 1115 4676 proclivi
1147 4597 1342 4656 saeculi
1375 4593 1682 4652 rotabilem
1704 4595 1924 4663 orbem,
1951 4595 2167 4668 fugatis

519 4695 800 4760 tenebris,
832 4709 941 4750 sua
963 4689 1178 4748 emittit
1199 4685 1451 4760 spicula;
1472 4685 1611 4757 quia
1630 4684 1686 4738 in
1713 4682 1872 4739 illius
1896 4688 2053 4756 typo,
2068 4701 2170 4756 per

521 4784 708 4843 sancti
729 4781 1061 4858 pneumatis
1079 4794 1345 4844 munera,
1365 4775 1435 4831 ad
1455 4789 1712 4831 amorem
1731 4773 1831 4828 Dei
1853 4773 2168 4828 electorum

521 4890 674 4946 saepe
703 4870 1064 4929 sufficienter
1085 4866 1485 4924 accenduntur
1501 4863 1695 4919 corda.
1725 4863 2085 4934 Quapropter
2108 4861 2167 4916 in

522 4962 728 5036 primis
746 4960 989 5018 Latinus
1011 4973 1202 5015 sermo
1225 4953 1681 5030 zethimologiam
1702 4951 1793 5007 sui
1818 4951 2076 5007 nominis
2100 4951 2168 5006 li—

2271 2375 2460 2431 bonus
2491 2377 2758 2432 extiterat
2773 2376 3041 2432 infantia.
3062 2379 3107 2432 E
3128 2378 3168 2433 R
3188 2377 3473 2434 similiter
3491 2375 3700 2448 syllaba
3717 2374 3860 2446 sequi-

2269 2468 2383 2533 tur,
2422 2482 2548 2536 que:
2571 2465 2746 2521 datur
2767 2464 3016 2538 intelligi
3035 2466 3382 2522 hmreditariz’
3399 2465 3729 2540 signiﬁcatio
3745 2467 3859 2526 tota;

2271 2557 2610 2626 mutataque
2637 2557 2682 2610 εἰ
2711 2555 2770 2609 in
2800 2572 2894 2622 na,
2925 2553 3152 2627 syllaba
3183 2554 3384 2610 adhuc
3407 2571 3544 2622 una,
3577 2553 3643 2608 ab
3666 2568 3722 2608 eo
3747 2550 3860 2624 quod

2268 2646 2450 2714 natus,
2487 2647 2551 2699 ut
2581 2644 2663 2700 ita
2693 2643 3111 2717 conglomerati
3143 2644 3551 2701 subinferatur
3579 2643 3690 2720 ipse
3734 2641 3859 2696 bonus

2269 2731 2439 2788 hwres
2470 2733 2639 2788 nobis
2666 2737 2851 2801 natus,
2884 2739 2943 2790 et
2971 2750 3005 2789 a
3033 2733 3282 2789 Domino
3331 2734 3476 2801 Deo,
3501 2731 3630 2788 suis
3672 2729 3860 2786 feliciter

2268 2821 2636 2894 exigentibus
2658 2822 2902 2885 meritis,
2937 2820 2994 2876 in
3027 2821 3242 2877 saecula
3272 2822 3476 2884 datus,
3505 2820 3652 2876 unde
3675 2835 3762 2891 pro
3786 2833 3855 2871 no-

2268 2909 2404 2966 stris
2432 2909 2786 2966 facinoribus
2809 2911 3158 2966 intercessor
3182 2910 3451 2983 quotidie
3478 2907 3725 2966 consistit
3749 2922 3854 2978 pre-

2267 2999 2497 3072 cipuus.
2525 3000 2691 3064 Nunc
2720 2999 2900 3074 igitur
2923 3017 3038 3056 non
3064 3003 3153 3056 est
3181 3015 3447 3067 necesse,
3471 3015 3574 3055 nec
3601 2997 3698 3054 hoc
3719 2994 3852 3051 etiam

2268 3091 2480 3145 nostrae
2511 3089 2641 3161 opis
2669 3093 2779 3157 est,
2813 3093 2878 3144 ut
2906 3090 3051 3146 tanti
3075 3088 3302 3160 patroni
3332 3086 3636 3156 miracula,
3657 3101 3765 3157 qua:
3783 3097 3857 3155 per

2268 3176 2436 3232 illum
2463 3176 2767 3247 Dominus,
2803 3177 2930 3249 ipso
2963 3177 3230 3233 adhucin
3261 3193 3507 3250 corpore
3526 3175 3744 3242 vivente,
3759 3187 3855 3244 ope-

2268 3282 2395 3320 rare
2425 3265 2700 3339 dignatus
2727 3269 2816 3321 est
2848 3282 3026 3339 quam
3057 3264 3332 3338 plurima,
3358 3265 3456 3322 hic
3486 3268 3684 3321 nostra
3701 3258 3855 3316 solidi-

2267 3355 2408 3411 tatis
2439 3372 2630 3412 sermo
2662 3356 2720 3410 in
2753 3354 2932 3426 hujus
2960 3355 3261 3412 brevitatis
3288 3354 3644 3412 succintione
3657 3349 3731 3407 vel
3749 3346 3854 3424 quid

2268 3460 2478 3516 parum
2520 3449 2837 3515 praesumat
2883 3448 3122 3516 tangere
3186 3433 3476 3510 audacia;
3536 3458 3662 3500 nam
3705 3436 3857 3495 omnia

2270 3549 2395 3604 quae
2427 3533 2688 3604 quandiu
2720 3532 2778 3589 in
2812 3533 2922 3589 hoc
2962 3534 3183 3588 mundo
3216 3532 3446 3589 felicem
3505 3531 3696 3606 agebat
3719 3525 3852 3582 vitam

2267 3620 2356 3677 vel
2389 3620 2447 3675 in
2495 3621 2586 3676 sui
2617 3621 2902 3678 transitus
2932 3621 3184 3678 novitate
3244 3621 3481 3678 fuerant
3523 3621 3678 3686 facta,
3729 3610 3854 3672 valde

2272 3709 2457 3782 perita
2488 3727 2700 3766 manus
2730 3711 3033 3783 scriptoris
3064 3712 3121 3766 in
3147 3728 3255 3767 sua
3286 3710 3615 3785 legentibus
3644 3705 3851 3780 patenter

2269 3799 2450 3856 edidit
2465 3799 2581 3856 vita
2593 3801 2706 3869 (10)
2720 3825 2734 3869 ;
2755 3817 2859 3856 vos
2875 3799 3110 3858 interim
3133 3801 3204 3856 ad
3229 3799 3579 3873 multiplicia
3595 3798 3710 3868 ejus
3723 3793 3851 3852 desu-

2269 3889 2563 3955 damenta,
2598 3905 2726 3960 quae
2784 3906 2888 3962 pro
2918 3889 3028 3945 loci
3086 3890 3177 3944 sui
3209 3890 3500 3946 ereetione
3555 3880 3848 3942 laboratione

2272 3978 3058 4052 sudavitassidua,optamus
3077 3979 3233 4034 dicta
3249 3975 3615 4044 reflectere,si
3629 3974 3736 4045 ipse
3749 3981 3850 4041 quo-

2273 4083 2386 4140 que
2415 4067 2688 4138 dignetur
2719 4067 2943 4124 adesse.
2963 4067 3133 4133 Nam,
3157 4084 3316 4134 cum,
3340 4067 3564 4131 relicta,
3586 4057 3844 4122 secundum

2271 4155 2504 4212 Domini
2530 4161 2906 4228 praeceptum,
2931 4155 3118 4228 patria
3138 4156 3332 4212 Sithiu
3354 4144 3492 4212 cum
3514 4152 3721 4212 duobus
3737 4144 3849 4206 adis-

2273 4249 2362 4300 set
2388 4244 2536 4311 loca,
2567 4249 2709 4300 tunc
2743 4245 3041 4316 temporis,
3075 4245 3148 4300 ob
3180 4244 3427 4300 nimiam
3465 4241 3752 4299 multorum
3774 4247 3846 4306 p8-

2271 4333 2479 4389 ludum
2510 4334 2880 4405 putredinem
2909 4334 2997 4390 vel
3027 4349 3335 4390 nemorum
3395 4331 3735 4390 densitatem,
3775 4335 3847 4393 ρετ

2273 4422 2472 4478 omnia
2501 4421 2720 4478 invenit
2749 4423 3002 4491 deserta,
3029 4440 3133 4479 nec
3164 4424 3236 4480 ad
3269 4440 3414 4480 usus
3445 4420 3741 4483 hominum.
3766 4406 3844 4465 ηίεί

2277 4510 2432 4583 quod
2463 4515 2520 4567 et
2549 4511 2740 4567 adhuc
2789 4511 2997 4568 incolis
3028 4529 3144 4568 non
3194 4512 3358 4572 deest
3383 4529 3488 4584 pro
3542 4496 3843 4580 capescendis

2276 4599 2783 4672 squamigerorum
2801 4601 3137 4672 generibus,
3152 4601 3307 4673 quod
3324 4613 3578 4673 unquam
3595 4587 3843 4651 utilia.Ouo

2277 4689 2337 4744 in
2368 4688 2493 4744 loco
2525 4692 2764 4744 sanctus
2791 4688 2881 4744 vir
2910 4692 3140 4746 tantum
3174 4689 3232 4744 in
3257 4689 3360 4746 Dei
3390 4689 3613 4746 nomine
3646 4673 3841 4737 sudavit.

2279 4782 2344 4834 ut
2358 4777 2630 4853 primitus
2648 4777 2841 4834 nobile
2861 4778 3173 4850 templum,
3192 4778 3488 4852 lapidibus
3503 4773 3768 4840 rubrisque
3784 4761 3841 4857 la-

2277 4866 2501 4922 teribus
2533 4866 3037 4933 intermixtum,in
3069 4866 3254 4926 altum
3277 4868 3545 4941 erigeret;
3566 4862 3841 4941 cujusexf'l-

2280 4955 2412 5011 cino
2443 4955 2748 5026 columnas,
2771 4972 3023 5029 quarum
3057 4956 3349 5028 capitibus
3367 4937 3842 5029 singulisimpOSita

525 5023 653 5108 cere
682 5051 794 5105 sibi
826 5050 1167 5120 depromere
1223 5023 1547 5117 diligenter-—
1560 5027 1725 5114 petit,
1757 5055 1934 5112 quem
1979 5039 2171 5096 omnis
2202 5023 2244 5090 C
2280 5043 2595 5113 testudine,
2629 5023 2940 5116 utramque
2969 5023 3251 5116 parietem
3280 5023 3520 5102 firmiter
3545 5029 3835 5120 sustentant;

523 5138 692 5213 plebs
719 5137 944 5210 vulgari
977 5133 1228 5208 simplici
1260 5129 1537 5188 vocabulo
1586 5129 1855 5186 Bertinus
1896 5133 2171 5185 consuete
2281 5149 2386 5188 nec
2411 5111 2609 5189 minus
2640 5111 2884 5189 interius
2914 5111 3150 5188 oratorii
3179 5135 3507 5205 pavimenta
3534 5111 3837 5184 multicoloris

523 5226 906 5302 promit,quia
921 5226 1049 5296 ejus
1071 5222 1729 5296 significationem,cum
1755 5217 1831 5274 sit
1857 5218 2168 5290 profunda,

522 5315 744 5378 melius,
769 5330 1106 5385 nuncupare
1139 5329 1252 5368 non
1285 5309 1462 5368 novit.
1501 5313 1543 5364 Β
1572 5307 1728 5370 enim
1761 5305 1953 5380 prima
1984 5307 2170 5380 ipsius

2279 5225 2578 5294 petrarum
2601 5223 2901 5294 junctura,
2934 5238 3060 5294 quae
3082 5203 3352 5295 pluribus
3373 5222 3433 5284 in
3463 5218 3592 5277 locis
3613 5223 3754 5272 aurea
3769 5203 3832 5295 in:

2280 5284 2471 5384 iigunt
2502 5284 2804 5379 lammina,
2835 5284 3103 5368 decenter
3133 5312 3454 5369 adornavit.
3485 5307 3645 5380 Cujus
3686 5284 3834 5362 temp"

592 5497 704 5570 (40)
731 5497 789 5553 S.
822 5491 1038 5551 Bertini
1059 5488 1368 5570 Vitaﬁedita
1387 5491 1476 5544 est
1505 5504 1538 5544 a
1572 5485 1790 5544 Mabill.
1824 5503 1943 5543 sae.
1977 5489 2174 5546 Bened.
2209 5489 2278 5546 ΙΙ.
2309 5496 2460 5565 part.
2495 5509 2534 5564 ι,
2555 5508 2686 5565 pag.
2719 5491 2818 5545 108
2840 5493 2897 5546 et
2923 5490 3552 5564 seqq.etaBollandist.
3581 5483 3711 5553 Sept.
3733 5465 3828 5530 tu:

522 5563 658 5646 pag.
689 5563 814 5639 '586,
847 5570 905 5624 et
937 5581 1090 5640 sqq..
1117 5563 1224 5619 590
1251 5563 1310 5617 et
1339 5574 1501 5632 seqq.
