4086 6188
1781 346 2430 420 CHARTULARIUM.

391 465 682 576 genitrice.
703 471 902 576 nostra
921 469 1346 532 Chrotechildis
1378 479 1578 550 regina
1600 496 1812 537 monus
1834 488 2045 543 nostras
2072 489 2126 554 Α
2158 489 2340 556 misit,
2376 493 2440 544 ut
2471 490 2668 548 relicto
2717 496 3026 551 mundana
3085 497 3502 572 implicationis
3552 506 3806 576 negotio,

393 554 716 626 signaculis
748 558 950 614 subter
979 577 1107 616 eam
1154 563 1518 621 decrevimus
1564 568 1928 626 conﬁrmare.
1964 571 2046 626 Si-

389 658 575 733 gnum
607 644 844 717 gloriosi
861 647 1168 706 Chlodovei
1197 653 1622 729 regis.Signum
1647 659 1932 728 praecelsa:
1953 677 2046 733 ge-

393 731 620 790 nitricis
653 739 864 792 nostra;
897 737 1336 798 Chrodechildis
1366 744 1575 815 regina
1609 747 1743 817 (37).

459 823 670 878 Actum
714 825 825 880 sub
877 825 969 882 die
999 845 1015 882 1
1046 827 1169 886 Kal.
1203 830 1432 900 Junias,
1487 851 1640 891 anno
1672 853 1689 890 ι
1723 836 1888 910 regni
1941 856 2043 894 no-

389 909 514 965 stri.

420 1016 536 1072 XV.
569 1019 644 1074 De
672 1027 842 1077 morte
874 1021 1122 1100 Clodeoei
1157 1030 1209 1100 et
1243 1032 1582 1086 successione
1609 1032 1923 1100 Hildeberti,
1957 1037 2008 1089 et

913 1096 1210 1168 privilegio
1249 1100 1506 1171 ejusdem.

453 1195 606 1267 (698)
636 1201 806 1254 Anno
861 1199 1038 1256 etiam
1097 1203 1410 1260 Dominica;
1465 1207 1885 1266 incarnationis
1913 1212 2038 1277 684,

383 1301 519 1340 cum
565 1286 879 1343 decedente
922 1291 1158 1361 praefato
1203 1310 1334 1366 rege
1366 1295 1668 1364 Clodoveo,
1693 1315 1845 1355 anno
1877 1301 2040 1373 regni

384 1375 513 1445 ejus
533 1375 642 1446 (38)
675 1393 734 1445 ιι,
765 1377 942 1433 frater
971 1381 1098 1450 ejus
1133 1381 1506 1441 Hildebertus
1541 1387 1892 1444 Francorum
1920 1389 2040 1461 glo-

386 1463 536 1519 riose
556 1466 908 1536 sumpsisset
928 1468 1264 1541 imperium,
1285 1489 1437 1529 anno
1463 1492 1520 1529 III
1551 1477 1713 1548 regni
1735 1479 1882 1548 ejus,
1906 1479 2039 1533 fecit

380 1550 536 1608 idem
568 1569 668 1609 rex
697 1555 910 1611 domno
942 1556 1173 1614 Bertino
1197 1560 1569 1636 privilegium
1594 1567 1763 1638 regiae
1788 1568 2038 1622 auctori-

383 1643 873 1707 tatis,secundum
892 1649 1298 1721 suprascripta:
1312 1653 1758 1726 conscriptionis
1775 1660 2035 1712 tenorem

380 1747 557 1800 quam
589 1733 662 1786 ab
705 1739 1070 1792 antecessore
1119 1755 1226 1793 suo
1277 1739 1560 1797 Clodoveo
1615 1761 1747 1817 rege
1795 1747 2031 1813 factam,

379 1820 692 1919 suprajam
711 1822 1364 1923 conscripsimus.Quod
1392 1830 1757 1902 privilegium
1901 1834 2027 1889 ideo
2057 1859 2104 1923 Β

378 1906 727 1976 omittimus,
754 1927 824 1965 ne
856 1913 1187 1984 conscripta
1216 1916 1426 1972 iterare
1455 1919 1773 1975 videamur.
1793 1922 1910 1976 Nos
1938 1923 2025 1976 in-

375 1995 546 2051 terim
578 1998 650 2052 ad
683 1998 1104 2071 subsequentia
1135 2002 1500 2061 festinemus.

369 2101 507 2158 XVI.
530 2102 679 2184 Qiiod
709 2106 1039 2184 manantia,
1060 2124 1116 2162 se
1137 2111 1363 2178 vivente,
1386 2115 1718 2184 acquisierit,
1737 2120 1786 2171 et
1806 2115 1870 2171 de
1889 2116 2028 2172 cella

547 2177 895 2232 Woromhold
922 2177 1087 2248 dicta,
1121 2185 1177 2236 et
1205 2177 1392 2238 sancto
1431 2177 1844 2260 Winnoco'(39).

439 2285 570 2337 Ilaec
602 2287 658 2338 et
688 2282 804 2339 alia
834 2301 1011 2357 quam
1044 2287 1319 2359 plurima,
1343 2308 1402 2347 se
1431 2292 1622 2348 adhuc
1643 2295 1888 2361 vivente,
1908 2313 2031 2352 mo-

366 2372 621 2427 nasterio
645 2390 751 2428 suo
776 2375 1014 2430 adauxit
1034 2392 1168 2432 cum
1205 2378 1429 2450 ingenti
1470 2381 1868 2440 desudatione.
1885 2386 2030 2441 Mul-

375 2463 436 2514 ta
455 2461 632 2516 etiam
653 2465 1172 2535 praeterea,partim
1197 2469 1625 2537 prmcedentum
1651 2472 2032 2546 incuria,par-

374 2548 481 2604 tim
512 2566 744 2622 quoque
776 2551 1055 2608 diuturna
1081 2559 1370 2612 vetustate
1401 2557 1697 2628 demolita,
1717 2562 1889 2617 nobis
1919 2563 2029 2618 ha-

373 2642 578 2695 ctenus
610 2645 847 2696 manent
896 2641 1214 2716 incognita.
1241 2646 1476 2702 Certum
1516 2653 1604 2704 est
1643 2655 1838 2705 autem
1871 2653 2026 2724 quod

373 2728 531 2783 omni
561 2729 690 2783 vitae
723 2747 842 2786 suae
873 2734 1134 2803 tempore
1169 2733 1227 2788 in
1259 2737 1682 2808 praeparatione
1709 2737 1819 2794 loci
1851 2739 1962 2795 sibi
1996 2759 2030 2796 a

374 2817 618 2872 Domino
647 2819 846 2873 traditi
897 2821 1202 2889 sudasset;
1237 2825 1390 2879 unde
1423 2843 1525 2881 nec
1557 2827 1801 2894 abstitit,
1845 2829 2028 2885 donec

373 2905 583 2978 priscis
604 2909 976 2965 monasteriis
999 2911 1178 2983 regali
1203 2914 1545 2970 auctoritate
1575 2918 1925 2973 constructis
1944 2935 2028 2974 re-

373 2993 604 3066 galibus
625 2995 946 3069 privilegiis
967 3003 1024 3054 et
1040 3004 1327 3055 terrarum
1352 3003 1649 3074 opulentia
1679 3011 2024 3077 coaequaret.

374 3083 522 3149 Quin
555 3084 732 3140 etiam
763 3090 820 3140 et
846 3086 960 3142 alia
987 3089 1406 3145 monachorum
1439 3094 1720 3160 coenobia,
1741 3111 1802 3149 se
1835 3095 2026 3151 adhuc

371 3173 616 3240 vivente,
644 3176 988 3242 construxit,
1012 3193 1080 3231 ex
1111 3177 1324 3249 quibus
1357 3197 1540 3235 unum
1566 3186 1656 3237 est
1679 3184 1832 3254 quod
1861 3201 2025 3240 voca-

374 3267 472 3316 tur
492 3262 1055 3336 Woromhold,quod
1081 3266 1318 3338 quidam
1353 3269 1440 3322 vir
1468 3270 1650 3339 dives,
1673 3272 2025 3329 Hercmarus

377 3351 631 3417 nomine,
670 3351 857 3408 eidem
889 3353 1009 3408 viro
1052 3354 1152 3409 Dei
1185 3357 1556 3412 contradidit.
1594 3361 1844 3414 Sanctus
1891 3379 2024 3418 vero

374 3439 643 3496 Bertinus
677 3457 972 3496 servorum
1008 3443 1107 3498 Dei
1150 3443 1540 3516 multiplicare
1562 3447 1760 3503 volens
1792 3449 2024 3505 habita-

373 3529 524 3592 cula,
559 3528 666 3584 hoc
697 3530 892 3602 ipsum
942 3532 1269 3587 ccenobium
1305 3541 1558 3604 quatuor
1602 3537 1762 3604 viris,
1796 3539 1865 3592 ad
1899 3555 1960 3593 se
1992 3557 2024 3593 a

373 3617 679 3672 Britanniis
705 3619 969 3690 partibus
993 3621 1459 3688 advenientibus,
1484 3641 1543 3678 se
1566 3628 2024 3682 construendum

373 3706 810 3777 regendumque
843 3708 1516 3776 commisit,Quadonoco
1547 3713 1814 3768 videlicet
1842 3720 1900 3770 et
1931 3720 2024 3770 In-

372 3811 610 3867 gcnoco,
640 3795 879 3850 Madoco
920 3803 1240 3869 sanctoque
1274 3799 1578 3866 Winnoco,
1604 3805 1667 3856 ut
1697 3802 1838 3857 inibi
1873 3821 2026 3860 rece-

371 3884 628 3955 ptionem
663 3901 988 3956 pauperum
1014 3889 1429 3953 construendo,
1454 3888 1752 3961 hospitum
1779 3894 2028 3966 peregri-

372 3990 702 4044 norumque
734 3990 935 4028 curam
969 3980 1238 4047 gererent
1270 3993 1384 4031 non
1416 3979 1709 4034 modicam
1738 3980 1797 4035 in
1831 3998 2028 4038 neces-

372 4062 542 4118 sariis
573 4062 1062 4118 administrando.
1086 4064 1223 4120 Post
1251 4065 1560 4121 decessum
1589 4085 1723 4124 vero
1755 4071 2028 4142 supradi-

374 4157 599 4207 ctorum
629 4151 808 4206 trium
840 4151 1126 4219 virorum,
1147 4154 1466 4218 Quadonici
1497 4155 1764 4213 videlicet
1792 4163 1848 4213 et
1869 4159 2032 4232 lnge.

375 4241 506 4297 noci
535 4246 591 4295 et
623 4240 873 4308 Madoci,
901 4245 1142 4297 sanctus
1170 4243 1460 4310 Bertinus,
1484 4247 1882 4304 conventiculo
1915 4249 2028 4304 fra-

372 4335 530 4385 trum
564 4328 708 4384 inihi
756 4329 1116 4401 degentium,
1159 4332 1391 4387 beatum
1442 4336 1731 4391 concessit
1780 4354 2030 4409 praeesse

373 4418 750 4486 Winnocum,
775 4418 915 4490 quia
947 4419 1018 4473 de
1049 4420 1178 4490 ejus
1202 4420 1320 4475 vita
1349 4426 1406 4476 et
1432 4422 1694 4479 moribus
1719 4442 1834 4481 non
1865 4426 2032 4482 dubi-

370 4508 554 4576 tabat,
580 4523 755 4579 quem
801 4524 999 4563 secum
1033 4508 1103 4563 ad
1155 4508 1404 4564 infantia
1433 4510 1541 4565 sub
1574 4511 1875 4570 Dominica
1906 4533 2028 4571 mo-

372 4595 612 4652 nasterii
645 4595 802 4651 scola
845 4597 1178 4653 nutriebat:
1208 4598 1381 4667 cujus
1431 4599 1609 4654 vitam
1657 4604 1715 4656 et
1759 4602 2027 4672 virtutes,
2059 4591 2106 4655 D

374 4685 473 4757 qui
495 4685 801 4757 diligenter
820 4684 1170 4759 investigare
1189 4686 1459 4755 voluerit,
1477 4706 1509 4742 a
1532 4690 1787 4760 quodam
1812 4691 2027 4765 eligen-

372 4774 599 4830 tissime
621 4774 1032 4846 conscriptam,
1057 4774 1312 4831 invenire
1335 4777 1488 4848 apud
1515 4794 1628 4832 non
1659 4780 1888 4850 poterit.
1913 4781 2028 4838 Nos

371 4863 609 4919 interim
641 4867 828 4935 cmpta
857 4880 1292 4935 percurramus.

409 4969 579 5026 XVII.
610 4969 778 5038 Quod,
801 4971 1118 5044 se_-oivente,
1150 4971 1332 5044 beatus
1360 4972 1617 5028 Bertinus
1647 4975 1993 5044 Rigobertum

815 5041 1068 5096 abbatem
1097 5041 1436 5097 ordinauerit
1469 5046 1598 5115 (40).

450 5149 624 5204 Beato
655 5148 834 5220 igitur
861 5147 1092 5204 Bertino
1118 5148 1244 5219 jam
1277 5147 1334 5203 in
1368 5149 1598 5204 senium
1627 5158 1914 5225 vergente,
1939 5173 2027 5211 re-

379 5237 572 5312 gimen
605 5236 853 5293 COJDObii
901 5237 992 5293 sui
1038 5236 1346 5310 Rigoberto
1376 5239 1689 5294 venerabili
1720 5241 1840 5297 viro
1872 5260 2027 5300 com-

397 5394 405 5399 ‘
451 5382 562 5457 ($7)
592 5380 695 5457 ljic
727 5381 984 5438 omissus
1015 5382 1140 5457 dati
1161 5382 1698 5457 privilegiiqlocusa
1728 5384 2026 5457 Folquino.

473 5382 562 5453 37)
592 5382 695 5437 Hic
727 5382 984 5438 omissus
1015 5382 1133 5438 dati
1161 5382 1444 5456 privilegii
1477 5382 1638 5438 locus
1665 5401 1698 5439 a
1728 5384 2026 5457 Folquino.

451 5382 860 5527 i38)_l_tegnare
887 5455 1063 5527 ccepit
1086 5454 1404 5527 Clodoveus
1429 5455 1498 5510 ΙΙΙ
1523 5473 1575 5510 a.
1599 5455 1698 5509 691
1729 5462 1861 5527 post
1881 5477 2034 5515 mor-

377 5523 499 5580 tem
559 5523 899 5603 Theoderici
949 5523 1044 5593 III,
1082 5527 1263 5603 patris
1299 5526 1426 5603 sui;
1487 5523 1748 5603 obiitqué
1801 5545 1853 5582 a.
1903 5532 2028 5603 695,

381 5612 584 5670 mense
605 5596 843 5670 Martio,
875 5597 912 5653 i.
943 5613 992 5652 e.
1025 5597 1198 5670 regni,
1221 5597 1312 5653 sui
1346 5615 1398 5653 a.
1434 5597 1607 5670 1v_vel
1637 5596 1876 5670 ineunte
1904 5620 1958 5663 ν.

452 5667 565 5752 (39)
594 5667 679 5731 Cf.
712 5667 924 5734 Joann.
954 5667 1119 5749 Iper.‘
1139 5667 1388 5733 Chronic.
1423 5667 1534 5732 col.
1566 5669 1693 5734 473.

2157 577 2400 637 liberius
2420 586 2651 638 vacaret
2671 583 2807 639 Deo.
2832 584 2935 640 Hic
2957 587 3068 642 sub
3086 590 3349 662 tempore
3369 589 3671 664 regiminis
3692 593 3807 661 sui,
3841 641 3843 643 .

2154 669 2369 726 domno
2397 671 2631 727 Bertino
2653 673 2958 730 ordinante
2982 679 3038 730 et
3052 675 3320 749 jubente,
3343 679 3669 736 construxit
3691 697 3810 738 mo-

2155 762 2476 816 nasterium
2509 760 2567 815 in
2600 760 2817 818 honore
2863 765 3049 820 sancti
3080 765 3338 835 Martini,
3363 769 3465 840 qui
3509 786 3667 826 nunc
3695 768 3810 827 loci

2153 853 2330 918 caput
2360 853 2416 904 et
2445 849 2622 904 totius
2653 850 2898 907 abbatize
2928 853 3296 926 principatus
3327 856 3543 926 existit,
3574 874 3727 915 anno
3747 874 3807 915 v1

2153 936 2315 1006 regni
2350 936 2684 1006 Hildeberti,
2719 941 2820 1012 qui
2870 946 2994 997 erat
3033 959 3223 1000 annus
3270 944 3584 1002 Dominicze
3612 947 3804 1004 incar-

2151 1024 2407 1081 nationis
2435 1027 2541 1080 689
2567 1028 2697 1099 (41),
2727 1033 2836 1085 sub
2867 1030 3143 1102 pontiﬁce
3170 1033 3590 1092 Tarwanensis
3611 1035 3805 1092 Eccle-

2151 1111 2248 1167 sia
2281 1113 2637 1188 Ravangero.
2671 1117 2773 1172 Hic
2804 1119 2983 1175 etiam
3029 1121 3138 1176 sub
3182 1139 3335 1178 anno
3368 1123 3682 1180 Dominica:
3713 1125 3804 1181 in-

2149 1203 2504 1258 carnationis
2533 1206 2658 1272 693,
2691 1212 2972 1278 regnante
3011 1208 3264 1283 glorioso
3305 1227 3440 1284 rege
3467 1213 3802 1271 Hildeberto

2149 1307 2300 1346 anno
2331 1309 2386 1359 x,
2419 1294 2561 1348 emit
2606 1312 2640 1350 a
2686 1295 2806 1350 viro
2867 1297 3144 1368 quodam,
3199 1299 3488 1356 Eodberto
3541 1303 3802 1374 nomine,

2146 1378 2344 1434 villam
2377 1382 2692 1452 quamdam
2723 1384 3006 1440 vocabulo
3049 1385 3375 1456 Rumliaco,
3403 1387 3610 1446 solidis
3639 1390 3802 1447 mille

2147 1468 2521 1540 quingentis;
2556 1472 2724 1541 cujus
2757 1473 3070 1545 emptionis
3095 1480 3254 1531 carta
3284 1476 3481 1534 taliter
3510 1483 3599 1534 est
3626 1479 3798 1536 facta.

2204 1583 2394 1639 XVIII.
2419 1587 2633 1657 Emptio
2664 1588 2940 1658 Rigoberti
2965 1591 3178 1646 abbatis
3206 1591 3270 1648 de
3298 1595 3573 1650 Nuntiaco
3603 1594 3740 1667 (42).

2215 1698 2462 1756 Domino
2484 1707 2686 1758 sancto
2717 1707 2772 1758 et
2802 1703 2860 1758 in
2885 1704 3116 1762 Christo
3141 1708 3453 1764 venerabili
3471 1708 3593 1765 viro
3625 1710 3798 1783 Rigo-

2143 1787 2330 1854 berto,
2349 1790 2545 1845 abbati
2580 1792 2651 1846 de
2678 1795 3034 1850 monasterio
3056 1795 3268 1865 Sithiu,
3291 1797 3645 1855 Eodebertus
3664 1815 3801 1856 ven-

2135 1875 2305 1931 ditor.
2327 1877 2566 1933 Constat
2611 1896 2702 1935 me
2745 1898 2859 1936 non
2893 1882 3242 1955 imaginario
3265 1887 3421 1956 jure,
3446 1889 3547 1943 sed
3579 1886 3797 1959 plenis-

2138 1963 2291 2018 sima
2319 1965 2615 2022 voluntate
2643 1969 2808 2023 vobis
2829 1971 3183 2040 vendidisse,
3207 1978 3266 2028 et
3293 1973 3376 2030 ita
3405 1976 3664 2044 vendidi,
3684 1981 3798 2032 tra-

2140 2051 2381 2118 didisse,
2416 2058 2475 2109 et
2503 2053 2586 2109 ita
2611 2056 2825 2111 tradidi
2856 2059 2927 2112 de
2962 2047 3254 2132 pres'ente,
3285 2062 3396 2118 hoc
3427 2067 3517 2120 est
3560 2080 3795 2121 omnem

2139 2156 2260 2195 rem
2293 2140 2575 2212 portionis
2607 2160 2754 2211 mee,
2788 2145 2845 2200 in
2893 2145 3017 2203 loco
3056 2155 3436 2222 nuncupante
3465 2151 3791 2223 Rumliaco,

2136 2227 2193 2282 in
2226 2246 2374 2301 pago
2402 2232 3023 2306 Taruanninse,quam
3050 2237 3121 2292 de
3152 2242 3316 2310 parte
3347 2238 3454 2295 ﬁlii
3484 2241 3598 2296 mei
3620 2241 3801 2321 Char.‘

2137 2317 2358 2373 deberti
2389 2322 2712 2392 quondam,
2745 2339 2813 2378 ex
2850 2323 3117 2381 luctuosa
3163 2326 3483 2384 hereditate
3515 2329 3660 2384 mihi
3690 2317 3791 2388 ob‘?

2134 2407 2312 2476 venit,
2346 2408 2403 2463 id
2439 2412 2546 2476 est,
2571 2427 2705 2466 cum
2737 2412 2929 2478 terris,
2955 2414 3250 2484 domibus,
3275 2415 3540 2484 ediﬁciis,
3565 2419 3790 2474 manci-

2137 2494 2272 2566 piis,
2292 2495 2473 2565 silvis,
2498 2499 2701 2568 pratis,
2724 2501 2983 2572 pascuis,
3013 2504 3182 2573 aquis
3205 2520 3562 2576 aquarumve
3591 2505 3794 2562 decur-

2138 2583 2322 2652 sibus,
2347 2585 2665 2642 mobilibus
2695 2593 2751 2643 et
2779 2588 3206 2658 immobilibus,
3241 2591 3561 2665 farinariis,
3587 2610 3792 2668 greges

2137 2689 2274 2727 cum
2325 2673 2682 2746 pastoribus,
2717 2693 2840 2732 rem
2870 2678 3329 2751 'inexquisitam,
3351 2682 3423 2737 ad
3469 2682 3790 2755 integrum,

2138 2767 2682 2836 quantumcumque
2697 2767 2909 2837 conjux
2926 2784 3054 2824 mea
3072 2767 3287 2824 ibidem
3305 2770 3495 2825 tenuit
3510 2771 3794 2829 moriens-

2136 2867 2249 2922 que
2281 2850 2610 2924 dereliquit,
2641 2854 2731 2910 vel
2763 2855 2833 2910 ad
2866 2855 3055 2911 ﬁlium
3086 2860 3354 2912 nostrum
3388 2857 3662 2931 superius
3690 2875 3793 2915 no~

2136 2939 2426 2995 minatum
2457 2941 2529 2996 de
2572 2946 2735 3013 parte
2765 2960 2874 3000 sua
2920 2945 2992 2999 ad
3042 2945 3238 3017 ipsum
3287 2946 3568 3018 pervenit,
3594 2946 3703 3003 hoc
3733 2950 3793 3004 et

2135 3029 2420 3102 integrato
2465 3031 2653 3085 ordini
2713 3031 2840 3103 ipse
2897 3032 3080 3090 abbas
3108 3033 3196 3089 vel
3251 3051 3387 3106 pars
3444 3036 3790 3092 monasterii

2135 3119 2248 3185 sui,
2279 3119 2338 3172 in
2379 3121 2512 3190 jure
2543 3124 2600 3174 et
2628 3121 3026 3178 dominatione
3073 3139 3296 3190 eorum,
3331 3142 3365 3179 a
3393 3125 3487 3180 die
3533 3124 3790 3198 presenti

2136 3205 2350 3260 faciant
2380 3207 2633 3277 recipere
2669 3207 2756 3262 vel
2805 3208 3137 3278 dominare;
3187 3211 3344 3266 unde
3393 3212 3721 3284 accepimus
3753 3229 3789 3270 a

2134 3293 2297 3348 vobis
2329 3293 2386 3346 in
2420 3295 2609 3364 precio
2641 3299 2852 3363 taxato,
2870 3298 3042 3368 juxta
3071 3299 3227 3370 quod
3259 3300 3428 3356 nobis
3459 3302 3605 3357 bene
3635 3318 3788 3357 com-

2135 3381 2354 3452 placuit
2385 3386 2558 3452 atque
2602 3385 2890 3452 convenit,
2916 3387 3068 3440 inter
3114 3404 3323 3442 aurum
3355 3391 3412 3443 et
3453 3394 3782 3461 argentum,

2135 3469 2351 3524 solidos
2383 3471 2540 3525 mille
2567 3473 2917 3545 quingentos
2943 3478 3194 3540 tantum,
3219 3477 3300 3531 ita
3320 3481 3386 3532 ut
3406 3478 3479 3532 ab
3503 3477 3785 3534 hodierna

2135 3558 2228 3612 die
2259 3558 2383 3629 ipse
2427 3561 2596 3626 abba,
2630 3561 2715 3615 vel
2766 3579 2902 3632 pars
2955 3565 3294 3620 monasterii
3344 3566 3456 3634 sui,
3506 3567 3784 3638 habendi,

2135 3647 2930 3719 tenendi,dandi,vendendi,
2956 3655 3477 3721 commutandi,vel
3504 3656 3784 3728 quicquid

2135 3736 2339 3790 exinde
2396 3736 2580 3792 facere
2631 3738 2877 3794 voluerit
2932 3741 3175 3797 liberam
3236 3747 3293 3798 et
3349 3745 3668 3801 ﬁrmissam
3722 3745 3784 3800 in

2136 3824 2410 3880 omnibus
2456 3825 2709 3882 habeant
2758 3833 3123 3900 potestatem.
3156 3832 3214 3886 Si
3261 3832 3394 3903 quis
3440 3849 3595 3900 vero,
3629 3833 3785 3905 quod

2136 3912 2402 3968 futurum
2435 3931 2562 3970 esse
2592 3933 2707 3971 non
2739 3917 3055 3985 credimus,
3087 3919 3136 3974 si
3181 3937 3288 3976 nos
3330 3919 3465 3992 ipsi,
3494 3926 3596 3978 aut
3625 3920 3784 3979 ullus

2138 4003 2207 4057 de
2235 4002 2543 4058 heredibus
2565 4009 2667 4060 aut
2695 4006 3118 4077 proheredibus
3140 4010 3376 4079 nostris,
3398 4009 3487 4066 vel
3510 4009 3790 4082 quislibet

2137 4091 2405 4162 opposita
2459 4109 2727 4165 persona,
2771 4094 2872 4167 qui
2926 4100 3129 4153 contra
3183 4097 3334 4155 hanc
3381 4099 3784 4156 vendicionem

2138 4197 2316 4251 quam
2352 4197 2457 4250 ego
2504 4181 2848 4253 plenissima
2877 4185 3176 4244 voluntate
3207 4189 3332 4244 ﬁeri
3374 4187 3462 4244 vel
3494 4187 3785 4245 conscribi

2139 4269 2355 4341 rogavi,
2381 4270 2576 4326 venire
2603 4276 2701 4326 aut
2730 4273 3036 4346 effringere
3059 4277 3522 4348 praesumpserit,
3543 4280 3601 4334 et
3628 4293 3663 4333 a
3690 4292 3786 4333 me

2136 4356 2226 4411 vel
2258 4375 2292 4412 a
2323 4359 2470 4412 meis
2502 4358 2815 4417 heredibus
2846 4363 3212 4419 defensatum
3259 4380 3374 4420 non
3417 4365 3611 4433 fuerit,
3642 4369 3784 4422 tunc

2135 4446 2459 4502 inferamus
2490 4463 2597 4502 nos
2619 4448 2704 4503 vel
2735 4449 2977 4505 heredes
2997 4451 3178 4507 nostri
3199 4456 3431 4508 tantum
3453 4456 3510 4508 et
3529 4451 3642 4509 alia
3660 4455 3786 4509 tan-

2136 4540 2287 4603 tum,
2309 4539 2594 4608 quantum
2626 4553 2659 4591 a
2677 4537 2840 4593 vobis
2865 4540 3321 4611 accepimus,vel
3343 4544 3629 4613 quantum
3655 4541 3788 4614 ipsa.

2135 4641 2229 4679 res
2252 4640 2317 4679 eo
2339 4628 2597 4696 tempore
2619 4624 2922 4682 meliorata
2935 4625 3453 4700 valuerit,duplam
3474 4629 3784 4701 pecuniam

2139 4717 2360 4770 statuta
2389 4718 2652 4769 servante
2683 4720 3013 4786 componat,
3038 4719 3095 4772 et
3141 4717 3296 4789 quod
3329 4717 3536 4790 repetit
3563 4718 3786 4774 evindi-

2139 4819 2269 4859 care
2291 4821 2404 4858 non
2428 4802 2634 4870 valeat,
2651 4804 2749 4859 sed
2774 4820 3014 4875 presens
3029 4805 3292 4860 vendicio
3317 4805 3440 4861 haec
3465 4804 3628 4862 omni
3645 4810 3789 4862 tem-

2138 4910 2275 4965 pore
2306 4894 2475 4947 ﬁrma
2496 4896 2551 4947 et
2582 4892 2857 4948 inviolata
2876 4898 3235 4965 permaneat,
3258 4911 3391 4950 cum
3414 4894 3787 4967 stipulatione

2139 4981 2405 5039 subnixa.

2206 5073 2414 5126 Actum
2436 5069 2623 5125 Sitdiu
2646 5072 3181 5145 monasterio,quod
3197 5073 3330 5129 fecit
3352 5073 3572 5130 mensis
3593 5073 3786 5130 Maius

2137 5161 2263 5216 dies
2291 5177 2406 5226 xvr,
2441 5177 2593 5213 anno
2635 5177 2670 5214 x
2719 5160 2880 5232 regni
2939 5161 3139 5218 domni
3197 5163 3378 5219 nostri
3433 5161 3788 5219 Childeberti

2137 5248 2373 5321 gloriosi
2404 5248 2576 5320 regis.
2607 5249 2852 5321 Signum
2876 5249 3285 5324 Eodberti,qui
3311 5251 3462 5308 hanc
3492 5251 3786 5308 vendicio-

2237 5390 2324 5463 liO)
2356 5389 2501 5446 Vide
2527 5389 2696 5445 Joan.
2732 5390 2878 5463 Iper,
2915 5393 3187 5461 Chronic,
3221 5393 3328 5450 col.
3360 5394 3484 5448 474.

2212 5459 2329 5532 (41)
2359 5464 2506 5516 Ann.
2540 5479 2595 5517 v1
2626 5459 2789 5534 regni
2819 5459 3179 5521 Childeberti
3207 5465 3268 5520 in
3303 5481 3486 5522 annos
3517 5461 3650 5519 Chr.
3679 5459 3789 5520 700

2144 5540 2203 5594 et
2229 5535 2328 5587 701
2366 5533 2590 5587 incidit.

2214 5604 2325 5687 (42)
2353 5601 2626 5681 Vulgavit
2652 5602 2823 5684 Bréq.
2853 5605 3114 5685 Diplmm,
3143 5624 3203 5686 p.
3235 5607 3365 5682 267.
