4154 6186
310 267 465 330 1221

1604 280 1607 283 ‘
1710 260 2372 333 CHARTULARIUM.

3590 266 3751 333 1222

309 401 590 474 deinceps
619 416 726 474 pro
752 416 928 474 posse
960 414 1181 471 meum,
1202 400 1306 458 illa
1335 418 1461 476 quin
1502 401 1691 459 recolo
1740 405 1991 477 paratus
2018 400 2073 468 A
2105 399 2346 470 bus,nec
2379 402 2625 459 dubium
2658 402 2815 475 quod
2853 401 3362 477 blasphemabitur
3398 407 3457 460 et
3486 420 3521 461 a
3550 420 3752 461 succe-

308 491 381 548 ad
414 490 783 547 ennaranda.

729 580 899 636 LVII.
933 582 1006 637 De
1044 579 1324 651 Fridegiso
1353 582 1560 638 abbate.

375 669 748 726 Nantharius
778 668 1007 725 interea
1026 669 1227 737 abbas,
1254 670 1459 741 junior
1488 671 1663 742 [anno
1701 671 1792 727 sui
1826 669 1982 744 regi-

302 758 489 815 minis
521 764 725 815 octavo
756 757 1011 829 decimo]
1045 758 1305 831 migrans
1346 777 1380 815 a
1427 759 1659 826 saeculo,
1691 759 1983 833 regularis

302 848 435 905 vitae
460 847 725 921 primum
753 847 1187 904 destructorem
1238 847 1350 905 sibi
1400 847 1636 920 reliquit
1682 865 1983 905 successo-

308 935 1431 1011 rem,Fridegesiumvidelicet,necipso
1455 937 1692 994 nomine
1705 939 1976 1011 dignum,

312 1027 614 1083 abbatem.
648 1026 795 1082 Nam
830 1042 969 1081 cum
1018 1024 1302 1081 hactenus
1349 1042 1517 1081 sacra
1557 1027 1982 1082 monachorum

315 1115 544 1189 regula,
578 1114 960 1171 miseratione
991 1114 1116 1181 Dei,
1150 1114 1208 1168 in
1237 1113 1345 1170 hoc
1375 1115 1637 1171 coenobio
1668 1115 1815 1171 foret
1844 1131 1982 1170 con-

318 1208 571 1273 servata,
635 1207 937 1261 crescente
1013 1219 1211 1259 rerum
1288 1202 1611 1276 opulentia,
1679 1203 1983 1259 monachis

319 1292 753 1350 ordinationem
815 1293 1157 1348 monasterii
1215 1292 1328 1360 sui,
1379 1292 1673 1348 abstracta
1723 1292 1980 1361 abbatis,

320 1382 507 1455 regali
531 1381 814 1439 beneficio
846 1382 905 1437 in
921 1386 1189 1438 externas
1213 1398 1491 1454 personas
1513 1386 1601 1439 est
1620 1381 1981 1438 beneficiata.

321 1471 491 1527 Unde
522 1470 785 1544 contigit,
833 1475 899 1526 ut
946 1470 1323 1542 supradictus
1372 1470 1727 1543 Fridegisus,
1775 1486 1985 1543 genere

321 1558 576 1634 Anglus,
600 1564 657 1616 et
678 1559 861 1616 abbas
883 1558 1071 1615 sancti
1086 1559 1323 1615 Martini
1343 1559 1611 1627 Turonis,
1635 1575 1789 1616 anno
1810 1558 1986 1614 Verbi

326 1647 620 1705 incarnati
651 1649 777 1716 820,
810 1651 868 1703 et
914 1648 1139 1721 praefati
1169 1649 1325 1721 regis
1367 1648 1638 1704 Ludovici
1670 1666 1767 1713 vn,
1801 1649 1986 1703 abba-

328 1737 478 1795 tiam
510 1734 822 1793 Silhiensis
854 1736 1102 1792 coenobii
1136 1737 1296 1809 regia
1325 1737 1635 1793 donatione
1665 1736 1989 1809 susciperet

330 1824 801 1900 gubernandam.
835 1825 943 1892 Qui
995 1825 1056 1881 in
1105 1825 1271 1881 initio
1321 1826 1647 1900 tyrannidis
1676 1844 1818 1893 suae,
1850 1842 1984 1881 cum

332 1918 602 1972 cerneret
656 1914 952 1970 abbatiam
1006 1914 1340 1971 universam
1406 1919 1491 1971 tot
1563 1915 1987 1983 monachorum

331 2003 549 2062 usibus
580 2002 1001 2077 delegatam,ut
1032 2008 1172 2077 puta
1187 2008 1420 2059 centum
1439 2009 1495 2060 et
1514 2005 1756 2079 triginta
1784 2022 1987 2061 mona-

334 2093 587 2150 chorum
631 2092 783 2148 inter
840 2097 1087 2165 utraque
1130 2093 1486 2149 monasteria
1543 2094 1728 2149 sancti
1771 2094 1989 2149 Bertini

335 2181 565 2241 scilicet
598 2181 903 2254 sanctique
951 2181 1268 2237 Audomari
1310 2182 1671 2254 degentium,
1726 2182 1991 2255 nihilque

333 2287 583 2327 suarum
614 2268 982 2342 voluptatum
1015 2270 1222 2325 usibus
1252 2274 1703 2342 sequestratum,
1738 2272 1990 2327 avaritia

330 2357 529 2432 jaculo
562 2357 1244 2426 seeatus,monachorum
1276 2357 1650 2428 impudenter
1690 2362 1880 2413 tentat
1908 2360 1993 2415 vi-

334 2453 463 2504 tam
486 2448 879 2513 destruere,ut
912 2464 1005 2502 res
1034 2463 1238 2502 eorum
1270 2446 1477 2501 usibus
1520 2464 1554 2502 a
1582 2446 1853 2502 ﬁdelibus
1885 2452 1996 2504 tra-

338 2537 498 2592 ditas
552 2534 950 2592 sutelasciviaa
1004 2535 1293 2607 potuisset
1348 2534 1579 2591 facilius
1638 2532 1994 2609 mancipare.

340 2625 507 2690 Quod
569 2621 855 2680 diabolica
922 2624 1296 2697 suggestione
1355 2628 1547 2679 mente
1605 2629 1994 2697 concocptum,

344 2714 604 2770 nefanda
633 2717 722 2769 est
750 2713 825 2768 ab
855 2712 955 2767 illo
987 2712 1415 2785 p'erpetratione
1446 2719 1745 2785 peractum
1774 2714 1919 2769 Nam
1938 2714 1998 2769 in

346 2802 652 2876 capitaueo
682 2800 1081 2874 apostolorum
1116 2801 1207 2857 sui
1238 2802 1427 2856 sancti
1454 2802 1675 2858 Bertini
1714 2801 1861 2872 loco,
1897 2803 1997 2859 ubi

351 2909 566 2948 LXXXIII
598 2890 869 2947 monachi
901 2890 1307 2946 deserviebant
1335 2889 1604 2959 Domino,
1640 2908 1707 2946 LX
1754 2908 1857 2963 pro
1888 2890 1997 2946 hu-

353 2997 534 3037 mana
561 2979 755 3052 potius
785 2978 958 3035 laude
989 2995 1168 3051 quam
1200 2994 1304 3050 pro
1331 2978 1431 3035 Dei
1471 2996 1688 3049 amore,
1721 2980 1998 3050 retinuit;

351 3070 613 3142 reliquos
658 3067 1028 3124 districtioris
1057 3067 1183 3122 vita:
1230 3066 1406 3136 viros,
1439 3085 1588 3141 quos
1625 3086 1744 3125 sum
1774 3086 2001 3141 perver-

2098 490 2396 549 denﬁbus.

2095 579 2286 638 LVIII.
2346 583 2423 637 De
2464 581 2762 653 privilegio
2819 581 3079 638 Ludovici
3137 584 3283 651 regis
3338 582 3404 638 de
3468 585 3757 641 venatione

2493 652 2779 724 sylvarum
2806 655 3131 711 monasterii
3158 654 3360 709 Sz'thz'u.

2164 742 2311 814 (820)
2345 741 2451 797 Hic
2481 739 2657 795 etiam
2690 742 3003 813 praedictus
3034 743 3240 809 abbas,
3274 760 3429 799 anno
3458 744 3648 816 primo
3674 763 3763 804 re-

2092 830 2336 903 giminis
2368 828 2485 897 sui,
2506 830 2860 901 jamdictum
2905 848 3101 906 regem
3143 831 3503 889 Ludovicum
3532 836 3759 906 adiens,

2092 920 2260 991 petiit
2292 920 2366 974 ab
2398 935 2467 973 eo
2489 917 2784 974 licentiam
2819 920 2877 975 in
2910 938 3061 994 saepe
3108 921 3251 976 dicti
3298 926 3636 981 monasterii
3669 928 3762 984 sui

2093 1007 2286 1062 Sithiu
2318 1005 2518 1078 sylvas
2548 1009 2914 1064 venationem
2971 1026 3261 1075 exercere,
3294 1012 3405 1068 sub
3458 1016 3767 1076 occasione

2092 1095 2385 1151 librorum
2421 1095 2808 1167 legendorum
2841 1098 2927 1153 vel
2952 1099 3366 1157 manicharum
3399 1104 3472 1160 ad
3493 1123 3638 1164 usus
3661 1109 3772 1167 fra-

2092 1188 2249 1240 trum
2284 1184 2827 1252 I‘aciendarum,sed
2860 1189 3016 1258 quod
3049 1188 3398 1249 credibilius
3418 1199 3528 1262 est,
3548 1199 3618 1253 ad
3651 1217 3770 1257 suae

2096 1273 2371 1329 vanitatis
2420 1271 2742 1328 ludibrium
2800 1277 3220 1331 exercendum.
3284 1279 3446 1345 Quod
3497 1302 3598 1342 rex
3646 1289 3775 1348 sine

2094 1379 2259 1451 mora
2287 1362 2620 1451 concessit:
2656 1362 2836 1435 rogali
2868 1366 3230 1423 auctoritate
3273 1371 3643 1451 privilegium
3701 1380 3778 1437 ob

2094 1449 2205 1505 hoc
2236 1450 2363 1505 ﬁeri
2390 1450 2599 1521 jussit,
2625 1453 2778 1523 quod
2805 1457 2863 1507 et
2892 1453 3020 1525 ipse
3044 1454 3233 1528 sigilli
3268 1461 3361 1516 sui
3392 1449 3778 1538 impressione

2096 1538 2352 1611 signavit
2382 1538 2442 1593 in
2466 1538 2587 1594 1]th
2618 1540 2812 1595 verba.

2399 1627 2537 1683 LIX.
2571 1630 2869 1701 Exemplar
2894 1630 3139 1702 ejusdem
3165 1638 3472 1710 privilegii.

2100 1714 2266 1783 (Vide
2325 1714 2481 1771 inter
2534 1717 3364 1859 Ιιυᾶονὶῗέωῐέἰὲηεῖἱνίἰθεῖα,
3432 1731 3770 1808 Patrologize

2791 1806 2922 1844 omo
2945 1806 3010 1845 [ΑΙ
3026 1806 3107 1845 ν.)
3470 1822 3473 1825 ί

2100 1873 2213 1929 LX.
2249 1876 2617 1963 Privilegiam
2647 1878 2897 1963 ejusdcga
2916 1880 3159 1963 regiadq
3182 1891 3534 1963 ﬁtonasterio
3561 1893 3768 1963 δίαιτα,

2530 1951 2773 2019 tempore
2802 1950 3073 2021 Fridegz'si
3100 1953 3336 2012 abbatis.

2172 2034 2491 2091 Praedictus
2568 2041 2766 2092 autem
2841 2038 3023 2093 abbas
3096 2041 3438 2118 Fridegisus
3509 2054 3767 2110 secundo

2099 2139 2234 2195 rege
2281 2126 2411 2194 jam
2466 2125 2623 2180 dicto
2678 2125 2867 2197 petiit,
2902 2131 2965 2182 ut
3009 2128 3189 2186 etiam
3242 2150 3351 2189 sua
3399 2141 3767 2211 auctoritate,

2101 2228 2203 2283 per
2253 2212 2449 2285 regale
2502 2213 2896 2286 privilegium,
2920 2221 3342 2278 monasterium
3376 2243 3551 2281 suum
3573 2229 3766 2286 Sithiu

2102 2301 2173 2355 ab
2207 2301 2367 2355 omni
2396 2302 2718 2371 judiciaria
2752 2309 3037 2375 potestate
3082 2307 3434 2383 defensaret,
3476 2320 3552 2385 et,
3612 2317 3767 2373 sicut

2103 2393 2333 2444 constat
2377 2393 2778 2447 antecessores
2827 2409 2967 2449 suos
2997 2412 3165 2467 reges
3213 2400 3403 2457 eidem
3462 2402 3586 2460 loco
3625 2422 3761 2461 con-

2104 2476 2373 2543 cessisse,
2406 2478 2491 2534 ita
2520 2483 2578 2535 et
2630 2480 2753 2551 ipse
2800 2480 3094 2553 gloriosus
3137 2502 3237 2542 rex
3267 2505 3376 2545 sua
3417 2494 3762 2552 auctoritate

2105 2566 2450 2638 dignaretur
2520 2569 2889 2625 confirmare.
2952 2571 3115 2635 Quod
3175 2592 3295 2643 rex,
3356 2594 3509 2636 anno
3567 2581 3762 2639 incar-

2106 2653 2361 2712 nationis
2415 2657 2645 2713 Domini
2675 2659 2803 2725 830,
2835 2658 2945 2715 hoc
2975 2661 3150 2718 modo
3206 2666 3367 2739 regia
3421 2670 3762 2728 auctoritate

2107 2742 2379 2798 firmavit.

2333 2832 2472 2888 LXI.
2504 2835 2802 2919 Exemplar
2829 2837 3070 2919 ejusdem
3095 2842 3385 2919 priuilegii
3414 2846 3547 2919 (73).

2660 2907 2826 2984 (Υἱός
2857 2908 2955 2984 ubi
2988 2907 3216 2984 sup-ra.)

2487 2978 2650 3033 LXII.
2683 2980 2757 3033 De
2789 2977 3082 3037 Guntberta
3102 2977 3386 3044 monacho.

2184 3062 2303 3119 Sub
2334 3062 2517 3136 hujus
2548 3066 2777 3123 abbatis
2804 3071 3086 3141 tempore,
3118 3075 3378 3131 exoritur
3425 3078 3664 3151 quidam
3696 3083 3768 3138 ti-

352 3158 515 3216 sitati
548 3158 771 3231 putavit
800 3174 915 3213 non
950 3156 1303 3225 consentire,
1335 3157 1407 3213 de
1438 3157 1794 3215 monasterio
1813 3158 2003 3231 expel-
2034 3143 2077 3211 C
2114 3151 2399 3209 runculus
2428 3170 2565 3210 mox
2612 3156 2844 3211 futurus
2875 3159 3204 3217 monachus
3235 3163 3414 3237 hujus
3440 3143 3711 3226 ecclesiae
3745 3189 3760 3228 :

349 3249 480 3305 lens
512 3247 670 3303 abire
700 3245 1057 3319 permisit.ln
1090 3246 1273 3301 sancti
1291 3246 1605 3303 Audomari
1630 3264 1863 3319 quoque
1886 3265 2004 3303 mo-

349 3336 739 3405 nasterio,ubi
768 3333 1115 3408 regulariter
1143 3335 1398 3390 viventes
1429 3336 1671 3391 aderant
1698 3354 1771 3391 XL
1801 3353 2002 3391 mona-

350 3426 470 3494 chi,
499 3443 613 3481 xxx
637 3423 949 3481 canonicos
981 3423 1195 3479 ibidem
1241 3423 1312 3478 ad
1358 3424 1727 3480 serviendum
1759 3424 2002 3496 deputa-

346 3516 433 3570 vit
461 3515 521 3569 in
554 3512 908 3570 monasterio
935 3512 1170 3567 Christi.
1194 3514 1273 3568 Ac
1304 3517 1435 3585 post
1466 3512 1795 3580 hth,tOllUS
1825 3514 2003 3569 abba-

349 3605 444 3660 tiaa
458 3602 745 3659 circuiens
758 3601 1006 3669 villas,et
1028 3600 1166 3673 quia
1190 3602 1401 3673 duplex
1415 3603 1680 3658 exstabat
1697 3601 2005 3657 monacho-

352 3710 487 3748 rum
522 3689 1089 3762 numerus,duplam
1120 3689 1206 3744 eis
1236 3690 1564 3761 portionem
1612 3689 1884 3745 villarum
1915 3695 2007 3747 est

350 3778 947 3854 largitus.Canonicis
979 3778 1340 3850 autem.quia
1370 3778 1669 3851 pauciores
1699 3783 1863 3834 erant
1894 3797 2003 3835 nu-

357 3867 764 3941 mero,simpla
785 3871 989 3924 contra
1019 3867 1322 3922 monachis
1355 3871 1445 3923 est
1473 3868 1610 3924 data
1638 3867 1844 3940 portio.
1874 3868 2005 3940 Ipse

349 3978 422 4017 ea
451 3976 577 4033 quae
609 3958 718 4013 sibi
743 3956 995 4011 maxime
1018 3954 1455 4027 placuerant,ad
1479 3956 2003 4029 suaeperversitatis

348 4064 531 4104 usum
564 4043 911 4113 reservavit;
944 4049 1001 4099 et
1031 4045 1169 4115 quia
1199 4043 1514 4101 canonicus
1535 4049 1659 4101 erat
1684 4062 1817 4101 cum
1838 4062 2006 4102 cano-

351 4136 503 4193 nicis
533 4135 590 4190 in
619 4132 807 4190 sancti
824 4132 1141 4188 Audomari
1166 4134 1520 4190 monasterio
1543 4133 1900 4190 szeculariter
1916 4135 2001 4190 vi-

349 4225 543 4281 vebat.
578 4223 725 4289 Quid
757 4222 890 4294 plus
920 4220 1099 4292 hujus
1120 4214 1349 4277 abbatis
1383 4223 1628 4278 referam
1659 4223 2000 4294 versutiam,

351 4328 491 4368 cum
520 4309 705 4365 veraci
730 4325 961 4382 possem
991 4308 1206 4362 famine
1228 4308 1417 4365 dicere
1437 4309 1592 4365 hunc
1612 4311 1869 4382 primum
1891 4311 2002 4368 loci

350 4401 536 4471 hujus
566 4415 767 4454 casum
794 4396 1055 4453 extitisse
1075 4396 1102 4451 ‘I
1129 4396 1232 4452 Hic
1249 4397 1776 4464 etiam,secundum
1797 4401 2005 4456 veridi-

353 4506 485 4545 cam
516 4487 787 4543 Veritatis
816 4502 1041 4552 vocem,
1073 4502 1206 4540 cum
1238 4484 1335 4540 alii
1359 4485 1811 4555 laborassent,in
1844 4488 2004 4545 labo-
2036 4514 2081 4578 Β

355 4596 451 4635 res
481 4593 683 4633 eorum
717 4575 941 4631 introiit
990 4591 1094 4630 nec
1142 4574 1332 4629 solum
1386 4575 1628 4643 introiit,
1678 4578 1780 4632 sed
1826 4576 2003 4634 etiam

353 4685 485 4741 quae
500 4666 903 4721 laboraverant
916 4664 1222 4720 temeraria
1240 4665 2003 4738 praesumptionedestruxit.

352 4758 461 4814 Hic
490 4754 666 4811 etiam
698 4754 963 4809 fraternae
995 4751 1298 4807 charitatis
1328 4754 1635 4825 utriusque
1666 4754 2004 4810 monasterii

352 4841 685 4919 destructor
713 4841 936 4909 extitit;
971 4842 1112 4896 dum
1144 4846 1201 4896 et
1230 4842 1501 4897 monachi
1541 4843 1652 4898 sibi
1686 4844 1916 4915 justum
1950 4848 2007 4899 et

352 4936 427 4992 ab
462 4932 720 5004 antiquis
755 4930 1022 4987 Patribus
1048 4930 1327 4985 traditum
1362 4931 1692 4986 reverentiae
1725 4932 2004 4988 honorem

351 5021 1216 5090 vindicant,canonicorumque
1247 5019 1669 5089 subjectionem
1702 5020 1814 5075 sibi
1844 5038 2004 5077 vera-

355 5114 501 5170 citer
528 5110 867 5177 defendunt,
884 5113 941 5165 et
962 5107 1222 5164 canonici
1240 5108 1311 5162 ab
1334 5107 1461 5180 ipso
1483 5108 1692 5163 abbate
1705 5109 2005 5183 canonico,

355 5200 549 5257 fallaci
571 5197 1313 5270 assertione,principatum
1338 5198 1409 5252 ad
1434 5212 1496 5252 se
1518 5197 2006 5255 monasteriorum

355 5290 644 5365 pertinere
673 5287 1012 5344 dicunt.Pro
1043 5285 1137 5342 his
1168 5286 1444 5342 omnibus
1475 5289 1533 5341 et
1553 5285 1793 5357 reliquis
1813 5290 2009 5359 tyran-

353 5379 513 5437 nidis
542 5394 660 5435 suaa
698 5376 929 5432 actibus
958 5376 1244 5431 hactenus
1266 5373 1709 5447 blasphematur
1730 5375 1802 5430 ab
1820 5378 2007 5433 omni-

2112 3242 2283 3312 cujus
2313 3240 2443 3296 laus
2476 3247 2534 3299 et
2563 3244 2850 3315 sapientia
2906 3245 2989 3301 ita
3044 3248 3333 3308 hactenus
3380 3254 3438 3310 in
3494 3259 3761 3315 omnium

2113 3335 2450 3384 nostrorum
2482 3334 2749 3385 versatur
2778 3348 2874 3387 ore
2898 3350 2966 3388 ac
2994 3333 3044 3389 si
3074 3340 3497 3407 praesentaliter
3546 3344 3603 3398 in
3636 3346 3762 3401 vivo

2112 3416 2405 3473 teneretur
2436 3434 2677 3491 corpore
2708 3420 3013 3489 etmerito;
3045 3440 3182 3480 nam
3214 3430 3552 3485 monasterii
3584 3431 3760 3504 hujus

2114 3506 2369 3573 libraria,
2406 3524 2533 3579 quae
2565 3525 2710 3580 pene
2739 3508 2937 3564 omnia
2960 3514 3252 3570 vetustate
3271 3521 3437 3572 erant
3460 3519 3756 3591 demolita,

2114 3594 2393 3667 quoniam
2428 3596 2651 3667 peritus
2681 3602 2806 3653 erat
2836 3598 3050 3665 scriba,
3084 3604 3318 3676 propria
3347 3610 3640 3664 renovavit
3669 3610 3758 3665 in-

2114 3684 2612 3757 dustria.lnsuper
2639 3688 2697 3740 et
2725 3685 2839 3742 alia
2869 3686 3109 3745 adauxit
3134 3689 3413 3749 librorum
3436 3695 3754 3769 volumina,

2114 3791 2182 3830 ex
2211 3773 2427 3845 quibus
2459 3775 2574 3829 duo
2606 3779 2745 3830 sunt
2767 3774 3340 3853 antiphonarii,quos
3370 3783 3493 3856 ipse
3522 3788 3760 3861 propria

2115 3879 2293 3917 manu
2334 3862 2717 3936 conscripsit;
2751 3868 2808 3920 et
2856 3864 3105 3922 alterum
3151 3875 3351 3928 sancto
3401 3874 3754 3947 Audomaro,

2114 3952 2361 4008 alterum
2389 3969 2524 4008 vero
2556 3958 2755 4009 sancto
2785 3954 3068 4011 Wiunoco
3097 3961 3405 4018 concessit.
3430 3963 3676 4037 Scripsit
3703 3970 3762 4022 et

2111 4042 2371 4110 tertium,
2432 4058 2609 4113 quem
2665 4041 2933 4099 lucidiori
2981 4062 3155 4118 opere
3205 4049 3760 4127 elucidavit;cujus

2114 4130 2347 4185 initium
2377 4134 2434 4186 et
2464 4130 2524 4186 in
2555 4131 2812 4188 carmine
2841 4134 3132 4204 majorum
3164 4137 3626 4214 solemnitatum,
3655 4161 3756 4200 au-

2114 4220 2227 4275 reis
2259 4218 2467 4275 litteris
2499 4219 2742 4275 mirifice
2765 4221 3086 4291 decoravit;
3120 4242 3315 4296 quem,
3352 4228 3489 4300 quia
3531 4230 3760 4303 elegan-

2113 4310 2323 4365 tiorem
2350 4309 2515 4375 vidit,
2540 4313 2739 4364 sancto
2774 4310 3006 4366 Bertino
3037 4315 3406 4371 contradidit.
3442 4317 3760 4392 Descripsit

2114 4403 2170 4454 et
2200 4401 2557 4469 compotum,
2592 4414 2764 4469 quem
2792 4402 2849 4454 et
2875 4399 3044 4456 nobis
3069 4402 3357 4459 concessit
3382 4404 3754 4478 habendum;

2113 4488 2357 4559 insuper
2392 4491 2447 4542 et
2476 4486 2609 4555 alia,
2655 4503 2782 4558 qua:
2815 4487 2863 4543 si
2895 4487 2989 4543 hic
3020 4489 3372 4560 scribantur,
3404 4492 3760 4552 videbuntur

2114 4593 2240 4632 esse
2267 4575 2692 4648 superﬂua.Hic
2723 4583 2943 4643 autem,
2977 4577 3034 4631 in
3066 4577 3340 4648 primaeva
3362 4582 3690 4653 juventute,
3723 4602 3759 4641 a

2116 4670 2279 4737 patre
2308 4665 2552 4720 Romam
2582 4665 2814 4733 ductus,
2843 4663 3041 4735 ibique
3067 4671 3267 4721 sancto
3310 4668 3477 4726 Petro
3525 4672 3758 4731 oblatus

2115 4760 2171 4810 et
2201 4755 2270 4809 ab
2315 4753 2572 4826 Eugenio
2631 4770 2780 4825 papa
2838 4756 2927 4808 est
2981 4753 3306 4812 clericatus.
3362 4758 3544 4822 Quem
3595 4766 3760 4834 pater

2114 4843 2320 4899 exinde
2345 4843 2585 4898 domum
2618 4843 2922 4907 reducens,
2954 4841 3012 4897 in
3044 4841 3153 4898 hoc
3184 4848 3536 4905 monasterio
3565 4851 3756 4908 Sithiu

2115 4937 2316 4988 sancto
2346 4932 2513 4987 Petro
2544 4936 2863 5002 sanctoque
2894 4931 3125 4986 Bertino
3152 4935 3503 4993 monachum
3526 4940 3757 5013 obtulit,

2114 5020 2425 5093 locumque
2455 5020 2633 5076 istum
2661 5019 2995 5076 haereditate
3025 5037 3133 5075 sua
3161 5023 3430 5081 nobiliter
3452 5027 3757 5088 haeredita-

2114 5108 2216 5165 vit.
2249 5109 2545 5165 Concessit
2563 5123 2817 5180 namque
2838 5108 2907 5163 ad
2933 5109 3058 5179 jam
3083 5108 3307 5167 dictum
3336 5120 3758 5177 monasterium

2118 5196 2759 5266 Sithiu,monasterium
2781 5196 3074 5269 quoddam
3094 5200 3246 5270 quod
3271 5201 3395 5274 ipse
3417 5204 3476 5261 in
3499 5209 3758 5282 proprie-

2116 5292 2235 5343 tate
2266 5304 2374 5342 sua
2402 5289 2825 5353 construxerat,
2860 5286 3096 5342 nomine
3137 5291 3446 5349 Steneland
3490 5298 3562 5352 ad
3601 5296 3756 5369 quod

2118 5392 2352 5433 omnem
2393 5375 2521 5446 ejus
2580 5373 2975 5431 hazreditatem
3033 5374 3314 5436 Salvatori
3370 5382 3637 5452 Domino,
3693 5382 3755 5440 in

428 5486 572 5568 (73)“
591 5483 785 5568 Edidit
820 5481 1250 5568 Mabilloniunsh
1266 5481 1465 5540 omisit
1500 5484 1698 5540 autem
1741 5485 1908 5542 notas
1956 5483 2397 5561 chronologicas
2434 5498 2765 5561 nomenque
2811 5480 2925 5546 loci
2966 5484 3068 5545 ubi
3111 5485 3370 5568 diploma
3422 5490 3625 5552 datum
3664 5492 3757 5556 est

354 5555 503 5622 Vide
528 5556 606 5620 De
630 5571 691 5619 re
720 5555 947 5635 diplom.
980 5569 1114 5634 pag.
1146 5555 1273 5616 612.
