4154 6186
401 275 556 338 1223

1462 268 1833 342 FOLQUINI
1879 272 1944 332 S.
1989 266 2310 367 BER’PINI
2354 267 2731 332 MONACHI.

399 411 566 480 cujus
613 406 847 463 nomine
889 405 1164 464 eumdem
1213 403 1542 462 construxit
1596 403 2037 470 monasterium,
2069 407 2122 471 Α
2155 402 2464 475 Vostringe
2496 421 2509 470 ;
2541 403 2603 459 in
2656 402 2966 476 Tingria'oo
3003 403 3108 474 ;ia
3163 403 3378 463 Wilere
3411 423 3428 474 ;
3475 404 3812 480 Mestruga-

396 501 674 569 pergetua
724 494 1001 552 firmitate
1029 493 1330 566 delegavit.
1366 493 1497 547 Haec
1530 494 1670 546 sunt
1709 496 1899 546 autem
1936 508 2046 546 no-

393 585 557 640 mina
581 583 849 640 villarum
874 600 1022 656 quas
1053 583 1363 656 praedictus
1387 580 1718 646 Goibertus,
1737 579 2043 637 Guntherti

392 673 616 746 praefati
660 678 844 746 pater,
894 690 998 746 pro
1049 671 1418 744 eleemosyna
1465 687 1576 725 sua
1617 668 1688 724 ad
1737 667 2042 724 basilicam

391 761 623 818 Domini
657 761 972 818 Salvatoris
1006 762 1063 816 in
1096 759 1410 816 Steneland
1439 758 1822 814 contradidit:
1853 758 1912 812 ln
1944 756 2042 812 Ri-

392 851 768 924 colvingeem,
829 851 1125 906 Hisdenne
1177 865 1311 905 cum
1370 847 1798 920 mancipiis;in
1849 846 2042 902 Okka-

392 939 742 1012 ningahem;
777 939 836 994 in
883 939 1167 1005 Hostede;
1203 939 1262 994 in
1315 939 1707 1010 Lampanesse
1733 953 1746 1003 ;
1776 936 1835 991 in
1887 936 2042 991 Sim-

391 1045 534 1102 paco
583 1047 597 1098 ;
655 1028 714 1085 in
778 1029 1084 1085 Bortheem
1133 1047 1146 1095 ;
1189 1029 1250 1084 in
1311 1029 1522 1093 Reka;
1579 1027 1639 1082 in
1690 1028 1922 1092 Strate;
1978 1025 2038 1080 in

391 1117 826 1184 Hemmanwil;
882 1118 940 1172 in
1002 1117 1296 1185 Kiltiaco;
1344 1117 1404 1171 in
1463 1115 1916 1187 Hedenesberg;
1978 1113 2037 1168 in

387 1207 742 1262 monasterio
775 1223 1049 1262 mansum
1083 1205 1436 1277 hortumque
1471 1223 1485 1272 ;
1517 1204 1576 1259 in
1601 1204 1802 1259 Ariaco
1836 1202 2040 1259 simili-

387 1300 513 1365 ter;
545 1296 604 1351 in
633 1297 924 1350 Tarwana
957 1311 1230 1350 mansum
1261 1312 1275 1362 ;
1303 1295 1361 1348 in
1394 1293 1695 1357 Quintvico
1744 1291 2032 1348 similiter.

389 1386 650 1457 Itemque
681 1387 751 1440 ab
783 1383 914 1440 aliis
943 1384 1015 1439 ad
1063 1384 1329 1439 eamdem
1376 1382 1680 1438 basilicam
1731 1385 1870 1438 sunt
1897 1397 2036 1437 con-

387 1487 563 1532 cessa
597 1491 610 1529 :
643 1475 710 1530 1n
742 1473 1012 1530 Kessiaco
1044 1478 1102 1530 et
1131 1472 1397 1546 Squerda
1429 1489 1442 1539 ;
1478 1472 1538 1528 in
1570 1471 1902 1528 Wesarinio
1933 1471 2035 1539 ;in

2155 491 2318 556 sele;
2351 492 2409 546 in
2461 490 2727 548 Loclesse
2763 510 2776 560 ;
2823 491 2884 548 in
2943 493 3428 564 Lonastingahem
3461 515 3483 562 ;
3514 494 3576 551 in
3623 494 3816 552 Grue-

2154 581 2436 654 nomberg
2468 598 2481 648 ;
2514 581 2574 636 in
2601 581 3288 654 Dagmaringahemﬂazc
3309 584 3510 640 omnia
3531 585 3816 657 praefatus

2153 669 2462 725 Goibertus
2492 674 2548 724 et
2580 670 2734 725 filius
2758 671 2888 742 ejus
2920 671 3302 738 Gunthertus,
3352 673 3574 744 partim
3625 690 3698 729 ex
3726 691 3822 731 eo-

2153 775 2284 813 rum
2316 757 2670 825 hazreditate,
2703 759 2915 831 partim
2957 759 3204 816 aliorum
3243 763 3588 828 donatione,
3620 779 3694 818 ex
3722 763 3819 836 ip-

2153 847 2277 904 sius
2308 851 2502 902 tamen
2563 847 2869 904 Guntberti
2931 849 3337 922 acquisitione,
3371 852 3445 906 ab
3499 851 3815 908 basilicam

2151 936 2384 992 Domini
2417 936 2734 994 Salvatoris
2764 938 2820 993 in
2854 939 3600 1006 Stenedland,firmissima
3629 942 3814 996 tradi-

2149 1027 2364 1081 derunt
2394 1026 2724 1094 donatione,
2766 1030 2822 1083 et
2865 1027 3056 1099 ipsam
3105 1028 3411 1086 basilicam
3454 1034 3637 1102 atque
3677 1047 3814 1102 por-

2147 1118 2268 1169 tam
2297 1115 2430 1186 (74),
2457 1115 2797 1171 monasterii
2823 1115 3112 1183 Sithiu,ad
3132 1133 3333 1173 eorum
3365 1118 3816 1191 elee'mosynam

2149 1204 2470 1260 faciendam
2500 1203 2560 1259 in
2596 1206 2954 1278 pauperibus
3001 1209 3058 1262 et
3102 1207 3451 1280 peregrinis,
3488 1208 3818 1280 promptis-

2147 1293 2299 1347 sima
2329 1298 2747 1350 concesserunt
2773 1294 3090 1354 voluntate.
3133 1296 3265 1360 Quae
3313 1296 3518 1352 omnia
3571 1297 3634 1353 in
3666 1297 3816 1354 locis

2145 1382 2270 1437 suis
2301 1399 2436 1438 cum
2468 1383 2538 1438 de
2567 1383 2937 1457 eleemosyna
2966 1384 3123 1458 loqui
3152 1385 3612 1458 cmpimus,cum
3631 1389 3816 1445 cartis

2143 1470 2290 1539 suis,
2322 1472 2438 1528 Deo
2469 1471 2716 1541 favente,
2750 1473 3159 1531 describimus.

1759 1594 1997 1667 Explica
2025 1594 2166 1651 liber
2190 1597 2423 1668 primus.

453 1697 566 1770 (74)
595 1695 682 1752 Ad
707 1700 942 1770 portam
972 1697 1113 1753 Cod.
1146 1697 1296 1752 Aud.

379 1819 2833 1848 Μ

1576 1937 1905 2024 LIBER
1961 1935 2594 2025 SECUNDUS.

1877 2095 2276 2109 _

878 2217 920 2273 Ι.
954 2216 1029 2272 De
1066 2217 1288 2288 Hugone
1325 2215 1532 2271 abbate.

449 2309 668 2366 Abbate
697 2312 894 2362 autem
945 2305 1245 2378 Fridegiso
1296 2306 1584 2378 migrante
1611 2321 1647 2360 a
1670 2302 1879 2359 sacculo
1912 2301 2025 2377 [sui

379 2397 690 2473 regiminis
718 2411 869 2451 anno
902 2398 1110 2467 quarto
1144 2393 1412 2467 decimo],
1447 2394 1610 2467 Hugo
1657 2391 2026 2460 venerabilis,

379 2489 562 2544 Filius
588 2485 773 2543 Caroli
800 2485 955 2559 regis
981 2483 1178 2556 magni
1196 2488 1253 2539 et
1270 2484 1448 2538 frater
1474 2481 2025 2548 LudoviciCmsaris,

378 2578 439 2634 in
481 2576 716 2633 abhatia
763 2573 1068 2639 successit,
1121 2590 1273 2628 anno
1323 2571 1740 2628 incarnationis
1797 2569 2029 2626 Domini

379 2667 508 2732 834,
567 2669 622 2720 et
675 2663 899 2737 praefati
971 2662 1124 2736 regis
1181 2661 1455 2716 Ludovici
1510 2679 1626 2716 xxx.
1688 2660 1815 2725 Qui,
1876 2676 2029 2715 anno

381 2753 688 2827 regiminis
715 2752 805 2808 sui
856 2769 917 2818 ιι,
950 2750 1292 2822 praedictum
1329 2767 1520 2822 regem
1553 2750 1774 2817 adiens,
1810 2749 2032 2820 rogavit

381 2840 502 2900 haec
534 2843 605 2898 ab
639 2841 738 2896 illo
769 2841 929 2912 regia
957 2839 1304 2896 auctoritate
1336 2838 1576 2906 firmari,
1609 2856 1736 2910 qua:
1771 2843 2028 2896 anteces-

383 2948 544 2989 sores
602 2930 691 2985 sui
754 2929 1109 2982 Francorum
1145 2943 1310 3000 reges
1364 2927 1658 2999 regalibus
1712 2925 2031 2999 privilegiis

383 3021 620 3093 praefato
653 3017 840 3089 Sitgiu
864 3015 1219 3071 monasterio
1244 3014 1352 3070 visi
1377 3017 1606 3070 fuerant
1629 3015 2027 3090 confirmasse.

383 3107 547 3174 Quod
566 3121 666 3161 rex
687 3103 1215 3161 excellentissimus
1235 3107 1354 3159 tam
1382 3107 1648 3177 prompte
1670 3103 2026 3177 adimplevit,

383 3199 671 3269 quantum
723 3198 780 3249 et
817 3196 1117 3266 rogantem
1149 3209 1266 3265 prae
1299 3192 1790 3260 antecessoribus,
1832 3197 2031 3265 utpote

384 3287 618 3342 fratrem
649 3283 823 3339 corde
852 3288 1025 3338 tenus
1058 3281 1354 3338 fraternali
1389 3281 1918 3338 charitate'dilexit.

383 3393 453 3450 II.
485 3391 847 3463 Privilegium
1377 3393 1615 3462 tempore
1668 3389 1906 3461 Hugonis
1935 3389 2033 3445 ab-

1143 3477 1189 3516 zs
1347 3503 1360 3515 .

1143 3477 1189 3516 28
1227 3477 1360 3516 (Ἰῡ).

2062 2215 2111 2282 Β
2141 2214 2474 2288 episcopus,
2505 2214 2880 2288 suggestione
2914 2215 3172 2290 Hugonis
3203 2216 3430 2273 abbatis
3480 2215 3808 2274 Sithiensis

2139 2303 2404 2370 coenobii,
2437 2304 2589 2376 quod
2621 2308 2709 2361 est
2751 2310 3152 2362 constructum
3188 2305 3246 2362 in
3289 2305 3486 2364 insula
3514 2307 3712 2364 Sithz'u
3744 2307 3806 2362 in

2137 2393 2358 2452 honore
2389 2398 2450 2448 B.
2484 2393 2634 2450 Petri
2669 2394 2950 2468 principis
2982 2395 3397 2468 apostolorum,
3432 2396 3536 2451 ubi
3573 2397 3638 2452 B.
3662 2397 3801 2452 Ber-

2137 2483 2298 2539 tinus
2314 2499 2552 2555 corpore
2569 2484 3211 2558 quiescit,perpendens
3226 2482 3584 2558 injustltiam
3607 2484 3803 2560 lacry-

2140 2571 2422 2628 mabilem
2455 2589 2631 2644 quam
2660 2573 2997 2647 Fridegisus
3031 2576 3420 2648 praedecessor
3459 2592 3647 2647 supra
3678 2591 3806 2631 rne-

2140 2661 2348 2717 morati
2381 2661 2608 2717 abbatis
2657 2663 2847 2719 eidem
2906 2669 3108 2720 sancto
3165 2663 3290 2720 loco
3339 2664 3641 2735 intulerat,
3679 2668 3809 2719 tota

2141 2751 2462 2806 intentione
2485 2751 2813 2824 excogitare
2844 2753 3272 2825 cmpi,qualiter
3290 2755 3565 2810 eumdem
3598 2753 3803 2809 locum

2139 2841 2209 2894 ad
2245 2840 2558 2913 pristinum
2591 2840 2874 2897 honorem
2895 2842 3147 2898 valerem
3179 2844 3472 2899 reducere.
3506 2842 3811 2899 Omnibus

2139 2933 2293 2984 certe
2325 2934 2531 2985 notum
2563 2933 2650 2984 est
2680 2930 2952 2987 ﬁdelibus
2981 2932 3260 3005 quoniam
3283 2931 3466 2988 sancti
3497 2932 3807 2988 cenfesso-

2140 3035 2232 3074 res
2253 3017 2463 3074 Christi
2481 3019 2852 3075 Audomarus
2870 3025 3043 3093 atque
3064 3021 3504 3087 Bertinus,dum
3522 3020 3723 3077 adhuc
3743 3021 3814 3077 in‘

2139 3123 2378 3180 corpore
2403 3109 3024 3171 essent,caameterium
3059 3110 3118 3164 in
3149 3109 3291 3165 villa
3321 3110 3503 3165 Stthiu
3523 3110 3584 3165 in
3617 3125 3812 3183 supe-'

2140 3196 2276 3252 riori
2309 3196 2433 3252 loco
2457 3197 2527 3252 ad
2547 3197 2896 3254 tumulanda
2909 3216 3014 3254 sua
3026 3203 3082 3254 et
3103 3198 3524 3254 monachorum
3547 3214 3806 3272 corpora

2139 3285 2437 3341 communi
2469 3301 2638 3358 opere
2670 3287 2964 3343 fecerunt:
2993 3287 3051 3342 in
3078 3288 3250 3359 cujus
3269 3287 3459 3344 medio
3487 3287 3800 3344 basilicam

2138 3374 2198 3430 in
2230 3374 2449 3430 honore
2471 3375 2529 3430 S.
2562 3374 2752 3431 Maria
2785 3380 3250 3445 construxerant,
3286 3390 3464 3449 quam
3513 3375 3694 3432 etiam
3731 3376 3797 3432 Β.

2137 3465 2508 3519 Audomarus
2531 3464 2831 3520 S.Bertino
2846 3465 3085 3537 suisque
3109 3465 3550 3522 successoribus
3565 3467 3818 3522 donans

381 3552 548 3627 (Vide
608 3552 765 3609 inter
814 3550 1117 3625 privilegia
1184 3551 1452 3658 Ludovici
1521 3549 1627 3618 Pii,
1691 3549 2029 3623 Patrologize
2061 3590 2104 3658 ϐ
2143 3567 2248 3624 per
2276 3551 2955 3625 privilegiumquoddam
2974 3553 3303 3626 episcopale
3324 3555 3802 3622 conﬁrmaverat,

1038 3644 1180 3695 tom.
1214 3639 1371 3704 CIV.)

452 3729 547 3788 IlI.
580 3732 795 3787 Eodem
827 3735 1087 3800 tempore
1117 3728 1431 3801 przsdictus
1476 3728 1639 3800 Hugo
1670 3728 1850 3783 abbas
1895 3745 2030 3784 con-

383 3819 586 3876 dolens
615 3819 1032 3875 infelicissima:
1063 3821 1121 3873 et
1152 3816 1494 3872 miserrimae
1524 3816 1789 3873 divisioni
1824 3820 1880 3872 et
1909 3817 2032 3872 dis-

383 3908 621 3964 cissioni
650 3905 1002 3964 venerabilis
1047 3905 1357 3962 Sithiensis
1406 3905 1653 3961 coenobii
1685 3906 1757 3960 ab
1793 3904 2032 3960 infando

385 3996 687 4068 Fridegiso
710 3995 936 4060 factam
965 3995 1180 4050 domno
1203 3994 1482 4066 Folquino
1509 3998 1645 4049 tunc
1674 3993 2032 4050 Morinorum

381 4082 700 4140 venerabili
741 4083 1005 4139 antistite
1036 4083 1322 4139 unitatem
1355 4082 1752 4138 coenobiorum
1786 4081 2033 4155 pristino

385 4188 546 4228 more
577 4171 880 4228 reformari
935 4170 1261 4243 inspiravit.
1297 4172 1457 4238 Quod
1511 4175 1567 4226 et
1598 4170 1896 4244 privilegio
1942 4172 2035 4226 ﬁr-

384 4260 533 4318 mari
566 4262 719 4319 fecit.
772 4262 961 4335 Hujus
990 4263 1187 4317 autem
1239 4260 1532 4334 priuilegii
1576 4260 1686 4317 hoc
1716 4265 1806 4317 est
1849 4276 2036 4317 exem-

385 4351 530 4424 plar.

907 4439 1000 4496 IV.
1034 4441 1339 4514 Exemplar
1376 4440 1508 4513 (76).

453 4531 572 4603 Ego
604 4524 925 4601 Folquinus
954 4528 1055 4584 Dei
1087 4531 1274 4601 gratia
1304 4529 1662 4585 Morinorum
1702 4528 2032 4602 episcopus,

384 4619 658 4675 omnibus
692 4618 963 4674 fidelibus
993 4622 1113 4673 tam
1151 4618 1364 4674 futuris
1414 4635 1592 4691 quam
1623 4619 2032 4691 prmsentibus.

383 4708 676 4781 Quidquid
722 4708 794 4763 ob
841 4723 1102 4763 amorem
1153 4707 1250 4763 Dei
1277 4708 1574 4780 exigentes
1621 4707 1702 4764 rei
1734 4706 2036 4763 veritatem

385 4798 676 4854 memoriae
692 4799 1022 4854 futurorum
1047 4797 1406 4854 noscendum
1431 4795 2037 4869 reliquerimus,valde

384 4886 442 4941 id
475 4886 786 4942 animabus
818 4887 1034 4942 nostris
1067 4887 1440 4958 profuturum
1472 4886 1948 4957 speramus,dum
1982 4887 2039 4940 et

2141 3645 2198 3697 et
2229 3659 2402 3698 suum
2433 3641 2584 3696 inter
2612 3658 2710 3698 eos
2741 3642 3156 3716 corpusculum
3199 3644 3432 3716 sepeliri
3475 3644 3535 3699 in
3588 3645 3802 3700 eodem

2140 3731 2440 3804 privilegio
2472 3736 2790 3804 rogaverat.
2821 3735 3005 3798 Quam
3041 3733 3349 3805 prmdictus
3380 3733 3565 3789 abbas
3611 3733 3808 3789 Fride-

2141 3819 2306 3891 gisus
2338 3837 2452 3876 non
2484 3821 2672 3876 solum
2706 3821 2764 3876 S.
2799 3821 3027 3877 Bertino
3059 3821 3212 3890 tulit,
3249 3821 3349 3877 sed
3401 3822 3584 3877 etiam
3620 3822 3802 3894 (quod

2142 3909 2302 3964 dictu
2330 3908 2606 3965 horribile
2636 3909 2742 3971 est)
2767 3909 3084 3966 monachos
3101 3911 3230 3982 ejus
3268 3911 3384 3966 Deo
3406 3909 3650 3966 honeste
3684 3911 3805 3965 ibi-

2143 3997 2276 4054 dem
2300 3999 2613 4056 servientes
2631 4014 2765 4054 cum
2783 4015 2997 4072 magno
3019 3999 3298 4054 dedecore
3315 3997 3805 4071 expulit,canoni-

2143 4103 2357 4160 eosque
2380 4087 2459 4143 ibi
2472 4087 2944 4155 constituit,dum
2972 4087 3236 4143 sciliceta
3262 4088 3634 4160 temporibus
3663 4105 3804 4144 san-

2143 4181 2372 4233 ctorum
2401 4175 2717 4232 Audomari
2745 4180 2920 4248 atque
2952 4175 3170 4232 bertini
3220 4177 3420 4250 religio
3451 4177 3814 4233 monachica

2142 4266 2362 4322 ibidem
2395 4265 2688 4321 famulans
2715 4264 3160 4338 religiosissime
3179 4266 3700 4332 ﬂoreret.Quorum
3723 4265 3800 4321 la.

2144 4353 2740 4428 crymosazinjustitiaa
2761 4353 3278 4428 reclamationique
3292 4354 3801 4412 incessabilicom-

2144 4443 2374 4517 patiens
2405 4446 2461 4499 et
2488 4440 2755 4516 p‘etitioni
2786 4441 3051 4516 Hugonis
3072 4442 3420 4499 venerabilis
3443 4443 3679 4499 abbatis
3708 4459 3803 4500 ac-

2145 4533 2472 4604 quiescens,
2507 4531 2837 4588 aedilitatem
2861 4549 2963 4588 seu
2982 4533 3308 4589 custodiam
3331 4533 3522 4604 ipsius
3545 4532 3806 4588 basilica!

2146 4623 2203 4678 S.
2240 4622 2404 4677 Petro
2434 4625 2752 4692 sanctoque
2802 4622 3034 4677 Bertino
3091 4622 3470 4688 reddendam,
3509 4625 3567 4676 et
3602 4638 3805 4676 mona-

2145 4711 2321 4766 chum
2354 4711 2425 4765 ad
2457 4709 2783 4765 custodiam
2815 4710 2892 4765 ibi
2926 4711 3262 4783 ponendum
3292 4708 3494 4766 censui
3517 4713 3576 4765 et
3597 4709 3806 4776 statui,

2147 4803 2209 4854 ut
2230 4804 2286 4855 et
2316 4804 2568 4871 quatuor
2593 4798 2958 4871 temporibus
2977 4798 3035 4853 in
3060 4815 3212 4855 anno
3235 4798 3553 4854 missarum
3586 4797 3807 4858 solem-

2146 4889 2246 4944 nia
2275 4887 2630 4944 celebrarent
2655 4886 2928 4952 stabilivi,
2964 4887 3071 4942 hoc
3102 4892 3192 4943 est
3222 4888 3281 4943 in
3322 4888 3464 4943 feria
3487 4887 3663 4943 tertia
3683 4887 3809 4942 die-

385 4991 520 5030 vera
549 4975 1058 5043 innotescimus,et
1079 4975 1293 5030 falsata
1321 4976 1692 5030 damnamus.
1719 4972 1926 5028 Melius
1952 4977 2042 5029 est
2069 4959 2115 5023 D
2148 4994 2276 5032 rum
2311 4975 2720 5048 Rogationum,
2754 4975 2810 5030 in
2845 4976 3158 5032 festivitate
3184 4991 3416 5050 quoque
3457 4976 3522 5031 B.
3555 4975 3806 5032 Joannis

388 5063 545 5118 enim
567 5063 757 5135 ipsam
777 5065 1081 5121 veritatem
1115 5064 1187 5119 ad
1224 5063 1459 5119 laudem
1502 5063 1601 5118 Dei
1637 5061 2030 5129 manifestare,

389 5167 566 5224 quam
597 5167 700 5223 pro
720 5151 882 5208 lucro
915 5158 1015 5209 aut
1041 5153 1271 5226 negotio
1303 5157 1532 5208 terreno
1563 5169 1690 5208 eam
1724 5149 1929 5218 celare,
1965 5167 2038 5206 ne

391 5238 616 5297 scilicet
644 5239 818 5295 homo
842 5248 1107 5310 peccator
1137 5243 1420 5299 offensam
1470 5240 1572 5296 Dei
1614 5245 1672 5296 et
1701 5244 2037 5296 sanctorum

391 5329 522 5401 ejus
551 5328 612 5384 in
643 5327 752 5384 hoc
783 5327 1573 5404 videaturincurrere.lgitur
1587 5345 1693 5403 ego
1716 5328 2040 5401 Folquinus

485 5474 576 5548 75)
601 5471 774 5548 {apud
799 5470 1328 5548 Mabillonium,_De
1355 5474 1691 5548 redimam,
1733 5489 1867 5548 pag.
1914 5473 2040 5548 613.

515 5475 556 5529 '5
608 5474 774 5546 Apud
799 5474 1227 5539 Mabillonium,
1254 5476 1328 5532 De
1355 5491 1414 5532 re
1443 5474 1691 5548 ἀφίστη,
1733 5490 1808 5547 pa
1855 5515 1867 5529 .
1914 5474 2034 5531 613.

515 5474 576 5620 Gl
601 5541 978 5621 Privilegium
997 5542 1145 5606 illud
1157 5545 1412 5624 vulgavit
1431 5546 1796 5607 Mabill.‘Saao.
1811 5489 2034 5610 Dened.

2144 5065 2501 5138 Baptistae,et
2532 5064 2588 5119 in
2623 5063 2986 5136 depositione
3033 5069 3088 5120 S.
3112 5065 3449 5133 Audomari,
3485 5067 3547 5120 in
3580 5063 3811 5120 festivi-

2146 5160 2264 5210 tate
2290 5153 2555 5210 omnium
2587 5157 2952 5209 sanctorum:
2989 5158 3044 5210 et
3067 5153 3349 5228 quidquid
3373 5153 3446 5209 ad
3489 5153 3690 5226 ipsum
3721 5151 3807 5209 al-

2149 5247 2272 5300 tare
2301 5243 2541 5311 veniret,
2575 5241 2852 5297 monachi
2906 5244 3092 5299 sancti
3139 5243 3357 5299 Bertini
3404 5243 3636 5316 absque
3687 5240 3816 5297 ulla

2151 5331 2606 5388 contradictione
2612 5331 2782 5402 juxta
2795 5346 3016 5387 morem
3032 5330 3345 5401 pristinum
3361 5331 3691 5388 secundum
3709 5329 3814 5387 de-

2153 5476 2254 5551 III,
2288 5479 2439 5554 part.
2475 5490 2516 5544 ι,
2547 5489 2681 5551 pag.
2715 5474 2840 5534 122.
2909 5539 2918 5547 ι
