4086 6188
233 292 386 353 1225

1606 284 2254 356 CHARTULARIUM.

3477 293 3634 363 1226

229 430 452 483 cretum
486 425 638 482 beati
666 414 1006 491 Audomari,
1028 423 1181 496 quod
1224 425 1283 478 in
1328 423 1624 497 privilegio
1656 425 1726 479 de
1759 427 1875 479 tra-
1906 423 1960 491 Α
1993 425 2319 481 Ludovicus
2339 415 2406 481 et
2436 426 2676 484 Carolus
2705 411 3046 486 divisionem
3081 429 3246 504 regni
3277 431 3631 504 atlectantes,

229 516 446 572 ditio‘ne
475 514 662 587 ipsius
709 513 818 569 loci
872 512 1152 569 coenobiis
1183 513 1419 585 scripsit
1449 518 1506 569 et
1553 512 1873 581 interdixit,

227 603 529 672 haberent,
553 607 839 669 tenerent,
862 606 919 658 et
938 601 996 656 in
1023 606 1304 674 perpetuo
1326 602 1562 674 perenni
1585 603 1720 672 jure
1741 619 1876 674 pos—

226 693 632 749 siderent.Nec
663 691 973 766 episcopus
1000 695 1103 746 aut
1122 689 1568 746 archidiaconus
1599 692 1747 762 ejus,
1771 708 1876 746 seu

224 781 440 854 aliquis
470 779 936 846 clericorum,vel
968 780 1142 852 iudex
1173 779 1490 836 forensium
1525 795 1741 846 rerum,
1773 779 1876 834 ali-

224 875 362 947 quid
397 872 508 928 sibi
548 870 754 926 exinde
781 869 1097 924 vindicent.
1144 869 1407 941 Denique
1452 869 1579 940 jam
1629 869 1868 941 quidam

224 963 583 1020 emerseraut
604 959 850 1015 audacia
867 957 1212 1014 temeritatis
1230 958 1737 1030 decepti,dicentes
1759 957 1874 1030 pri-

223 1056 450 1109 matum
493 1049 755 1106 locorum
801 1047 873 1102 ad
923 1064 986 1104 se
1033 1046 1320 1119 pertinere
1361 1047 1868 1111 debere.0uorum

222 1141 703 1216 praesumptuosa:
730 1135 1016 1209 superbiai
1048 1135 1351 1203 resistens,
1385 1151 1488 1207 per
1525 1134 1870 1207 descriptio-

221 1247 354 1288 nem
386 1227 762 1301 capitularem
795 1242 992 1281 coram
1023 1223 1377 1297 quibusdam
1401 1223 1752 1296 primatibus
1779 1239 1869 1280 re-

221 1320 369 1395 galis
400 1316 598 1392 palatii
625 1321 682 1371 et
710 1314 890 1387 hujus
919 1314 1117 1387 patriae
1143 1330 1242 1370 eos
1267 1313 1402 1368 huic
1435 1311 1560 1370 loco
1582 1313 1783 1385 subegi
1796 1317 1871 1380 ,et

221 1414 496 1466 conatum
529 1423 730 1462 eorum
754 1402 1089 1460 annihilavi.
1114 1403 1231 1458 Hoc
1251 1403 1428 1458 etiam
1461 1402 1743 1474 scriptum
1774 1419 1872 1479 po-

222 1498 396 1556 steris
425 1495 878 1566 relinquendum
925 1494 1046 1549 fore
1089 1496 1282 1548 ratum
1314 1491 1472 1559 duxi,
1497 1495 1563 1546 ut
1608 1507 1712 1564 per
1759 1491 1868 1547 hoc

221 1587 575 1660 quandoque
605 1584 913 1639 resistatur
950 1582 1321 1637 inimicorum
1365 1580 1530 1636 malae
1560 1579 1866 1649 voluntati,

219 1681 277 1732 et
305 1676 416 1731 hoc
446 1674 763 1745 infringere
799 1671 1119 1726 volentium
1169 1670 1372 1742 iniquo
1421 1670 1673 1725 conatui.
1703 1671 1864 1737 Quod

1987 519 2119 584 post
2146 531 2329 571 unum
2361 533 2604 582 annum,
2636 518 2891 575 maximo
2931 519 3128 592 praelio
3158 519 3310 577 inter
3337 535 3402 578 se
3430 521 3634 578 confli-a

1983 609 2192 659 xerunt
2221 604 2280 660 in
2311 621 2459 677 pago
2487 605 2984 675 Autisiodorense,
3017 608 3075 664 in
3108 607 3233 666 loco
3265 609 3367 683 qui
3395 613 3636 668 vocatur

1985 692 2389 749 Fontanetum.
2424 694 2488 750 In
2520 711 2637 766 quo
2667 694 2792 752 loco
2820 697 3192 768 Franci,cum
3223 699 3498 756 omnibus
3526 717 3636 757 na-

1981 779 2240 838 tionibus
2253 783 2365 838 sibi
2385 784 2684 855 subjectis,
2701 789 2909 842 mutua
2925 804 2987 842 se
3003 788 3156 843 caede
3172 793 3628 862 prosternentes,

1981 869 2054 924 ad
2088 869 2362 926 ultimum
2397 872 2721 928 Ludovicus
2746 878 2803 929 et
2821 873 3081 944 Carolus,
3107 875 3375 932 Lothario
3405 876 3626 950 fugato,

1978 958 2346 1032 triumphum
2379 961 2570 1034 adepti
2614 967 2772 1018 sunt.
2805 963 2942 1020 Post
2982 963 3463 1024 cruentissimum
3491 981 3628 1024 vero

1977 1047 2265 1118 praelium,
2299 1065 2438 1120 pace
2467 1049 2621 1105 inter
2665 1066 2764 1106 eos
2811 1049 2984 1120 facta,
3007 1051 3332 1109 diviserunt
3381 1053 3535 1110 inter
3563 1069 3628 1112 se

1977 1134 2332 1193 Francorum
2354 1137 2687 1210 imperium.
2710 1140 2778 1196 Et
2800 1140 3110 1198 Lotharius
3139 1141 3376 1213 quidem
3402 1143 3634 1218 accepit

1977 1242 2224 1299 regnum
2266 1228 2664 1284 Romanorum
2695 1232 2754 1284 et
2790 1233 2974 1285 totam
3017 1228 3264 1298 Italiam,
3297 1235 3354 1288 et
3399 1238 3626 1304 partem

1977 1315 2231 1371 Franciae
2262 1315 2602 1372 orientalem
2636 1321 2935 1390 totamque
2965 1318 3350 1376 Proventiam.
3379 1320 3628 1378 Ludovi-

1978 1421 2082 1459 cus
2111 1421 2265 1470 vero,
2309 1409 2516 1477 praeter
2561 1405 2851 1474 Noricam,
2875 1423 3054 1479 quam
3112 1407 3386 1477 habebat,
3436 1411 3630 1467 tenuit

1977 1510 2157 1566 regna
2189 1510 2319 1565 quze
2349 1498 2514 1566 pater
2543 1512 2688 1550 suus
2719 1495 2802 1549 illi
2835 1496 3091 1564 dederat,
3117 1497 3175 1552 id
3217 1501 3306 1553 est
3349 1497 3627 1556 Alaman-

1976 1582 2156 1646 niam,
2181 1581 2543 1656 Turingiam,
2578 1585 2965 1654 Austrasiam,
2991 1585 3300 1642 Saxoniam
3329 1589 3387 1643 et
3413 1589 3624 1646 Avaro-

1977 1688 2130 1741 rum,
2155 1671 2210 1726 id
2247 1677 2335 1726 est
2379 1673 2719 1728 Hunnorum
2762 1689 3028 1746 regnum.
3053 1673 3292 1731 Carolus
3327 1693 3461 1732 vero
3511 1694 3634 1736 mes

217 1763 555 1837 quicunque
603 1760 817 1816 futuris
870 1760 1232 1832 temporibus
1260 1759 1349 1815 vel
1398 1758 1744 1826 annihilare,
1777 1759 1868 1815 vel
1896 1793 1946 1858 Β
1977 1760 2254 1816 dietatem
2276 1760 2527 1816 Francia:
2549 1761 2622 1816 ab
2643 1761 2970 1830 Occidente,
2991 1769 3048 1819 et
3067 1768 3252 1820 totam
3268 1764 3626 1841 Neustriam,

214 1852 530 1924 infringere
552 1848 1175 1921 praesumpserit,quod
1208 1848 1379 1912 absit,
1404 1847 1747 1902 auctoritate
1767 1849 1870 1929 Pa-

214 1942 344 2009 tris,
372 1945 430 1996 et
459 1938 609 2004 Filii,
639 1941 696 1992 et
723 1935 978 2008 Spiritus
1027 1934 1216 1990 sancti
1262 1934 1576 1990 anathema
1622 1933 1715 2002 sit,
1751 1935 1866 1990 nisi

216 2032 394 2104 digna
423 2025 766 2102 poenitentia
795 2024 1121 2097 resipuerit.
1141 2026 1347 2079 Actum
1379 2028 1468 2080 est
1498 2040 1651 2079 anno
1675 2023 1864 2080 incar-

216 2119 473 2177 nationis
494 2115 806 2173 Dominicis
827 2113 1312 2187 octingentesimo
1340 2113 1663 2186 trigesimo,
1689 2130 1862 2181 nono,

215 2208 527 2267 iadictione
557 2203 848 2270 secunda;
882 2201 1113 2274 imperii
1162 2206 1354 2257 autem
1408 2201 1677 2257 Ludovici
1711 2201 1865 2274 regis

216 2315 370 2355 anno
415 2295 700 2368 vigesimo
758 2295 939 2358 sexto,
985 2291 1335 2363 praesulatus
1393 2305 1624 2362 quoque
1680 2290 1864 2346 nostri

216 2405 368 2445 anno
397 2385 674 2442 vicesimo
700 2381 868 2438 tertio
889 2380 1024 2453 (77),
1047 2380 1107 2436 in
1130 2379 1373 2436 ecclesia
1403 2383 1615 2435 sancta:
1647 2379 1862 2448 Mariae,

214 2475 563 2534 duodecimo
595 2470 884 2528 Kalendas
919 2469 1082 2535 Julii,
1114 2472 1396 2542 praesente
1427 2467 1740 2524 universali
1771 2486 1864 2542 sy-

213 2565 388 2622 nodo.
421 2564 540 2637 Ego
570 2560 891 2632 Folquinus
935 2575 1004 2615 cx
1041 2575 1330 2614 consensu
1361 2562 1418 2615 et
1448 2561 1731 2630 praecepto
1762 2558 1862 2613 do-

212 2655 360 2712 mini
392 2651 661 2709 Lucovici
692 2647 1063 2721 imperatoris
1101 2645 1222 2702 haec
1260 2646 1582 2702 voluntarie
1612 2646 1864 2714 firmavi,

211 2750 269 2801 et
319 2760 455 2801 cum
507 2737 822 2813 episcopali
876 2735 1351 2791 interminatione
1409 2734 1862 2808 suscripsi.Ego

211 2833 503 2889 Maximus
524 2827 976 2886 archidiaconus
997 2824 1343 2896 subscripsi.
1362 2825 1479 2896 Ego
1495 2825 1659 2898 Hugo
1681 2825 1864 2880 abbas

210 2921 556 2994 subscripsi.
607 2917 853 2989 Signum
922 2913 1196 2971 Adalardi
1270 2913 1564 2968 monachi.
1615 2913 1862 2987 Signum

207 3010 530 3068 Amalberti
580 3004 872 3062 monachi.
915 3003 1161 3077 Signum
1214 3002 1357 3058 Mori
1409 3002 1518 3074 (78)
1567 3001 1858 3058 monachi.

210 3102 458 3174 Signum
490 3095 717 3154 Henrici
741 3094 838 3166 [αι.
865 3091 1084 3166 Unrici]
1118 3091 1630 3164 comitis.Signum
1653 3091 1860 3163 Odgini

1975 1849 2335 1904 Britanniam
2367 1853 2423 1904 et
2455 1850 2771 1905 maximam
2822 1855 3045 1922 partem
3092 1853 3464 1925 Burgundias,
3509 1859 3621 1912 Go-

1974 1937 2139 2005 tiam,
2161 1937 2560 2005 Wasconiam,
2583 1938 2981 2009 Aquitaniam,
3005 1940 3277 1997 submoto
3307 1944 3462 1999 unde
3492 1944 3624 2016 Pip-

1974 2023 2272 2107 pino,.filio
2304 2024 2624 2097 Pippini,et
2653 2027 2711 2081 in
2743 2027 3099 2084 monasterio
3128 2028 3315 2086 sancti
3363 2029 3626 2089 Medardi

1974 2118 2232 2183 attonso;
2266 2115 2379 2170 ista
2409 2118 2603 2170 autem
2648 2115 3151 2187 periculosissima
3177 2117 3471 2179 discordia
3497 2121 3626 2178 sine

1975 2202 2172 2276 requie
2203 2203 2591 2276 quinquennii
2623 2211 3005 2276 occupaverat
3034 2209 3287 2278 tempus.

2097 2310 2217 2366 VII.
2251 2311 2324 2367 De
2355 2312 2714 2366 translatione
2739 2313 2919 2367 sancti
2945 2311 3244 2371 Audomari
3269 2313 3335 2370 de
3360 2315 3496 2371 villa

2622 2382 2972 2456 Ligesburch.

2043 2472 2162 2527 Sub
2192 2470 2300 2526 hac
2336 2472 2684 2542 tempestate
2714 2463 3046 2527 invenimus
3069 2470 3532 2548 itaannotatum
3564 2473 3625 2532 in

1973 2558 2551 2617 decennovaanalibus
2601 2576 2888 2615 annorum
2939 2559 3624 2631 Dominicarnativitatis,

1973 2649 2130 2722 quod
2159 2653 2248 2704 est
2290 2665 2587 2716 nccexun,
2622 2647 2937 2704 indictione
2966 2650 3042 2716 vi,
3075 2648 3263 2706 sancti
3301 2650 3623 2722 Audomari

1972 2719 2184 2811 corpus
2214 2738 2286 2793 de
2313 2737 2449 2793 villa
2473 2737 2859 2810 Liegesburch
2894 2738 3142 2795 refertur
3188 2739 3260 2795 ad
3301 2719 3501 2797 locum
3533 2741 3620 2798 Si-

1970 2831 2120 2883 tum.
2151 2825 2617 2898 Solemnitasque
2657 2825 2816 2881 illius
2862 2825 3265 2885 translationis
3311 2827 3373 2884 in
3421 2845 3624 2887 mense

1969 2917 2145 2973 Junio
2175 2917 2378 2972 devote
2409 2932 2442 2970 a
2471 2915 2685 2987 populo
2728 2914 3052 2971 celebratur
3090 2915 3485 2986 Taruennico;
3519 2919 3624 2976 sed

1971 3004 2235 3078 plerique
2264 3003 2536 3076 ignorant
2564 3020 2595 3059 e
2625 3003 2962 3077 vulgaribus
3005 3021 3110 3077 pro
3139 3022 3258 3078 qua
3299 3021 3361 3062 re
3402 3009 3626 3065 statuta

1973 3095 2051 3150 sit
2081 3095 2140 3149 in
2173 3091 2466 3166 primitus.
2491 3093 2741 3165 Equum
2774 3097 2968 3149 autem
3001 3093 3253 3151 arbitror
3280 3109 3411 3152 esse
3440 3099 3498 3152 et
3527 3097 3632 3153 ΕΟ·-

210 3159 496 3246 ad‘vocati.
529 3186 778 3258 Signum
827 3181 1114 3238 Everwini
1163 3181 1388 3236 militis.
1413 3181 1659 3252 Signum
1689 3182 1859 3236 Bera-
1890 3159 1936 3227 (ἶ
1972 3183 2158 3239 clesias
2191 3181 2512 3254 provenire,
2531 3181 2579 3236 si
2605 3198 2814 3237 causas
2840 3180 3393 3240 illiussolemnitatis
3423 3184 3485 3240 in
3513 3183 3625 3242 hoc

211 3279 282 3334 rii
315 3276 542 3333 militis.
567 3274 686 3347 Ego
716 3271 1081 3328 Gunthertus
1111 3269 1224 3342 (79)
1250 3269 1423 3325 levita
1452 3275 1508 3324 et
1538 3269 1860 3325 monachus

203 3367 364 3440 jussi
395 3364 593 3422 domni
627 3360 895 3434 Folquini
938 3358 1204 3432 praesulis
1241 3358 1393 3415 hanc
1429 3357 1693 3414 chartam
1724 3358 1864 3414 scri-

211 3455 305 3530 psi
336 3459 393 3512 et
419 3451 766 3524 subscripsi.

835 3535 902 3592 V.
929 3535 1241 3607 Exemplar.

285 3629 581 3702 Quidquid
609 3628 741 3702 (80),
773 3629 882 3682 etc.

208 3739 309 3795 VI.
341 3739 416 3794 De
445 3740 618 3793 morte
645 3734 900 3791 Ludovici
941 3734 1104 3804 regis,
1137 3735 1187 3788 et
1215 3731 1481 3788 divisione
1522 3734 1682 3802 regni
1724 3735 1868 3789 inter

885 3806 1030 3876 ﬁlios
1059 3804 1195 3876 ejus.

287 3897 586 3956 Gloriosus
618 3901 814 3952 autem
845 3911 943 3950 rex
974 3891 1298 3949 Ludovicus
1329 3893 1645 3964 imperator
1671 3895 1868 3967 Augu-

215 3994 360 4056 stas,
409 4004 562 4043 anno
611 3981 1029 4041 incarnationis
1077 3981 1391 4037 Dominicae
1438 3983 1562 4048 840,
1598 4000 1731 4038 cum
1781 4000 1869 4040 re-

215 4081 458 4150 gnasset
488 4074 658 4132 annis
685 4090 862 4138 xxvu,
899 4071 1150 4128 decessit
1189 4087 1222 4126 a
1267 4070 1498 4127 saeculo.
1525 4074 1672 4128 Ante
1703 4072 1872 4144 cujus

217 4167 445 4222 obitum
487 4163 755 4220 mirabile
799 4161 1081 4234 quiddam
1112 4165 1169 4216 et
1196 4160 1530 4216 inauditum
1577 4162 1789 4218 accidit
1814 4161 1873 4217 in

219 4272 370 4329 pago
398 4252 854 4309 Taruennicum.
885 4251 1031 4306 Nam
1074 4249 1202 4321 ipso
1234 4267 1410 4315 anno,
1444 4254 1574 4323 post
1617 4251 1876 4306 medium

219 4342 571 4400 Januarium
586 4339 1010 4412 meridie,ignei
1034 4339 1468 4394 umbonescum
1491 4339 1684 4394 sonitu
1707 4356 1878 4412 gran-

224 4433 283 4488 di
306 4433 376 4487 ab
396 4431 607 4486 aethere
625 4429 774 4500 lapsi
794 4427 1107 4496 sunt,miru
1118 4443 1290 4498 mque
1308 4427 1706 4500 spectaculum
1721 4427 1881 4484 omni

1969 3269 2463 3342 codice,quamvis
2485 3269 3042 3342 impolito,digeram
3061 3287 3352 3338 sermone,
3373 3273 3626 3329 maxime

1970 3380 2106 3419 cum
2133 3360 2379 3416 Tobiam
2411 3357 2654 3430 angelus
2685 3358 3018 3427 admoneat,
3041 3356 3280 3415 dicens:
3317 3359 3490 3431 Opera
3521 3363 3627 3417 Do-

1969 3453 2113 3506 mini
2141 3465 2375 3505 narrare
2425 3455 2477 3504 et
2521 3447 2771 3518 conﬁteri
2799 3445 3163 3516 honoriﬁcum
3191 3451 3286 3504 est.
3321 3449 3421 3505 Est
3466 3450 3625 3506 enim

1972 3540 2033 3595 in
2063 3539 2173 3594 hoc
2228 3538 2400 3602 facto,
2434 3536 2483 3592 si
2517 3535 2802 3592 referatur
2855 3536 3010 3591 unde
3067 3535 3296 3592 Domini
3355 3536 3629 3594 laudetur

1974 3625 2428 3700 magniﬁcentia,
2462 3629 2518 3681 et
2561 3624 2717 3680 unde
2764 3623 2952 3697 ipsius
3001 3625 3188 3681 sancti
3237 3625 3629 3698 ampliﬁcetur

1976 3715 2315 3774 reverentia.
2339 3713 2658 3786 Aggrediar
2709 3730 2844 3788 ergo
2899 3713 3110 3784 dicere,
3144 3731 3258 3771 non
3319 3732 3446 3788 quae
3501 3716 3629 3789 ipse

1975 3821 2266 3880 praesumo
2298 3805 2537 3875 ﬁngere,
2565 3804 2667 3859 sed
2712 3820 2840 3875 quae
2871 3821 2906 3859 a
2934 3803 3264 3861 senioribus
3310 3803 3456 3861 mihi
3487 3822 3626 3862 con-

1977 3900 2093 3954 stat
2121 3893 2454 3950 intimatum
2486 3893 2626 3948 fore.

2048 3985 2195 4042 VIII.
2220 3982 2404 4056 Igitur
2431 3981 2596 4054 Hugo
2631 3981 2811 4037 abbas
2832 3983 2958 4054 jam
2990 3987 3369 4052 memoratus,
3391 3987 3632 4058 excepta

1982 4091 2160 4132 causa
2188 4089 2366 4144 quam
2401 4071 2708 4139 refero,vir
2734 4087 2840 4143 per
2877 4077 3092 4144 cuncta
3119 4071 3457 4145 laudabilis,
3479 4077 3639 4147 post-

1984 4179 2162 4237 quam
2183 4161 2375 4218 locum
2397 4160 2552 4215 hunc
2576 4177 2683 4216 sua
2698 4159 3113 4244 constitutione
3134 4161 3507 4218 laudabiliter
3523 4166 3641 4218 sta-

1985 4251 2194 4318 bilivit,
2217 4266 2334 4322 qua
2355 4253 2412 4304 et
2443 4249 2752 4304 canonicos
2775 4248 2960 4304 sancti
2991 4249 3307 4306 Audomari
3336 4248 3640 4309 monachis

1989 4339 2173 4400 sancti
2198 4337 2618 4403 Bertini,etiam
2642 4355 2744 4410 per
2763 4337 3213 4410 descriptionem
3235 4338 3640 4411 capitularem,

1983 4433 2142 4504 juste
2173 4426 2529 4499 subjugavit,
2561 4426 3035 4498 monachumque
3067 4427 3138 4483 ab
3169 4427 3416 4484 inferius
3447 4443 3646 4486 mona-

223 4519 439 4594 populo
471 4517 822 4574 detulerunt.
845 4517 1125 4572 Defuncto
1157 4520 1352 4571 autem
1394 4516 1668 4588 praedicto
1696 4516 1878 4589 impe-
1911 4530 1959 4595 B
1990 4519 2237 4577 sterium
2268 4517 2338 4572 ad
2390 4515 2578 4571 sancti
2609 4515 2927 4570 Audomari
2961 4516 3288 4572 custodiam
3321 4516 3642 4589 deputavit,

223 4614 418 4666 ratore
448 4607 757 4674 Ludovico,
787 4606 944 4661 filius
971 4607 1098 4676 ejus
1130 4604 1463 4672 Lotharius,
1491 4605 1588 4677 qui
1622 4609 1753 4660 ante
1784 4606 1880 4662 ob-

225 4698 377 4754 itum
410 4697 592 4769 patris
635 4696 707 4751 ad
754 4695 1165 4768 imperatorem
1200 4696 1413 4749 unctus
1443 4697 1584 4761 erat,
1615 4695 1684 4750 de
1717 4694 1882 4752 Italia

223 4787 490 4856 veniens,
521 4784 923 4841 monarchiam
957 4788 1153 4839 tenere
1194 4782 1498 4856 gestiebat.
1532 4783 1643 4839 Sed
1675 4784 1882 4840 fratres

305 4930 418 5000 (77)
449 4927 866 5001 Hincrcolllgas
898 4926 1250 5001 Folquinum
1272 4926 1396 5001 sedi
1428 4926 1884 5001 Morinensiim-

228 4997 490 5074 poeitum
524 5000 722 5074 fuisse
767 4997 925 5074 anno
955 4997 1080 5054 817.
1106 4998 1409 5074 C_onsentit
1451 4997 1731 5074 Joannes
1755 4999 1876 5074 lpAe-_

231 5069 357 5128 rius
389 5071 487 5143 qui
523 5070 786 5142 Folquini
817 5070 1325 5143 inaugurationem
1359 5071 1586 5142 reponit
1613 5069 1883 5126 Ludovici

227 5141 479 5214 Augusti
511 5141 662 5198 anno
694 5159 768 5196 1v.

305 5211 418 5283 (78)
450 5214 591 5286 Huc;
622 5216 886 5286 spectant
935 5211 1330 5286 Iperii‘verba
1376 5228 1502 5283 cap.
1533 5213 1686 5286 -12ᾼ;‹‹
1721 5212 1885 5284 Hugo

233 5286 418 5342 abbas
449 5283 703 5341 basilica
732 5289 789 5339 S.
823 5283 1014 5340 Mariae
1049 5283 1328 5340 aedituum
1361 5284 1663 5339 constituit
1693 5283 1890 5338 mona-

235 5357 412 5412 chum
447 5357 681 5412 nomine
726 5355 953 5411 Merum
982 5373 994 5411 :
1021 5355 1121 5427 qui
1169 5355 1366 5428 Morus
1417 5359 1887 5428 posteamcorpus

234 5429 297 5485 8.
319 5429 636 5484 Audomari
661 5428 888 5499 furatus
911 5433 998 5483 est
1028 5426 1084 5484 et
1116 5428 1174 5482 in
1204 5426 1504 5499 privilegio
1530 5426 1592 5481 Β.
1620 5426 1888 5498 Folquini

235 5500 392 5557 inter
419 5504 597 5556 testes
629 5498 961 5556 ascribitur.
986 5521 1014 5550 »

309 5573 424 5644 (79)
455 5572 848 5644 Gunthertum
880 5569 1038 5644 hunc
1057 5569 1278 5644 laudat
1320 5569 1544 5642 lperius
1573 5571 1770 5644 cap._2_
1796 5568 1892 5644 his

235 5639 432 5709 verbis
465 5660 516 5701 :«
539 5644 661 5703 Sub
692 5643 900 5701 abbate
943 5641 1242 5717 Fridogiso
1273 5639 1540 5720 receptus
1591 5639 1680 5702 est
1707 5639 1801 5700 hic
1829 5639 1890 5702 in

562 5771 830 5840 Panos.
872 5766 1190 5837 CXXXVI.

1991 4606 2283 4665 diabolica
2303 4605 2517 4677 sagitta
2533 4604 3031 4676 jaculatus,cmpit
3049 4603 3372 4678 excogitare
3393 4604 3648 4677 qualiter

1990 4696 2179 4754 sancti
2208 4693 2523 4750 Audomari
2569 4709 2801 4764 corpus,
2827 4693 2998 4763 cujus
3029 4709 3137 4765 ope
3174 4696 3230 4749 et
3259 4692 3494 4761 auxilio,
3526 4699 3658 4752 uua-

1991 4804 2125 4844 cum
2171 4782 2360 4841 sodali
2404 4799 2510 4838 suo
2561 4781 3238 4850 Bertino,Taruennicus
3285 4781 3651 4854 gubernatur

1992 4926 2348 4983 monachum
2395 4941 2538 4996 puer
2576 4923 2789 4980 nobilis
2823 4923 3207 4996 Gunthertus,
3241 4923 3400 4980 clara
3443 4923 3646 4996 stirpe,

1993 5004 2156 5071 patre
2185 4995 2502 5071 Goitberto,
2535 4999 2719 5071 matre
2757 5011 2906 5071 vero,
2929 4995 3254 5050 Ebertruda
3282 4995 3646 5071 progenitus.

1995 5067 2103 5134 Qui
2135 5068 2497 5125 Guntbertus
2543 5067 2598 5121 in
2641 5068 2963 5138 juventute,
2990 5083 3098 5138 sua
3125 5083 3160 5122 a
3189 5072 3352 5138 patre
3400 5067 3649 5138 Romam

1996 5143 2208 5197 ductus
2237 5144 2350 5218 est,
2381 5138 2584 5218 ibique
2615 5135 2874 5218 S'_..Petro
2919 5135 3259 5218 oblatus—et
3287 5137 3359 5193 ab
3392 5137 3650 5218 Eugenio

1999 5229 2150 5295 papa
2204 5209 2512 5266 clericatus
2571 5209 2834 5290 ordinem
2865 5209 3152 5289 _su.scepit
3191 5225 3204 5263 :
3250 5225 3426 5291 quem
3487 5209 3652 5292 pater

1997 5284 2203 5340 exmde
2235 5283 2476 5337 domum
2537 5280 2786 5343 rediens,
2818 5277 2914 5334 hic
2953 5295 3014 5333 1n
3046 5285 3398 5336 monasterio
3456 5279 3649 5337 Sithiu

1998 5357 2057 5412 S.
2093 5355 2259 5409 Petro
2291 5356 2608 5422 sanctoque
2640 5350 2870 5422 Bertino
2901 5350 3113 5422 obtulit
3143 5351 3554 5406 monachum.»

2071 5428 2181 5497 (80)
2213 5425 2342 5498 Haec
2380 5421 3075 5498 _charta__eisdem_verbis
3105 5439 3171 5478 ac
3198 5422 3470 5498 superior
3493 5435 3650 5498 Acen:

2000 5487 2140 5564 stat,
2162 5487 2521 5568 nominibus
2560 5491 2784 5566 aliquot
2827 5493 3034 5568 dieque
3077 5511 3143 5552 ac
3190 5487 3440 5551 formula
3485 5487 3650 5548 finali

2000 5569 2288 5627 duntaxat
2316 5564 2579 5628 mutatis.
