4154 6186
473 289 630 362 1227

1543 287 1911 362 FOLQUINI
1955 288 2021 349 S.
2067 288 2388 350 BElt'l‘INI
2434 285 2806 350 MONACHI.

3732 286 3939 351 1228'

468 422 740 499 populus,
769 422 1140 498 Vermandis,
1172 423 1245 479 ad
1289 422 1474 480 sancti
1517 421 1778 487 Quintini
1821 424 2120 477 monaste-
2147 421 2204 488 Α
2233 420 2389 476 anxii
2421 426 2690 478 eventum
2723 421 3140 493 exspectabant
3169 419 3285 489 rei;
3317 418 3420 478 sed
3447 426 3772 494 postquam
3803 424 3895 480 ἀει·

467 513 641 584 rium,
674 512 954 585 quoniam
998 512 1107 569 hoc
1153 512 1347 585 ipsum
1379 511 1767 586 gubernabat,
1799 513 1993 583 posset
2023 510 2123 564 de-

465 603 614 659 ferre
637 601 1008 675 quantocius.
1035 602 1298 658 Metuens
1322 605 1520 657 tamen
1543 599 1975 657 animositatem
2007 597 2125 670 ple-

461 691 578 760 bis,
601 697 953 766 congregata
980 691 1512 748 Vermandensium
1544 689 1920 746 multitudine
1938 690 2126 743 tentat

463 781 520 836 vi
550 781 908 847 abstrahere,
934 781 984 838 si
1017 782 1213 838 forsan
1244 780 1632 854 impediretur
1655 797 1688 834 a
1710 778 1895 850 plebe.
1920 779 2124 832 Acces-

468 870 546 926 sit
601 870 857 936 interim,
895 874 953 926 et
987 869 1274 952 moyacho
1334 869 1612 942 quodam,
1654 868 1812 923 Moro
1865 865 2122 932 nomine,

469 963 731 1016 exstante
757 960 1023 1034 custode,
1044 976 1274 1016 sacrum
1300 959 1485 1014 sancti
1518 957 1782 1030 praesulis
1807 973 1871 1011 ac
1899 953 2127 1027 patroni

469 1047 655 1106 nostri
702 1065 914 1122 corpus
961 1065 1224 1117 sumens,
1252 1047 1451 1104 villam
1500 1063 1688 1119 usque
1737 1043 2126 1116 Liegesburch

472 1137 707 1214 nomine
728 1155 863 1193 cum
896 1154 1004 1194 sua
1025 1137 1350 1210 deportavit
1381 1135 1775 1191 multitudine.
1801 1134 1900 1188 Dei
1929 1139 2127 1188 autem

473 1213 838 1300 providentia
866 1231 1160 1299 operante,
1193 1227 1386 1281 triduo
1417 1225 1477 1280 in
1520 1226 1758 1296 praefata
1793 1223 1929 1277 villa
1963 1239 2130 1276 man-

475 1319 680 1373 serunt
707 1332 841 1390 cum
891 1319 1120 1372 sacrato
1171 1332 1426 1388 corpore.
1451 1313 1754 1370 Acciderat
1793 1313 2032 1381 interea,
2066 1314 2133 1366 ut

477 1404 790 1478 praeclarus
830 1405 1149 1461 'l‘aruennaz
1203 1403 1452 1460 civitatis
1511 1401 1722 1474 praesul
1785 1400 2126 1472 Folquinus,

474 1493 790 1566 episcopali
825 1510 1005 1561 more,
1042 1492 1381 1566 parrochias
1410 1490 1687 1564 episcopii
1719 1491 1807 1546 sui
1839 1491 2128 1555 circuiret,

475 1586 559 1650 ut,
576 1582 765 1638 sicubi
794 1586 996 1638 contra
1019 1587 1353 1638 sanctorum
1383 1596 1671 1636 canonum
1697 1582 1916 1634 statuta
1941 1593 2135 1649 agere-

474 1675 591 1744 tur,
615 1672 883 1728 curiosus
905 1676 1106 1744 pastor
1129 1672 1474 1727 addisceret.
1498 1673 1555 1725 et
1583 1668 1684 1724 tali
1709 1667 1900 1723 studio
1925 1666 2130 1722 cellam

2231 514 2358 564 tum
2391 515 2480 566 est
2510 509 2716 576 oculis,
2740 511 3012 582 quamvis
3043 510 3263 583 procul,
3291 527 3529 567 cernere
3561 511 3893 567 multitudi-

2233 615 2368 654 nem
2417 599 2618 672 populi
2667 599 3058 668 adventantis,
3108 601 3420 672 protractis
3467 619 3897 674 campanarum

2235 686 2496 753 funibus,
2520 702 2721 742 vocem
2753 685 3121 742 laudantium
3155 705 3360 744 omnes
3391 690 3686 745 dederunt
3717 689 3779 745 in
3807 706 3897 746 ex-

2235 775 2428 832 celsis.
2478 775 2821 832 Antedictus
2863 781 3062 833 autem
3111 782 3310 833 custos
3359 777 3645 847 ecclesiae,
3679 779 3899 847 Morus,

2235 870 2377 921 tunc
2399 865 2470 920 ad
2494 881 2757 920 mensam
2782 865 3011 922 sederat
3033 867 3405 939 epulaturus;
3431 872 3491 923 et
3514 867 3725 923 audito
3747 885 3901 924 cam-

2236 971 2524 1027 panarum
2556 955 2768 1015 sonitu.
2804 954 3200 1028 interrogabat
3231 973 3357 1028 quae
3398 962 3556 1012 esset
3587 974 3776 1013 causa
3808 975 3902 1031 pro

2237 1059 2355 1114 qua
2383 1041 2581 1114 populi
2626 1046 2790 1098 tanta
2818 1043 3177 1100 exsultarent
3206 1043 3403 1099 latita.
3425 1045 3794 1118 Dictumque
3823 1051 3907 1102 est

2237 1132 2321 1186 illi
2355 1149 2389 1187 a
2419 1132 2818 1199 narrantibus,
2839 1135 2994 1205 quod
3028 1139 3264 1189 sanctus
3295 1134 3676 1190 Audomarus
3710 1153 3749 1190 a
3778 1135 3906 1191 Fol-

2239 1221 2419 1293 quino
2443 1221 2717 1293 pontiﬁce
2733 1226 2885 1276 esset
2908 1223 3206 1289 reductus,
3220 1227 3276 1278 et
3293 1224 3366 1279 ob
3385 1223 3497 1279 hoc
3518 1223 3730 1279 laetitia
3749 1229 3910 1282 tanta

2238 1314 2487 1366 cunctus
2517 1309 2831 1366 exsultaret
2873 1311 3146 1384 populus.
3171 1311 3333 1376 Quod
3366 1312 3618 1368 audiens
3650 1313 3907 1370 nimium

2238 1399 2532 1468 turbatus,
2548 1398 2695 1454 iram
2713 1399 2813 1454 Dei
2831 1401 3243 1456 reducentibus
3255 1401 3564 1457 confestim
3585 1407 3679 1458 est
3697 1403 3783 1458 im
3791 1420 3912 1475 pre-

2239 1492 2424 1544 catus.
2446 1488 2560 1543 Nec
2582 1488 2722 1542 dum
2747 1488 2816 1543 ab
2838 1489 2968 1560 ejus
2989 1505 3086 1545 ore
3106 1488 3310 1545 illicita
3329 1489 3677 1547 exciderant
3708 1493 3906 1560 verba,

2240 1592 2372 1631 cum
2406 1580 2641 1649 repente
2671 1577 2992 1634 facietenus
3024 1579 3081 1632 in
3113 1581 3329 1634 terram
3352 1579 3492 1645 ruit,
3516 1583 3771 1652 tutoque
3793 1598 3913 1637 cor-

2240 1682 2378 1738 pore
2410 1666 2657 1738 rigidus,
2687 1667 2959 1723 distentis
2992 1667 3388 1724 membrorum
3423 1669 3646 1737 nervis,
3671 1671 3913 1726 semivi-

475 1769 664 1854 q’sque
692 1760 1083 1817 Worumhold
1115 1761 1356 1826 dictam,
1381 1759 1476 1831 pia
1505 1757 1840 1814 curiositate
1871 1755 2131 1828 perveni-
2161 1789 2210 1854 Β
2242 1772 2350 1854 vus
2373 1753 2676 1854 emarcuit.
2702 1755 2793 1812 Sic
2816 1760 3047 1854 tantum
3076 1756 3350 1830 stupidus
3375 1759 3446 1813 ad
3468 1762 3762 1854 sanctum
3788 1761 3915 1815 Ber-

475 1825 820 1920 r‘ethnterea
841 1848 940 1904 ubi
973 1848 1115 1904 inibi
1139 1849 1212 1903 ad
1245 1864 1509 1902 mensam
1530 1851 1766 1901 ventum
1791 1848 1898 1912 est,
1923 1846 1980 1899 in
2013 1862 2131 1915 qua

475 1937 826 2008 lautissima,
850 1937 934 1992 uti
967 1941 1129 1992 tanto
1159 1935 1440 2008 pontifici,
1472 1935 1950 2007 prmparabantur
1969 1934 2131 1988 obse-

479 2026 636 2098 quia,
657 2027 835 2080 frater
853 2025 1040 2097 ipsius
1061 2024 1217 2080 beati
1235 2023 1502 2096 praesulis
1523 2022 1822 2088 advolitat,
1849 2023 2129 2078 nuntians

479 2129 651 2187 grave
682 2118 740 2170 et
768 2112 1218 2187 irrecuperabile
1245 2113 1465 2184 patriae,
1487 2113 1534 2168 si
1567 2111 2128 2184 perliceretur,exci-

478 2203 638 2258 dium
666 2219 679 2258 :
705 2208 976 2260 sanctum
1007 2201 1229 2260 scilicet
1248 2202 1646 2257 Audomarum
1678 2218 1746 2256 ex
1775 2200 2129 2256 monasterio

465 2307 584 2360 suo
615 2291 1000 2358 abstractum,
1033 2295 1108 2357 et,
1143 2290 1201 2344 ni
1247 2289 1361 2346 cito
1392 2293 1712 2356 succurrat,
1738 2290 1809 2344 ad
1857 2293 2128 2344 sanctum

477 2379 822 2445 Quintinum
847 2379 1200 2437 Vermandis
1224 2396 1408 2452 usque
1438 2379 1838 2435 deferendum.
1866 2378 1995 2433 Haec
2026 2395 2128 2433 au-

476 2469 642 2527 diens
672 2474 915 2528 sanctus
958 2469 1188 2526 Domini
1235 2469 1527 2534 sacerdos,
1562 2467 1813 2523 nimium
1859 2467 2129 2522 turbatus

421 2553 426 2557 ’
476 2558 831 2616 intrinsecus
863 2576 912 2615 :«
937 2558 1116 2626 Vade,
1163 2557 1378 2630 inquit,
1431 2557 1498 2612 ad
1554 2558 1814 2624 fratrem,
1846 2561 1902 2611 et
1951 2555 2128 2610 totius

474 2633 754 2720 e'piscopii
786 2647 899 2704 mei
932 2645 1218 2720 populum
1257 2645 1384 2718 gira
1431 2645 1806 2712 curiosius,et
1833 2645 1928 2699 die
1956 2643 2128 2699 tertio

474 2735 630 2791 infra
659 2751 859 2792 muros
889 2737 1212 2791 Taruennze
1245 2734 1408 2789 urbis
1439 2738 1649 2806 praasto
1680 2737 1802 2789 esto
1835 2749 1968 2788 cum
2002 2748 2127 2788 om-

475 2823 672 2892 nibus,
705 2829 762 2879 et
805 2840 911 2896 ego
958 2841 1215 2896 praesens
1247 2839 1343 2879 ero
1376 2839 1508 2884 cum
1553 2822 1645 2878 his
1692 2839 1839 2893 quos
1871 2838 2125 2890 mecum,

474 2912 706 2968 Christo
737 2911 1072 2980 auxiliante,
1096 2911 1358 2967 detulero
1389 2913 1460 2967 de
1500 2910 1629 2966 istis
1661 2911 1948 2983 partibus.
1977 2912 2140 2966 Tum.

476 3001 738 3074 demum,
772 3001 822 3076 si
864 3000 990 3074 ipse
1020 2999 1238 3071 juverit
1291 3003 1550 3064 sanctus,
1585 2999 1656 3053 ad
1715 2999 2127 3055 excutiendum

476 3075 612 3156 eum
641 3075 999 3146 omnimodis
1042 3106 1174 3145 sum
1217 3093 1525 3162 paratus.»
1562 3088 1662 3144 His
1691 3092 1887 3144 autem
1921 3105 2127 3144 secun-

2243 1843 2434 1898 tinum
2467 1849 2558 1898 est
2583 1844 2944 1916 deportatus,
2968 1845 3164 1920 ibique
3190 1847 3343 1917 quod
3365 1847 3733 1904 verbotenus
3756 1865 3912 1904 com-

2240 1932 2421 2001 misit,
2437 1932 2662 1987 diutino
2684 1932 2963 2005 languore
2986 1933 3271 2006 paenituit.
3293 1935 3440 1990 Nam
3462 1936 3594 1991 visu
3620 1942 3681 1992 et
3704 1937 3913 1994 auditu

2239 2026 2597 2094 recuperato,
2642 2039 2818 2078 sensu
2879 2023 2961 2078 ita
3016 2024 3306 2079 finetenus
3366 2029 3458 2080 est
3515 2027 3821 2097 privatus,
3851 2033 3915 2084 ut

2239 2128 2541 2183 nunquam
2573 2115 2769 2182 posset
2793 2111 3250 2169 animadvertere
3283 2131 3400 2186 qua
3429 2113 3489 2169 in
3523 2119 3699 2187 parte.
3724 2116 3912 2172 sancti

2236 2200 2552 2256 Audomari
2610 2201 3033 2256 monasterium
3073 2202 3368 2258 videretur
3423 2204 3694 2275 positum
3760 2223 3910 2262 esse.

2239 2289 2461 2360 Corpus
2492 2293 2686 2345 autem
2735 2289 2888 2345 beati
2935 2289 3253 2346 Audomari
3309 2291 3522 2364 praesul
3577 2293 3913 2366 Folquinus

2237 2381 2392 2433 terra
2436 2378 2780 2441 recondidit.
2812 2395 2882 2433 ne
2913 2396 2948 2433 a
2978 2380 3478 2452 subsequentibus
3509 2382 3690 2454 parili
3739 2385 3914 2441 modo

2238 2471 2435 2538 posset
2466 2467 2700 2522 auferri.
2736 2467 2873 2523 Post
2903 2467 3024 2524 haee
3055 2469 3237 2525 abbas
3265 2469 3430 2542 Hugo
3462 2488 3497 2525 a
3526 2471 3749 2528 Carolo
3783 2489 3914 2546 rege

2236 2556 2366 2627 [suo
2399 2558 2625 2628 nepote]
2658 2557 3033 2627 Aquitaniam
3078 2557 3318 2626 missus,
3351 2565 3597 2631 propter
3637 2563 3914 2632 ejusdem

2237 2644 2390 2716 regis
2424 2645 2787 2714 fidelitatem,
2812 2645 2942 2701 dolo
2986 2646 3218 2718 Pippini
3260 2647 3608 2705 interfectus
3648 2655 3747 2706 est
3779 2669 3916 2708 xvm

2237 2732 2361 2788 Kal.
2392 2733 2575 2798 Junii,
2617 2751 2769 2788 anno
2812 2734 3234 2792 incarnationis
3287 2736 3512 2792 Domini
3563 2741 3700 2808 844,
3740 2740 3916 2814 [regi~

2238 2822 2416 2878 minis
2469 2823 2558 2878 sui
2604 2822 2781 2894 hujus
2841 2823 2950 2880 loci
3008 2841 3164 2880 anno
3197 2825 3469 2897 decimo].
3503 2827 3647 2883 Erat
3712 2837 3916 2887 autem

2237 2911 2424 2966 isdem
2458 2910 2738 2982 Pippinus
2783 2929 2956 2985 quem
3008 2930 3190 2986 supra
3217 2914 3276 2969 in
3308 2918 3672 2973 monasterio
3723 2923 3917 2977 sancti

2237 2999 2496 3055 Medardi
2524 3004 2821 3056 attonsum
2856 3003 3326 3076 memoravi,qui,
3346 3005 3553 3061 exinde
3576 3024 3687 3078 per
3711 3008 3915 3081 fugam

2237 3088 2493 3161 elapsus,
2536 3089 2914 3160 Aquitaniam
2975 3095 3064 3147 est
3121 3108 3412 3163 reversus,
3443 3095 3648 3167 ibique
3701 3098 3914 3155 multis

478 3179 622 3235 dum
653 3179 897 3234 verbum
927 3178 1084 3234 beati
1113 3159 1406 3252 pontificis
1431 3177 1538 3233 rite
1559 3177 1827 3250 perac-tis,
1853 3177 2126 3233 adestdie
2156 3159 2199 3227 C
2239 3159 2444 3234 diebus
2473 3159 2774 3250 fatigando
2811 3177 3008 3248 latuit;
3043 3184 3100 3236 et
3141 3186 3277 3252 post
3307 3159 3427 3239 haec
3457 3201 3493 3239 a
3521 3159 3912 3260 liamnulpho

477 3266 649 3324 tertia
679 3267 740 3324 in
789 3267 934 3324 urbe
961 3268 1272 3324 Toruenna
1316 3266 1632 3322 multitudo
1681 3265 2129 3323 innumerabilis
2238 3267 2493 3338 quod-aui
2526 3283 2630 3339 per
2659 3268 2834 3324 fidem
2866 3273 2954 3324 est
2981 3269 3804 3345 deceptus,comprehensus,
3829 3293 3910 3332 re-

451 3348 535 3413 ‘et
561 3373 710 3429 pene
758 3360 893 3430 ante
943 3356 1150 3414 invisa.
1174 3357 1339 3412 Tunc
1389 3357 1658 3412 sacerdos
1707 3355 1958 3424 Domini,
1991 3371 2126 3411 cum
2236 3356 2410 3428 gique
2436 3355 2638 3412 Carolo
2660 3360 2744 3413 est
2772 3358 3080 3428 adductus,
3102 3365 3159 3416 et
3178 3361 3590 3433 Sylvanectum
3616 3370 3909 3437 perpetuo

479 3447 640 3503 omni
671 3445 781 3502 hac
803 3445 1203 3514 multitudine,
1227 3445 1561 3516 insequitur
1591 3443 1930 3517 praadictum
1956 3446 2129 3501 abba—
2237 3446 2326 3496 est
2356 3441 2556 3498 exsilio
2590 3443 2925 3516 deputatus.

474 3539 593 3593 tem
617 3551 750 3592 cum
773 3535 920 3604 suis,
947 3550 1132 3607 usque
1152 3535 1221 3590 ad
1245 3532 1440 3588 villam
1467 3533 1740 3606 superius
1763 3533 2127 3590 nominatam

449 3621 609 3681 'cum
657 3623 818 3680 omni
866 3623 1256 3679 festinatione.
1291 3624 1363 3677 At
1414 3620 1497 3676 illi
1551 3622 1866 3694 gestientes
1915 3639 2127 3694 corpus

472 3718 740 3770 sanctum
769 3711 1075 3769 sustollere
1105 3712 1421 3784 fugamque
1452 3710 1617 3778 inire,
1643 3711 1804 3766 nulla
1835 3712 1943 3766 hoc
1975 3710 2125 3767 mul-

472 3803 720 3858 titudine
739 3819 982 3874 prorsus
1001 3801 1270 3857 valebant
1291 3819 1323 3856 a
1345 3806 1499 3856 terra
1524 3799 1731 3855 levare.
1752 3801 2014 3872 Cumque
2045 3800 2124 3868 id,

441 3909 446 3914 '
469 3892 669 3947 addita
685 3890 878 3946 adhuc
896 3891 1104 3960 majori
1124 3888 1522 3958 multitudine,
1539 3893 1892 3945 conarentur
1905 3889 1996 3946 bis
2019 3894 2128 3946 ter-

470 3996 584 4052 que
617 3978 823 4046 levare,
849 3976 1238 4032 nihilominus
1268 3976 1350 4032 ita
1390 3981 1585 4031 manet
1637 3976 1968 4043 immotum,
2005 3979 2125 4034 acsi

469 4068 828 4141 quibusdam
858 4065 1154 4121 radicibus
1174 4069 1505 4121 terratenus
1535 4069 1829 4120 teneretur
1857 4067 2120 4123 afﬁxam.

465 4158 630 4213 Tunc
661 4155 881 4228 absque
911 4154 1304 4211 retardatione
1353 4152 1532 4209 ullius
1564 4155 1876 4222 commodi,
1901 4156 2123 4213 accele-

464 4251 597 4303 rant
628 4245 848 4318 fugam,
883 4243 1081 4300 relicto
1131 4259 1370 4316 corpore
1423 4243 1632 4298 sancti.
1666 4247 1878 4300 Beatus
1927 4250 2121 4302 autem

463 4321 789 4407 Folquinus
812 4336 951 4390 dam
984 4332 1100 4390 illis
1133 4333 1392 4406 fugiendi
1424 4332 1639 4402 locum,
1669 4333 1961 4406 accipiens
1993 4335 2121 4391 the-

461 4441 704 4482 saurum
743 4424 889 4480 illud
923 4423 1083 4478 omni
1133 4440 1275 4479 auro
1326 4422 1841 4494 pretiosissimum,
1877 4424 2120 4496 repetito

531 4515 566 4530 ‘II
780 4518 791 4530 ι
844 4518 853 4530 ι
957 4511 969 4530 1
1013 4511 1066 4530 1⁸
1135 4529 1163 4530 η
1216 4510 1496 4530 ηηὶιξιηιε
1558 4528 1568 4530 Α
1620 4528 1742 4530 ,,,,_
1792 4513 1959 4530 1,1,1
2342 4501 2354 4513 ⁵
2641 4501 2652 4513 ⁸

460 4515 605 4571 calle
621 4531 755 4570 cum
777 4518 901 4570 tota
917 4511 1176 4584 plebium
1199 4510 1598 4580 multitudine,
1618 4515 1874 4583 reportat
1893 4513 1963 4567 ad
1987 4530 2115 4584 pro-
2142 4530 2191 4596 D

459 4604 654 4677 prium
687 4603 841 4658 unde
865 4601 1050 4658 tultus
1082 4602 1269 4656 fuerat
1294 4600 1503 4656 locum.
1529 4602 1600 4655 At
1631 4601 1730 4656 ubi
1753 4605 1990 4655 ventum
2023 4606 2112 4659 est

456 4694 784 4759 Taruenna,
809 4693 880 4747 ad
914 4690 1158 4746 ﬂuvium
1181 4690 1335 4762 quod
1359 4689 1574 4745 dicitur
1606 4689 1759 4756 Leia,
1785 4691 1977 4747 omnis
2008 4709 2109 4764 po-

456 4782 579 4855 puli
608 4799 787 4854 supra
807 4783 1131 4836 memorata
1152 4779 1485 4847 multitudo,
1506 4780 1728 4850 absque
1751 4779 1948 4851 aliqua
1968 4799 2107 4836 cun-

455 4871 728 4940 ctatione,
787 4870 1038 4943 pedibus
1096 4869 1480 4924 transvadans
1549 4869 1811 4924 fluminis
1870 4887 2105 4941 aquam,

452 4964 650 5015 exacto
699 4975 893 5030 amne,
926 4975 1032 5014 nec
1065 4957 1242 5012 unius
1296 4957 1465 5011 stillae
1517 4956 1731 5012 humor
1788 4957 1847 5011 in
1904 4975 2106 5014 eorum

453 5049 721 5119 apparuit
768 5047 1044 5121 tegmine.
1080 5047 1639 5119 Progredicntesque
1671 5064 1774 5119 per
1816 5046 2108 5103 aristifera

453 5152 723 5209 agrorum
756 5142 903 5203 sata,
937 5153 1126 5208 neque
1155 5135 1311 5191 enim
1345 5135 1525 5190 vitare
1576 5151 1642 5190 ea
1689 5140 1956 5207 poterant
1986 5141 2106 5192 tam

449 5241 762 5282 numerosa
778 5224 1037 5296 plebium
1061 5225 1455 5297 agmina,cum
1478 5223 1652 5279 veluti
1672 5224 1905 5280 tribulis
1923 5230 2104 5281 tonsae

448 5319 606 5371 terra
632 5317 806 5369 tenus
848 5317 1229 5368 curvarentur
1257 5313 1450 5385 spicae,
1484 5317 1780 5369 transacta
1830 5314 2100 5368 multitu-

445 5403 604 5471 dine,
630 5402 710 5458 ita
740 5399 1066 5458 densabant
1109 5400 1322 5471 sulcos,
1347 5404 1412 5458 ut
1459 5406 1725 5474 patenter
1756 5417 2099 5474 agnosceres

444 5491 790 5568 protectoris
841 5489 1156 5546 adventum
1195 5492 1369 5548 etiam
1419 5492 1785 5565 congaudere
1834 5509 2091 5564 campos.

443 5583 837 5664 Utrorumque
866 5582 1064 5642 autem
1101 5580 1592 5640 monasteriorum
1622 5580 1816 5641 clerici
1847 5585 2090 5654 stantes,

817 5841 819 5844 ‹
871 5826 890 5854 .3

2701 3551 2790 3606 IX.
2819 3553 2895 3608 De
2916 3552 3186 3610 Adalardo
3210 3555 3423 3612 abbate.

2304 3655 2443 3712 Post
2471 3656 2770 3730 Hugoncm
2795 3664 2987 3716 autem
3011 3661 3282 3717 abbatem
3318 3663 3789 3739 [duodecimum]
3813 3686 3910 3724 su-

2233 3759 2341 3815 pra
2372 3751 2783 3815 memoratum,
2816 3749 2996 3804 abbas
3039 3750 3294 3807 efﬁcitur
3331 3752 3668 3810 Adalardus
3701 3755 3763 3811 in
3796 3757 3907 3813 hoc

2235 3835 2498 3906 cmnobio
2539 3835 2750 3905 Sitbiu,
2786 3843 2989 3893 sancto
3023 3839 3190 3894 Petro
3240 3845 3297 3897 et
3343 3847 3548 3898 sancto
3598 3843 3844 3902 Bertino
3875 3865 3910 3902 a

2236 3928 2396 3993 potrc
2429 3925 2696 3980 Hunroco
2727 3925 2989 3997 oblatus;
3033 3929 3135 3984 sed
3197 3935 3329 4002 post
3383 3933 3712 3989 canonieus
3772 3937 3906 4006 {sub

2235 4015 2556 4088 Fridogiso]
2600 4019 2689 4069 est
2733 4016 2992 4072 effectus.
3023 4018 3293 4091 Suscepit
3341 4025 3538 4075 autem
3594 4023 3906 4081 abbatiam

2233 4121 2386 4160 anno
2419 4104 2654 4176 pnefato
2683 4121 2757 4159 xu
2791 4104 2914 4160 Kal.
2949 4107 3220 4178 Augusti.
3255 4107 3440 4179 Hujus
3491 4116 3698 4167 autem
3752 4114 3905 4186 regi-

2232 4191 2411 4248 minis
2459 4208 2612 4248 anno
2665 4210 2748 4260 III,
2785 4193 2884 4265 qui
2943 4200 3065 4250 erat
3121 4213 3313 4253 annus
3369 4198 3543 4254 Verbi
3604 4201 3905 4258 incarnati

2229 4282 2353 4350 816,
2414 4281 2599 4336 sancti
2671 4281 2888 4336 Bertini
2942 4299 3151 4356 corpus
3223 4303 3257 4341 a
3325 4292 3526 4342 sancto
3604 4289 3902 4362 Folquino

2230 4369 2522 4442 episcopo,
2556 4375 2621 4424 ut
2662 4370 2861 4438 fertur,
2895 4373 3248 4430 transfertur
3293 4379 3351 4430 et
3398 4378 3749 4434 reconditur
3779 4397 3902 4436 xvii

2674 4463 2737 4513 In
2769 4461 2938 4532 cujus
2971 4463 3106 4516 anni
3146 4467 3430 4536 tempore,
3461 4466 3541 4536 [et
3571 4468 3900 4540 curriculo]

2221 4548 2408 4603 extitit
2445 4548 2634 4603 hiems
2675 4549 3024 4619 gravissima
3063 4551 3258 4621 valde;
3293 4558 3470 4626 atque
3523 4561 3663 4626 post
3715 4558 3893 4629 quin-

2220 4637 2543 4709 quennium
2574 4637 2828 4693 exoritur
2851 4639 3034 4695 fames
3063 4640 3448 4699 intolerabilis
3482 4643 3892 4718 nimium,quo

2219 4732 2482 4798 tempore
2508 4726 2867 4782 Guntbertus
2892 4746 3070 4800 supra
3091 4735 3475 4801 memoratus,
3501 4732 3561 4786 in
3586 4732 3894 4790 diaconati

2219 4815 2410 4870 adhuc
2443 4815 2643 4871 ordine
2676 4816 2922 4886 positus,
2952 4819 3023 4872 ad
3058 4821 3450 4890 praepositum
3479 4821 3766 4878 honorem
3799 4828 3896 4879 est

2219 4909 2469 4960 evectus.
2503 4905 2620 4959 Sub
2651 4921 2803 4960 anno
2827 4911 3022 4962 autem
3049 4907 3362 4963 Dominicze
3394 4911 3727 4967 nativitatis
3755 4913 3891 4981 853,

2218 4994 2401 5047 sancti
2462 4993 2611 5048 Petri
2655 4994 2898 5050 basilica
2944 4996 3075 5052 asili
3124 5002 3212 5053 est
3258 5005 3554 5071 cooperta,
3608 5017 3891 5072 annoque

2217 5081 2560 5153 insequente
2591 5083 2777 5138 sancti
2809 5083 3024 5139 Bertini
3049 5085 3292 5143 ecclesia
3314 5087 3564 5159 plumbo
3595 5095 3686 5146 est
3707 5095 3884 5147 tecta.

2217 5169 2579 5227 Guntbertus
2613 5189 2844 5244 quoque
2887 5189 2954 5229 eo
3004 5191 3178 5243 anno,
3211 5193 3269 5230 x1
3317 5175 3443 5232 Kal.
3477 5177 3772 5248 Januarii,
3808 5179 3884 5234 ad

2214 5259 2639 5330 presbyterium
2675 5268 2765 5317 est
2797 5269 3190 5321 consecratus.

2272 5385 2337 5441 Χ.
2372 5389 2675 5444 Pra’staria
2705 5388 2970 5446 Adalardi
3000 5393 3212 5448 abba-tis
3242 5391 3500 5464 Odgrimo
3530 5393 3812 5452 advocato.

2275 5494 2441 5549 Anno
2473 5509 2704 5566 quoque
2734 5495 2969 5551 Domini
3001 5497 3125 5565 854,
3153 5502 3210 5554 et
3238 5497 3550 5571 regiminis
3571 5501 3704 5572 jam
3734 5500 3878 5573 dicti

2205 5581 2394 5644 Caroli
2425 5599 2540 5658 xxv,
2571 5586 2628 5642 et
2655 5583 3032 5663 eqiscopatns
3083 5586 3238 5646 beati
3282 5586 3562 5665 Folquini
3589 5607 3783 5664 mu,
3817 5594 3882 5653 et
