4154 6186
269 299 430 358 1229

1667 295 2319 362 CHARTULARIUM
2330 344 2344 358 .

3587 301 3758 369 1230

276 427 578 502 regiminis
601 427 734 500 jam
761 426 901 484 dicti
929 400 1246 484 Adalardis
1264 427 1502 484 abbatis
1539 445 1597 482 χι
1633 428 1773 498 (81),
1807 443 1951 484 con-
1981 427 2038 496 Α
2139 453 2166 480 ‹‹
2197 430 2446 503 Signum
2494 428 2842 499 Amalberti,
2901 432 3129 492 docani.
3195 433 3444 507 Signum
3481 433 3755 508 Bavonis,

275 517 448 575 cessit
494 517 682 572 isdem
734 517 917 572 abbas
965 533 1070 590 per
1125 515 1483 589 przetariam,
1547 515 1790 571 cuidam
1853 515 1958 572 bo-

277 608 418 662 mini
471 605 720 660 Odwino
778 609 995 661 terram
1036 621 1213 677 quam
1292 603 1588 660 habuerat
1647 604 1846 661 isdem
1897 604 1958 660 in

274 693 552 752 beneficio
599 693 658 748 in
702 693 1029 761 Cafitmere,
1079 694 1136 748 id
1188 697 1280 749 est
1335 691 1593 748 bunaria
1647 709 1787 761 xxx,
1821 711 1958 750 cum

272 782 643 857 portiuncula
699 799 880 854 quam
928 783 1114 838 isdem
1185 781 1474 837 Odwinus
1508 781 1848 836 tradiderat
1886 785 1958 837 ad

273 871 697 929 monasterium
755 871 946 938 Sthiu,
998 872 1057 926 in
1102 887 1248 944 pago
1296 868 1668 936 Bononensi,
1724 869 1783 924 in
1833 869 1958 926 loco

274 963 654 1033 nuncupante
702 959 984 1032 Mighem,
1011 960 1257 1016 bunaria
1285 976 1386 1027 111;
1422 957 1481 1012 in
1519 973 1591 1011 ea
1624 957 1959 1025 ratione,ut

273 1051 441 1106 annis
473 1047 837 1121 singulis,ad
881 1048 1254 1104 festivitatem
1276 1047 1462 1103 sancti
1487 1046 1956 1116 Bertini,Nonas

276 1138 658 1212 Septembris,
691 1138 761 1193 de
784 1154 921 1193 cera
947 1137 1170 1193 valente
1201 1136 1414 1193 solidos
1442 1153 1481 1191 v
1525 1135 1842 1206 persolvat,
1891 1143 1955 1193 ut

272 1227 596 1300 specialiter
643 1225 842 1282 lumen
892 1227 966 1282 ad
1009 1226 1211 1293 altare,
1265 1230 1396 1281 ante
1435 1225 1601 1297 quod
1634 1231 1803 1297 pater
1823 1227 1950 1299 jam

272 1317 408 1373 dicti
421 1315 650 1372 abbatis
661 1316 972 1371 Hunrocus
986 1315 1316 1371 tumulatus
1333 1314 1604 1371 noscitur
1617 1331 1768 1384 esse,
1785 1315 1948 1373 nullo

276 1421 536 1478 unquam
569 1403 721 1460 desit
751 1407 1038 1476 tempore.

869 1538 962 1594 XI.
1002 1539 1320 1610 Exemplar.

338 1673 392 1744 (5
417 1672 560 1743 Sept.
592 1669 746 1743 855.)
781 1691 810 1722 ‹‹
859 1670 1207 1743 Quicunque
1253 1674 1508 1728 rectores
1559 1672 1940 1729 ecclesiarum

278 1759 372 1816 Dei
387 1751 558 1831 'juste
581 1762 639 1815 et
660 1763 1060 1831 competenter
1097 1760 1388 1816 devotioni
1419 1761 1684 1818 ﬁdelium
1719 1779 1941 1818 annue-

270 1850 406 1918 rint,
439 1848 538 1904 Dei
570 1865 633 1904 se
664 1849 724 1904 in
752 1847 862 1904 hoc
890 1847 1184 1904 voluntati
1238 1865 1442 1920 parere
1491 1867 1607 1907 non
1645 1851 1939 1919 dubitent,

268 1939 483 1995 Idcirco
529 1936 739 1993 dilecto
793 1937 852 1992 in
909 1937 1160 1994 Domino
1209 1938 1328 1994 tilio
1380 1937 1648 1996 Ecclesiae
1701 1944 1936 2011 nostrae,

213 2055 220 2060 -
266 2027 533 2095 Odwino,
552 2042 657 2100 ego
688 2025 751 2080 in
785 2025 1137 2082 Deinomine
1157 2026 1511 2095 Adalardus,
1533 2029 1718 2086 abbas
1741 2047 1940 2086 mona-

266 2116 426 2173 sterii
471 2116 685 2186 Sithiu,
744 2131 876 2171 cum
936 2132 1233 2172 consensu
1267 2116 1518 2172 fratrum
1569 2124 1932 2187 nostrorum,

265 2208 583 2280 praestator.
616 2203 935 2262 Multorum
958 2203 1170 2260 notitia
1199 2208 1375 2276 patet,
1409 2206 1550 2276 quia
1581 2225 1772 2280 nuper
1800 2225 1937 2281 por-

264 2295 583 2352 tiunculam
615 2293 851 2349 tuamin
888 2309 1036 2368 pago
1071 2293 1426 2362 Bononensi,
1452 2294 1512 2349 in
1543 2295 1670 2354 loco
1704 2315 1933 2354 nuncu-

264 2389 437 2458 pantc
465 2383 741 2457 Mighem,
777 2381 998 2440 seilicet
1025 2381 1278 2439 bunaria
1309 2398 1394 2450 III,
1443 2385 1517 2439 ad
1544 2387 1802 2457 pretium
1836 2405 1933 2443 va-

262 2475 391 2531 lens
422 2473 600 2529 libras
621 2488 698 2541 1v,
733 2472 902 2527 nobis
927 2471 1016 2528 vel
1063 2471 1138 2527 ad
1193 2471 1601 2545 praescriptum
1637 2480 1934 2533 monaste-

263 2565 418 2626 rium
471 2561 775 2635 delegasti,
829 2564 1164 2633 expetentes
1211 2564 1274 2616 ut
1318 2565 1394 2628 te,
1445 2578 1584 2618 cum
1632 2582 1810 2621 uxore
1862 2582 1930 2622 ac

263 2652 462 2709 liberis
486 2667 609 2712 una
637 2667 773 2706 cum
806 2649 1083 2705 beneficio
1115 2653 1217 2703 tuo
1250 2649 1310 2704 in
1344 2649 1676 2721 Caﬁtmere,
1710 2654 1767 2710 id
1787 2659 1930 2711 sunt

263 2741 512 2798 bunaria
571 2757 682 2795 xxx
740 2755 806 2794 ac
851 2737 1146 2810 mancipia
1207 2755 1306 2804 x11,
1368 2738 1464 2796 his
1513 2743 1858 2800 nominibus
1911 2762 1924 2800 :

263 2829 695 2895 Ostarbaldum,
728 2826 1160 2895 Gernhardum,
1191 2826 1596 2898 Ileribaldum,
1622 2825 1923 2905 Radburg,

263 2921 548 2993 Sigberta,
576 2917 878 2983 Thiobert,
911 2915 1275 2988 Strilleburg,
1326 2915 1582 2984 Withen,
1631 2920 1923 2988 Lolithan,

264 3011 665 3080 Liotburgam,
695 3005 1120 3071 Winetbertan,
1172 3003 1551 3072 Adalbertan,
1603 3009 1676 3062 ad
1726 3014 1924 3067 custo-

264 3101 424 3156 diam
455 3097 640 3154 sancti
672 3094 824 3151 Petri
864 3098 920 3150 et
945 3093 1131 3149 sancti
1183 3094 1422 3162 Bertini,
1473 3097 1926 3171 specialiterque

1970 1810 2017 1875 B

2069 518 2346 574 monachi
2377 523 2434 576 et
2464 519 2816 592 presbyteri.
2855 543 2884 570 ››

2138 628 2168 658 ‹‹
2189 607 2558 665 Guntbertus
2591 607 2827 680 scripsit
2856 615 2913 668 et
2941 612 3315 687 subscripsit.
3346 634 3375 664 »

2137 696 2258 752 XII.
2290 698 2367 752 De
2393 713 2705 752 successore
2735 699 2886 755 beato
2906 702 3170 772 Folquino
3191 702 3486 758 destinato.

2134 784 2282 848 Quia
2311 786 2495 859 igitur
2524 786 2886 845 mentionem
2917 790 3070 847 beati
3099 790 3370 864 Folquini
3403 789 3614 846 fecisse
3644 804 3744 847 me

2067 875 2330 943 memini,
2364 875 2510 932 libet
2540 876 2736 933 adhuc
2765 895 2951 936 unum
2982 881 3110 952 ejus
3142 898 3292 954 opus
3336 879 3432 936 hic
3459 879 3744 938 intexere.

2066 964 2218 1034 quod
2251 964 2441 1020 recolo
2475 981 2572 1020 me
2602 968 2926 1038 agnovisse,
2960 970 3242 1026 Wicfrido
3305 969 3584 1042 pontifice
3606 986 3748 1027 nar-

2067 1057 2250 1108 rante.
2273 1055 2491 1127 Longa,
2511 1054 2728 1126 inquit,
2762 1063 3059 1115 senectute
3081 1059 3500 1128 fessus,isdem
3529 1059 3739 1116 beatus

2062 1141 2309 1198 antistes
2354 1143 2706 1216 Folquinus,
2739 1149 2946 1218 utupta
2959 1147 3059 1220 qui
3079 1166 3150 1203 xc
3179 1148 3240 1203 in
3261 1148 3600 1220 episcopatu
3619 1148 3737 1204 fere

2059 1235 2330 1303 pergeret
2359 1248 2608 1301 annum,
2644 1249 2778 1289 cum
2804 1235 2929 1304 jam
2963 1253 3078 1292 non
3097 1239 3297 1309 posset
3325 1235 3558 1309 publice
3589 1235 3732 1293 mis-

2056 1335 2258 1376 sarum
2299 1319 2592 1377 solemnia
2640 1322 2954 1393 celebrare,
3004 1325 3236 1398 cognito
3293 1324 3423 1396 hoc,
3477 1340 3577 1381 rex
3630 1323 3731 1381 illo

2056 1407 2248 1464 adhuc
2276 1409 2524 1479 vivente,
2553 1412 2712 1483 quod
2744 1417 2945 1469 contra
2965 1430 3218 1474 canones
3248 1417 3392 1483 erat,
3424 1429 3730 1470 successo-

2055 1513 2177 1552 rem
2211 1498 2262 1553 ei
2292 1498 2635 1571 episcopum
2661 1501 2994 1558 destinavit.
3016 1503 3178 1569 Quod
3211 1500 3458 1558 audiens
3487 1505 3730 1558 sanctus

2052 1585 2285 1657 praesul,
2319 1591 2528 1654 semet,
2564 1587 2886 1662 episcopali
2905 1606 3085 1658 more,
3115 1588 3460 1662 praeparavit
3488 1589 3559 1645 ad
3582 1587 3731 1646 cele-

2052 1671 2381 1730 brationem
2399 1675 2620 1743 missze,
2637 1680 2694 1732 et
2718 1694 2890 1734 omne
2917 1677 3263 1751 mysterium
3282 1675 3726 1750 supplantatore

2048 1764 2301 1830 astante,
2336 1762 2604 1834 implevit
2635 1766 3077 1822 strenuissime.
3102 1768 3176 1822 At
3221 1765 3319 1822 ubi
3355 1765 3597 1823 ventum
3631 1768 3723 1824 est

2051 1850 2122 1905 ad
2155 1851 2434 1920 dandam,
2469 1852 2556 1906 uti
2610 1854 2871 1926 episcopi
2924 1871 3053 1911 mos
3083 1858 3190 1924 est,
3231 1853 3724 1924 benedictionem,

2047 1955 2214 1994 verso
2260 1939 2480 2009 ordine,
2545 1941 2793 2012 protulit
2843 1941 2960 1999 illis
3004 1943 3495 2001 maledictionem.
3535 1945 3609 2000 At
3637 1942 3727 1999 illi

2049 2025 2283 2098 trepidi,
2317 2044 2473 2100 cum,
2508 2031 2780 2087 ascensis
2822 2031 3142 2104 equitibus,
3183 2032 3257 2088 ad
3279 2031 3514 2106 propria
3543 2045 3724 2105 cupe-

2048 2119 2178 2172 rent
2206 2117 2432 2185 reverti,
2467 2117 2529 2173 in
2565 2120 2758 2175 media
2792 2119 2889 2176 via
2926 2120 3335 2194 supplantator
3363 2121 3621 2194 episcopi
3650 2121 3724 2178 de

2046 2221 2198 2276 equo
2231 2204 2434 2276 lapsus
2485 2206 2635 2263 elisa
2684 2209 2924 2278 cervice,
2960 2208 3234 2282 spiritum
3287 2210 3512 2266 efﬂavit
3538 2209 3670 2266 vitae
3699 2227 3715 2279 ;

2043 2309 2365 2365 omnesque
2397 2299 2499 2365 qui
2530 2312 2670 2350 cum
2704 2296 2804 2352 illo
2838 2301 3134 2364 venerant,
3180 2298 3336 2355 infra
3365 2313 3586 2355 annum
3613 2313 3721 2354 va-

2042 2381 2147 2437 riis
2178 2381 2445 2438 cladibus
2475 2383 2843 2455 expirarunt,
2866 2390 2923 2441 et
2941 2385 3041 2454 ita,
3070 2402 3204 2442 cum
3227 2386 3341 2442 sibi
3362 2385 3715 2458 conjunctis,

2041 2469 2275 2543 culpam
2310 2469 2420 2526 luit
2449 2471 2852 2544 improbitatis
2885 2474 2959 2529 ob
2989 2477 3237 2531 reatum.

2111 2559 2264 2614 XIII.
2297 2561 2372 2615 De
2400 2559 2624 2615 decessu
2646 2562 2889 2633 ejusdem
2919 2563 3063 2620 beati
3083 2565 3385 2637 pontiﬁcis.

2109 2647 2294 2720 Igitur
2323 2647 2672 2705 adveniente
2699 2651 3022 2708 vocationis
3055 2667 3175 2709 suae
3203 2657 3486 2727 tempore,
3519 2653 3710 2710 isdem

2037 2738 2245 2793 beatus
2274 2736 2556 2809 pontifex,
2592 2740 2864 2810 quamvis
2884 2739 3142 2815 longaevo
3163 2746 3504 2815 gravaretur
3522 2741 3710 2808 senio,

2037 2825 2315 2898 episcOpii
2366 2826 2458 2880 sui
2506 2829 2848 2897 parrochias
2895 2830 3143 2887 circuire
3175 2831 3446 2888 decrevit.
3479 2831 3708 2887 Bonam

2043 2915 2196 2971 hanc
2225 2915 2510 2969 virtutum
2544 2932 2790 2972 suarum
2829 2919 3401 2976 consummationem
3441 2919 3688 2975 credens

2040 3009 2108 3059 ut
2139 3003 2406 3060 Ecclesiae
2463 3002 2639 3073 filios,
2675 3006 2722 3062 si
2757 3006 2969 3063 alicubi
3027 3025 3060 3063 a
3103 3009 3450 3065 matrissuae
3488 3004 3713 3080 gremio

2035 3097 2332 3149 errassent
2361 3092 3015 3163 deviando,secundum
3041 3113 3333 3154 canonum
3364 3099 3562 3153 statua
3588 3093 3714 3165 ple-

265 3191 338 3248 ad
371 3189 568 3256 altare,
603 3201 798 3242 coram
831 3200 948 3256 quo
978 3199 1188 3254 corpus
1239 3183 1521 3256 genitoris
1553 3187 1737 3242 nostri
1764 3188 1926 3245 Hun-
1957 3177 2002 3244 C
2041 3185 2252 3250 ctento,
2285 3182 2356 3237 ad
2382 3182 2652 3238 eamdem
2695 3185 3014 3254 reduceret,
3040 3185 3165 3243 suis
3195 3181 3714 3258 praedicationibus

264 3279 384 3337 roci
414 3275 745 3350 requiescit,
780 3274 890 3329 sub
938 3289 1113 3328 sensu
1136 3270 1449 3328 luminario
1476 3278 1784 3333 annuatim
1817 3295 1924 3334 no-

265 3373 450 3425 stram
476 3367 722 3438 ejusque
753 3361 1182 3432 eleemosynam
1206 3361 1520 3430 reddendo,
1555 3367 1925 3421 confirmare-

264 3474 420 3514 mus.
451 3456 627 3512 Juxta
669 3453 866 3524 itaque
892 3450 1230 3522 petitionem
1276 3454 1461 3518 tuam,
1514 3468 1606 3508 res
1641 3457 1924 3526 utrasque

262 3545 658 3609 concedimus,
693 3546 815 3597 tam
846 3539 951 3595 tibi
983 3555 1162 3611 quam
1198 3539 1358 3594 uxori
1382 3543 1493 3595 tuae
1525 3545 1582 3596 et
1608 3540 1743 3598 filiis
1778 3543 1918 3610 tuis,

262 3636 374 3693 sub
408 3635 514 3691 hoc
545 3649 724 3689 sensu
755 3628 1160 3702 possidendas,
1187 3633 1255 3683 ut
1285 3628 1344 3684 in
1396 3629 1702 3686 festivitate
1733 3632 1921 3687 sancti

261 3723 502 3792 Bertini,
535 3721 716 3777 Nonis
754 3717 1136 3790 Septembris,
1198 3718 1268 3773 de
1327 3735 1457 3773 cera
1515 3718 1742 3775 valente
1782 3720 1922 3775 soli-

260 3815 372 3869 dos
398 3829 436 3866 v
464 3815 515 3867 et
551 3807 862 3865 dimidium
888 3805 1254 3878 persolvetis,
1288 3811 1408 3862 tam
1436 3823 1538 3878 pro
1571 3807 1746 3864 rebus
1775 3825 1923 3880 prae-

260 3901 497 3974 scriptis
530 3915 708 3972 quam
726 3913 830 3969 pro
861 3895 1154 3966 capitibus
1178 3896 1412 3962 vestris,
1436 3895 1492 3950 id
1517 3899 1626 3962 est,
1655 3914 1691 3951 ιι
1713 3897 1922 3953 diebus

262 3986 817 4051 mundbordalibus,
850 3982 1200 4055 nullumque
1233 3983 1388 4039 aliud
1419 3983 1725 4040 servitium
1755 3987 1922 4042 vobis

261 4081 622 4152 imponatur.
656 4075 819 4140 Quod
853 4072 902 4129 si
935 4072 1214 4144 quislibet
1245 4073 1462 4142 fecerit,
1496 4073 1584 4129 vel
1624 4091 1656 4129 a
1686 4075 1922 4147 praefato

263 4173 469 4226 sancto
500 4166 624 4223 loco
658 4162 995 4220 abstrahere
1020 4163 1347 4229 tentaverit,
1372 4164 1516 4218 iram
1541 4163 1642 4218 Dei
1665 4164 1926 4238 omnipo-

262 4257 446 4314 tentis
474 4259 531 4312 et
559 4252 743 4311 sancti
774 4251 927 4307 Petri
963 4249 1268 4323 sanctique
1308 4251 1524 4307 Bertini
1557 4252 1834 4309 incurrat.
1866 4253 1923 4308 Si

267 4362 554 4404 conamen
586 4343 836 4416 impium
868 4357 984 4396 non
1014 4339 1295 4396 omiserit.
1330 4342 1400 4396 Et
1436 4341 1557 4396 haec
1602 4343 1926 4414 praestaria,

268 4452 452 4492 manu
483 4437 683 4489 nostra
706 4432 1071 4502 fratrumque
1090 4429 1564 4502 roboratajfirma
1589 4435 1948 4502 permaneat-

267 4542 404 4581 cum
436 4520 813 4595 stipulatione
843 4519 1112 4576 subnixa.

346 4636 374 4662 ‹‹
420 4615 627 4668 Actum
674 4607 862 4664 Sithiu
912 4608 1289 4676 monasterio,
1344 4607 1404 4662 in
1458 4607 1700 4664 basilica
1740 4608 1938 4664 sancti.

263 4701 510 4769 Bertini,
535 4697 717 4755 Nonis
750 4697 1044 4769 Septemb.
1086 4695 1146 4751 in
1179 4696 1488 4752 festivitate
1534 4697 1741 4769 ipsius,
1776 4714 1928 4753 anno

259 4810 363 4849 xw
394 4791 674 4862 regnante
723 4787 938 4842 domno
987 4783 1210 4852 Carolo,
1261 4785 1379 4841 filio
1429 4786 1702 4841 Ludovici
1745 4786 1928 4858 impe-

266 4879 508 4938 ratoris.

347 4993 375 5021 α
409 4968 525 5042 Ego
551 4964 898 5031 Adalardus,
931 4963 1137 5033 abbas,
1164 4965 1400 5036 pr0pria
1430 4981 1607 5019 manu
1637 4964 1883 5020 ﬁrmavi.

348 5058 528 5130 «Ego
576 5055 955 5122 Guntbertus,
1021 5056 1305 5127 peccator,
1365 5053 1732 5125 praepositus,
1793 5054 1931 5109 sub-

271 5145 508 5220 scripsi.

353 5309 464 5382 (81)
481 5305 695 5382 Charta
706 5305 852 5382 ipsa,
869 5323 996 5378 quae
1011 5305 1254 5362 inferius
1267 5306 1566 5382 referetur,
1583 5305 1717 5361 data
1729 5305 1934 5382 estNo-

274 5377 370 5438 m's
427 5377 771 5451 Septembris,
821 5377 966 5451 anno
1013 5395 1108 5451 xxv
1163 5382 1428 5447 regnante
1484 5377 1677 5451 domno
1718 5378 1932 5446 Carolo,

274 5454 319 5510 i.
356 5469 406 5508 e.
429 5454 465 5506 5
486 5449 641 5522 Sept.
673 5451 798 5522 855.
830 5449 976 5522 Huic
1007 5449 1176 5505 unice
1221 5449 1596 5522 instrumenti
1637 5453 1784 5503 notae
1829 5466 1935 5505 cae-

276 5530 418 5596 teras
450 5520 599 5609 qua—8
628 5520 724 5583 hic
755 5520 1076 5607 Folquinus
1108 5521 1357 5598 conjecit
1383 5520 1534 5621 male
1565 5523 1860 5597 aptantur.

2036 3270 2415 3328 exhortando.
2451 3270 2579 3325 Tali
2623 3277 2820 3328 autem
2872 3274 3068 3331 studio
3115 3274 3341 3347 talique
3377 3270 3710 3339 devotione,

2033 3361 2107 3416 ad
2139 3358 2444 3416 ecclesiam
2478 3358 2536 3412 in
2571 3359 2894 3432 Mempisco
2908 3359 3538 3430 sitam,Hicclesbecke
3559 3372 3714 3412 nun-

2033 3451 2330 3519 cupatam,
2363 3447 2458 3520 pia
2481 3449 2730 3504 accessit
2758 3448 3114 3507 curiositate.
3175 3449 3328 3507 Inibi
3359 3451 3565 3504 autem
3596 3458 3713 3500 non

2033 3537 2133 3592 diu
2164 3552 2557 3604 commorans,
2591 3553 2728 3592 cum
2750 3538 2876 3609 jam
2910 3539 3192 3611 cogitaret
3219 3535 3461 3602 reverti,
3484 3533 3712 3592 viribus

2033 3626 2292 3697 corporis
2323 3624 2495 3698 coepit
2523 3630 2758 3697 repente
2785 3627 3049 3695 destitui,
3072 3625 3551 3701 aegritudineque
3580 3641 3707 3682 cor-

2030 3713 2218 3786 porali
2250 3714 2500 3788 fatigari.
2536 3715 2700 3771 Tunc
2726 3716 3058 3772 convocatis
3081 3713 3414 3789 discipulis,
3453 3732 3553 3774 eos
3584 3733 3712 3775 om-

2031 3803 2320 3875 nipotenti
2337 3803 2578 3859 Domino
2592 3804 3033 3874 commendans,
3059 3805 3323 3862 animam
3354 3804 3502 3864 caelo
3521 3807 3706 3865 reddi-

2033 3893 2118 3948 dit
2146 3897 2483 3948 sanctoruzn
2517 3892 2761 3948 ccetibus
2791 3894 3266 3951 consociandam.
3317 3894 3580 3954 Transiit
3607 3915 3713 3962 au.

2032 3985 2149 4036 tem
2185 3981 2243 4036 in
2278 3981 2678 4054 suprascripta
2697 3980 2852 4050 villa,
2878 4000 3032 4040 anno
3059 3983 3482 4042 incarnationis
3508 3989 3700 4045 Domi-

2035 4071 2178 4126 nicas
2237 4073 2364 4142 855,
2414 4071 2731 4126 indictione
2772 4088 2856 4141 III,
2910 4072 3056 4128 feria
3112 4089 3198 4144 ω,
3261 4082 3713 4146 vesperascente

2035 4159 2135 4233 qui
2169 4164 2294 4216 erat
2326 4177 2518 4217 annus
2539 4160 2763 4233 praefati
2794 4161 2950 4235 regis
2981 4162 3169 4220 Caroli
3215 4177 3289 4219 xv
3321 4162 3457 4235 (83),
3489 4169 3549 4222 et
3578 4167 3708 4240 epi-

2035 4253 2311 4321 scopatus
2353 4250 2542 4323 ipsius
2595 4251 2750 4307 beati
2803 4252 3073 4323 praesulis
3116 4270 3188 4307 xr.
3234 4251 3370 4322 (82),
3409 4269 3544 4309 xvm
3573 4257 3704 4312 Kal.

2035 4339 2319 4395 Januarii.
2374 4340 2696 4411 Rogaverat
2754 4344 2950 4395 autem
3009 4340 3198 4395 isdem
3255 4339 3548 4411 pontifex,
3608 4345 3704 4410 ut,

2036 4427 2222 4483 sicubi
2243 4428 2430 4483 exitus
2481 4429 2609 4498 ejus
2650 4428 2972 4495 accederet,
2996 4426 3379 4500 corpusillius
3410 4427 3483 4483 ad
3506 4428 3702 4487 Sithiu

2038 4517 2485 4588 monasterium,
2520 4516 2579 4572 in
2611 4514 2857 4571 basilica
2886 4515 3072 4571 sancti
3104 4514 3342 4582 Bertini,
3369 4518 3702 4588 portaretur

2038 4592 2485 4662 tumuland'um.
2518 4605 2802 4661 Defuncto
2820 4608 3016 4661 autem
3038 4604 3159 4674 illo,
3189 4620 3323 4660 cum
3344 4603 3539 4660 clerici
3569 4607 3700 4678 ejus

2039 4693 2811 4768 quaererentqualiterillum
2829 4694 2896 4749 ad
2925 4693 3329 4766 supradictum
3347 4692 3543 4750 locum
3569 4712 3701 4767 por-

2036 4791 2162 4841 tare
2192 4785 2542 4857 potuissent,
2576 4784 2636 4839 in
2664 4783 2792 4856 ipsa
2815 4785 3002 4852 nocte,
3029 4783 3203 4838 ﬂante
3232 4784 3404 4838 vento
3436 4783 3701 4854 australi,

2039 4874 2231 4930 omnis
2262 4873 2367 4928 illa
2398 4890 2682 4945 aquarum
2735 4871 3148 4928 indimetibilis
3180 4870 3550 4945 profunditas
3589 4888 3706 4944 qua

2040 4963 2297 5035 cingitur
2326 4961 2515 5017 Sithiu
2547 4961 2762 5029 insula,
2795 4960 2876 5016 ita
2908 4960 3255 5034 congelavit,
3290 4965 3372 5031 ut,
3407 4976 3580 5018 mane
3607 4977 3706 5018 ex-

2041 5051 2278 5123 sequias
2326 5049 2512 5108 sancti
2551 5051 2809 5122 corporis
2843 5049 3258 5120 deferentibus,
3292 5047 3706 5115 firmissimum

2043 5155 2194 5212 aqua
2206 5155 2475 5212 gressum
2490 5155 2593 5211 per
2612 5138 2859 5212 glaciem
2873 5138 3153 5211 praeberet
3167 5136 3478 5196 eunctibus
3494 5156 3509 5209 ;
3524 5139 3708 5213 quod,

2113 5310 2228 5394 (82)
2257 5309 2456 5394 Mense
2486 5308 2788 5366 Decembri
2811 5309 3063 5380 855,jam
3089 5310 3362 5368 currebat
3389 5326 3582 5368 annus
3609 5325 3704 5366 xv:

2043 5380 2230 5438 Caroli
2264 5381 2442 5437 Calvi.

2116 5451 2228 5526 (83)
2259 5451 2503 5526 Emend.
2555 5455 2620 5507 ut
2643 5450 2872 5526 videtur
2899 5469 3116 5526 xxxix._
3141 5453 3384 5510 Constat
3410 5450 3702 5526 siquidem

2046 5518 2548 5596 ex'superioribus
2574 5526 2638 5596 (ε,
2667 5523 2758 5592 55,
2784 5527 2850 5596 et
2871 5541 2934 5595 ιι,
2967 5525 3028 5594 4)
3059 5523 3229 5582 illum
3254 5525 3328 5596 in
3358 5518 3558 5584 sede-tn
3587 5518 3704 5581 M0—

2047 5592 2344 5675 rinen'aem
2373 5592 2750 5677 sublimitati:
2772 5592 2955 5663 fuisse
2985 5592 3140 5664 anno
3167 5595 3299 5665 817.
