4154 6186
427 289 583 352 423i

1496 282 1869 354 FOLQUINI
1915 283 1979 343 S.
2027 281 2348 344 BERTINI
2394 279 2779 342 MONACHI.

3688 283 3824 344 I232

428 421 490 475 in
521 415 758 476 hiemali
788 419 1048 489 tempore
1076 415 1172 476 vix
1221 418 1443 488 septem
1486 415 1716 473 dierum
1749 414 1912 488 algor
1938 415 2094 471 valet
2119 415 2175 483 Α
2202 431 2274 470 v:
2310 412 2608 484 mancipia
2634 429 2732 468 xxx.
2767 411 3079 468 Berbarius
3107 410 3462 468 caballarius
3483 411 3651 471 habet
3676 428 3821 474 man;

425 507 673 562 efﬁcere.
725 506 1106 578 Deportantes
1155 508 1350 560 autem
1415 504 1565 561 beati
1615 503 1726 559 viri
1782 519 1993 576 corpus
2020 503 2095 559 ad

423 594 615 650 Sithiu
647 593 1096 661 monasterium,
1125 594 1199 650 ad
1214 592 1372 650 latus
1385 593 1573 650 sancti
1591 591 1808 649 Bertini
1828 592 2095 648 dextrum

425 687 516 740 est
545 682 937 740 tumulatuxn.

915 788 1060 846 XIV.
1091 789 1258 846 Aliud
1287 790 1612 862 capitulum.

485 897 923 954 'Ferturautum
938 897 1211 954 eumdem
1224 897 1413 952 virum
1427 895 1526 952 Dei
1540 912 1758 968 equum
1781 895 2096 968 quemdam

432 985 736 1054 habuisse,
769 985 892 1058 qui,
922 985 1148 1058 quoties
1173 986 1281 1040 iter
1304 985 1615 1058 aliquoties
1639 1001 1876 1057 carpere
1905 983 2096 1050 vellet,

439 1075 512 1133 ad
544 1075 892 1147 obsequium
922 1073 1031 1130 viri
1063 1075 1164 1131 Dei
1195 1090 1388 1147 genua
1435 1074 1709 1141 ﬂecteret,
1762 1078 1827 1129 ut
1879 1073 2101 1128 scilicet

441 1165 664 1236 absque
687 1162 808 1220 ullo
837 1162 1034 1220 labore
1054 1169 1216 1236 tergo
1248 1162 1408 1218 illius
1430 1163 1801 1234 equitaturus
1834 1163 2102 1218 ascende-

439 1257 548 1311 ret.
580 1252 745 1308 Hunc
775 1257 974 1308 autem
1007 1252 1200 1306 ferunt
1221 1249 1500 1306 fratribus
1530 1251 1792 1306 dandum
1808 1256 1941 1306 ante
1972 1252 2100 1322 ejus

441 1342 720 1398 feretrum
733 1340 1098 1412 praeisse,sed
1111 1356 1343 1396 omnem
1357 1339 1628 1411 deinceps
1642 1339 1938 1395 hominem
1954 1340 2101 1395 ferre

442 1442 800 1497 re‘cussasse,
818 1446 922 1486 nec
941 1441 1152 1502 passus
1169 1433 1257 1484 est
1268 1433 1400 1502 post
1415 1429 1676 1484 membra
1696 1429 1843 1484 tanti
1870 1429 2100 1500 pontiﬁ-

443 1519 530 1576 cis
573 1517 976 1590 voluptatibus
1026 1517 1316 1575 deServire
1357 1517 1612 1589 alicujus
1660 1517 1936 1574 hominis.
1997 1517 2105 1583 Qui

444 1619 561 1664 non
592 1605 766 1679 longo
787 1611 923 1678 post
937 1612 1196 1680 tempore
1219 1611 1508 1672 mortuus,
1532 1623 1664 1661 cum
1681 1607 1922 1662 canibus
1939 1607 2104 1663 cibus

443 1699 600 1754 esset
629 1695 957 1768 appositus,
975 1694 1200 1752 anullis
1225 1695 1460 1752 illorum
1482 1700 1571 1752 est
1593 1700 1892 1751 attractus.
1909 1697 2108 1753 Etme-

446 1777 558 1843 rito
589 1786 836 1842 cadaver
859 1787 988 1857 ejus
1019 1801 1193 1842 canes
1225 1803 1340 1841 non
1358 1788 1626 1857 poterant
1647 1785 2113 1858 lacerare,super
2141 1787 2191 1853 B

449 1891 625 1948 quem
674 1873 1013 1947 hymnidica
1057 1875 1284 1930 cantica
1331 1873 1562 1930 Christo
1610 1875 1918 1930 decantata
1947 1879 2112 1930 erant

447 1963 792 2036 saepissime.
827 1963 988 2030 Quod
1021 1963 1291 2019 videntes
1311 1963 1486 2030 cives,
1512 1979 1645 2018 eum
1679 1963 1936 2018 humano
1952 1981 2110 2019 more

449 2051 825 2124 sepelierunt,
853 2067 1028 2123 quem
1061 2068 1167 2107 nec
1201 2050 1399 2107 bestia:
1450 2067 1553 2106 nec
1585 2051 1844 2107 volucres
1875 2056 2112 2125 tangere

451 2145 973 2214 praesumpserunt.

606 2253 721 2310 XV.
755 2257 1003 2312 Breviato
1033 2255 1298 2311 villarum
1327 2255 1720 2312 monachorum
1749 2258 1946 2312 victus.

519 2372 653 2441 Sed,
684 2371 827 2444 quia
852 2371 1002 2445 gesti
1033 2371 1186 2429 beati
1220 2372 1488 2444 Folquini
1519 2374 1843 2429 enarrando
1875 2391 2116 2446 parum-

450 2478 556 2535 per
585 2461 656 2517 ab
691 2461 967 2516 abbatum
992 2461 1173 2534 gestis
1212 2460 1458 2535 digressi
1483 2479 1711 2532 sumus,
1735 2461 1878 2519 libet
1897 2463 2021 2535 jam
2042 2463 2113 2518 ad

451 2567 520 2607 ea
557 2550 956 2623 pernarranda
999 2550 1293 2608 calamum
1338 2551 1650 2607 reflectere.
1710 2552 1910 2608 Abbas
1938 2551 2118 2626 igitur

453 2637 789 2696 Adalardus
821 2637 990 2696 villas
1031 2639 1105 2696 ad
1139 2641 1386 2696 fratrum
1421 2657 1564 2695 usus
1600 2641 1976 2712 pertinentes,
2027 2642 2116 2697 vel

456 2726 706 2800 quiquid
735 2727 944 2784 exinde
968 2728 1080 2786 sub
1112 2727 1506 2800 qualicunque
1541 2729 1774 2786 servitio
1813 2730 2120 2786 videbatur

457 2815 782 2888 provenire,
812 2816 1038 2888 absque
1067 2816 1160 2872 his
1177 2817 1379 2888 quaain
1410 2815 1540 2873 aliis
1561 2819 1931 2874 monasteriis
1951 2823 2119 2876 erant

455 2902 839 2970 beneﬁciatxe,
871 2903 973 2959 tali
996 2905 1181 2975 jussit
1209 2904 1490 2960 brevitate
1522 2906 1870 2976 describere,
1909 2908 2042 2979 (81x).

527 2991 657 3048 XVI
703 2992 766 3048 In
815 2991 1034 3050 Kelmis
1082 2992 1301 3048 habent
1357 2993 1631 3048 monachi
1661 2993 1968 3052 ecclesiam
2001 3015 2018 3052 ι
2051 3015 2118 3054 ac

452 3079 688 3138 lunaria
731 3097 832 3146 xxx,
892 3084 949 3138 et
997 3081 1289 3154 mancipia
1336 3096 1413 3149 ιν,
1467 3081 1784 3140 luminaria
1833 3103 1909 3140 xv.
1953 3085 2117 3143 Unus

453 3169 708 3241 quisque
729 3168 901 3225 solvit
931 3167 1002 3226 de
1021 3185 1155 3226 cera
1182 3169 1408 3226 valente
1437 3170 1743 3227 denarium
1769 3191 1807 3228 ι.
1844 3173 2114 3231 Mansum

450 3257 939 3318 indominicatum
969 3274 1105 3314 cum
1134 3275 1270 3314 casa
1298 3257 1501 3315 etaliis
1531 3261 1816 3330 castitiis;
1847 3263 1918 3318 de
1949 3269 2115 3336 prato

449 3345 698 3403 bunaria
727 3360 920 3415 χχχιχ,
969 3347 1042 3403 de
1070 3350 1228 3402 terra
1249 3346 1454 3404 arabili
1515 3349 1764 3406 bunaria
1809 3367 2009 3421 cnxxx,
2044 3353 2115 3409 de

449 3434 612 3508 sylva
639 3452 846 3508 gressa
874 3435 1124 3494 bunaria
1151 3453 1283 3504 xxx,
1317 3435 1388 3491 de
1426 3435 1572 3492 silva
1611 3439 1838 3494 minuta
1868 3441 2116 3498 bunaria

444 3539 540 3581 xv.
572 3523 775 3584 Mansa
796 3540 998 3596 xviper
1026 3524 1276 3581 bunaria
1325 3541 1426 3594 xxx,
1477 3530 1534 3581 et
1571 3526 1670 3582 ille
1699 3528 1983 3586 dimidius
2013 3546 2116 3603 per

448 3611 701 3668 bunaria
725 3629 804 3682 vx,
828 3628 965 3672 cum
995 3611 1178 3670 servis
1210 3631 1265 3679 χ,
1294 3613 1395 3685 qui
1414 3614 1634 3669 faciunt
1661 3615 1720 3670 in
1747 3616 2118 3675 hebdomada

450 3701 708 3772 Indies;
741 3706 798 3758 et
827 3701 1051 3764 ancillae
1071 3719 1126 3758 vx
1159 3702 1381 3758 faciunt
1409 3701 1712 3760 ladmones
1741 3723 1817 3760 vx.
1849 3707 1987 3762 Aliae
2018 3708 2112 3764 in-

452 3805 655 3862 genua;
681 3788 1546 3862 facitunaqumqueladmonem
1563 3791 1893 3850 dimidium.
1919 3795 2111 3852 Unus-

451 3877 706 3950 quisque
733 3883 900 3950 parat
927 3879 998 3940 de
1028 3879 1200 3934 brace
1232 3878 1428 3935 modia
1447 3897 1502 3947 χ,
1537 3881 1607 3937 de
1639 3881 1827 3938 farina
1853 3902 1904 3939 vx
1933 3902 1946 3952 ;
1982 3885 2111 3957 pul-

449 3964 550 4021 los.
586 3982 671 4036 xxx,
721 3983 828 4023 ova
873 3984 966 4023 xx.
1017 3967 1104 4023 Ad
1151 3967 1350 4024 vineas
1381 3971 1846 4043 unumquodque
1887 3990 2110 4031 annum

449 4069 648 4110 corros
688 4071 750 4110 xx.
802 4055 1042 4118 Lunarii
1096 4072 1211 4122 xvx,
1245 4057 1628 4129 praebendaxii
1659 4076 1758 4115 vxx.
1793 4061 1908 4117 Ded
1935 4060 2112 4120 habet

448 4141 702 4200 bunaria-
724 4160 803 4211 vx,
829 4150 956 4200 arat
986 4145 1233 4202 bunaria
1254 4161 1314 4202 ιι.

517 4229 686 4288 Χνιι.
731 4232 793 4288 In
835 4233 1248 4307 Fresingahem
1298 4235 1610 4291 Erervinus
1652 4234 1828 4293 habet
1859 4239 2110 4298 bunaria

445 4336 518 4387 v;
550 4325 676 4376 arat
697 4321 968 4392 jurnales
988 4340 1072 4388 xxx,
1103 4327 1162 4379 et
1192 4321 1364 4378 solvit
1393 4323 1664 4380 denarios
1693 4341 1770 4391 vx,
1807 4327 1868 4382 In
1901 4329 2104 4386 eadem

442 4407 581 4464 villa
609 4409 818 4466 Heleca
847 4411 1024 4468 habet
1044 4410 1357 4467 bunarium
1381 4411 1718 4485 dimidium,
1753 4421 1878 4473 arat
1903 4417 2106 4487 jurna—

441 4495 559 4553 lem
594 4515 634 4554 ι.

517 4585 710 4643 XVIII.
746 4587 810 4642 In
840 4587 1252 4661 Lomisgahem
1285 4588 1538 4662 Beregen
1559 4589 1735 4646 habet
1765 4592 2099 4664 bunariaxv,

443 4679 571 4732 arat
599 4675 846 4733 bunaria
873 4694 948 4734 xv.
983 4678 1046 4734 In
1078 4677 1305 4734 Elciaco
1333 4678 1608 4750 Amalger
1633 4679 1808 4737 habet
1852 4683 2099 4740 bunaria

439 4779 554 4832 xxv,
590 4765 882 4838 mancipia
941 4784 1027 4836 xxx,
1069 4771 1198 4822 arat
1249 4766 1494 4822 bunaria
1543 4783 1618 4835 xv,
1665 4773 1723 4824 et
1765 4770 1937 4826 solvit
1968 4771 2100 4828 soli-

440 4851 548 4908 dos
579 4870 640 4908 ιι.

507 4939 647 4999 ΧΙΧ.
680 4949 746 4999 In
778 4942 1219 5016 Morningehem
1253 4943 1614 5001 Gunthertus
1644 4946 1819 5004 habet
1849 4950 2096 5007 bunaria

433 5045 562 5096 vxxx.
606 5035 733 5086 arat
781 5031 1029 5088 bunaria
1074 5050 1147 5089 xv.
1201 5033 1452 5089 Gerbald
1505 5033 1682 5091 habet
1725 5036 1972 5093 bunaria
2011 5056 2091 5104 xxx,

437 5121 567 5173 arat
596 5117 843 5175 bunaria
873 5137 912 5175 ι.
945 5123 1224 5177 Stracfret
1253 5121 1426 5178 habet
1459 5123 1706 5178 bunaria
1730 5142 1805 5192 vx,
1835 5133 1962 5182 arat
1982 5128 2094 5183 bu-

436 5204 674 5260 narium
704 5223 722 5261 x
751 5211 808 5262 et
837 5208 1169 5264 dimidium.
1204 5209 1439 5280 Thegexx
1479 5211 1666 5280 major
1694 5211 1869 5268 habet
1896 5230 2093 5270 casam

441 5292 803 5352 dominicam
839 5313 971 5353 cum
1001 5296 1133 5354 aliis
1155 5297 1400 5353 castitiis
1426 5314 1438 5364 ;
1474 5298 1542 5352 de
1571 5305 1737 5370 prato
1764 5300 2012 5358 bunaria
2037 5320 2090 5369 v,

434 5381 511 5440 de
535 5386 691 5442 terra
710 5384 912 5442 arabili
945 5386 1194 5443 bunaria
1223 5386 1396 5457 xx,de
1413 5384 1557 5443 silva
1581 5388 1811 5446 minuta
1842 5391 2091 5448 binaria.

2205 519 2338 558 sum
2371 503 2442 558 de
2467 507 2620 557 terra
2651 500 2858 556 arabili
2912 501 3160 556 bunaria
3189 518 3283 567 xx,
3315 501 3384 556 de
3416 507 3576 573 prato
3605 504 3822 563 bunaria

2203 608 2276 646 v:
2309 591 2382 646 de
2411 589 2559 646 silva
2588 591 2817 645 minuta
2830 590 3077 645 bunaria
3104 607 3182 646 vx.
3206 590 3415 645 Mansa
3434 607 3472 646 xx
3491 607 3588 664 per
3607 593 3824 654 bunaria

2204 697 2304 736 vxx.
2360 680 2520 735 Facit
2551 679 2704 734 sicut
2731 679 3023 751 superius.
3070 679 3364 752 Mancipia
3410 696 3531 736 vxxx.
3574 681 3824 741 Benemar

2208 769 2386 824 habet
2415 784 2611 823 casam
2639 784 2775 823 cum
2806 767 2938 823 aliis
2961 767 3310 835 castitiis,de
3331 773 3495 839 prato
3526 769 3754 828 bunaria
3774 790 3820 840 xx,

2207 857 2284 912 de
2311 862 2469 912 terra
2493 855 2702 912 arabili
2724 856 2973 912 bunaria
2989 873 3121 924 xxx,
3142 857 3214 912 de
3235 861 3406 929 pastu
3417 875 3479 912 ra
3497 862 3553 913 et
3571 859 3718 931 sylva
3732 863 3824 917 mi-

2208 951 2354 1002 nuta
2381 945 2634 1001 bunaria
2652 963 2814 1001 xxxxx.
2851 946 3052 1002 Mansa
3081 963 3145 1002 xxx
3168 962 3272 1018 per
3301 945 3550 1002 bunaria
3576 965 3671 1003 xxx.
3693 951 3825 1006 Facit

2207 1036 2357 1091 sicut
2405 1035 2699 1107 superius.
2753 1035 3040 1108 Mancipia
3097 1052 3251 1090 xxxv.
3305 1034 3619 1094 Ostoradus
3677 1039 3825 1096 habet

2209 1140 2418 1180 mansa
2448 1140 2582 1179 cum
2615 1122 2881 1191 castitia;
2913 1123 2984 1178 de
3010 1127 3174 1195 prato
3208 1123 3460 1179 bunaria
3475 1141 3572 1191 xxx,
3603 1125 3668 1182 de
3695 1131 3825 1184 terra

2206 1212 2684 1274 arabilibunaria
2727 1229 2821 1278 xx,
2871 1213 2942 1267 de
2983 1211 3146 1284 sylva
3200 1212 3432 1267 minuta
3485 1213 3717 1270 bunaria
3755 1233 3828 1287 vx,

2209 1302 2415 1356 Mansa
2469 1317 2529 1356 ιιι
2579 1317 2682 1372 per
2731 1300 2978 1356 bunaria
3022 1318 3122 1356 xxx.
3177 1301 3339 1356 Facit
3379 1301 3533 1357 sicut
3561 1304 3825 1375 superius.

2209 1390 2498 1461 Mancipia
2518 1407 2666 1445 xxxv.
2691 1390 2842 1446 Bavo
2856 1389 3031 1445 h’abet
3051 1405 3250 1445 casam
3271 1405 3410 1445 cum
3428 1389 3556 1446 aliis
3573 1392 3822 1460 castitiis;

2213 1481 2284 1536 de
2317 1483 2480 1551 prato
2511 1479 2848 1547 bunariaxx,
2882 1479 2952 1534 de
2983 1483 3138 1534 terra
3153 1477 3361 1534 arabili
3387 1479 3628 1534 bunaria
3652 1480 3828 1547 xxx,de

2215 1568 2377 1641 sylva
2407 1567 2636 1623 minuta
2665 1567 3004 1623 bunariaxv.
3032 1567 3241 1622 Casam
3273 1584 3313 1634 ι,
3347 1584 3450 1638 per
3469 1567 3704 1623 bunaria
3728 1586 3827 1625 vxxx.

2216 1656 2536 1713 Facitsicut
2563 1656 2854 1728 superius.
2880 1655 3173 1728 Mancipia
3189 1673 3308 1712 xvx.
3328 1655 3832 1713 Wendelardusha-

2221 1747 2317 1802 bet
2346 1763 2540 1802 casam
2574 1763 2706 1801 cum
2741 1744 2872 1800 aliis
2902 1745 3148 1801 castitiis
3173 1763 3186 1811 ;
3215 1745 3288 1801 de
3318 1749 3486 1818 prato
3514 1745 3744 1803 bunaria
3766 1765 3828 1815 xx,

2222 1835 2292 1893 de
2323 1839 2477 1891 terra
2497 1834 2704 1891 arabili
2735 1834 2985 1890 bunaria
3008 1851 3139 1889 xxx.
3163 1833 3337 1906 Sylva
3369 1835 3593 1891 minuta
3621 1836 3832 1893 bunaria

2220 1940 2302 1978 ιιι.
2338 1923 2581 1979 Mansus
2612 1941 2651 1990 ι,
2688 1939 2788 1994 per
2818 1922 3179 1978 bunariaxxx.
3216 1923 3379 1978 Facit
3399 1924 3551 1980 sicut
3575 1925 3831 1997 superius,

2221 2012 2517 2084 mancipia
2543 2029 2657 2067 xxv.
2691 2011 3090 2084 Megenl‘ridus
3119 2011 3296 2068 habet
3327 2029 3526 2068 casam
3573 2030 3697 2069 cum
3723 2013 3834 2069 aliis

2221 2100 2468 2158 castitiis
2494 2119 2508 2168 ;
2541 2101 2614 2156 de
2643 2106 2808 2173 prato
2842 2099 3090 2156 bunaria
3108 2117 3186 2169 xx,
3205 2101 3277 2156 de
3290 2106 3449 2158 terra
3467 2101 3664 2158 arabili
3686 2103 3836 2158 buna-

2224 2190 2310 2245 ria
2341 2207 2468 2256 va,
2499 2191 2570 2245 de
2601 2190 2763 2262 sylva
2801 2189 3028 2245 minuta
3078 2195 3134 2245 et
3173 2194 3418 2261 pastura
3465 2192 3699 2247 bunaria
3739 2207 3833 2247 xvx.

2221 2280 2512 2335 Mansusxx
2543 2297 2644 2351 per
2665 2279 2913 2335 bunaria
2930 2296 3029 2334 xxx.
3057 2269 3385 2336 Facitsicut
3405 2281 3687 2352 superius.
3710 2281 3838 2336 Man-

2224 2367 2376 2440 cipia
2407 2385 2480 2422 xv.
2516 2367 2861 2424 Baldminus
2879 2367 3263 2424 habetcasam
3290 2385 3424 2423 cum
3441 2369 3569 2424 aliis
3598 2369 3839 2436 castitiis;

2226 2458 2300 2512 de
2319 2461 2482 2529 prato
2515 2457 2763 2512 bunaria
2782 2474 2858 2524 vx,
2891 2457 2962 2512 de
2991 2461 3147 2512 terra
3175 2457 3386 2513 arabili
3420 2459 3660 2513 bunaria
3679 2476 3760 2525 xx,
3785 2459 3843 2514 de

2225 2545 2387 2618 sylva
2409 2544 2638 2600 minuta
2663 2549 2721 2600 et
2750 2550 2994 2617 pastura
3042 2545 3292 2601 bunaria
3329 2564 3426 2616 xx,
3457 2546 3687 2604 Mansus
3714 2565 3730 2602 1
3756 2563 3842 2619 per

2225 2634 2476 2690 bunaria
2501 2651 2602 2690 xxx.
2637 2634 2796 2690 Facit
2825 2633 2978 2690 sicut
3007 2634 3300 2707 superius.
3337 2635 3625 2708 Mancipia
3649 2653 3735 2692 xv.-

2296 2723 2413 2780 ΧΧ.
2449 2724 2510 2778 Ιιι
2543 2721 2989 2795 Bermingahem
3021 2723 3199 2780 habet
3230 2741 3463 2792 mansa,
3495 2741 3624 2780 cum
3653 2722 3836 2789 senx-ia,

2227 2813 2298 2868 de
2328 2815 2483 2868 terra
2506 2811 2714 2867 arabili
2741 2811 2992 2867 bunaria
3008 2829 3170 2880 χχιιι,
3193 2813 3359 2885 sylva
3380 2813 3604 2869 minuta
3626 2811 3842 2868 bunaria

2227 2919 2310 2970 xxx,
2344 2902 2413 2956 Et
2442 2901 2502 2956 in
2527 2901 2750 2957 Edenas
2781 2901 2852 2956 de
2881 2905 3040 2957 terra
3086 2901 3340 2958 bunaria
3385 2921 3442 2969 χ,
3485 2901 3755 2976 mancipia
3793 2917 3838 2956 χ.

2227 2989 2464 3058 Omnes,
2498 2993 2732 3061 excepto
2763 2989 3100 3058 Iremberto,
3158 2995 3332 3046 arant
3361 2992 3434 3047 ad
3463 2991 3646 3064 ipsam
3674 2989 3840 3046 villam

2226 3079 2563 3141 bunariaxv.
2587 3082 2643 3134 et
2672 3077 2956 3150 colligunt
2976 3096 3012 3134 xx
3035 3079 3413 3136 etducuntad
3436 3078 3842 3145 monasterium,

2147 3154 2190 3222 C
2225 3172 2284 3224 et
2311 3167 2556 3223 cludunt
2584 3166 2776 3239 virgas
2805 3184 2879 3222 xv
2905 3185 2919 3235 ;
2953 3172 3009 3223 et
3040 3167 3099 3222 in
3133 3169 3644 3226 monasterioitem
3671 3182 3843 3224 omnes

2223 3257 2416 3330 virgas
2445 3273 2518 3324 xv,
2552 3259 2608 3312 et
2633 3255 2770 3311 lacit
2801 3257 3210 3329 unusquisque
3231 3257 3292 3312 in
3312 3275 3467 3314 anno
3499 3258 3618 3315 dies
3646 3273 3762 3314 xxxv
3786 3255 3836 3311 in

2225 3350 2446 3402 aestate.
2479 3345 2836 3402 lrembertus
2867 3351 3065 3402 autem
3089 3351 3214 3402 arat
3243 3347 3496 3404 bunaria
3518 3366 3553 3404 xx
3575 3352 3630 3403 et
3654 3343 3841 3417 colligit

2225 3451 2262 3490 ι.
2295 3433 2617 3491 Luminarii
2637 3451 2714 3489 xx.
2736 3433 2980 3490 Solvunt
3005 3435 3155 3491 inter
3175 3451 3387 3492 omnes
3417 3436 3632 3492 solidos
3658 3433 3838 3497 vxx.de-

2223 3523 2421 3578 narios
2435 3522 2837 3578 vxxx.Homines
2851 3523 2951 3595 qui
2966 3523 3258 3579 faciuntin
3277 3542 3504 3582 annoxxx
3519 3525 3637 3580 dies
3652 3527 3840 3579 suntxx

2293 3610 2433 3666 XXI.
2468 3612 2534 3666 In
2550 3613 2760 3667 Attona
2789 3617 2880 3667 est
2909 3612 3156 3669 ecclesia
3205 3613 3278 3668 ad
3332 3631 3509 3687 quam
3541 3613 3755 3669 solvunt
3775 3623 3836 3664 vxx

2221 3699 2491 3756 homines
2521 3701 2592 3756 de
2621 3699 2842 3756 lumine
2871 3703 3278 3774 unusquisque
3297 3703 3371 3759 de
3394 3697 3836 3759 ceravalentede-

2222 3789 2418 3844 narios
2450 3805 2509 3844 xx.
2543 3789 2750 3844 Casam
2803 3789 3286 3846 indominicatam
3339 3809 3476 3847 cum
3523 3790 3647 3847 aliis
3687 3785 3835 3844 casti-

2221 3877 2318 3934 tiis
2344 3895 2357 3934 :
2391 3879 2464 3934 de
2494 3882 2659 3950 prato
2689 3878 2938 3934 bunaria
2966 3896 3044 3948 xx,
3098 3879 3168 3934 de
3201 3885 3363 3937 terra
3393 3880 3594 3937 arabili
3621 3873 3830 3935 bunaria

2219 3984 2306 4033 cc,
2352 3967 2423 4022 de
2470 3965 2616 4023 silva
2664 3966 2896 4022 minuta
2943 3967 3260 4024 bunarium
3314 3987 3353 4037 ι,
3413 3971 3484 4026 de
3514 3964 3831 4042 pasturain-

2219 4055 2378 4112 culta
2407 4056 2655 4112 bunaria
2686 4073 2735 4111 L.
2769 4056 2972 4112 Mansa
2999 4074 3131 4113 xxxv
3167 4061 3224 4113 et
3275 4058 3628 4126 dimidium;
3661 4066 3831 4110 omnes

2218 4161 2321 4216 per
2370 4144 2618 4200 bunaria
2667 4161 2768 4211 xxx,
2822 4150 2880 4199 et
2926 4143 3022 4201 ille
3051 4145 3334 4203 dimidius
3369 4165 3474 4220 per
3510 4144 3740 4202 bunaria
3765 4156 3829 4204 vx,

2216 4249 2350 4288 cum
2406 4232 2589 4289 servis
2639 4250 2716 4299 xx,
2769 4233 2870 4304 qui
2913 4234 3137 4290 faciunt
3192 4234 3252 4289 in
3312 4235 3673 4292 hebdomada
3727 4229 3832 4284 dies

2213 4336 2298 4376 xxx.
2330 4319 2564 4376 Ancillae
2593 4338 2674 4376 xxx
2707 4321 2928 4377 faciunt
2966 4321 3268 4379 ladmones
3323 4341 3428 4380 xxx.
3479 4323 3585 4380 Alii
3625 4313 3828 4393 ingenui

2213 4411 2435 4466 faciunt
2466 4427 2502 4465 xx
2533 4410 2656 4466 dies
2704 4411 2762 4465 in
2816 4411 3205 4480 hebdomada,
3255 4417 3314 4468 et
3352 4415 3428 4470 de
3457 4412 3569 4468 illis
3595 4404 3828 4483 ingenuis

2135 4523 2182 4587 D
2214 4499 2448 4555 feminis
2476 4516 2578 4554 xxxx
2605 4500 2848 4555 veniunt
2876 4499 3180 4557 ladmones
3231 4519 3286 4556 vx
3331 4507 3391 4558 et
3437 4501 3719 4558 dimidius.
3752 4492 3821 4587 ad

2211 4589 2412 4644 vineas
2444 4605 2609 4644 carra
2635 4605 2712 4644 vx.
2747 4589 2905 4644 Facit
2936 4591 3344 4662 unusquisque
3367 4593 3438 4647 de
3469 4591 3630 4646 hrace
3658 4581 3822 4641 modia

2210 4695 2267 4743 x,
2299 4678 2369 4732 de
2399 4677 2582 4732 farina
2603 4694 2658 4732 vx
2683 4695 2697 4744 ;
2732 4676 2874 4749 pulli
2908 4695 3216 4744 xxx,ovaxx.
3240 4679 3577 4742 Lunariixv,
3600 4674 3824 4749 praeben-

2206 4767 2354 4822 darii
2383 4785 2459 4822 vx.
2479 4766 2801 4822 Wilbertus
2818 4767 2995 4823 habet
3021 4768 3270 4824 bunaria
3298 4785 3378 4824 xxx
3407 4787 3421 4837 ;
3456 4767 3617 4825 solvit
3632 4761 3838 4820 solidos

2204 4872 2266 4926 xx,
2298 4860 2353 4910 et
2378 4855 2651 4927 prmvidet
2681 4855 2922 4928 sylvaxn.
2949 4857 3191 4912 Suntibi
3223 4857 3492 4912 homines
3513 4853 3606 4926 qui
3627 4848 3817 4907 faciunt

2204 4961 2243 4999 xx
2277 4944 2473 4999 dicsin
2498 4943 2864 4999 hebdomada
2885 4961 3069 5000 xxxxv.
3097 4945 3454 5000 Iremharius
3471 4943 3646 5013 major
3667 4936 3816 4994 habet

2204 5050 2398 5088 casam
2431 5033 2910 5088 indominicatam
2937 5051 3071 5089 cum
3103 5033 3234 5090 aliis
3266 5034 3511 5090 castitiis
3537 5050 3550 5098 ;
3580 5031 3646 5086 de
3673 5028 3811 5100 prato

2203 5123 2452 5178 bunaria
2481 5140 2534 5188 x,
2567 5123 2637 5176 de
2668 5126 2822 5177 terra
2849 5122 3053 5177 arabili
3087 5123 3335 5178 bunaria
3354 5139 3489 5190 xvxx,
3516 5122 3582 5175 de
3602 5119 3812 5190 pastura

2202 5216 2258 5267 et
2286 5203 2446 5282 sylva
2475 5211 2702 5266 minuta
2720 5210 2968 5266 bunaria
2983 5229 3074 5267 xv.
3097 5211 3302 5268 Mansa
3319 5229 3354 5267 xx
3370 5228 3470 5284 per
3484 5205 3802 5264 bunariaxxx.

2201 5300 2362 5356 Facit
2386 5300 2538 5355 sicut
2567 5299 2858 5371 superius.
2884 5300 3173 5373 Mancipia
3200 5317 3361 5356 xxxxx.
3394 5294 3711 5356 Hillelridus
3726 5289 3808 5344 ha-

2200 5390 2300 5446 bet
2330 5405 2604 5444 mansum
2631 5406 2645 5458 ;
2678 5389 2749 5444 de
2770 5394 2936 5462 prato
2965 5389 3214 5447 bunaria
3242 5407 3299 5447 vx
3329 5394 3386 5452 et
3407 5384 3716 5462 jornalemx;
3745 5375 3804 5432 de

498 5561 612 5652 (84)
641 5567 768 5624 Ηιιθ
779 5565 905 5624 cod.
927 5564 1177 5628 Audom.
1194 5566 1356 5627 addit
1387 5584 1401 5627 :
1428 5567 1581 5643 Quod
1597 5586 1745 5644 nunc
1764 5571 2091 5648 linquimus,
2119 5585 2246 5630 cum
2255 5569 2420 5646 parvi
2447 5566 2716 5630 commodi
2746 5571 2846 5630 est.
