4154 6186
385 370 545 431 1233

1798 376 2462 453 GHARTULARIUM.

3691 395 3856 459 1334

385 503 782 601 terrearabili
814 503 1063 601 bunaria
1089 508 1334 601 XXXv,de
1355 507 1519 581 sylva
1549 509 1789 565 minuta
1809 511 2067 569 bunaria
2095 511 2151 580 A
2178 516 2555 576 hebdomade
2584 535 2627 574 II
2658 516 2782 576 dies
2801 523 2878 589 ;et
2898 519 3007 578 illas
3027 520 3298 598 ingenua
3326 522 3555 583 femina:
3578 535 3853 601 unaque]

392 613 469 652 VI.
503 594 799 667 Mancipia
827 613 946 651 VIII.
971 597 1120 652 Bavo
1145 597 1324 652 habet
1353 614 1636 654 mansum
1669 615 1812 654 cum
1845 617 1984 656 casa
2009 605 2067 657 et
2178 623 2292 680 que
2340 608 2479 664 facit
2525 607 2867 665 ladmonem
2916 594 3251 670 dimidium.
3293 615 3379 670 Ad
3431 613 3567 672 host
3610 594 3846 675 carrum

386 684 516 741 aliis
543 684 824 779 castitiis;
859 685 930 740 de
956 689 1120 758 prato
1152 686 1402 741 bunaria
1447 705 1482 741 v
1521 691 1581 742 et
1608 687 1958 755 dimidium,
1993 691 2065 746 de
2176 696 2514 752 dimidium.
2548 698 2636 753 Ad
2669 696 2867 755 vineas
2914 717 3080 758 carra
3121 720 3204 769 III,
3237 703 3400 759 Facit
3429 705 3843 779 unusquisque

383 779 539 832 terra
571 772 780 829 arabili
811 773 1062 829 bunaria
1090 792 1218 830 XLVI
1243 779 1300 830 et
1321 775 1752 841 dimidium,de
1779 777 1940 849 sylva
1960 779 2066 833 mi-

383 867 528 918 nuta
560 863 810 919 bunaria
838 880 962 918 VIII.
996 864 1284 936 Mancipia
1313 864 1535 919 x1v.Isti
1572 881 1946 938 unaquaque
1967 867 2065 923 he-

2175 786 2244 841 de
2275 786 2446 842 brace
2477 786 2680 842 modia
2705 804 2759 854 x,
2794 788 2865 844 de
2897 788 3083 846 farina
3136 790 3333 847 modia
3383 807 3473 860 VI;
3529 791 3722 864 pullos
3752 812 3835 867 III,

2173 889 2280 930 ova
2306 892 2360 930 X.
2391 878 2542 930 Sunt
2572 874 2655 931 ibi
2699 875 2914 931 lunarii
2962 893 3113 947 XXIV,
3166 877 3470 935 luminarii
3518 897 3652 937 XLII.
3707 883 3838 944 Sol-

382 951 676 1008 bdcmada
706 952 932 1008 faciunt
961 970 1000 1007 II
1033 953 1173 1010 dies.
1197 954 1253 1008 Si
1285 970 1400 1008 non
1433 951 2063 1028 caballicant,sepiunt
2168 968 2314 1019 vunt
2345 964 2497 1020 inter
2521 981 2732 1021 omnes
2761 964 2980 1023 solidos
3008 984 3106 1023 XII.
3142 968 3532 1025 Praebendarii
3565 973 3706 1026 sunt
3752 971 3834 1027 ibi

379 1041 578 1114 virgas
607 1057 664 1095 V.
698 1044 756 1096 et
785 1040 845 1095 in
879 1043 1234 1098 monasterio
1278 1041 1428 1097 inter
1467 1057 1685 1096 omnes
1748 1042 1942 1116 virgas
1977 1051 2056 1102 Iv.

384 1131 675 1186 Lodberta
707 1129 884 1185 habet
936 1129 996 1184 in
1042 1129 1250 1198 Selem,
1287 1131 1685 1202 pertinentem
1723 1132 1796 1187 ad
1829 1135 2053 1202 Attona,

382 1219 731 1293 precariam
763 1236 802 1287 I,
838 1219 1000 1274 unde
1030 1218 1198 1274 solvit
1227 1218 1481 1275 solidum
1514 1237 1559 1289 ι,

2166 1066 2242 1104 VI.
2276 1051 2460 1108 Habet
2491 1052 2572 1108 ibi
2603 1053 2883 1108 seditium
2915 1072 2961 1123 I;
2990 1056 3126 1112 inde
3155 1055 3328 1113 solvit
3358 1056 3612 1113 solidum
3635 1075 3672 1114 I.
3692 1059 3829 1121 Wa-

2163 1137 2325 1212 lager
2353 1140 2533 1197 habet
2554 1142 2807 1197 bunaria
2837 1160 2896 1212 II,
2935 1147 3061 1199 arat
3093 1144 3408 1204 bunarium
3458 1163 3497 1202 I.
3543 1145 3826 1203 Molendi-

2163 1245 2304 1284 num
2339 1247 2392 1297 I;
2427 1229 2604 1286 solvit
2635 1231 2833 1286 modia
2861 1249 2990 1287 XXX.
3024 1233 3244 1288 Camba
3289 1250 3340 1300 I;
3393 1233 3567 1290 solvit
3604 1234 3824 1292 solidos

450 1307 693 1364 ΧΧῙῙ-Ῑῐι
724 1306 1151 1380 Botnissahem
1174 1307 1446 1363 Βθτιΐᾶἀίι
1476 1306 1662 1363 habet
1695 1308 1871 1364 aliam
1897 1311 2051 1367 unde
2159 1319 2682 1391 Iv.Megenhardus
2704 1319 2882 1376 habet
2910 1320 3158 1377 bunaria
3187 1339 3247 1377 III
3275 1325 3332 1377 et
3364 1321 3820 1390 dimidium,ecl-

378 1397 549 1454 debet
579 1411 765 1452 arare.

446 1485 643 1542 XXIII.
680 1485 742 1541 In
795 1453 1223 1559 Berningahem
1274 1487 1468 1556 habet,
1511 1485 1671 1542 inter
1719 1487 1939 1561 sylvam
1989 1493 2048 1546 et

377 1579 593 1632 terram
629 1574 934 1644 arabilem,
967 1575 1221 1632 bunaria
1250 1573 1383 1648 plns
1414 1594 1504 1631 XL.

445 1665 642 1722 XXIV.
679 1664 742 1720 In
777 1663 1133 1737 Beingahem
1169 1664 1306 1720 villa
1335 1665 1512 1720 habet
1541 1665 2042 1737 ecclesiam,indo-

373 1754 719 1811 minicatum
751 1770 1026 1810 mansum
1057 1770 1194 1809 cum
1225 1753 1580 1823 castitiis;de
1601 1760 1767 1827 prato
1789 1757 2040 1812 bunaria

2154 1407 2238 1463 vit
2268 1407 2525 1464 solidum
2557 1427 2576 1464 ι
2607 1408 3233 1465 dimidium.Hcmines
3255 1409 3358 1482 qui
3380 1411 3604 1468 faciunt
3625 1413 3820 1470 II'dies

2152 1495 2214 1551 in
2243 1513 2416 1565 anno,
2453 1501 2594 1554 sunt
2623 1515 2838 1554 XXXVII.
2872 1497 2974 1554 Ille
3006 1499 3196 1570 major
3224 1499 3403 1556 habet
3445 1517 3649 1561 casum
3679 1518 3816 1558 cum

2153 1585 2428 1654 castitiis;
2461 1588 2534 1642 de
2565 1591 2725 1642 terra
2753 1587 3004 1642 bunaria
3032 1603 3146 1644 XXII
3165 1587 3348 1658 ;sylva
3378 1588 3607 1645 minuta
3634 1589 3817 1646 buna-

2149 1674 2238 1730 ria
2263 1692 2368 1744 VII;
2399 1675 2701 1748 Inancipia
2731 1693 2807 1730 Iv.

2218 1764 2362 1819 XXI.
2396 1768 2462 1819 In
2495 1764 2928 1838 Bumingahem
2960 1765 3137 1821 habet
3167 1781 3443 1822 mansum
3474 1780 3608 1824 cum
3630 1767 3811 1824 casti~

370 1861 464 1910 XV,
521 1845 591 1899 de
636 1847 794 1900 terra
843 1843 1046 1899 arabili
1094 1843 1348 1899 bunaria
1379 1859 1505 1912 CXX,
1541 1845 1613 1899 de
1641 1845 1804 1918 sylva
1827 1862 2034 1918 gressa
2062 1880 2112 1946 B
2145 1852 2274 1923 tiis;
2307 1853 2378 1908 de
2409 1857 2565 1908 terra
2585 1853 2839 1910 bunaria
2856 1853 3030 1920 XV,de
3052 1852 3211 1925 sylva
3233 1853 3462 1912 minuta
3481 1854 3731 1917 bunaria
3745 1872 3806 1913 X.

371 1933 619 1990 bunaria
647 1951 720 1988 XL
747 1932 818 1987 ad
853 1932 1213 2005 saginandos
1239 1949 1448 2004 porcos
1477 1950 1573 1999 XX,
1606 1935 1677 1990 de
1721 1933 1883 2007 sylva
1924 1935 2031 1990 mi-

369 2027 514 2082 nuta
541 2021 791 2078 bunaria
821 2038 871 2076 c.
906 2021 1181 2077 Mansum
1212 2038 1348 2077 XVIII
1374 2024 1432 2076 et
1456 2021 1775 2080 dimidium
1799 2040 1904 2096 per
1925 2024 2031 2080 bu-

368 2110 533 2167 naria
561 2114 726 2175 XII,et
754 2108 852 2166 ille
882 2109 1168 2166 dimidius
1198 2125 1303 2181 per
1331 2111 1582 2166 bunaria
1602 2129 1661 2167 VI
1687 2129 1823 2168 cum
1847 2113 2030 2169 servis

366 2216 446 2267 XI,
479 2201 579 2272 qui
612 2200 837 2256 faciunt
866 2216 925 2254 III
957 2199 1081 2256 dies
1127 2198 1190 2254 in
1241 2197 1639 2268 hebdomade;
1684 2200 1909 2257 ancillas
1940 2219 2027 2272 IX;

362 2289 504 2345 facit
526 2287 831 2345 ladmones
875 2306 952 2344 IX.
1002 2288 1116 2343 Alii
1168 2287 1409 2360 ingenui
1460 2289 1688 2345 faciunt
1738 2307 1780 2346 II
1811 2291 1937 2346 dies
1969 2290 2028 2345 in

365 2379 756 2436 hebdomade.
790 2383 846 2435 et
875 2379 945 2436 de
974 2377 1251 2452 ingenuis
1283 2377 1515 2434 feminis
1544 2396 1580 2433 X
1612 2379 1860 2436 veniunt
1901 2379 2026 2434 lad-

365 2487 570 2527 mones
597 2487 652 2526 v.
683 2469 770 2524 Ad
798 2467 996 2524 vineas
1024 2483 1194 2523 carra
1240 2483 1295 2520 Iv
1339 2469 1397 2529 et
1442 2465 1784 2524 dimidium.
1833 2467 2026 2524 Unus-

367 2560 619 2632 quisque
649 2560 720 2616 de
743 2560 916 2616 brace
946 2561 1115 2630 parat
1139 2555 1337 2611 modia
1359 2573 1415 2623 x,
1449 2556 1520 2611 de
1551 2556 1746 2614 farina
1773 2575 1860 2625 VI;
1893 2555 2023 2628 pul-

365 2650 456 2707 los
486 2666 684 2718 III,ova
710 2665 804 2704 XX.
838 2646 1074 2704 Lunarii
1103 2662 1220 2701 XXI.
1249 2645 1399 2700 Sunt
1417 2641 1498 2699 ibi
1533 2646 1922 2717 praebendarii
1944 2662 2022 2714 VI,

364 2738 669 2796 luminarii
697 2755 787 2794 XC.
813 2735 1060 2794 Solvunt
1090 2734 1242 2790 inter
1269 2748 1476 2798 omnes
1505 2732 1724 2791 libram
1754 2734 2024 2804 I,solidos

364 2847 422 2886 V.
458 2830 721 2902 Brunger
747 2826 929 2882 habet
957 2823 1207 2880 bunaria
1233 2839 1312 2889 VI,
1342 2825 1469 2877 arat
1493 2823 1814 2880 bunarium
1845 2823 2021 2880 dimi-

365 2919 534 2975 dium
564 2934 603 2973 ι.
638 2913 826 2989 Megel
855 2914 1036 2970 habet
1063 2910 1382 2968 bunarium
1412 2928 1448 2976 ι,
1473 2915 1530 2966 et
1548 2912 2024 2979 dimidium,erat

363 3007 697 3064 dimidium.
733 3006 1042 3078 Megenger
1082 3001 1258 3057 habet
1304 2999 1553 3056 bunaria
1592 3019 1654 3069 II,
1688 3007 1816 3059 arat
1844 3001 2019 3056 dimi-

364 3099 553 3155 dium.
587 3098 737 3152 Bavo
767 3094 950 3150 habet
973 3089 1223 3147 bunaria
1252 3106 1327 3157 Iv,
1361 3089 1533 3146 solvit
1575 3090 1850 3148 denarios
1895 3108 2016 3146 νιιο.

363 3187 778 3244 Gundebertus
834 3181 1014 3237 habet
1059 3178 1310 3236 bunaria
1357 3195 1440 3247 III,
1493 3184 1621 3236 arat
1664 3179 1918 3236 bunaria
1955 3196 2016 3247 II,

2145 1941 2380 1997 Mansos
2411 1959 2452 1996 II
2480 1945 2539 1997 et
2569 1942 2890 1998 dimidium
2922 1959 3026 2014 per
3055 1942 3309 1999 bunaria
3333 1947 3497 2011 XII,et
3523 1944 3618 2000 ille
3634 1945 3807 2000 dimi-

2143 2029 2278 2085 dius
2327 2046 2430 2102 per
2479 2030 2738 2087 bIInaria
2765 2047 2840 2088 VI.
2875 2031 3154 2086 Resident
3184 2031 3244 2086 in
3275 2032 3362 2088 eis
3389 2033 3541 2090 servi
3583 2051 3668 2101 III,
3701 2033 3805 2106 qui

2141 2119 2280 2174 facit
2298 2119 2356 2174 in
2379 2119 2757 2176 hebdomade
2777 2119 2901 2176 dies
2919 2137 2978 2175 III
2997 2118 3247 2192 ;ipsique
3264 2122 3631 2194 perserviunt
3647 2125 3802 2179 totos

2139 2206 2271 2262 illos
2305 2208 2660 2263 mansos.Ad
2693 2208 2896 2264 vineas
2925 2223 3158 2264 carrum
3188 2209 3525 2266 dimidium.
3556 2210 3804 2267 Faciunt

2137 2296 2210 2352 de
2239 2296 2410 2350 brace
2439 2295 2637 2351 modis
2662 2313 2677 2363 ;
2711 2295 2940 2367 puellos
2970 2311 3032 2364 II,
3066 2313 3173 2352 ova
3200 2314 3294 2353 XX.
3321 2298 3506 2355 Habet
3528 2299 3609 2355 ibi
3633 2298 3808 2356 lunas

2138 2400 2232 2440 res
2258 2383 2715 2452 XIII,luminaria
2741 2384 3043 2440 X.Solvunt
3070 2385 3222 2441 inter
3251 2402 3457 2443 omnes
3487 2387 3710 2450 solidos
3727 2401 3796 2458 II,

2135 2473 2405 2528 denarios
2435 2471 2790 2529 II.Homines
2820 2472 2922 2544 qui
2945 2473 3167 2529 faciunt
3187 2491 3226 2531 II
3248 2475 3375 2531 dies
3391 2475 3452 2531 in
3473 2493 3627 2532 anno
3651 2479 3794 2532 sunt

2135 2579 2208 2618 IV.
2242 2561 2392 2618 Sunt
2421 2560 2502 2616 ibi
2533 2561 2790 2617 bunaria
2815 2575 2931 2618 XIV.
2963 2561 3220 2618 Veniunt
3259 2564 3332 2620 ad
3380 2564 3687 2625 incensnm
3719 2564 3792 2620 de

2133 2649 2456 2706 fcrmaticis
2485 2665 2684 2720 pensas
2715 2653 2924 2707 X.Item
2957 2651 3026 2708 de
3055 2651 3320 2709 hunariis
3342 2669 3427 2711 .VII
3452 2653 3697 2712 veniunt
3719 2653 3789 2712 de

2133 2736 2456 2795 formaticis
2483 2751 2681 2809 pensis
2712 2754 2814 2795 VII.

2205 2827 2429 2883 XXVII.
2479 2826 2544 2882 In
2598 2825 2994 2901 Pupurmisga
3039 2827 3179 2885 villa
3234 2829 3411 2887 habet
3455 2820 3786 2898 ecclesiam,

2131 2934 2267 2973 cum
2297 2914 2564 2972 hunariis
2594 2933 2767 2985 XVIII;
2803 2933 3078 2975 mansum
3111 2936 3149 2988 I,
3174 2918 3685 2987 indominicatum;
3717 2919 3791 2975 de

2129 3011 2285 3062 terra
2316 3004 2520 3063 arahili
2572 3005 2826 3064 bunaria
2869 3021 3061 3076 CLVIII,
3099 3007 3170 3064 de
3222 3007 3387 3080 sylva
3431 3007 3788 3081 gressa-ﬂa-

2127 3096 2345 3169 ginana
2399 3097 2456 3150 et
2515 3093 2746 3150 minuta
2803 3096 2986 3152 mixta
3034 3096 3285 3153 bunaria
3320 3108 3478 3165 CCCC,
3513 3096 3586 3154 ad
3629 3093 3788 3164 sagi-

2128 3185 2356 3240 nandos
2403 3199 2612 3255 porcos
2662 3199 2752 3240 nc.
2807 3183 3044 3241 Mansos
3099 3202 3252 3243 XLVII
3299 3189 3357 3242 et
3402 3183 3721 3241 dimidium
3771 3196 3785 3235 :

362 3276 541 3333 Omes
571 3275 830 3332 decanus
860 3271 1037 3326 habet
1065 3268 1314 3324 bunaria
1352 3285 1436 3335 III,
1490 3273 1619 3324 arat
1671 3269 1922 3326 bunaria
1952 3284 2016 3322 II.
2049 3245 2092 3312 ί]
2129 3287 2197 3329 ex
2246 3272 2340 3328 his
2387 3289 2423 3326 X
2470 3275 2742 3326 constant
2788 3272 3058 3329 hunariis
3099 3291 3259 3344 XXIV,-
3286 3274 3552 3344 itemque
3592 3287 3633 3325 X
3677 3268 3788 3325 bu-

361 3363 650 3421 Lanfredh
683 3362 863 3417 habet
893 3359 963 3414 de
990 3362 1148 3413 terra
1172 3356 1424 3412 bunaria
1440 3371 1574 3412 XXXI
1596 3361 1652 3414 et
1675 3357 2012 3424 dimidium,

364 3455 437 3512 de
466 3453 630 3528 sylva
657 3451 886 3508 minuta
912 3445 1161 3503 bunaria
1189 3461 1252 3502 III
1271 3446 1479 3515 ;manci
1487 3445 1585 3518 pia
1613 3462 1714 3502 XIII
1735 3450 1882 3513 ;arat
1905 3445 2013 3501 bu-

361 3545 530 3602 naria
558 3561 620 3613 II,
654 3540 830 3599 solvit
859 3537 1078 3596 solidos
1110 3535 1466 3609 II.Engelger
1495 3537 1682 3605 major
1713 3536 1892 3592 habet
1912 3534 2015 3590 bu-

359 3634 528 3690 naria
556 3633 628 3689 de
658 3636 814 3687 terra
840 3645 980 3684 XLIII
1008 3630 1066 3682 et
1094 3624 1429 3690 dimidium,
1460 3625 1532 3680 de
1579 3623 1742 3696 sylva
1784 3624 2015 3679 minuta

362 3722 615 3780 bunaria
640 3738 706 3789 X;
741 3714 1036 3788 mancipia
1056 3731 1147 3770 XX‘
1178 3715 1322 3770 Item
1345 3712 1496 3769 alius
1526 3711 1886 3785 Engelgerus
1916 3711 2014 3767 ha-

357 3814 460 3869 bet
486 3826 691 3868 casum
721 3824 857 3864 cum
887 3803 1168 3872 castitiis;
1201 3804 1272 3859 de
1301 3806 1455 3859 terra
1503 3801 1710 3858 arabili
1764 3800 2015 3857 bunaria

360 3919 500 3970 XLII,
531 3901 603 3956 de
633 3897 796 3972 sylva
823 3894 1056 3950 minuta
1081 3910 1117 3948 x
1136 3893 1416 3960 bunaria;
1451 3889 1745 3962 mancipia
1773 3906 1874 3946 VII.
1910 3890 2010 3946 Isti

359 3994 528 4048 erant
557 3988 808 4044 bunaria
835 3982 1335 4054 Iv,unusquisque
1365 3985 1423 4037 et
1451 3981 1687 4053 sopiunt
1708 3980 1902 4052 virgas
1916 3995 2006 4036 XV.

360 4078 796 4136 Gundelbertus
823 4073 998 4128 habet
1026 4070 1276 4126 bunaria
1293 4087 1396 4138 XL;
1433 4069 1572 4124 inde
1599 4067 1772 4123 solvit
1792 4066 2012 4124 solidos

358 4186 440 4235 VI,
469 4171 526 4223 et
555 4179 922 4236 unaquaeque
949 4158 1320 4216 hebdomade
1348 4175 1387 4214 II
1409 4158 1618 4224 dies,et
1648 4156 1824 4212 habet
1844 4174 2008 4212 man-

362 4257 518 4329 cipia
545 4272 628 4312 III.
658 4251 1024 4309 Molendinos
1055 4264 1150 4316 III;
1180 4249 1252 4304 de
1301 4264 1416 4302 uno
1445 4246 1689 4304 veniunt
1717 4246 1913 4301 modia
1943 4261 2007 4313 C;

366 4347 438 4402 de
469 4343 699 4411 aliis,de
728 4335 1338 4410 uncquoque,modios
1372 4353 1466 4401 LX;
1499 4340 1558 4390 et
1587 4333 1685 4389 ille
1714 4335 1891 4389 unius
1913 4333 2014 4388 dat

364 4433 561 4509 pullos
591 4449 684 4500 XX,
713 4445 819 4486 ova
845 4444 942 4494 cc;
971 4425 1056 4480 illi
1088 4423 1208 4494 alii,
1243 4424 1651 4495 unusquisque
1683 4421 1878 4493 pullos
1915 4439 2008 4488 XV,

364 4541 474 4581 ova
503 4539 555 4579 C.
590 4520 852 4591 Badager
880 4513 1088 4572 habuit
1127 4512 1600 4585 indepraacariam
1650 4528 1689 4578 ι,
1742 4510 1850 4565 hoc
1901 4514 2009 4577 est,

2123 3360 2307 3418 nariis
2336 3375 2432 3427 XX,
2464 3358 2723 3431 itemque
2770 3377 2807 3414 X
2853 3360 3122 3417 hunariis
3167 3379 3269 3430 xv;
3323 3360 3414 3416 illi
3445 3357 3550 3414 alii
3579 3369 3787 3412 omnes

2124 3467 2228 3522 per
2271 3447 2520 3506 bunaria
2568 3464 2692 3515 XIII,
2743 3451 2800 3504 et
2855 3446 2953 3503 ille
3009 3448 3290 3506 dimidius
3353 3443 3615 3503 bunaria
3662 3458 3784 3500 VIII.

2124 3537 2404 3595 Resident
2453 3537 2513 3592 in
2573 3536 2659 3592 eis
2717 3535 2866 3593 servi
2920 3552 2998 3605 Iv,
3042 3537 3268 3594 faciunt
3296 3537 3362 3592 in
3413 3532 3790 3608 hebdomade

2123 3644 2182 3684 III
2223 3627 2370 3683 dies.
2400 3623 2636 3682 Ancillas
2685 3642 2743 3681 IV
2791 3624 2934 3681 facit
2981 3625 3256 3683 camsiles
3287 3640 3370 3682 IV.
3398 3621 3519 3679 Alii
3547 3621 3785 3697 ingenui

2123 3715 2345 3771 faciunt
2373 3732 2414 3772 II
2437 3713 2498 3769 in
2529 3713 2902 3770 hebdomade
2927 3712 3088 3782 dies;
3140 3718 3198 3771 et
3243 3712 3363 3769 illa
3400 3710 3672 3786 ingenue
3702 3712 3784 3772 fe-

2122 3803 2316 3872 minae,
2348 3803 2519 3860 solvit
2543 3817 2910 3874 unaquaque
2940 3803 3214 3860 denarios
3235 3802 3619 3862 IV.Lunarem
3655 3804 3783 3863 nul-

2121 3893 2277 3960 lum;
2310 3890 2658 3948 luminarios
2683 3907 2946 3946 CLXXXIV.
2973 3891 3116 3948 Inde
3144 3891 3393 3948 veniunt
3417 3888 3586 3952 libra
3614 3909 3780 3966 11,80-

2120 3983 2226 4038 lidi
2281 3997 2446 4038 XXIII.
2499 3981 2690 4036 Haeres
2739 3979 2880 4036 carii
2942 3995 3056 4037 CIX.
3116 3979 3386 4036 Veniunt
3431 3980 3610 4041 solidi
3660 4000 3777 4044 XIV.

2119 4072 2344 4128 denarii
2389 4085 2492 4127 VII.
2525 4068 2604 4124 De
2650 4072 2807 4124 terra
2853 4067 3092 4136 causali,
3143 4068 3204 4124 in
3255 4066 3432 4125 cultis
3485 4075 3544 4129 et
3587 4072 3776 4132 infru-

2121 4160 2340 4216 ctuosis
2373 4157 2640 4214 hunariis
2668 4171 2846 4213 CXVIII
2875 4157 3119 4213 veniunt
3146 4157 3425 4214 incensus
3453 4159 3527 4216 de
3558 4161 3775 4222 forma-

2121 4249 2256 4304 ticis
2304 4264 2496 4319 pense
2543 4260 2672 4313 XXI;
2723 4262 2901 4300 aucas
2946 4263 3078 4301 XXV.
3127 4245 3213 4301 Ad
3263 4245 3399 4302 host
3431 4257 3643 4305 carros
3687 4265 3770 4319 II;

2121 4337 2194 4392 ad
2223 4336 2424 4392 vineas
2451 4350 2648 4390 carros
2680 4347 2743 4387 II.
2769 4331 2890 4388 Illas
2921 4347 2977 4388 IV
3007 4331 3231 4389 ancillas
3262 4335 3473 4403 parant
3499 4333 3572 4388 de
3601 4335 3774 4393 brace

2123 4424 2320 4481 modia
2345 4441 2400 4478 X.
2435 4420 2856 4492 Unusquisque
2902 4419 3094 4492 pullos
3140 4435 3206 4488 II,
3255 4435 3362 4476 ova
3406 4437 3463 4476 X.
3495 4423 3563 4477 In
3601 4424 3772 4481 tertio

2125 4529 2278 4570 anno
2309 4525 2548 4584 porcum
2583 4525 2600 4566 I
2630 4507 2856 4565 valente
2884 4509 3154 4565 denarios
3188 4521 3263 4566 Iv.
3302 4508 3404 4564 Ille
3450 4511 3639 4582 major
3674 4512 3774 4569 ha-

368 4626 648 4669 mansum
679 4626 728 4677 ις
763 4607 833 4662 de
863 4602 1297 4670 terrebunaria
1321 4618 1482 4669 XLIV;
1515 4599 1808 4671 mancipia
1832 4598 2013 4654 II.lsti
2045 4605 2092 4671 D
2123 4602 2221 4658 bet
2266 4598 2559 4672 mancipia
2610 4614 2685 4654 Iv.
2737 4601 2816 4653 De
2865 4597 3132 4654 hunariis
3177 4615 3216 4653 X
3256 4596 3500 4664 veniunt
3537 4597 3610 4654 de
3657 4600 3773 4656 mel

365 4704 538 4758 arant
564 4696 818 4755 bunaria
844 4691 1338 4763 Iv,unusquisque
1357 4695 1414 4746 et
1430 4690 1668 4761 sepiunt
1686 4688 1882 4761 virgas
1917 4702 2010 4757 XV;

363 4795 426 4849 et
454 4791 514 4844 in
547 4791 747 4844 Isstate
776 4784 916 4840 facit
944 4781 1070 4837 dies
1099 4797 1212 4847 XVI,
1244 4783 1301 4835 et
1329 4777 1616 4851 colligunt
1653 4777 1965 4833 bunarium
1997 4793 2015 4831 ι

363 4885 424 4938 et
454 4876 851 4941 dimidium,et
880 4871 1104 4927 ducunt
1133 4867 1206 4923 ad
1231 4866 1683 4935 monasterium;
1715 4869 1774 4921 et
1802 4866 1874 4920 ad
1898 4881 2015 4921 mo-

363 4966 696 5027 nasterium
727 4961 966 5035 sepiunt
995 4959 1146 5013 inter
1166 4972 1370 5012 omnes
1400 4955 1594 5028 virgas
1624 4970 1686 5011 III
1703 4955 1866 5024 ;dant
1885 4953 2013 5027 pul-

365 5059 460 5116 los
489 5073 552 5123 II,
582 5071 690 5110 ova
717 5069 772 5108 X.

441 5143 609 5202 XXV.
642 5146 709 5196 In
739 5139 944 5194 Cciaco
993 5135 1170 5192 habet
1215 5132 1522 5189 ecclesiam
1570 5149 1704 5187 cum
1752 5133 2018 5187 hunariis

367 5251 540 5303 XVIII;
573 5227 869 5301 mancipia
897 5243 957 5282 II.
985 5225 1066 5281 De
1098 5221 1427 5279 luminariis
1453 5220 1672 5277 solidos
1706 5237 1781 5276 III.
1809 5220 2014 5276 Casam

368 5320 857 5382 indominicatam
883 5331 1018 5372 cum
1050 5312 1180 5368 aliis
1205 5310 1455 5368 castitiis
1471 5309 1562 5378 ;de
1586 5314 1750 5382 prato
1773 5308 2020 5365 bunaria

370 5432 463 5482 XL,
496 5412 568 5467 de
597 5413 753 5463 terra
778 5403 987 5462 arabili
1015 5400 1264 5458 bunaria
1306 5416 1430 5464 CLX,
1464 5399 1534 5453 de
1583 5397 1744 5470 sylva
1792 5399 2020 5453 minuta

370 5499 624 5559 bunaria
651 5512 820 5552 XXXV.
852 5493 1057 5549 Mansa
1075 5506 1168 5544 XXI
1199 5505 1301 5561 per
1329 5486 1812 5544 bunariax.Sunt
1832 5486 1890 5540 in
1937 5487 2021 5542 eis

371 5590 522 5649 servi
553 5605 646 5654 XV,
679 5583 780 5658 qui
811 5581 1032 5639 faciunt
1057 5579 1118 5634 in
1147 5576 1516 5634 hebdomade
1546 5576 1669 5632 dies
1699 5575 2020 5630 III.Ancillae

369 5697 451 5738 VII
482 5675 708 5735 faciunt
728 5671 1031 5729 ladmones
1061 5683 1162 5725 VII.
1192 5665 1303 5722 Alii
1328 5663 1696 5738 ingenui,qui
1723 5664 1942 5720 faciunt
1965 5663 2022 5720 in

2124 4689 2356 4747 sextarii
2392 4704 2480 4745 III.
2511 4687 2802 4744 Godcbert
2830 4685 3182 4744 caballarius
3234 4685 3412 4742 habet
3452 4695 3652 4742 casam
3690 4687 3778 4743 in-

2123 4779 2538 4836 dominicatam
2571 4795 2707 4834 cum
2740 4776 2872 4832 aliis
2902 4776 3182 4844 castitiis;
3215 4776 3287 4831 de
3339 4775 3776 4832 terrebunaria

2124 4883 2348 4934 LXXXVI,
2410 4865 2571 4939 sylva
2621 4866 2851 4922 minuta
2896 4864 3147 4921 bunaria
3202 4878 3292 4933 Iv;
3352 4861 3650 4935 mancipia
3693 4873 3770 4920 VI.

2125 4958 2402 5014 Mortberl
2430 4955 2782 5012 Caballarius
2812 4953 2990 5010 habet
3038 4969 3238 5010 casam
3286 4950 3773 5011 indominicatam

2125 5063 2258 5102 cum
2308 5044 2438 5101 aliis
2488 5043 2766 5111 castitiis;
2821 5046 2976 5098 terra
3021 5041 3270 5098 bunaria
3319 5057 3412 5108 XX,
3456 5039 3622 5110 sylva
3663 5040 3775 5097 mi-

2125 5138 2269 5191 nuta
2301 5133 2549 5189 bunaria
2573 5147 2650 5188 XII
2681 5135 2739 5188 et
2767 5130 3113 5198 dimidium;
3146 5127 3440 5201 mancipia
3481 5144 3538 5184 κ.
3572 5128 3779 5186 Manna

2125 5241 2184 5280 Iv
2234 5240 2336 5295 per
2381 5221 2630 5277 bunaria
2678 5235 2782 5276 XII.
2834 5219 3114 5275 Resident
3157 5219 3219 5275 in
3272 5219 3358 5275 eis
3404 5217 3644 5289 ingenui
3675 5217 3777 5289 qui

2127 5311 2274 5369 nihil
2328 5309 2486 5366 aliud
2545 5309 2683 5364 facit
2742 5324 2844 5379 per
2901 5311 3091 5362 totum
3121 5324 3363 5376 annum,
3396 5305 3512 5362 nisi
3561 5319 3604 5362 II
3649 5305 3777 5360 dies

2127 5402 2187 5458 in
2216 5398 2605 5456 hebdomade.
2635 5396 2743 5452 Dat
2773 5395 3186 5467 unusquisque
3216 5411 3420 5453 eorum
3471 5392 3699 5465 pullum
3729 5405 3775 5456 -I,

2129 5507 2235 5547 ova
2261 5507 2315 5544 V.
2349 5487 2448 5543 Isti
2485 5490 2672 5551 arant,
2709 5484 3120 5556 unusquisque
3151 5484 3464 5540 bunarium
3514 5495 3533 5535 ι
3581 5482 3637 5534 et
3665 5475 3780 5532 col-

2130 5579 2322 5650 ligunt
2355 5592 2402 5643 I;
2436 5579 2492 5630 et
2521 5572 2848 5629 caballicat.
2883 5573 2963 5628 De
3003 5576 3160 5628 terra
3207 5569 3423 5628 censali
3463 5563 3776 5622 bunarium

2131 5682 2210 5723 XII
2243 5663 2484 5722 veniunt
2513 5664 2584 5720 de
2610 5660 2724 5718 mel
2761 5661 2995 5719 sextarii
3025 5659 3400 5717 II.Porcarius
3430 5669 3585 5711 unus
3601 5651 3776 5708 habet
