4086 6188
433 275 440 278 ’
461 272 618 355 1.239

1524 265 1895 342 FOLQUINI
1935 265 2005 329 S.
2047 262 2366 330 BERTINI
2406 264 2797 329 MONACHI.

461 402 788 464 Munuinio.
821 401 1086 476 Stipatus
1127 403 1320 478 itaque
1355 402 1754 470 multitudine,
1806 417 1938 456 cum
1974 399 2101 472 ipso
2131 397 2188 466 Α
2222 415 2362 455 auro
2392 399 2845 472 margaritisque
2875 397 3120 456 miriﬁce
3147 396 3485 472 insignitam
3514 401 3782 477 (87).Hu§m

463 492 806 567 crepusculo
829 509 889 552 se
920 509 1022 565 per
1043 491 1202 549 illam
1226 493 1578 566 pertransire
1600 491 2102 556 animadverteret,

470 582 666 641 subito
698 598 760 638 se
791 580 850 637 in
879 585 1037 637 terra
1074 582 1240 653 jecit.
1287 583 1552 654 Cumque
1585 580 1842 636 adversis
1873 577 2004 634 telis
2035 577 2108 632 ab

465 671 724 728 inimicis
747 671 1401 727 ducentibustoudeudo
1425 674 1728 741 cogeretur
1751 673 1812 722 ut
1826 671 2107 739 surgeret,

466 765 525 818 et
545 760 645 816 ille
675 778 736 816 se
754 763 1179 832 protestaretur
1195 777 1255 816 se
1278 759 1440 814 nullo
1455 759 1625 814 modo
1636 756 1908 824 velle,sed
1925 755 2112 826 magis

466 848 614 906 inibi
647 865 752 922 pro
773 845 998 905 Christo
1029 853 1322 922 oppetere,
1355 848 1576 903 crebris
1609 847 1946 902 lancearum
1981 844 2110 899 fun-

470 939 762 996 ctionibus
794 939 1115 1011 perfossus,
1160 955 1277 994 uno
1330 954 1464 993 cum
1496 934 1800 1010 sanguinis
1833 933 2115 989 effusione

470 1028 727 1084 animam
753 1027 962 1083 efflans
989 1017 1218 1082 Christo
1250 1025 1471 1081 libavit.

469 1131 820 1196 XXXVII.De
838 1135 1238 1188 restauratione
1250 1132 1585 1196 monasterii,
1620 1133 1673 1185 et
1699 1129 1763 1185 de
1794 1129 1967 1186 illaesa
1986 1143 2118 1182 casu

969 1204 1256 1274 cujusdam
1294 1203 1651 1276 carpentarii.

542 1295 682 1351 Post
728 1291 1086 1358 discriminis
1152 1290 1375 1363 prmfati
1425 1289 1854 1354 liberationem,
1912 1288 2118 1343 fratres

473 1384 739 1457 ejusdem
772 1381 1016 1439 cosnobii
1042 1381 1470 1446 convenientes,
1495 1377 1887 1434 communiter
1913 1380 2120 1432 tracta-

471 1475 682 1529 verunt
710 1475 776 1527 ut
803 1474 956 1526 tecta
977 1468 1356 1525 ecclesiarum
1380 1472 1834 1538 ceterarumque
1859 1466 1922 1520 of
1923 1464 2118 1519 [icina-

474 1577 607 1629 rum
639 1555 890 1633 pleniter
937 1557 1306 1614 resarcireut.
1341 1557 1526 1624 Quod,
1567 1555 1721 1611 sicut
1750 1570 1988 1611 summa
2021 1553 2119 1609 de-

471 1649 703 1707 votione
723 1647 1186 1716 estiuchoatum,
1210 1647 1294 1702 ita
1312 1646 1565 1702 velocius
1587 1661 1763 1718 quam
1783 1643 2118 1716 putabatur,

473 1745 590 1799 Deo
620 1739 949 1811 adjuvante,
982 1735 1374 1810 pulcherrime
1406 1739 1495 1791 est
1546 1733 1903 1808 perfectum;
1937 1731 2118 1787 eccle-

475 1831 681 1902 siaque
701 1826 887 1885 sancti
901 1825 1118 1882 Bertiui
1143 1825 1443 1881 celerrime
1466 1828 1554 1879 est
1566 1823 1774 1890 extitit,
1791 1821 1938 1878 miro
1954 1837 2126 1892 opere

475 1918 1024 1992 plumbocooperta,
1054 1913 1154 1969 sed
1178 1917 1236 1969 et
1264 1911 1477 1968 turillzB
1509 1911 1698 1983 ipsius
1725 1911 1882 1965 mirae
1905 1909 2128 1982 magni-

476 2004 701 2062 tudinis
731 2002 1135 2074 mirabilisque
1156 2000 1406 2068 fabricaa,
1433 2000 1787 2054 studuerunt
1818 1997 2123 2053 aedificare.

479 2095 659 2165 cujus
678 2089 982 2164 longitudo
1004 2088 1380 2145 consistentis
1403 2089 1460 2143 in
1481 2091 1698 2143 terram
1720 2087 1990 2158 aequabat
2005 2084 2128 2140 alti-

477 2182 743 2249 tudinem
757 2177 1034 2248 culminis
1053 2175 1306 2248 ecclesiaa
1325 2177 1419 2232 cui
1443 2194 1508 2232 su
1517 2176 1955 2249 perponendum
1970 2178 2122 2230 erat:

479 2287 586 2328 nec
635 2269 892 2337 mirum;
923 2267 1170 2338 tristega
1218 2266 1373 2322 enim
1419 2266 1549 2339 (hoc
1605 2269 1696 2322 est
1732 2261 2126 2320 tricameratio

478 2358 688 2434 ipsius)
705 2357 895 2413 tribus
920 2355 1225 2412 ordinibus
1244 2355 1396 2410 facta
1417 2358 1602 2421 erant,
1625 2356 1864 2426 excepta
1893 2368 2130 2408 summa

479 2447 832 2518 claxendice.
859 2445 1059 2518 Itaque
1095 2442 1350 2500 ecclesias
1382 2442 1752 2516 suppositum
1772 2458 1904 2497 cum
1926 2441 2130 2496 trium-

479 2537 650 2611 phale
662 2540 876 2592 sanctae
900 2533 1090 2590 crucis
1111 2533 1365 2605 desuper
1376 2532 1694 2605 erigeretur
1710 2531 2129 2603 signum,unus

481 2626 799 2693 artificum,
841 2622 1076 2696 nomine
1120 2622 1349 2691 Bertus,
1383 2626 1547 2678 stans
1577 2621 1847 2693 desuper,
1882 2616 2131 2692 arripuit

481 2713 784 2785 malleum,
799 2710 1033 2786 etquasi
1050 2709 1522 2784 gratulabundus
1541 2726 1643 2782 pro
1659 2707 2132 2781 appropinquata

482 2820 630 2877 pene
657 2800 1166 2870 consummatione
1196 2802 1317 2854 tam
1341 2797 1475 2852 miri
1506 2796 1718 2869 operis,
1750 2797 1933 2852 ictum
1953 2795 2130 2852 veluti

477 2892 773 2964 jactanter
790 2889 1025 2960 longius
1047 2887 1279 2942 incaute
1294 2886 1459 2957 jecit,
1480 2886 1602 2949 sed,
1636 2885 1812 2940 ebeul
1839 2884 2132 2940 resiliente

484 2983 612 3037 roto
643 2983 701 3035 et
734 2977 1054 3050 quatiente,
1085 2973 1366 3030 vacillans
1398 2973 1764 3046 pedibusque
1810 2973 2128 3040 lubricans,

487 3069 559 3125 de
587 3071 753 3139 tanta
780 3065 1117 3135 altitudine,
1147 3079 1402 3135 praeceps
1429 3067 1580 3117 terra
1603 3065 1774 3117 tenus
1792 3061 1967 3118 venit.
1998 3060 2130 3126 Sed,

2217 493 2412 545 autem
2445 493 2608 562 pater
2637 490 2965 557 Hunrocus,
3015 505 3168 561 quos
3200 505 3385 560 supra
3407 492 3656 548 memoria
3677 499 3782 552 arci.

2218 578 2323 646 dit,
2355 578 2415 633 in
2446 578 2799 634 monasterio
2831 577 3024 634 Sithiu
3056 594 3292 634 comam
3342 579 3538 650 capitis
3564 582 3782 654 deposuit,

2221 667 2750 740 monachicumque
2787 667 3078 732 habitum,
3103 669 3258 739 jugo
3290 683 3353 722 se
3381 667 3580 724 Christi
3607 673 3785 730 submit-

2220 762 2371 822 tens,
2421 756 2787 828 desumpsit;
2847 761 2904 811 et
2948 757 3085 828 quia
3114 773 3317 812 comes
3357 762 3476 812 erat
3518 759 3784 827 ditissimus.

2222 845 2578 902 hereditatis
2602 863 2719 902 suae
2737 845 3054 901 maximam
3076 849 3310 918 partem
3332 846 3557 917 praefato
3576 856 3790 908 monaste-

2224 935 2309 990 rio
2341 938 2428 990 est
2473 934 2739 1006 largitus.
2783 935 2865 989 Ex
2894 933 3109 1007 quibus
3165 951 3289 989 una
3317 939 3406 991 est
3447 934 3592 1002 villa,
3632 937 3790 996 Huuela

2225 1022 2657 1096 dictam,quam
2671 1039 2738 1079 eo
2762 1027 2963 1079 tenore
2994 1021 3378 1090 coutradidit,
3402 1026 3466 1078 ut
3483 1029 3656 1081 custos
3673 1028 3791 1085 eccle-

2227 1112 2326 1168 sia;
2359 1112 2429 1168 ad
2461 1128 2634 1184 quem
2665 1128 2795 1167 eam
2818 1111 3274 1181 tradidit,annis
3307 1111 3565 1184 singulis,
3594 1119 3792 1186 postejus

2225 1201 2354 1256 vitae
2395 1201 2725 1269 decessum,
2779 1200 2840 1257 in
2889 1202 3020 1273 ejus
3067 1201 3541 1257 anniversarium
3591 1206 3790 1272 auuuale,

2226 1290 2434 1345 exinde
2466 1290 2748 1346 fratribus
2770 1293 3121 1362 praepararet
3145 1289 3516 1363 obsequium.
3545 1293 3637 1358 Qui
3654 1300 3794 1364 postea

2228 1378 2372 1434 inibi
2403 1379 2736 1447 defunctus,
2787 1396 2986 1436 coram
3031 1379 3220 1436 altare
3250 1378 3442 1436 sancti
3473 1381 3735 1446 Laurentii,
3756 1384 3793 1438 in

2230 1468 2472 1523 sinistra
2495 1473 2658 1540 parte
2705 1467 3184 1541 ingredientium,
3231 1473 3325 1524 est
3353 1468 3631 1535 humatus,
3657 1469 3792 1526 Idibus

2230 1556 2595 1621 Novembris;
2618 1556 2864 1629 ipsoque
2881 1556 2975 1612 die
3005 1574 3120 1629 quo
3149 1561 3211 1614 et
3243 1556 3525 1613 festivitas
3549 1557 3795 1612 translatio-

2231 1645 2326 1702 nis
2355 1645 2539 1702 sancti
2574 1646 2842 1718 Folquiui
2874 1649 2933 1702 et
2962 1647 3148 1702 sancti
3183 1645 3397 1702 Briccii
3427 1645 3678 1718 depositio
3699 1645 3793 1702 cele-

2232 1735 2454 1802 bratur,
2483 1734 2626 1791 satis
2655 1733 3004 1804 lautissima,
3038 1735 3122 1791 uti
3151 1735 3424 1791 custodis
3455 1750 3611 1806 posse
3633 1738 3716 1799 est,
3738 1751 3794 1789 re-

2236 1823 2403 1879 fectio
2425 1823 2731 1880 hactenusi
2755 1823 3032 1879 fratribus
3057 1824 3391 1880 exhibetur.
3416 1824 3612 1880 Eodem
3631 1838 3793 1895 quoque

2234 1916 2349 1968 tem
2359 1928 2515 1984 pore,
2537 1913 2750 1985 Zeppo,
2773 1912 3045 1980 vicarius,
3069 1912 3255 1968 simili
3275 1911 3552 1984 exemplo,
3580 1912 3631 1966 in
3654 1912 3794 1967 eodem

2235 2001 2590 2057 monasterio
2613 2006 2904 2067 attonsus,
2927 2001 3201 2058 monachi
3221 2001 3492 2058 habitum
3511 2001 3790 2072 estadeptus.

2431 2090 2664 2147 XXXIX.
2700 2095 2777 2148 De
2803 2091 3093 2164 Humfrido
3121 2093 3373 2164 episcopo
3401 2099 3452 2146 et
3478 2090 3660 2150 abbate.

2310 2179 2444 2235 Post
2475 2183 2720 2236 mortem
2753 2196 2985 2252 quoque
2996 2181 3123 2251 jam
3155 2179 3302 2235 dicti
3334 2178 3554 2234 abbatis
3577 2176 3789 2241 Adalardi,

2236 2269 2438 2324 eodem
2458 2285 2610 2324 anno
2626 2269 2756 2340 (88),
2773 2269 3041 2324 Humfrid
3051 2286 3139 2336 us;
3161 2266 3555 2325 Taruanensis
3566 2265 3793 2338 episcopus

2237 2363 2294 2412 et
2325 2357 2684 2413 Prumiensis
2717 2356 3054 2413 monasterii
3097 2356 3449 2424 monachus,
3473 2359 3614 2414 totus
3637 2352 3737 2409 cleri
3756 2355 3791 2407 et

2238 2445 2438 2518 populi
2466 2446 2716 2520 optione,
2743 2440 3044 2502 abbatiam‘
3064 2446 3382 2518 regendam
3405 2443 3636 2514 suscepit
3654 2440 3792 2496 Idibus

2238 2533 2452 2600 Martii,
2477 2539 2707 2590 tantum
2752 2537 2989 2606 propter
3037 2551 3304 2590 amorem
3353 2537 3410 2588 et
3448 2533 3680 2588 timorem
3708 2527 3789 2583 Dei.

2237 2625 2374 2680 Erat
2405 2624 2591 2678 isdem
2620 2623 3094 2696 Humfridus,qui
3135 2623 3310 2680 beato
3351 2619 3608 2693 Folquino
3634 2631 3795 2673 succes-

2242 2716 2398 2768 serat
2425 2713 2486 2768 iu
2508 2712 2870 2785 episcopatu,
2902 2712 2991 2767 vir
3019 2713 3182 2768 omni
3206 2712 3468 2768 bonitate
3487 2712 3539 2764 et
3567 2706 3794 2763 sanctitate

2240 2801 2508 2858 refertus.
2544 2801 2710 2858 Rexit
2739 2805 2934 2858 autem
2964 2801 3116 2856 hanc
3146 2799 3546 2858 tantummodo
3572 2811 3656 2868 per
3678 2794 3792 2849 bien-

2241 2890 2428 2946 nium.
2452 2891 2570 2947 Sub
2594 2906 2710 2962 quo
2741 2891 2982 2962 quidam
3005 2889 3425 2962 Megeufridus,
3444 2903 3476 2942 a
3499 2890 3639 2959 patre
3661 2880 3795 2937 Ruod-

2239 2977 2438 3036 waldo
2486 2978 2744 3045 oblatus,
2789 2978 3043 3034 efficitur
3089 2977 3455 3044 monachus;
3493 2989 3610 3030 cum
3649 2970 3795 3042 quoet

2241 3065 2673 3138 portiunculam
2705 3083 2824 3122 suae
2850 3065 3222 3138 proprietatis
3255 3066 3317 3122 in
3349 3080 3490 3138 pago
3518 3054 3791 3120 Bononensi.

487 3136 706 3214 mirum
739 3155 918 3226 dictu,
939 3149 1268 3209 mirabilius
1298 3150 1538 3218 miratu,
1582 3149 1806 3206 nullam
1836 3149 2130 3206 lzesionem
2161 3136 2204 3204 C
2241 3136 2302 3211 in
2332 3155 2457 3212 loco
2490 3136 2867 3227 nuncupante
2885 3136 3471 3229 Dicrwaldingatum,
3494 3151 3546 3218 id
3571 3147 3792 3204 estbuna-

486 3263 719 3320 passus,
745 3243 886 3318 quin
909 3242 1084 3300 etiam
1117 3239 1341 3296 risibile
1361 3244 1419 3296 et
1448 3239 1759 3312 plausibile
1781 3255 2129 3312 responsum

484 3332 949 3400 occurrentibus,
973 3335 1029 3388 et
1051 3346 1263 3404 aquam
1287 3329 1398 3385 sibi
1431 3345 1535 3401 pro
1558 3327 1977 3384 refocillatione
1999 3330 2132 3386 oil'e-

482 3423 769 3492 rentibus,
795 3421 923 3489 siue
951 3419 1168 3476 doloris
1200 3418 1489 3475 anxietate
1519 3415 1782 3490 protulit,
1835 3417 2036 3474 dicens
2065 3435 2128 3474 se

473 3512 698 3586 jugiter
727 3511 922 3585 potius
977 3508 1122 3565 velle
1170 3508 1330 3564 sitim
1378 3507 1511 3563 vino
1561 3504 1910 3578 restringere
1950 3524 2126 3579 quam

481 3618 654 3674 aqua,
685 3615 792 3656 nec
823 3597 1016 3669 oblato
1045 3603 1185 3653 tunc
1214 3613 1382 3670 egere
1424 3594 1660 3668 limphae
1702 3593 1946 3666 liquore.
1968 3597 2126 3651 Arti-

479 3691 619 3747 {tces
640 3693 857 3756 autem,
883 3688 992 3744 hac
1021 3688 1094 3742 de
1117 3702 1315 3752 causa,
1339 3686 1554 3741 nedum
1569 3684 1836 3739 dicamus
1860 3683 2123 3752 animati,

477 3794 681 3850 verum
730 3783 788 3835 et
841 3776 1122 3845 roborati,
1168 3774 1508 3830 inchoatum
1556 3789 1704 3844 opus
1754 3771 2128 3845 expleverunt

479 3870 818 3925 constantes
848 3869 907 3923 et
935 3865 1051 3933 Izeti
1076 3882 1089 3932 ;
1140 3880 1247 3920 nec
1277 3862 1498 3918 exstitit
1528 3861 1774 3917 dubium
1804 3861 1913 3918 alis
1945 3862 2122 3920 inter-

478 3955 811 4024 cessionum
841 3953 997 4029 beati
1042 3953 1225 4026 patris
1269 3950 1510 4018 Bertini,
1543 3951 1636 4005 cui
1679 3949 1933 4020 servivit,
1967 3951 2122 4008 hunc

479 4044 663 4100 fuisse
692 4043 1090 4115 deportatum.

718 4129 1004 4187 XXXVIII.
1034 4131 1110 4186 De
1151 4135 1322 4185 morte
1353 4127 1616 4184 Adalardi
1645 4128 1878 4184 abbatis.

549 4220 734 4295 Igitur
751 4219 846 4277 his
870 4217 1134 4292 expletis,
1150 4233 1303 4273 anno
1317 4215 1628 4272 Dominicis
1651 4216 1973 4273 nativitatis
1993 4219 2119 4286 86!,

475 4309 714 4370 abbatia
733 4310 860 4383 jam
893 4307 1049 4365 dicto
1072 4305 1552 4380 Hulgoniablata,
1586 4305 1800 4361 iterum
1830 4305 2120 4364 Adalardo

473 4404 564 4458 est
592 4399 821 4456 reddita
846 4414 947 4455 νιιι
991 4395 1114 4454 Kal.
1160 4394 1430 4469 Augusti,
1480 4411 1634 4450 anno
1685 4395 1849 4468 regni
1895 4397 2118 4468 praefati

2239 3245 2327 3301 ria
2355 3262 2454 3313 χιι,
2496 3249 2563 3300 ut
2613 3243 2772 3300 filius
2813 3245 2942 3316 ejus
2989 3260 3171 3316 supra
3211 3245 3555 3307 memoratus
3596 3233 3788 3292 debitum

2238 3335 2633 3394 monasticum
2667 3334 2726 3390 in
2773 3334 2930 3389 victu
2960 3329 3481 3406 vestituque'inibi
3522 3326 3697 3393 habere
3724 3320 3787 3375 de-

2237 3421 2418 3478 beret.

2397 3511 2758 3568 XL.Traditio
2789 3510 3070 3567 Rodwaldi
3096 3509 3160 3567 de
3187 3506 3676 3576 Diorwaldz'ngatum
3765 3531 3768 3534 ~

2307 3602 2435 3674 (864
2463 3602 2547 3656 vel
2574 3601 2724 3671 865.)
2757 3621 2785 3650 «
2838 3601 2900 3655 Iu
2931 3599 3162 3656 Christo
3210 3600 3427 3656 domno
3455 3600 3507 3652 et
3550 3583 3786 3674 venerabili

2234 3671 2384 3764 patri
2417 3689 2744 3756 Humfrido,
2777 3689 3049 3761 episcopo
3079 3693 3252 3761 atque
3305 3685 3488 3746 abbati
3527 3671 3782 3737 monasterii

2235 3779 2419 3836 sancti
2451 3777 2622 3846 Petri,
2673 3777 2953 3834 vocabulo
2987 3777 3202 3845 Sithiu,
3251 3779 3666 3842 sanctorumque
3685 3778 3784 3819 con-

2234 3869 2524 3924 fessorum
2552 3867 2869 3924 Audomari
2895 3871 3070 3939 atque
3099 3865 3339 3922 Bertiui.
3375 3865 3498 3938 Ego,
3527 3860 3577 3914 in
3609 3851 3687 3910 Dei
3708 3865 3781 3906 no-

2233 3958 2412 4026 mine,
2447 3955 3146 4025 Roudwaldus,traditor,
3181 3956 3443 4028 perhanc
3465 3945 3782 4033 paginam“?

2233 4045 2491 4110 ditionis,
2524 4046 2691 4102 trado
2741 4044 2814 4100 ad
2861 4044 3167 4116 praefatum
3217 4040 3610 4101 monasterium
3648 4030 3776 4088 sancti

2228 4134 2382 4192 Petri
2414 4132 2844 4206 portiunculam
2876 4133 3248 4206 proprietatis
3281 4130 3491 4191 meaein
3510 4139 3632 4200 pago
3649 4121 3774 4175 Bono-

2231 4223 2416 4288 nensi,
2452 4224 2509 4277 in
2539 4222 2665 4278 loco
2696 4227 3073 4295 nuncupante
3102 4217 3777 4290 Diorwaldingatumﬁupe’

2230 4312 2600 4369 ﬂuviolum...
2621 4311 2734 4384 (89)
2752 4302 3157 4367 bunariaxriet
3169 4310 3533 4384 mancipiaw,
3548 4295 3774 4388 earaliollﬁ

2229 4407 2293 4458 ut
2323 4400 2480 4457 filius
2511 4417 2678 4458 meus
2719 4401 3134 4473 Mcgeufridus,
3184 4400 3443 4473 quandiu
3475 4384 3773 4473 adﬁxet-ibin

472 4489 627 4566 regis
657 4486 847 4552 Caroli
872 4500 971 4543 xx:
1004 4485 1134 4558 (86),
1184 4464 1288 4542 sed
1333 4501 1449 4541 non
1490 4483 1660 4553 hanc,
1704 4464 1816 4540 nisi
1868 4464 2117 4542 triennio
2149 4500 2195 4567 D
2228 4491 2354 4563 ipso
2386 4489 2642 4546 caenobio
2673 4464 2940 4544 debitum
2972 4464 3371 4546 monast-ioum
3415 4488 3468 4542 in
3497 4464 3771 4567 vestuvesii'l

471 4554 605 4653 post
650 4577 792 4645 haec,
843 4576 1012 4648 rexit.
1056 4554 1222 4630 Apso
1285 4587 1541 4645 namque
1587 4590 1661 4640 ιν,
1719 4574 1873 4645 apud
1932 4575 2118 4631 sancti
2149 4554 2192 4567 υ
2225 4554 2410 4648 tuque
2442 4577 2690 4649 pleniter
2735 4575 3014 4632 obtineat.
3045 4577 3150 4633 Est
3178 4582 3378 4649 autem
3401 4570 3575 4648 petitio
3598 4554 3773 4653 mea,“

350 4658 365 4676 “
467 4666 720 4726 Amandi
751 4663 1176 4722 monasterium
1198 4667 1506 4735 zegrotans.
1532 4661 1707 4717 exivit
1729 4661 2026 4719 hominem
2049 4681 2112 4718 ιιι

468 4756 666 4814 Nonas
688 4754 1009 4820 Februarii,
1043 4752 1142 4825 qui
1173 4755 1298 4808 erat
1329 4766 1520 4806 annus
1551 4750 1865 4806 Dominicae
1900 4753 2111 4806 nativi-

465 4845 575 4902 tati
604 4845 730 4912 864,
783 4843 1170 4916 sepultusque
1214 4845 1303 4897 est
1331 4839 1390 4894 in
1421 4839 1624 4896 eodem
1664 4841 2018 4896 monasterio
2049 4841 2107 4896 in

466 4934 673 5006 cripta,
707 4933 1064 4990 intrantibus
1108 4931 1166 4986 in
1216 4929 1395 4986 latere
1438 4928 1699 4984 sinistro.
1744 4928 1845 4984 Hic
1887 4935 2105 4999 autem,

466 5019 620 5095 inter
665 5022 890 5094 reliqua
936 5021 1179 5078 donaria
1225 5036 1353 5092 quae
1396 5018 1534 5072 huic
1564 5034 1728 5073 sacro
1757 5017 1884 5073 loco
1913 5017 2105 5076 Sithiu

464 5109 772 5177 concessit,
788 5111 946 5166 dedit
958 5108 1277 5183 quamdam
1297 5106 1555 5164 casulam
1579 5104 1767 5162 colore
1790 5124 2104 5180 purpureo,

560 5214 650 5270 86)
683 5213 950 5270 Fortasse
979 5215 1194 5270 rectius
1223 5231 1359 5270 χχιι.

560 5215 629 5270 86
683 5214 950 5270 Fortasse
979 5215 1194 5270 rectius
1223 5231 1359 5270 χχιι.

535 5214 650 5360 (ΒΊΞ
679 5285 817 5367 Post
847 5287 1168 5367 insignitum
1200 5286 1413 5367 legitur
1461 5284 1518 5366 in
1547 5285 1870 5367 cod.'fiud.:
1905 5309 1941 5367 (ε
1973 5287 2105 5367 Quae

462 5355 651 5442 usque
679 5358 1045 5442 adtempora
1075 5355 1283 5442 domm:
1303 5355 1576 5442 Antonini
1598 5355 2107 5442 chergis,'huj‘us

457 5428 574 5488 loci
603 5429 852 5494 abbatis,
885 5433 1219 5498 conservata
1252 5428 1478 5498 fuit,ut
1508 5433 1711 5498 postea
1741 5430 1958 5484 mentio
1989 5428 2105 5484 cla-

460 5503 585 5560 rius
617 5501 740 5558 tIeri
788 5498 1044 5574 poterit_,_
1070 5497 1298 5574 volente
1347 5497 1598 5574 Christo,
1632 5500 1754 5574 sub
1782 5517 1896 5571 quo
1927 5501 2106 5574 hujus

460 5574 686 5653 pagiuze
709 5567 1231 5650 scriptor,Alardus
1243 5573 1528 5642 peccator,
1553 5567 1820 5628 habitum
1837 5567 2109 5630 monachi

2223 4667 2413 4738 ipsam
2439 4671 2654 4722 terram
2676 4665 2938 4736 quandiu
2954 4666 3169 4731 vixero,
3192 4647 3264 4722 ad
3290 4681 3458 4722 usum
3477 4644 3767 4727 fructuarium

2221 4753 2554 4811 sensualem
2588 4757 2836 4820 teneam,
2861 4753 3092 4810 solvens
3123 4753 3248 4810 Kal.
3283 4745 3593 4810 Novembris
3623 4744 3765 4832 mpnf

2220 4844 2347 4901 chis
2369 4844 2495 4916 jam
2527 4842 2664 4898 dicti
2716 4842 3054 4900 monasterii
3101 4844 3331 4917 argenti
3381 4833 3759 4917 solidatam}??-

2219 4950 2331 5006 que
2363 4909 2492 5005 post
2514 4948 2712 4987 meum
2743 4931 2994 5001 obitum,
3019 4909 3288 4988 eamdem
3315 4937 3514 4989 terram
3540 4919 3596 4978 ad
3615 4909 3763 5006 utilitat-

2217 4992 2331 5077 t‘em
2363 4992 2683 5092 propriam,
2717 5021 2843 5076 sine
2873 4992 2992 5076 ulla
3021 5025 3449 5086 contrarietate,
3469 5003 3702 5098 recipiant.
3715 4992 3754 5098 Si

2217 5111 2348 5184 quis
2373 5126 2527 5177 vero,
2562 5110 2717 5182 quod
2741 5109 3009 5165 futurum
3023 5125 3153 5166 esse
3185 5127 3302 5167 non
3326 5108 3502 5174 credo,
3522 5094 3756 5166 θίθεθίΡθθ

2217 5222 2276 5274 et
2303 5215 2682 5289 professionis
2703 5215 2977 5289 sumpsit,
3002 5215 3104 5289 illi
3120 5217 3378 5274 serviens
3405 5217 3456 5271 in
3479 5197 3748 5289 aemili}?me

2217 5271 2338 5368 ῥῷ.
2379 5287 2515 5368 nimi
2578 5271 2915 5368 Ρῗίθδθηξίιες,
2962 5271 3035 5368 ίψ
3060 5271 3067 5272 7
3091 5271 3482 5368 incarnatione
3521 5271 3751 5335 Salvatorls

2218 5356 2514 5416 millesimi
2547 5356 3004 5430 quingentesimi
3033 5359 3192 5428 noui,
3223 5356 3512 5416 curriculo.
3541 5371 3564 5399 υ

2287 5431 2400 5501 (88)
2430 5432 2595 5484 Anno
2625 5431 2748 5485 864.

2287 5503 2401 5573 (89)
2430 5501 2664 5558 Vacuus
2693 5503 2782 5557 est
2812 5501 3070 5559 nominis
3100 5501 3290 5559 locus.
