4108 6198
263 341 415 404 1241

1641 326 2290 395 ϐΗΑΗἝθῘλΛΗῙΠΜ.

3513 326 3670 393 1242

260 475 442 549 (quod
473 473 650 548 absit)
681 476 784 531 aut
809 471 970 530 ullus
999 472 1072 530 de
1101 469 1432 529 heredibus
1483 472 1584 526 aut
1628 465 1917 540 prohare-
1945 461 2002 538 Α
2028 469 2086 522 et
2114 467 2290 525 aliam
2320 471 2539 526 terram
2571 465 2850 524 arabilem
2881 469 2939 523 et
2967 468 3223 540 pratum,
3252 463 3499 522 bunaria
3513 455 3671 519 xxxii

260 566 436 622 dibus
485 565 649 634 meis,
696 581 798 621 seu
843 563 1123 636 quislibet
1176 566 1505 627 extraneus,
1556 557 1692 614 huic
1733 555 1912 612 tradi-

256 655 400 711 tioni
426 653 788 710 calumniam
816 651 1101 718 intulerit,
1135 651 1523 722 distringente
1549 647 1709 714 fisco,
1742 645 1916 700 libra-

2024 561 2080 614 et
2109 558 2420 630 dimidium
2446 578 2458 628 ;
2487 563 2544 614 et
2567 559 2636 615 de
2663 557 2821 630 sylva
2843 556 3039 630 fagina
3065 557 3317 613 bunaria
3335 574 3414 613 vn
3431 555 3673 614 etdimi-

2024 648 2188 704 dium
2215 667 2228 716 ;
2262 649 2519 720 itemque
2543 647 2603 702 in
2634 647 2746 703 alio
2777 647 2902 703 loco
2935 651 3310 719 nuncupante
3344 645 3670 714 Quertliaco

259 759 392 799 rum
421 760 534 798 xxx
567 742 857 798 solutione
890 739 1173 796 multetur
1201 756 1214 807 ;
1249 755 1354 794 nec
1387 737 1463 794 sit
1492 737 1647 808 quod
1706 735 1916 806 repetit
2021 737 2110 793 vel
2141 740 2351 794 Brome
2371 738 2491 794 sive
2513 737 2827 793 Minthiaco
2858 736 3108 792 bunaria
3133 753 3207 792 xx
3238 737 3295 792 in
3318 752 3468 808 pago
3484 735 3671 792 Bono-

258 830 564 898 evindicet,
598 831 700 886 sed
740 829 862 884 hac
918 827 1154 884 traditio
1206 826 1366 882 omni
1427 830 1688 897 tempore
1745 824 1917 878 ﬁrma

260 923 600 996 permaneat
628 936 761 974 cum
795 916 1171 990 stipulatione
1192 914 1460 972 subnixa.

332 1032 362 1061 «
404 1010 616 1064 Actum
672 1007 864 1062 Sithiu
925 1004 1300 1072 monasterio,
1353 1004 1412 1059 in
1463 1001 1705 1059 ecclesia
1760 1000 1913 1057 beati

259 1097 412 1155 Petri
445 1095 713 1171 apostoli,
747 1112 899 1150 anno
923 1113 1074 1163 xxvx,
1108 1097 1388 1167 regnante
1441 1092 1655 1148 domno
1712 1090 1915 1147 Carolo

267 1204 423 1246 reae.
721 1233 728 1239 .

328 1203 632 1348 feSignum
665 1233 1014 1331 Roudwaldi
1046 1272 1146 1344 qui
1178 1271 1329 1327 hanc
1358 1269 1732 1326 traditionem
1784 1267 1918 1324 fecit

257 1365 650 1436 ﬁrmavitque.

331 1475 360 1504 «
385 1453 632 1525 Signum
663 1451 996 1508 Trudberti.
1030 1451 1277 1524 Signum
1305 1448 1600 1515 Hucberti,
1631 1446 1912 1503 advocati.

261 1541 512 1615 Signum
543 1539 822 1612 Adalgisi.
856 1539 1104 1612 Signum
1133 1538 1438 1595 Guntardi.
1472 1537 1719 1610 Signum
1756 1535 1916 1592 Hild-

266 1630 436 1686 mari.
471 1630 717 1703 Signum
751 1629 1076 1702 Regemari.
1107 1628 1353 1701 Signum
1386 1626 1636 1683 Folradi.
1670 1626 1919 1698 Signum

258 1717 533 1773 Folmari.
565 1718 809 1788 Signum
843 1715 1216 1772 Vuillebaldi.

2025 828 2192 884 ncnsi
2225 845 2403 900 super
2431 827 2603 883 fluvio
2634 826 2814 894 Elna;
2845 831 2902 882 et
2919 825 3214 898 mancipia
3231 843 3347 893 xix,
3367 825 3462 881 his
3492 824 3675 880 nomi-

2025 917 2199 972 nibus
2234 933 2247 972 :
2281 917 2526 985 Thiodo,
2573 914 2868 983 Hathalec,
2925 915 3264 988 Regenfeth,
3322 914 3672 987 Waldburg,

2025 1007 2309 1080 Edeborg,
2329 1006 2600 1074 Guodlia,
2626 1004 2950 1077 Sigeberth.
2985 1005 3285 1077 Rudborg,
3325 1003 3671 1072 Hirmelind,

2026 1096 2384 1168 Irmengard,
2411 1094 2744 1167 Hildegard,
2777 1093 3124 1165 Engelgard,
3147 1093 3454 1166 Liodgard,
3487 1094 3675 1150 Tane-

2023 1201 2208 1254 wara,
2240 1183 2613 1249 Vodolherta,
2645 1183 2826 1253 Betto,
2861 1181 3198 1248 Thiodfred,
3233 1181 3514 1238 Ruotholf
3540 1182 3672 1253 (91).

2025 1273 2154 1330 Haec
2184 1272 2380 1330 omnia
2401 1273 2471 1328 ad
2501 1271 2907 1344 praescriptum
2936 1271 3355 1327 monasterium
3414 1269 3678 1344 legaliter

2023 1364 2314 1418 tradimus
2327 1367 2500 1435 atque
2511 1360 2984 1418 transﬁrmamus
3008 1359 3420 1433 perpetualiter
3439 1360 3510 1415 ad
3538 1376 3678 1433 pos-

2027 1452 2434 1508 sidendum.Et
2455 1455 2756 1523 propterea
2775 1449 3102 1522 expetimus
3123 1466 3157 1505 a
3185 1448 3350 1505 vobis
3379 1465 3472 1505 res
3493 1448 3680 1505 eccle-

2028 1542 2126 1596 sias
2157 1545 2359 1597 vestra:
2381 1542 2439 1596 in
2463 1539 2586 1595 loco
2618 1543 2995 1611 nuncupante
3030 1538 3278 1611 Uphem,
3301 1539 3358 1594 in
3391 1554 3539 1612 pago
3570 1539 3678 1594 Bo-

2029 1629 2296 1694 nonensi,
2331 1645 2508 1702 super
2538 1629 2781 1684 fluvium
2811 1627 3187 1684 Helichruma
3211 1643 3226 1682 :
3247 1644 3522 1683 mansum
3544 1643 3679 1684 cum

2029 1736 2166 1775 casa
2192 1723 2249 1775 et
2279 1717 2412 1774 aliis
2428 1722 2486 1774 et
2516 1716 2784 1783 castitiis,
2817 1717 3085 1788 interque
3103 1717 3297 1788 ipsum
3324 1734 3600 1773 mansum
3623 1722 3683 1774 et

328 1827 358 1855 ‹‹
391 1806 508 1878 Ego
534 1805 908 1875 Holdbertus,
940 1805 1222 1860 diaconus
1247 1808 1306 1861 et
1336 1803 1678 1871 monachUS,
1708 1801 1915 1874 scripsi
1945 1835 1996 1902 Β
2029 1811 2247 1864 terram
2281 1806 2562 1863 arabilem
2594 1811 2650 1861 et
2678 1811 2935 1878 pratum,
2968 1804 3218 1860 bunaria
3245 1824 3276 1862 c
3304 1809 3361 1861 et
3399 1822 3440 1862 ιι
3466 1823 3480 1874 ;
3513 1810 3571 1861 et
3621 1806 3681 1862 in

257 1896 317 1949 et
338 1893 684 1965 subscripsi.
720 1915 749 1942 ››

692 1980 832 2036 XLI.
871 1985 951 2036 De
980 1980 1242 2036 Hilduino
1273 1980 1484 2034 abbate.

328 2069 498 2143 (866.)
527 2069 790 2141 Itemque
812 2068 1109 2142 posthaec,
1139 2085 1290 2124 anno
1321 2067 1746 2124 incarnationis
1806 2067 1911 2123 Do-

262 2158 488 2216 minicaa
519 2159 644 2226 866,
678 2157 922 2215 Carolus
947 2175 1047 2214 rex
1094 2158 1397 2214 Humfrido
1429 2157 1724 2214 abbatiam
1781 2173 1917 2212 eum

264 2248 543 2305 dedecore
572 2247 864 2315 auferens,
905 2247 1201 2312 Hilduino,
1246 2245 1547 2315 canonico,
1603 2261 1792 2318 nuper
1848 2245 1919 2300 de

267 2335 525 2392 Lotharii
558 2336 854 2391 senioratu
886 2335 958 2390 ad
991 2353 1054 2391 se
1099 2351 1396 2403 converso,
1444 2335 1625 2401 dedit,
1686 2339 1922 2407 propter

273 2424 454 2481 libras
484 2441 597 2480 xxx
626 2424 776 2494 auri,
803 2441 902 2479 xm
933 2423 1054 2480 Kal.
1077 2423 1238 2479 Julii.
1291 2425 1417 2492 Qui,
1453 2428 1515 2479 ut
1566 2424 1756 2492 credo,
1798 2422 1922 2478 loco

272 2513 430 2582 huic,
451 2515 578 2586 jam
601 2529 744 2586 pene
775 2512 1039 2583 deciduo,
1063 2513 1315 2569 donatus
1337 2531 1371 2568 a
1397 2512 1666 2580 Domino,
1689 2516 1924 2583 excepto

273 2604 487 2658 domno
520 2602 776 2665 Bertino,
811 2601 912 2673 qui
933 2603 1159 2673 primus
1190 2602 1370 2674 hujus
1401 2599 1511 2657 loci
1543 2605 1799 2658 structor
1829 2617 1925 2656 ex-

272 2692 444 2759 stitit,
477 2689 744 2746 omnium
775 2689 1269 2761 praedecessorum
1320 2707 1564 2746 suorum
1623 2695 1791 2746 actus
1847 2689 1929 2746 ita

267 2796 514 2837 suorum
527 2777 1003 2851 compensatione
1019 2779 1360 2846 annullavit,
1383 2784 1445 2834 ut
1462 2779 1691 2847 merito,
1706 2779 1928 2850 absque

278 2868 476 2942 aliqua
504 2867 820 2935 oblivione,
841 2884 1053 2923 nomen
1084 2868 1212 2939 ejus
1234 2869 1293 2924 in
1319 2867 1600 2924 saeculum
1631 2868 1787 2940 apud
1820 2884 1928 2922 nos

268 2957 555 3014 habeatur
592 2957 653 3012 in
702 2955 1127 3012 benedictione.
1179 2956 1372 3013 Fallor
1416 2957 1530 3014 nisi
1587 2957 1697 3013 hoc
1753 2955 1930 3013 etiam

270 3050 564 3102 testantur
594 3049 768 3101 cartaa
812 3062 958 3118 quae,
994 3046 1105 3100 sub
1135 3047 1265 3116 ejus
1323 3051 1589 3118 tempore
1633 3047 1817 3112 factas,
1876 3049 1934 3099 et

277 3136 407 3207 ejus
441 3134 637 3192 labore
659 3133 980 3206 acquisitae,
1005 3135 1132 3206 jam
1159 3133 1254 3190 hic
1285 3139 1424 3190 sunt
1453 3133 1795 3191 inserendas.

341 3238 512 3298 XLII.
601 3240 836 3297 Traditio
917 3241 1187 3296 Heriberti

933 3313 1262 3380 Quertliaco.
1501 3373 1538 3394 ο

338 3404 504 3457 Anno
561 3415 820 3472 namque
880 3400 1184 3473 regiminis
1229 3399 1320 3454 sui
1379 3418 1442 3466 ιι,
1500 3418 1558 3456 ιιι
1636 3399 1926 3457 Kalendas

272 3489 633 3566 Septembris
667 3489 802 3561 (90),
831 3489 1072 3561 quidam
1093 3487 1199 3555 vir,
1232 3489 1574 3546 Heribertus
1590 3489 1843 3557 nomine,
1868 3493 1924 3546 et

271 3579 397 3650 conj
409 3596 482 3634 ux
509 3579 640 3649 ejus
672 3578 1028 3652 Megesinda,
1053 3594 1188 3633 cum
1218 3577 1356 3633 filiis
1375 3577 1721 3633 Ellemberto
1748 3581 1924 3649 atque

278 3667 598 3740 Egilberto,
630 3666 998 3723 tradiderunt
1030 3667 1266 3738 praefato
1293 3659 1508 3722 domno
1529 3664 1824 3734 Hilduino,
1849 3667 1921 3720 ad

270 3771 422 3828 opus
454 3755 812 3811 monasterio
842 3754 934 3810 sui
967 3753 1180 3820 Sithiu,
1209 3771 1300 3809 res
1330 3753 1705 3827 proprietatis
1731 3754 1922 3809 suaain

268 3843 397 3900 loco
431 3848 807 3917 nuncupante
833 3842 1235 3915 Campaniam,
1264 3842 1322 3898 in
1353 3859 1500 3915 pago
1517 3842 1920 3908 Tarwanensi,

267 3936 323 3989 et
351 3933 410 3988 in
440 3932 555 3989 alia
583 3931 707 3988 loco
726 3935 1104 4004 nuncupante
1153 3931 1502 4000 Quertliaco,
1542 3931 1630 3988 vel
1690 3931 1918 4000 Broma,

273 4020 392 4076 sive
419 4020 738 4078 Minthiaco
767 4039 781 4089 ;
816 4019 1173 4093 expetiitque
1205 4037 1306 4094 per
1333 4019 1672 4092 praecariam
1696 4035 1787 4074 res
1805 4035 1924 4074 mo-

272 4109 513 4166 nasterii
543 4109 768 4182 prazfati
797 4109 1122 4175 abbatis,in
1139 4107 1264 4165 loco
1287 4106 1919 4180 nuncupanthpbem,

273 4197 335 4253 in
366 4214 514 4272 pago
541 4198 892 4266 Bononensi,
925 4197 1015 4254 vel
1047 4197 1294 4254 Vuileraa
1318 4197 1377 4252 in
1400 4198 1526 4270 ipso
1549 4212 1717 4269 pago,
1751 4196 1810 4252 in
1855 4213 1921 4252 eo

271 4289 492 4355 tenore,
526 4291 592 4343 ut
622 4287 828 4343 ambas
859 4303 953 4342 res
982 4285 1230 4342 traditas
1252 4290 1308 4342 et
1331 4289 1629 4358 praecatas,
1655 4285 1795 4340 dum
1826 4285 1923 4340 ad-

268 4375 536 4444 viverint,
569 4379 832 4434 tenerent
861 4375 972 4431 sub
1005 4391 1187 4431 censu
1218 4374 1371 4430 infra
1399 4375 1636 4447 scripto.

698 4465 892 4521 XLIII.
918 4465 1183 4536 Exempla
1205 4463 1466 4536 ejusdem.

1291 3241 1355 3297 de
1462 3241 1764 3296 Camram’a
1872 3243 1921 3296 et
1951 3203 1995 3270 Ο

2027 1895 2141 1952 alio
2163 1897 2286 1952 loco
2320 1899 2698 1967 nuncupante
2727 1893 2974 1950 Wileria
3012 1895 3071 1949 in
3123 1894 3251 1966 ipso
3299 1910 3468 1967 pago,
3509 1897 3684 1967 juxta

2023 1983 2370 2056 praedictum
2405 1983 2661 2038 rivulum
2693 1983 2949 2039 bunaria
2969 2001 3005 2038 x
3036 1987 3094 2039 et
3122 1999 3224 2040 vm
3251 1999 3390 2038 cum
3422 1983 3686 2055 ipsorum

2025 2071 2287 2128 locorum
2319 2072 2531 2145 perviis
2562 2071 2843 2144 legitimis
2873 2075 2930 2128 et
2947 2070 3373 2144 wadriscapis;
3430 2076 3488 2127 et
3517 2087 3684 2128 man-

2027 2161 2476 2234 cipiaxxxetvm
2494 2161 2588 2217 his
2601 2160 2939 2218 nominibus
2963 2161 3298 2226 :Asbertus,
3326 2159 3690 2249 Hilbewara,

2029 2250 2416 2316 Grimbertus,
2448 2249 2776 2323 Egelwara,
2809 2250 3198 2313 Ostoibertus,
3249 2249 3458 2305 Radlia
3513 2239 3687 2305 Gele

2027 2356 2212 2406 wara,
2247 2339 2554 2406 Liodrada,
2589 2339 2862 2410 Ereprad,
2912 2337 3262 2407 Stillewara,
3318 2335 3687 2407 Harduinus,

2031 2429 2336 2500 Hildborg,
2395 2429 2602 2494 Immo,
2656 2428 3024 2500 Thegenrad,
3085 2425 3397 2498 Megelind,
3475 2424 3686 2495 Alfrec,

2033 2517 2311 2582 Folclind,
2344 2517 2612 2584 Adalind,
2638 2516 2776 2572 item
2808 2515 3120 2589 Megelind,
3167 2513 3514 2586 Regsnlind,
3568 2514 3688 2571 Me-

2033 2606 2338 2671 teadrodh,
2372 2607 2760 2672 Mumbertus,
2793 2605 3090 2670 Hincmar,
3128 2603 3396 2669 Rotsind,
3454 2603 3689 2677 Megen-

2036 2712 2238 2769 gnara,
2263 2693 2610 2760 Thiodsind,
2634 2692 2933 2757 Irmelind,
2966 2691 3306 2758 Lodwinus,
3359 2690 3688 2765 Ehgelbild,

2037 2783 2380 2848 Irmenhild,
2463 2783 2822 2855 Erkenbrog,
2909 2781 3276 2854 Megensind,
3335 2781 3687 2848 Markwara,

2039 2873 2320 2943 Frunger,
2355 2870 2638 2940 Idwinus,
2655 2871 2972 2937 Folcwara,
2987 2870 3302 2942 Trasborg,
3337 2868 3654 2943 Regenlind
3673 2887 3687 2938 ;

2039 2959 2228 3028 nobis,
2263 2964 2381 3016 tam
2415 2958 2558 3016 mihi
2588 2976 2766 3032 quam
2797 2957 3099 3030 etconjugi
3119 2975 3260 3013 meae
3276 2956 3690 3030 Megensindae,

2037 3046 2125 3104 vel
2156 3047 2450 3120 praedictis
2483 3047 2619 3103 filiis
2651 3046 2997 3115 nostris,vel
3012 3046 3247 3102 sinobis
3265 3046 3496 3102 duobus
3513 3045 3691 3102 simul

2040 3136 2517 3193 convenientibus
2548 3137 2705 3193 Deus
2734 3135 2926 3192 adhuc
2959 3135 3174 3192 liberos
3221 3134 3466 3203 dederit,
3505 3135 3690 3191 amba

2033 3242 2128 3280 res
2159 3225 2528 3297 praescriptas,
2561 3227 2682 3280 tam
2713 3241 2814 3280 eas
2844 3241 2993 3296 quas
3024 3223 3295 3279 dedimus
3333 3240 3510 3296 quam
3559 3222 3691 3281 illas

2034 3331 2181 3384 quas
2197 3312 2543 3384 expetimus,
2560 3313 2727 3368 nobis
2740 3313 3016 3368 omnibus
3030 3311 3406 3384 praascriptis,
3427 3313 3690 3383 quandiu

2033 3401 2350 3458 advixerim
2360 3418 2559 3473 us,per
2570 3401 2904 3474 praecariam
2915 3401 3247 3457 concedatis
3259 3401 3331 3455 ad
3346 3398 3580 3455 usitand
3591 3417 3687 3454 um

2034 3508 2101 3546 ae
2132 3489 2559 3546 meliorandum
2586 3507 2598 3557 ;
2624 3507 2691 3546 ea
2717 3490 2942 3546 ratione
2972 3495 3057 3558 ut,
3089 3489 3258 3546 annis
3280 3488 3550 3561 singulis,
3614 3489 3686 3543 ad

2035 3579 2407 3635 festivitatem
2438 3579 2627 3635 sancti
2659 3578 2900 3648 Bertini,
2926 3596 3052 3652 quae
3083 3583 3173 3635 est
3192 3577 3374 3634 Nonis
3421 3578 3687 3650 Septem-

2034 3668 2177 3732 bris,
2213 3667 2435 3724 solidos
2464 3683 2530 3726 ιιι
2547 3667 2606 3723 in
2622 3684 2865 3724 censum
2889 3665 3292 3741 persolvamus
3309 3665 3686 3722 monachisin

2032 3756 2160 3829 ipso
2194 3757 2545 3813 monasterio
2573 3757 2689 3813 Deo
2721 3755 3168 3822 famulantibus,
3197 3759 3254 3812 et
3274 3758 3407 3828 post
3456 3755 3683 3811 obitum

2033 3850 2303 3901 nostrum
2325 3847 2597 3912 duorum,
2630 3845 2735 3901 ﬁlii
2767 3846 2949 3902 nostri
2975 3845 3196 3902 solidos
3250 3863 3306 3913 v,
3365 3845 3426 3900 in
3476 3845 3681 3901 eadem

2032 3934 2345 3991 festivitate
2377 3933 2728 4007 persolvant,
2759 3935 3033 4008 ipsasque
3055 3934 3112 3990 in
3136 3933 3296 3990 nullo
3339 3933 3687 4006 naufragare

2032 4029 2389 4096 praesumant
2417 4040 2548 4091 res;
2581 4023 2705 4090 sed,
2740 4027 2873 4096 post
2893 4027 3230 4079 nostrorum
3261 4022 3529 4078 omnium
3561 4021 3683 4078 dis-

2032 4129 2286 4181 cessum,
2321 4112 2480 4186 ipsae
2501 4129 2615 4179 res,
2648 4116 2770 4168 tam
2802 4129 2950 4185 quas
3002 4112 3296 4168 tradimus
3347 4129 3527 4185 quam
3584 4129 3683 4169 eas

2033 4216 2182 4272 quas
2213 4200 2533 4274 acepimus,
2580 4199 2852 4257 monachi
2883 4200 3104 4273 praefati
3163 4200 3502 4257 monasterii
3549 4217 3684 4256 cum

2033 4289 2193 4345 omni
2224 4289 2679 4346 ennehoratione
2710 4289 3010 4362 recipiant.
3044 4287 3104 4346 Si
3155 4288 3255 4360 qui
3313 4305 3466 4356 vero,
3525 4289 3681 4360 quod

2032 4378 2296 4435 futurum
2320 4394 2435 4432 non
2469 4377 2662 4443 credo,
2690 4376 2739 4432 si
2781 4381 3012 4432 nosmet
3067 4375 3204 4448 ipsi,
3253 4379 3354 4432 aut
3409 4374 3687 4448 quislibet

2032 4465 2514 4534 extraneus,huic
2528 4464 2826 4520 traditioni
2859 4464 3180 4537 frangendo
3213 4465 3537 4529 tentaverit,
3555 4463 3683 4520 auri

338 4553 433 4625 (28
458 4554 590 4611 Nov.
623 4554 750 4610 867.
783 4555 802 4623 )
832 4576 859 4604 «
892 4551 1224 4609 Venerabili
1255 4552 1315 4608 in
1339 4550 1584 4607 Domino
1607 4550 1760 4607 Patri
1800 4551 1920 4607 Hil-
1945 4571 1994 4638 D
2032 4555 2236 4611 uncias
2264 4572 2339 4610 xx
2368 4553 2592 4627 argenti
2615 4552 3000 4627 ponderaxxx
3016 4553 3372 4626 praescriptis
3404 4553 3682 4610 fratribus

271 4642 471 4710 duino,
503 4643 702 4699 abbati
733 4641 1074 4699 monasterii
1105 4641 1295 4698 sancti
1325 4640 1500 4708 Petri,
1521 4639 1802 4697 vocabulo
1823 4641 1914 4697 Si-

264 4730 420 4799 thiu,
453 4731 553 4788 ubi
596 4747 838 4804 corpora
861 4730 1075 4786 Christi
1097 4729 1328 4787 Domini
1359 4730 1757 4786 confessorum
1801 4731 1916 4786 Au-

262 4819 489 4876 domari
521 4825 695 4892 atque
724 4819 944 4875 Bertini
974 4819 1368 4891 requiescunt,
1401 4835 1528 4885 nos,
1575 4818 1634 4873 iu
1681 4818 1782 4875 Dei
1813 4836 1917 4876 no-

261 4908 443 4978 mine,
475 4908 814 4966 Heribertus
846 4913 904 4964 et
931 4911 1147 4980 conjux
1168 4923 1298 4964 mea
1317 4906 1915 4980 Megesinda,necnon

259 5000 320 5053 et
348 4996 455 5053 filii
487 4997 671 5053 nostri
696 4996 1086 5053 Ellembertus
1119 5001 1292 5069 atque
1323 4995 1673 5068 Egilbertus,
1698 4997 1917 5068 pariter

260 5086 577 5143 traditores
608 5090 665 5142 et
692 5089 1058 5159 prazcatores.
1085 5083 1398 5140 Tradimus
1429 5083 1628 5157 itaque
1657 5085 1729 5140 ad
1777 5103 1915 5157 prte-

2025 4647 2261 4698 coactus
2292 4639 2570 4707 exsolvat,
2604 4657 2707 4696 nec
2740 4640 2982 4714 repetita
3011 4640 3300 4696 evindicet
3331 4658 3346 4710 ;
3399 4640 3501 4697 sed
3559 4640 3682 4697 haec

2024 4730 2261 4786 traditio
2290 4730 2462 4786 firma
2492 4733 2828 4802 permaneat
2849 4745 2983 4786 cum
3007 4728 3381 4802 stipulatione
3407 4729 3678 4798 subnixa,

2097 4842 2124 4869 «
2157 4821 2366 4875 Actum
2399 4819 2458 4874 in
2488 4817 2841 4874 monasterio
2872 4818 3059 4873 sancti
3092 4817 3267 4888 Petri,
3293 4817 3448 4890 quod
3485 4817 3678 4874 Sithiu

2022 4913 2281 4970 vocatur,
2317 4924 2367 4964 Iv
2395 4907 2686 4964 Kalendas
2717 4905 3071 4974 Decembris,
3106 4923 3258 4963 anno
3280 4923 3456 4963 xxvm
3490 4905 3679 4962 Caroli

2024 4997 2180 5070 regis
2210 4995 2313 5054 ﬁlii
2345 4995 2642 5052 Ludovici.

2098 5108 2126 5136 ιι
2151 5086 2398 5159 Signum
2433 5083 2713 5141 Heriberti
2744 5088 2800 5140 et
2830 5083 3667 5156 MegesindanzeetEllemberti

259 5175 550 5247 scriptum
581 5175 1004 5233 monasterium
1033 5172 1222 5230 sancti
1250 5173 1402 5228 Petri
1420 5189 1512 5228 res
1534 5173 1908 5246 prOprietatis
2018 5177 2076 5230 et
2118 5174 2428 5248 Egelberti,
2491 5173 2590 5246 qui
2640 5173 2792 5230 hanc
2846 5173 3161 5230 traditione
3211 5189 3346 5232 cum
3397 5173 3678 5245 praecaria

263 5267 476 5319 nostra:
506 5261 766 5336 legitime
797 5279 1102 5338 possessas
1132 5262 1190 5318 in
1224 5278 1373 5336 pago
1405 5262 1789 5331 Taruanensi,
1847 5263 1909 5319 in

255 5349 384 5409 loco
414 5356 790 5426 nuncupante
818 5352 1198 5424 Campaniam
1224 5368 1236 5406 :
1259 5367 1533 5408 mansum
1555 5367 1690 5406 cum
1707 5355 1912 5408 casaet

2019 5264 2303 5319 fecerunt.

2089 5376 2117 5403 «
2146 5351 2392 5426 Signum
2412 5350 2762 5414 Vulframni.
2776 5349 3018 5423 Signum
3034 5349 3405 5424 Eigelramni.
3423 5352 3672 5425 Signum

256 5439 390 5497 aliis
415 5442 661 5498 castitiis
683 5446 741 5498 et
764 5442 1054 5512 arboreta,
1086 5445 1161 5510 et,
1193 5441 1346 5496 inter
1391 5440 1586 5514 ipsum
1635 5455 1908 5497 mansum
2016 5441 2354 5497 Frideberti.
2415 5440 2658 5512 Signum
2723 5439 3006 5496 Rodfridi.
3057 5440 3304 5513 Signum
3373 5439 3668 5505 Ilucberti,

249 5545 703 5689 “gl‘gufgitur
730 5565 785 5606 Iv
815 5547 940 5606 Kal.
975 5547 1244 5608 Decemb.
1279 5548 1339 5606 in
1371 5547 1574 5606 charta
1595 5547 1745 5620 ipsa,
1777 5563 1906 5619 qua

2087 5547 2202 5618 (91)
2234 5546 2524 5620 Mancipia
2551 5563 2689 5606 xvm
2717 5547 3128 5606 tantummodo
3161 5547 3558 5605 nominantur.
