4154 6186
273 366 440 434 1245

1698 357 2352 425 CHARTULARIUM.

3593 371 3753 435 1246

266 500 763 574 Enoch.Signum
787 465 1960 568 Vulfradi.SignumAdolbaldi.Signum
1992 497 2046 563 Α
2077 495 2429 551 fecissemus
2461 489 3006 570 auctoritatem,per
3026 498 3176 558 hanc
3201 502 3371 574 illud,
3399 521 3533 563 cum
3569 512 3757 566 omni-

266 593 538 655 Albuini.
563 590 818 662 Signum
842 579 1164 638 Vuilharii.
1189 579 1435 654 Signum
1459 583 1964 652 Odberti,advoca-

268 689 340 745 ti,
375 685 626 758 Signum
659 670 1008 771 Godoberti.
1162 759 1174 771 ‘
1246 762 1254 771 l
1399 765 1407 771 .
1661 760 1675 771 ‘
1922 759 1932 771 ο

350 801 379 828 ‹‹
399 778 521 848 Ego
544 763 987 841 Megenharius,
1018 759 1329 832 presbyter
1358 765 1416 816 et
1447 760 1800 828 monachus,
1821 759 1965 816 scri-

273 868 370 943 psi
404 870 462 922 ct
491 854 840 928 subscripsi.
873 875 900 902 »
1038 943 1048 949 ,
1335 947 1341 949 _
1442 938 1452 949 .
1578 939 1588 949 O

497 947 684 1008 XLIX.
718 947 793 1000 De
822 944 976 1015 fame
997 943 1050 994 et
1077 939 1399 1010 pestz'lentza
1431 938 1753 993 hominum.

355 1044 530 1121 (884,)
577 1041 639 1095 In
671 1036 801 1108 ipso
835 1047 991 1088 anno
1023 1027 1156 1098 (874
1204 1027 1726 1124 facta-estnfames
1757 1041 1975 1124 magna

281 1144 342 1194 et
364 1115 697 1191 mortalitas
727 1121 1041 1178 hominum
1077 1131 1182 1188 per
1226 1115 1639 1214 pestilentiam
1683 1115 1976 1214 pemjaxi-

283 1243 406 1283 ma.
427 1223 640 1278 Vinum
659 1218 853 1271 autem
878 1208 1066 1266 extitit
1083 1205 1494 1271 abundanter;
1523 1205 1978 1301 annoqucinse-

288 1320 453 1383 cuto,
470 1310 623 1384 ignis
639 1304 847 1379 globus
861 1297 1178 1360 maximus,
1195 1295 1256 1349 in
1273 1308 1494 1349 auroro
1514 1290 1634 1344 diei
1647 1334 1660 1358 ,
1768 1291 1982 1392 aethere

291 1409 387 1463 est
413 1380 637 1474 lapsus,
662 1395 922 1464 itemque
955 1385 1126 1444 stella
1156 1388 1418 1439 cometes
1453 1380 1750 1451 apparuit
1776 1380 1984 1436 x11dus

291 1492 526 1554 Junii.-
1056 1567 1087 1574 “
1146 1563 1158 1574 ‘
1390 1561 1404 1574 ‘
1474 1557 1559 1574 η,

517 1575 724 1636 XLIX'.
759 1570 1019 1628 Traditito
1050 1562 1340 1620 Rodwaldi
1370 1561 1436 1616 de

376 1669 686 1728 Residente
715 1662 936 1718 interea
979 1652 1216 1729 praefato
1251 1645 1580 1746 venerabili
1617 1649 1831 1746 abbate
1860 1644 1985 1746 im:

304 1759 564 1821 duinoin
577 1749 929 1811 monasterio
949 1742 1167 1809 Sithiu,
1182 1739 1242 1793 in
1262 1735 1515 1794 ecclesia
1536 1737 1726 1792 sancti
1743 1735 1983 1803 Bertini,

307 1844 847 1917 εοηοιιιντθεηδηίθ
861 1824 1984 1932 gl°ri259regfipar°l9tnn°ixi???”
2017 1869 2065 1932 B

308 1943 404 1997 vir
436 1913 677 2011 quidam
702 1927 972 1994 illustris,
994 1913 1640 2013 ARodw‘aldusnomine‘,
1663 1913 1983 2013 ‘fpaterMe-

313 2002 779 2104 genfridi,cujus
810 2007 1223 2104 superius‘sub
1244 2002 1550 2104 Humfrido
1579 2002 1986 2104 abbate-111.911-

313 2091 544 2174 tionem
578 2091 708 2178 feci,
740 2120 943 2163 secum
975 2097 1144 2171 caepit
1184 2093 1437 2166 cogitare
1477 2091 1984 2190 ut‘hmreditatem

320 2221 495 2264 suam
508 2198 925 2257 interinfantes
943 2205 1082 2247 suos
1095 2185 1404 2278 divideret;
1421 2180 1576 2278 quod
1599 2180 1823 2278 etfecit:

322 2295 476 2352 alios
498 2284 894 2354 autem,dedit
908 2280 980 2338 ad
1011 2279 1283 2334 sanctum
1318 2269 1750 2341 Bertinum,pro
1770 2267 1870 2322 filii
1892 2268 1987 2324 sui

318 2383 454 2439 loco
482 2373 853 2451 Megenfridi,
875 2384 1052 2442 quem
1067 2363 1360 2420 inibiante
1374 2357 1729 2414 monachum
1750 2357 1984 2426 fecerat,

322 2471 389 2527 in
424 2450 728 2530 Flitmum,
762 2473 1038 2517 mansum
1064 2473 1083 2509 ι
1116 2468 1252 2509 cum
1284 2465 1400 2505 uno
1432 2463 1595 2503 servo
1627 2451 1683 2501 et
1715 2462 1891 2501 uxore
1933 2450 1990 2502 et

326 2559 495 2628 ﬁliis,
529 2569 724 2612 coram
760 2547 968 2606 multis
1000 2543 1272 2600 testibus.
1483 2625 1496 2633 .
1759 2623 1769 2633 .
1854 2623 1864 2633 .

404 2625 806 2708 Grimbaldus,
857 2635 1141 2694 diaconus
1172 2634 1229 2685 et
1271 2625 1616 2690 monachus,
1659 2625 1898 2695 scripsit
1935 2627 1992 2679 et

331 2731 715 2805 subscripsit.

335 2845 402 2900 L-
437 2843 514 2896 De
538 2836 831 2921 Ρνίυίῖερίο
863 2830 1047 2921 βίενθίί
1085 2823 1650 2921 νῖθίδέἒῗθέἷῖέῖἔῖίὲἒίί
1667 2820 1994 2921 ’τῖῖέῗῗῆίθνίί

420 2891 710 2978 ὧξὴῗὶιξέι
739 2891 804 2962 de
833 2904 1096 2966 thelmwo,
1129 2891 1366 2968 tempore
1396 2894 1650 2948 Hilduin-i
1679 2891 1908 2946 abbatis.

410 3004 502 3070 (87
508 3000 586 3071 4.)
615 2977 796 3053 Anno
849 3005 1084 3064 quoque
1109 2984 1278 3080 regni
1316 2982 1552 3080 gloriosi
1589 2977 1992 3080 regine-ACamli

337 3068 532 3155 xxxiv,
567 3068 670 3160 qui
700 3087 824 3140 erat
855 3095 1046 3137 annus
1080 3069 1664 3167 nativitatis-Domini
1697 3068 1992 3167 873,‘re.si-

339 3182 516 3236 dente
546 3176 751 3232 eodem
798 3185 933 3243 rege
982 3167 1043 3221 in
1094 3163 1280 3220 sancti
1322 3161 1582 3226 Quintini
1613 3160 1988 3224 monasterio,

2074 585 2188 640 bus
2221 585 2292 640 ad
2328 600 2392 639 se
2413 581 2872 656 pertinentibus,
2891 589 3003 643 sub
3026 596 3228 648 nostra
3250 597 3674 657 constitueram
3686 620 3756 660 us

2075 674 2418 730 defensione
2437 676 2496 727 et
2526 673 2940 732 mundeburdo
2959 683 3137 752 atque
3170 683 3570 746 immunitatis
3588 693 3760 751 tutio-

2078 779 2410 830 ne,necnon
2431 777 2644 817 omnes
2667 762 2844 820 cellas
2857 769 2914 821 et
2934 767 3104 826 villas
3129 789 3232 828 seu
3259 781 3502 833 caeteras
3525 796 3754 851 posses-

2081 851 2299 921 siones,
2334 868 2464 923 quze
2489 851 2551 904 in
2587 849 2950 920 quibuslibet
2975 860 3142 932 pagis
3174 866 3231 918 et
3257 849 3576 926 territoriis
3605 872 3760 931 infra

2081 939 2366 995 ditionem
2399 939 2572 1013 regni
2603 942 2784 996 nostri
2807 947 3159 1018 consistunt,
3193 957 3260 1007 ut
3291 971 3398 1010 nec
3422 973 3532 1013 nos
3564 977 3756 1035 neque

2083 1029 2550 1099 prredecessores
2576 1030 2757 1084 nostri
2784 1033 3256 1095 divideretautin
3285 1043 3433 1101 alios
3459 1064 3604 1106 usus
3627 1029 3763 1109 con-

2085 1120 2353 1186 verteret,
2389 1122 2582 1189 utque
2625 1117 2847 1176 familia
2894 1126 3161 1196 ejusdem
3195 1137 3546 1203 monasterii
3581 1141 3761 1200 nullis

2087 1203 2432 1261 hominibus
2468 1206 2742 1286 foderum
2773 1210 2953 1279 daret,
2975 1217 3154 1287 regali
3189 1223 3542 1281 auctor‘itote
3563 1228 3763 1288 decre-

2089 1309 2362 1350 veramus
2388 1313 2402 1362 ;
2437 1299 2654 1366 petens
2679 1301 2742 1352 ut
2773 1301 3039 1358 eamdem
3055 1310 3320 1365 nostram
3352 1316 3763 1378 auctoritatem

2093 1399 2200 1437 suo
2228 1400 2465 1456 quoque
2488 1385 2732 1440 nomine
2747 1391 3005 1446 renovari
3013 1393 3382 1464 juberemus.
3400 1401 3518 1460 Nos
3543 1403 3766 1482 itaque,

2095 1471 2168 1526 ob
2199 1488 2462 1528 amorem
2495 1473 2767 1531 divinum
2790 1482 2848 1533 et
2867 1485 3248 1543 reverentiam
3267 1493 3608 1552 eorumdem
3633 1471 3767 1556 san:

2095 1563 2343 1630 ctorum,
2379 1563 2798 1622 auctoritatem
2818 1573 3080 1627 nostram
3101 1573 3254 1632 circa
3268 1582 3544 1639 eumdem
3569 1584 3764 1646 locum

2095 1651 2358 1704 renovari
2390 1652 2763 1723 censuimus,
2789 1661 2845 1712 et
2875 1674 2942 1713 ea
2972 1677 3098 1732 qua
3130 1662 3249 1720 illic
3271 1667 3508 1728 decreta
3534 1673 3765 1732 fuerant

2095 1739 2367 1809 praesenti
2418 1741 2600 1797 etiam
2644 1747 2986 1804 auctoritate
3045 1752 3616 1831 roborare.Proinde,
3651 1765 3761 1821 hos

2096 1831 2329 1883 nostros
2351 1829 2584 1903 regales
2606 1834 2802 1905 apices
2833 1835 2957 1892 ﬁeri
2979 1841 3297 1915 jussimus,
3332 1865 3435 1919 per
3463 1829 3611 1923 quos
3633 1869 3764 1909 suc-

2099 1931 2361 1972 cessores
2385 1924 2626 1976 nostras
2653 1924 3312 2000 admonemus,ut,sicut
3335 1940 3610 2010 praedicto
3633 1958 3764 1996 mo-

2098 2006 2353 2060 nasterio
2377 2011 2808 2082 concessimus,
2840 2014 2921 2070 ita
2959 2016 3044 2072 illi
3086 2024 3278 2079 ratum
3314 2006 3372 2082 et
3401 2029 3612 2086 stabile
3635 2044 3768 2102 per-

2099 2108 2336 2150 manere
2366 2097 2751 2170 permittant;
2771 2106 2838 2158 ut
2859 2103 3081 2163 nullam
3115 2109 3460 2173 divisionem
3485 2117 3545 2174 in
3567 2097 3771 2174 mona-

2099 2183 2277 2236 sterio
2311 2188 2410 2239 aut
2441 2185 2579 2242 aliis
2613 2205 2717 2245 seu
2767 2194 2989 2251 caeteris
3029 2202 3509 2268 possessionibus
3553 2205 3780 2263 faciant

2099 2274 2196 2325 aut
2232 2272 2418 2329 facere
2439 2277 2812 2349 permittant,
2843 2283 3017 2339 autin
3032 2285 3177 2344 alios
3200 2307 3346 2348 usus
3363 2295 3781 2368 retorqueant.

2097 2360 2207 2459 Sed
2239 2361 2433 2459 ethoc
2464 2380 2573 2435 per
2603 2365 2713 2423 hos
2752 2369 2977 2443 regales
3007 2375 3202 2448 acipes
3235 2360 3564 2441 sancimus.
3602 2387 3787 2459 atque

2099 2447 2493 2544 decernimus,
2531 2457 2598 2508 ut
2622 2455 2822 2513 nullus
2847 2460 3028 2529 judex
3058 2447 3330 2536 publicus
3352 2476 3454 2527 aut
3487 2447 3793 2544 quislibet

2101 2551 2169 2591 ex
2185 2537 2508 2607 judiciaria
2564 2549 2878 2615 potestate,
2920 2549 2979 2604 in
3033 2552 3280 2612 ecclesia
3329 2564 3432 2615 aut
3482 2537 3646 2619 locis
3699 2570 3784 2628 vel

2099 2625 2257 2698 agris
2273 2643 2374 2683 seu
2391 2628 2644 2702 reliquis
2665 2638 3141 2706 possessionibus
3151 2647 3376 2714 praefati
3400 2658 3780 2734 monasterii,

2101 2731 2249 2818 qu‘as
2281 2719 2566 2818 moderno
2601 2725 2863 2796 tempore
2883 2729 3045 2800 juste
3087 2737 3144 2788 et
3184 2733 3452 2807 legaliter
3480 2719 3774 2818 possidet,

2099 2802 2188 2859 vel
2220 2821 2346 2876 quae
2375 2807 2655 2882 deinceps
2680 2812 2740 2869 in
2766 2815 2868 2886 jus
2897 2834 2964 2873 ac
2995 2820 3393 2883 dominatione
3415 2802 3614 2901 ipsius
3634 2802 3774 2895 san:

2103 2892 2178 2946 cti
2211 2892 2321 2947 loci
2355 2895 2608 2955 voluerit
2637 2902 2826 2972 pietas
2859 2907 3056 2965 divina
3087 2928 3299 2984 augere
3332 2917 3404 2971 ad
3429 2892 3643 2977 causas
3665 2926 3769 2996 ju-

2105 2981 2342 3038 diciario
2413 3001 2578 3043 more
2629 2992 2975 3063 audiendas,
3033 2999 3122 3055 vel
3166 2981 3330 3058 freda
3387 3012 3488 3062 aut
3537 2981 3765 3070 bannos

2104 3071 2550 3142 exigendos,aut
2572 3082 2912 3140 mansiones
2931 3087 3019 3142 vel
3046 3095 3282 3161 paratas
3313 3093 3630 3166 faciendos,
3665 3106 3768 3156 aut

2103 3157 2368 3253 foderum
2391 3163 2770 3253 exigendum,
2805 3157 3305 3247 autﬁdejussores
3336 3157 3645 3253 tollendos,
3663 3194 3764 3244 aut

341 3234 488 3325 adiit
508 3269 635 3339 jam
649 3263 843 3318 dictus
857 3234 1040 3313 abbas
1062 3248 1758 3344 Hilduinusjamdictum
1773 3262 1991 3344 regem,
2026 3234 2068 3300 C
2107 3245 2377 3344 homines
2408 3250 2602 3344 ipsius
2647 3234 2994 3317 monasterii
3026 3234 3145 3320 tam
3176 3234 3465 3339 ingenuos
3487 3234 3662 3344 quam
3709 3281 3766 3330 et

342 3333 650 3432 postulans
683 3355 749 3406 ut
780 3349 936 3404 sicut
963 3338 1432 3400 antecessoribus
1449 3337 1573 3432 suis
1603 3333 1999 3432 ipsevelante-

346 3425 610 3502 cessores
634 3439 757 3510 ;sui
789 3452 977 3508 reges,
1011 3449 1114 3504 per
1139 3427 1355 3503 regalia
1378 3425 1696 3523 privilegia,
1718 3425 1995 3521 securita-

342 3539 467 3593 tem
491 3525 831 3589 monasterii
852 3522 1042 3580 Sithiu
1067 3519 1472 3582 condonasset,
1507 3515 1588 3570 ita
1607 3515 1781 3571 etiam
1814 3515 1996 3610 suoin

341 3631 612 3696 tempore
641 3617 964 3675 renovaret.
996 3611 1176 3682 Cujus
1189 3605 1453 3681 petitioni
1478 3622 1576 3701 rex
1593 3618 1878 3701 annuens,

342 3689 596 3786 ligenter
625 3701 997 3778 adimplevit;
1040 3693 1642 3786 superaddensetiam
1662 3691 1834 3786 quod
1866 3689 1996 3745 aliis

340 3780 572 3863 uimine
614 3793 1004 3856 concesserat,
1067 3784 1304 3842 mercati
1360 3781 1582 3838 scilicet
1635 3780 1992 3880 theloneum,

344 3888 523 3948 sicuti
548 3887 805 3958 idipsum
824 3875 1193 3953 privilegium
1219 3889 1353 3930 cum
1384 3869 1768 3944 impressione
1792 3867 1994 3925 annuli

342 3977 584 4052 regalis,
614 3975 867 4030 testatur
897 3969 958 4023 in
986 3966 1145 4058 hunc
1177 3963 1440 4058 modum.
1592 4053 1600 4058 Α
1728 4053 1735 4058 _
1777 4047 1788 4057 '
1857 4047 1894 4058 η
1939 4047 1950 4058 ο

420 4048 510 4123 LI.
545 4066 654 4138 (12.
687 4061 817 4118 Feb.
849 4058 1002 4124 874.)
1025 4077 1053 4104 ‹‹
1089 4055 1152 4109 In
1184 4050 1417 4108 nomine
1443 4053 1656 4138 sanctae
1689 4053 1745 4103 et
1774 4048 1987 4138 indivi-

346 4159 475 4214 dua:
488 4135 792 4211 Trinitatis
813 4143 1054 4204 Carolus
1077 4141 1264 4215 gratia
1296 4139 1397 4195 Dei
1437 4155 1552 4194 rex.
1571 4137 1627 4191 Si
1641 4152 1840 4210 preces
1862 4135 1996 4191 iide-

345 4247 496 4302 lium
511 4247 844 4299 nostrorum
877 4236 1076 4292 devote
1097 4229 1266 4287 nobis
1288 4226 1696 4284 famulantium
1718 4226 1790 4282 ad
1839 4230 1998 4297 opta-

347 4341 480 4391 tum
512 4332 803 4394 effectum,
852 4322 1036 4380 solitae
1067 4317 1446 4392 benignitatis
1470 4314 1836 4381 liberalitate,
1868 4331 1996 4386 per-

350 4420 552 4478 venire
584 4413 980 4478 concedimus,
1032 4406 1259 4481 regium
1299 4409 1356 4460 et
1396 4403 1615 4458 avitum
1663 4405 1995 4458 nostrorum

351 4506 556 4585 procul
586 4503 763 4562 dubio
795 4515 1020 4558 morem
1051 4510 1406 4552 exercemus.
1441 4492 1800 4585 Quapropter
1829 4507 2000 4585 nove-

352 4577 432 4656 rit
461 4595 725 4653 omnium
775 4587 1038 4646 ﬁdelium
1081 4587 1294 4641 sanctae.
1325 4580 1425 4638 Dei
1457 4577 1723 4634 Ecclesia:
1770 4583 1997 4636 nostro-

353 4700 626 4758 rumque,
694 4686 816 4737 tam
876 4673 1238 4750 presentium
1300 4668 1994 4768 quamuetfutur‘oru‘m,

353 4755 666 4840 industria,
691 4769 830 4842 quia
857 4761 1208 4821 venerabilis
1233 4759 1415 4857 abbas
1437 4755 1997 4857 Hilduinus‘ﬁdelis-

353 4865 545 4923 simus
573 4863 790 4922 noster,
823 4860 998 4928 atque
1030 4847 1431 4907 ministerialis
1463 4850 1663 4901 noster
1700 4845 1997 4915 librarius,

356 4949 793 5012 abbasscilicet
839 4938 1178 5001 monasterii
1210 4936 1422 5004 Sithiu,
1457 4935 1566 5035 siti.
1592 4935 1650 5035 in
1677 4951 1828 5035 pago
1857 4937 1999 5035 Ter-

319 5040 643 5109 ,wanensi,
667 5032 1062 5094 constructiin
1087 5029 1367 5085 honorem
1386 5024 1570 5081 sancti
1592 5024 2002 5097 Petri,aposto-

353 5134 550 5190 lorum
579 5125 882 5202 principis,
908 5122 967 5176 in
999 5135 1114 5191 quo
1146 5132 1388 5188 corpora
1413 5117 1747 5202 sanctorum
1781 5113 2002 5170 confes-

355 5236 560 5279 sorum
582 5200 902 5274 hudomari
957 5213 1130 5279 atque
1161 5202 1375 5261 Bertini
1433 5200 1724 5257 tumulata
1754 5219 2001 5258 noscun-

355 5315 458 5368 tur
486 5310 697 5364 nostraa
727 5299 984 5358 innotuit
1014 5291 1325 5366 majestati,
1360 5290 1612 5363 qualiter
1643 5291 1999 5362 jamdudum

355 5403 621 5471 tempore
669 5385 1110 5466 praedecessoris
1171 5383 1260 5439 sui
1335 5378 1686 5478 venerabilis
1737 5380 2000 5478 Hugonis

358 5470 608 5552 abbatis,
627 5473 1119 5541 avunculinostri,
1152 5472 1340 5527 eidem
1371 5470 1723 5523 monasterio
1737 5472 1999 5525 nostram

2106 3350 2302 3390 servos
2315 3335 2887 3413 distringendos,nec
2905 3335 3520 3419 ullas,redhi_bitiones.
3534 3367 3635 3416 aut
3653 3361 3764 3416 illi-

2108 3421 2252 3478 citas
2283 3426 2617 3486 occasiones
2640 3434 3043 3504 requirendas,
3071 3440 3189 3497 ullo
3223 3461 3482 3516 unquam
3501 3452 3762 3520 tempore

2107 3509 2331 3584 ingredi
2365 3517 2601 3586 audeat,
2641 3521 2730 3577 vel
2779 3540 2848 3580 ea
2873 3543 3002 3598 quae
3033 3545 3215 3602 supra
3273 3540 3595 3592 memorata
3623 3541 3763 3593 sunt

2104 3601 2342 3671 penitus
2383 3610 2650 3664 exactare
2698 3621 3046 3685 praesumat;
3093 3601 3194 3674 sed
3228 3619 3401 3678 liceat
3442 3629 3760 3683 memorato

2105 3690 2298 3745 abbati
2333 3691 2576 3765 suisque
2593 3703 3037 3760 successoribus
3059 3723 3152 3762 res
3183 3709 3445 3780 praedicti
3466 3718 3759 3769 monaste-

2105 3778 2196 3846 rii,
2222 3780 2329 3836 vel.
2384 3782 2540 3840 sicut
2577 3787 2638 3842 in
2679 3797 2968 3865 praecepto
3012 3797 3168 3868 quod
3213 3801 3502 3858 avunculo
3561 3809 3759 3860 nostro

2105 3867 2334 3942 Hugoni
2389 3876 2814 3948 concessimus,
2873 3867 3224 3955 continetur,
3289 3906 3426 3945 cum
3486 3892 3759 3949 omnibus

2105 3958 2284 4015 fredis
2323 3964 2425 4016 aut
2457 3963 2670 4022 bannis
2710 3968 2823 4024 sibi
2880 3975 3194 4044 concessis,
3230 3978 3342 4032 sub
3370 3979 3761 4040 immunitatis

2105 4052 2320 4102 nostrae
2351 4050 2707 4124 defensione,
2729 4058 2928 4130 quieto
2959 4062 3161 4120 ordine
3202 4069 3520 4138 possidere.
3542 4070 3760 4128 Merca-

2107 4140 2234 4192 tum
2267 4154 2501 4211 quoque
2523 4145 2682 4199 omni
2713 4151 2994 4220 tempore,
3029 4153 3087 4207 in
3120 4154 3213 4210 die
3242 4155 3502 4225 Veneris,
3537 4176 3760 4230 praeno-

2108 4225 2329 4282 minato
2371 4236 2572 4287 sancto
2621 4233 2747 4290 loco
2787 4241 3210 4312 concessimus,
3272 4250 3336 4299 ut
3377 4246 3659 4317 quidquid
3692 4264 3760 4302 ex

2107 4313 2235 4386 ipso
2266 4323 2523 4374 mercato
2556 4320 2676 4376 sive
2707 4323 3163 4400 districtoatque
3194 4313 3756 4406 hanno—acquiripo-

2108 4406 2239 4471 test,
2273 4405 2344 4460 ad
2406 4407 2722 4467 luminaria
2759 4411 3021 4484 ipsorum
3064 4423 3402 4476 sanctorum
3441 4405 3757 4478 Audomari

2108 4496 2284 4564 atque
2313 4494 2533 4553 Bertini
2565 4500 2880 4570 perveniat,
2913 4507 2991 4572 et,
3024 4506 3203 4561 semel
3237 4508 3294 4562 in
3347 4525 3518 4576 anno,
3556 4516 3756 4568 custos

2030 4603 2077 4667 D
2109 4581 2352 4639 ecclesia
2411 4585 2690 4643 fratribus
2740 4589 2926 4661 ipsius
2985 4595 3174 4649 sancti
3226 4595 3338 4651 loci
3383 4596 3756 4653 refectionem

2108 4671 2314 4728 exinde
2344 4673 2593 4743 tribuat;
2630 4680 2921 4748 quatenus
2953 4680 3116 4752 ipsos
3147 4699 3346 4739 servos
3376 4684 3499 4752 Dei,
3523 4686 3620 4757 qui
3645 4686 3757 4741 ibi-

2108 4760 2240 4815 dem
2269 4761 2384 4816 Deo
2416 4763 2797 4831 famulantur,
2827 4784 2930 4838 pro
2963 4770 3132 4826 nobis
3159 4788 3224 4826 ac
3260 4771 3460 4845 regina
3503 4777 3560 4828 et
3591 4774 3752 4846 prole

2109 4853 2328 4921 nostra,
2358 4851 2447 4907 vel
2477 4853 2652 4909 etiam
2682 4871 2784 4927 pro
2811 4856 3126 4916 stabilitate
3157 4860 3338 4917 totius
3369 4862 3533 4934 regni
3571 4864 3758 4919 nostri

2111 4954 2145 4993 a
2192 4938 2308 4996 Deo
2366 4941 2536 4997 nobis
2581 4944 2842 4999 concessi
2885 4949 3061 5017 atque
3109 4950 3511 5017 conservandi,
3535 4951 3762 5024 jugiter

2109 5027 2340 5084 Domini
2375 5029 2832 5087 misericordiam
2865 5049 3101 5093 exorare
3131 5037 3395 5094 delectet.
3429 5039 3500 5094 Et
3542 5043 3607 5096 ut
3639 5039 3759 5097 hac

2109 5118 2425 5175 auctoritas
2452 5120 2666 5177 nostris
2717 5122 3048 5196 futurisque
3085 5126 3476 5199 temporibus,
3509 5129 3760 5186 Domino

2109 5210 2466 5280 protegente,
2497 5208 2684 5266 valeat
2697 5210 3040 5268 inconvulsa
3053 5231 3495 5285 manere,manu
3524 5219 3761 5292 propria

2111 5297 2312 5352 subter
2331 5314 2458 5353 eam
2481 5298 3192 5376 ﬁrmavimus,annulique
3213 5305 3398 5362 nostri
3427 5306 3759 5379 impressio-

2110 5400 2180 5439 ne
2213 5385 2500 5458 assignari
2520 5387 2836 5458 jussimus.

2181 5496 2210 5523 ‹‹
2241 5474 2484 5546 Signum
2515 5474 2700 5530 Caroli
2731 5476 3085 5550 gloriossimi
3119 5483 3293 5556 regis.

432 5593 543 5668 (93)
591 5592 806 5668 Parum
853 5575 1443 5668 ᾳοὲγθηίξηῌὶξᾷμξεξὶ
1460 5574 1686 5632 abbatis
1733 5591 1924 5633 annus
1947 5594 2021 5648 IV,
2050 5579 2148 5652 qui
2180 5579 2238 5636 in
2272 5597 2307 5637 a
2335 5580 2470 5639 Chr.
2505 5581 2615 5638 869
2645 5582 2733 5640 vel
2783 5585 2890 5641 870
2934 5586 3160 5658 incidit,
3193 5607 3325 5648 cum
3374 5587 3560 5648 Caroli
3602 5588 3755 5662 regis

359 5684 414 5725 a.
434 5647 651 5733 Exim,
673 5660 773 5735 qui
806 5662 894 5716 est
922 5654 1054 5713 Chr.
1087 5652 1192 5709 867
1219 5647 1308 5706 vel
1339 5648 1463 5704 868.
