4086 6188
189 301 348 365 1249

1567 303 2184 372 CHARTULARIUM
2195 355 2210 370 .

3439 318 3595 381 1250

186 435 425 492 nimodo
455 451 571 492 non
606 434 970 492 dubitamus.
997 435 1275 492 Noverint
1303 436 1498 509 itaque
1530 454 1736 495 omnes
1769 439 1838 494 Ii-
1869 446 1922 512 Α
1953 441 2232 500 humatus
2266 445 2445 515 jacet,
2493 447 2740 502 conﬁrm
2754 462 2945 503 amus.
2999 445 3381 505 Decernimus
3416 450 3593 506 etiam

186 524 346 581 doles
365 529 576 581 sanctae
591 525 692 580 Dei
709 524 975 581 Ecclesia;
995 529 1052 581 et
1080 525 1290 593 nostri,
1318 532 1634 598 praesentes
1665 531 1841 600 atque

186 614 389 681 futuri,
423 613 562 686 quia
611 614 960 670 venerabilis
1004 614 1095 669 vir
1123 614 1458 682 Ailduinus,
1501 616 1682 672 abbas
1724 635 1841 672 cm-

185 703 344 760 nobii
377 703 563 759 sancti
595 703 747 759 Petri
799 704 954 775 quod
1001 709 1246 759 vocatur
1301 704 1516 772 Sithiu,
1553 706 1653 760 ubi
1705 722 1842 762 con-

189 793 479 848 fessorum
511 792 724 848 Christi
755 792 1070 848 Audomari
1125 797 1302 865 atque
1352 793 1569 849 Bertini
1601 811 1843 868 corpora

187 882 359 937 beata
396 880 590 953 quiete
622 881 917 948 fruuntur,
952 881 1291 936 celsitudini
1326 888 1537 938 nostrae
1573 883 1844 955 frequen-

187 966 420 1023 tissime
450 967 766 1040 suggessit,
798 969 1071 1024 eumdem
1107 973 1376 1025 sanctum
1405 969 1621 1040 locum,
1645 988 1841 1027 rerum

189 1073 434 1112 suarum
455 1055 845 1112 diminutione
867 1056 1117 1113 nimium
1133 1058 1445 1130 periclitari
1466 1077 1479 1128 ;
1506 1076 1842 1116 memorans

191 1145 495 1218 Hugonem
525 1145 916 1201 venerabilem
946 1145 1242 1214 abbatem,
1271 1148 1570 1220 quondam
1605 1148 1841 1204 ordina-

190 1236 412 1291 tionem
442 1233 604 1289 illius
635 1234 823 1290 sancti
854 1234 964 1290 loci
993 1240 1418 1307 competentem
1432 1239 1845 1294 summadevo-

189 1324 347 1380 tione
395 1323 709 1395 disponere
757 1323 1012 1380 voluisse
1059 1329 1116 1380 et
1163 1324 1426 1397 coepisse,
1487 1328 1612 1395 sed,
1658 1331 1844 1383 morte

192 1416 574 1486 praeventum,
625 1429 744 1468 non
799 1414 1158 1486 perfecisse;
1211 1431 1272 1470 se
1314 1432 1470 1485 vero,
1525 1417 1844 1488 prazdcces-

193 1502 345 1558 soris
371 1501 785 1557 benevolentia:
820 1502 1132 1570 haaredem,
1167 1503 1502 1561 humillima
1542 1505 1844 1561 devotione

193 1595 259 1645 ut
293 1591 671 1662 perficeretur
699 1608 958 1648 exorare.
997 1593 1112 1648 Nos
1157 1593 1374 1665 itaque,
1398 1596 1523 1665 jam
1557 1595 1695 1650 dicti
1727 1593 1845 1650 cari

195 1679 381 1733 nostri
406 1678 686 1748 Hilduini,
709 1681 1046 1753 nuperrime
1077 1683 1357 1749 defuncti,
1391 1683 1714 1756 supplicem
1747 1685 1845 1739 de-

193 1765 487 1822 votionem
519 1773 576 1823 et
606 1768 893 1826 sinceram
937 1786 1075 1842 erga
1117 1787 1224 1826 nos
1257 1771 1431 1827 Iidem
1463 1771 1843 1844 obsequium-

196 1870 311 1926 que
325 1853 744 1912 multimodum
758 1857 1416 1932 recolentes,ipsiusquc
1433 1861 1847 1932 supplicationi

196 1943 256 1998 in
277 1944 615 1999 memoratis
631 1949 978 2012 annuentes,
1002 1947 1372 2002 decernimus
1384 1949 1846 2003 auctoritateim-

200 2031 508 2104 peratoria,
545 2035 608 2088 ut
639 2031 699 2086 in
724 2034 1080 2090 monasterio
1103 2035 1290 2090 sancti
1315 2035 1486 2102 Petri,
1520 2037 1618 2092 ubi
1641 2037 1846 2092 beatus

200 2120 820 2194 Bertinusrequiescit,
842 2122 958 2178 Deo
981 2123 1358 2192 famulantes,
1393 2126 1464 2180 ad
1492 2129 1711 2181 statum
1735 2125 1846 2183 loci

202 2211 389 2268 sancti
436 2209 630 2279 istius,
678 2209 786 2267 has
831 2228 923 2267 res
967 2212 1261 2286 deinceps,
1314 2214 1441 2270 sine
1490 2213 1669 2270 ullius
1723 2232 1848 2270 mo-

201 2300 371 2358 lestia
427 2299 516 2354 vel
567 2299 981 2368 diminutione,
1031 2303 1390 2372 contineant,
1441 2303 1739 2360 videlieet:
1775 2305 1847 2360 ad

203 2406 475 2446 mansum
494 2389 837 2445 monasterii
861 2390 1298 2460 dominicalem,
1332 2391 1690 2461 vaccaritias,
1715 2409 1847 2448 cum

204 2479 380 2552 sylvis
406 2479 835 2550 adjacentibus,
861 2480 920 2534 in
937 2480 1376 2553 Widingaham,
1411 2481 1846 2554 Wolingaham,

202 2567 678 2641 Vumpingaham
711 2585 844 2623 cum
871 2569 1194 2637 Limcbold,
1219 2571 1504 2626 Hilsferod
1529 2572 1851 2626 cumLard-

204 2659 387 2714 bruca
432 2662 500 2712 et.
535 2657 760 2724 Gravia,
807 2658 1130 2727 Hirnethol,
1186 2659 1606 2727 Dakinhahem,
1668 2661 1852 2716 Gruo-

205 2748 490 2821 nonberg,
523 2762 655 2803 cum
680 2747 903 2802 cateris
951 2747 1296 2820 adjacentiis
1322 2753 1379 2805 et
1397 2749 1700 2806 territoriis
1728 2768 1850 2806 car-

205 2835 605 2910 pentariorum
635 2852 672 2890 v
701 2835 845 2891 inibi
869 2836 1240 2908 jacentibus;
1273 2843 1329 2893 et
1359 2837 1522 2894 villas
1541 2838 1647 2894 has
1672 2840 1856 2896 :Vue-

210 2926 1686 2995 sarinium,Tarnenna,Coiacus,Aiskinium,Aldom
1696 2928 1852 2995 hem,

209 3015 414 3082 Gisna,
445 3013 632 3080 Scala,
666 3013 1170 3081 Thorbodashem,
1205 3016 1740 3089 Pupurningahem,
1775 3023 1852 3088 et,

208 3105 268 3160 in
289 3103 558 3169 Marisco,
610 3101 1052 3176 Buoningahem
1095 3122 1107 3172 ;
1144 3104 1346 3172 Recca,
1382 3122 1514 3160 cum
1546 3106 1852 3178 sedilibus,

1875 1817 1924 1881 B

1953 547 2196 604 qumque
2218 549 2251 588 a
2274 538 2535 606 tempore
2550 534 2805 608 przecelsi
2820 536 3099 609 genitoris
3129 537 3335 609 nostri,
3369 536 3595 594 collatis

1950 620 2288 678 devotorum
2325 624 2396 679 ad
2428 642 2629 680 eorum
2661 627 3275 681 commemorationem
3303 625 3597 682 celebran-

1951 708 2108 777 dam,
2141 711 2326 767 eidem
2357 718 2558 768 sancto
2591 713 2738 782 loco,
2785 720 3074 770 cartarum
3107 715 3594 789 delegationibus,

1952 814 2056 869 per
2081 800 2316 856 easdem
2367 803 2781 858 confirmatum
2833 809 2940 871 est,
2975 806 3299 859 secundum
3332 804 3595 876 ipsorum

1952 885 2372 958 delegationem
2389 894 2444 946 et
2459 890 2911 948 ecclesiasticam
2928 894 3598 960 sanctionem,maneant

1953 975 2210 1031 stabilita
2257 982 2313 1033 et
2359 996 2486 1051 quae
2522 981 2579 1035 in
2613 983 2986 1052 postmodum
3019 982 3221 1037 eodem
3254 987 3453 1039 tenore
3483 983 3596 1039 Do-

1953 1064 2096 1118 mini
2111 1064 2429 1122 Salvatoris
2444 1068 2735 1124 addiderit
2755 1069 3082 1125 clementia.
3107 1069 3435 1126 Statuimus
3456 1088 3597 1143 quo-

1953 1169 2066 1224 que
2099 1159 2160 1208 ut
2192 1155 2249 1209 in
2279 1156 2482 1211 eodem
2515 1158 2870 1213 monasterio
2900 1174 3185 1213 numerus
3221 1159 3594 1215 Lmonacho-

1953 1258 2106 1307 rum,
2159 1245 2483 1300 secundum
2533 1246 3006 1302 constitutionem
3058 1247 3257 1302 domni
3315 1248 3597 1321 genitoris

1953 1331 2157 1398 nostri,
2209 1338 2486 1405 perpetuo
2531 1338 2727 1390 tenere
2775 1341 3036 1390 servetur
3075 1354 3087 1402 ;
3147 1340 3206 1392 et
3249 1336 3596 1409 praepositus

1953 1421 2259 1493 caaterique
2287 1423 2701 1479 ministeriales
2747 1441 3122 1496 nequaquam
3173 1425 3339 1493 ﬁant,
3386 1423 3498 1483 nisi
3530 1443 3599 1482 ex

1952 1507 2098 1580 ipsis
2129 1509 2430 1576 fratribus,
2466 1527 2567 1582 per
2596 1511 2935 1567 electionem
2977 1530 3181 1568 eorum
3220 1517 3278 1570 et
3305 1530 3597 1571 consensu

1955 1597 2205 1654 abbatis.
2256 1599 2521 1654 Habeant
2562 1599 2745 1672 igitur
2791 1618 2994 1657 omnes
3045 1618 3136 1658 res
3205 1602 3596 1676 praescriptas,

1954 1685 2241 1758 imperiali
2293 1687 2635 1744 auctoritate
2669 1690 2989 1758 rohoratas,
3042 1696 3332 1764 quatenus
3363 1693 3597 1748 eosdem

1959 1776 2054 1830 Dei
2105 1775 2356 1831 famulos
2405 1793 2506 1848 pro
2551 1778 2718 1832 nobis
2765 1795 2830 1833 ac
2879 1781 3126 1852 conjuge
3169 1779 3257 1836 vel
3288 1780 3450 1852 prole
3481 1785 3600 1837 sta-

1959 1866 2140 1934 tuque
2157 1864 2385 1936 imperii
2409 1867 2613 1933 nostri,
2640 1865 2869 1921 Domini
2888 1867 3346 1924 misericordiam
3362 1869 3600 1926 uberius

1959 1968 2198 2006 exorare
2229 1952 2493 2008 delectet.
2531 1953 2592 2007 Et
2627 1958 2689 2007 ut
2720 1953 2840 2008 haec
2873 1956 3249 2012 auctoritatas
3278 1973 3380 2029 per
3403 1959 3602 2015 omnia

1957 2043 2226 2111 tempora
2266 2039 2679 2096 inviolabiliter
2722 2048 3116 2110 conservetur,
3158 2060 3335 2100 manu
3369 2046 3605 2119 pr0pria

1958 2128 2162 2184 subter
2200 2127 2588 2195 ﬁrmavimus,
2639 2135 2699 2185 et
2750 2130 2952 2185 annuli
2987 2132 3169 2188 nostri
3217 2132 3604 2206 impressione

1957 2217 2230 2289 insigniri
2251 2218 2567 2288 jussimus.

2031 2329 2058 2355 ‹‹
2094 2306 2340 2378 Signum
2372 2305 2558 2362 Caroli
2591 2307 3000 2380 gloriosissimi
3036 2310 3422 2382 imperatoris.

2035 2416 2063 2444 α
2103 2394 2418 2465 Audather,
2472 2397 2757 2462 notarius,
2807 2399 2877 2452 ad
2930 2398 3111 2454 vicem
3166 2399 3400 2456 Gosleni
3446 2416 3602 2456 reco-

1961 2483 2176 2555 gnovit.

2033 2595 2061 2621 ‹‹
2097 2573 2241 2628 Data
2269 2591 2347 2628 xu
2381 2573 2504 2641 Kal,
2539 2574 2700 2644 Julii,
2737 2593 2890 2632 anno
2921 2594 3110 2633 xxxvn
3158 2577 3293 2650 (99),
3327 2582 3605 2651 regnante

1962 2662 2178 2717 domno
2207 2661 2430 2728 Carolo,
2463 2663 2811 2736 imperiique
2841 2665 3104 2736 ejusdem
3137 2682 3196 2721 ιι.

2035 2773 2063 2799 ‹‹
2097 2752 2305 2806 Actum
2332 2751 2391 2806 in
2423 2751 2780 2824 Compendio
2801 2753 3013 2824 palatio
3042 2753 3355 2827 imperiali,
3387 2754 3481 2811 die
3510 2768 3608 2810 xxv

1964 2844 2096 2912 post
2128 2844 2375 2894 mortem
2409 2841 2630 2912 praefati
2661 2841 2912 2897 abbatis.
2937 2863 2964 2892 η

2251 2927 2413 2984 LVII.
2450 2930 2518 2985 De
2548 2933 2720 2985 morte
2751 2929 2934 2985 Caroli
2957 2931 3322 3002 imperatoris.

2037 3017 2208 3090 (877.)
2243 3019 2375 3073 Post
2395 3017 2538 3085 haec,
2571 3019 2773 3075 eodem
2805 3036 2980 3088 anno,
3013 3019 3252 3076 Carolus
3293 3021 3609 3094 imperator

1967 3106 2213 3162 Romam
2247 3123 2555 3179 properare
2587 3107 2806 3174 volens,
2833 3113 2962 3180 post
2994 3109 3256 3164 medium
3288 3109 3510 3165 Julium
3535 3111 3605 3166 de

207 3194 270 3248 in
295 3191 502 3260 furnis,
536 3195 593 3247 et
613 3191 783 3263 juxta
814 3193 1067 3248 Merkisa
1095 3198 1188 3260 ;et
1217 3195 1394 3249 Loom
1429 3195 1500 3249 ad
1535 3195 1804 3252 Sentinas
1833 3215 1846 3266 ;
1880 3180 1923 3248 C
1967 3194 2207 3249 Francia
2235 3193 2344 3249 iter
2375 3195 2641 3267 arripuit,
2679 3199 2734 3250 et
2764 3195 2822 3250 in
2857 3194 3082 3251 Italiam
3133 3197 3391 3266 veniens,
3435 3199 3612 3271 Papia

205 3281 267 3337 in
297 3280 618 3337 Calmontis
671 3298 905 3353 quoque
952 3280 1110 3350 villa,
1155 3283 1411 3354 exceptis
1456 3283 1549 3337 his
1593 3301 1718 3356 quae
1750 3286 1852 3342 be-

204 3369 475 3427 neiiciata
507 3370 756 3436 fuerant,
810 3387 1151 3426 mansorum
1200 3373 1570 3428 medietatem
1612 3379 1668 3428 et
1693 3391 1854 3429 man-

205 3459 492 3532 cipiorum
537 3477 551 3527 ;
583 3458 884 3516 vinearum
914 3463 1110 3516 autem
1143 3461 1268 3516 dua:
1302 3465 1496 3532 partes
1538 3480 1852 3530 ;mansum

204 3547 694 3604 indominicatum
748 3565 879 3603 cum
936 3549 1202 3605 bunariis
1233 3567 1288 3604 x.
1322 3551 1470 3605 Sunt
1500 3568 1732 3624 quoque
1770 3553 1854 3608 fa-

206 3637 387 3694 mulis
434 3637 773 3693 monasterii
805 3655 918 3692 cxn
969 3637 1055 3692 hi2
1099 3638 1245 3693 villae
1281 3639 1568 3712 deputatae
1611 3640 1852 3708 Kelmis,

206 3725 576 3798 Atquinium,
628 3724 1006 3796 Beingahem,
1056 3742 1188 3780 cum
1223 3726 1535 3792 territorio,
1588 3726 1646 3782 in
1678 3729 1854 3782 Bum-

209 3815 572 3888 mingahem,
624 3813 1070 3886 Sinningahem,
1127 3814 1654 3886 Okkaningahem;
1699 3820 1755 3871 et
1795 3816 1853 3871 in

209 3908 378 3959 vetus
410 3903 831 3960 monasterium
865 3903 1269 3974 piscationem,
1302 3903 1453 3958 sicut
1487 3908 1543 3960 et
1573 3905 1851 3961 anterius.

210 3994 316 4048 His
360 3993 535 4048 rebus
589 3992 922 4063 adjicimus,
975 3992 1044 4047 ad
1096 3993 1312 4047 victum
1356 3992 1623 4062 fratrum,
1656 3993 1854 4050 villam

209 4081 445 4138 nomine
463 4080 836 4154 Liegesborh,
887 4097 1020 4136 cum
1069 4081 1229 4136 omni
1277 4081 1605 4154 integritate
1632 4099 1760 4151 sua,
1792 4088 1857 4138 ut

208 4169 346 4226 olim
376 4168 504 4236 fuit,
541 4169 796 4241 exceptis
827 4168 1152 4225 cavallariis
1185 4171 1396 4226 tribus.
1428 4171 1512 4226 Ad
1547 4172 1854 4248 ,kamaram

208 4259 479 4326 fratrum,
527 4258 586 4313 in
633 4257 931 4321 vestiario,
981 4259 1294 4330 adjicimus
1327 4260 1686 4317 Krokashem
1719 4279 1853 4317 cum

205 4347 570 4415 Westkerda,
618 4352 675 4403 et
722 4364 857 4402 cum
900 4349 1296 4420 appenditiis;
1348 4355 1406 4404 et
1439 4349 1496 4404 in
1527 4350 1854 4406 Gelwalda-

207 4440 392 4507 storp.
442 4434 751 4491 ecclesiam
803 4441 859 4492 et
890 4436 1088 4492 vineas
1121 4441 1174 4492 et
1208 4453 1415 4492 mansa
1457 4454 1536 4494 xu
1585 4455 1718 4493 cum
1751 4439 1852 4494 ho-

207 4523 506 4616 minibus;
551 4523 690 4578 item
749 4523 808 4578 in
838 4509 1088 4592 Kasello,
1122 4524 1278 4580 ultra
1325 4525 1614 4591 Rhenum,
1648 4544 1855 4584 mansa
1882 4551 1930 4616 D

207 4611 482 4668 similiter
526 4629 604 4668 xu
646 4631 659 4680 ;
713 4613 771 4667 in
820 4614 1097 4682 Frekena,
1151 4632 1357 4670 mansa
1404 4633 1459 4681 Χ,
1489 4633 1620 4672 cum
1666 4622 1852 4674 matre

206 4700 469 4769 ecclesia,
502 4707 558 4757 et
605 4701 894 4758 decimam
945 4703 1066 4759 illic
1111 4705 1467 4769 ordinatam,
1501 4722 1632 4760 cum
1669 4705 1854 4761 homi-

213 4789 430 4858 nibus;
462 4790 520 4846 in
553 4790 836 4847 Daventre
886 4796 1078 4864 portu,
1124 4809 1330 4848 mansa
1358 4810 1436 4848 vn
1471 4811 1484 4860 ;
1521 4793 1591 4848 ad
1625 4801 1852 4866 portam

207 4883 428 4946 autem,
483 4884 614 4934 ante
647 4879 798 4935 fores
837 4880 1114 4947 ecclesiae,
1149 4883 1518 4937 vaccoritiam
1551 4900 1685 4938 cum
1720 4884 1853 4940 hor-

204 4967 368 5034 tulo;
414 4973 492 5033 et,
543 4969 601 5023 in
655 4970 998 5035 Loconesse,
1054 4988 1260 5026 mansa
1297 4989 1396 5037 vn,
1431 4989 1563 5027 cum
1596 4973 1720 5028 suis
1751 4991 1851 5046 ap-

205 5056 484 5129 penditiis
495 5063 554 5113 et
570 5059 901 5131 mancipiis.
921 5060 1304 5116 Territorium
1318 5078 1550 5132 quoque
1562 5066 1618 5116 et
1633 5061 1850 5132 vineas,

204 5160 353 5216 quas
408 5145 722 5217 praedictus
767 5147 950 5203 abbas
993 5147 1328 5215 Hilduinus,
1382 5165 1450 5203 ex
1500 5151 1852 5221 proprietate

203 5249 334 5301 sua,
368 5233 428 5288 in
459 5234 1078 5307 pagoVermandense,
1113 5236 1170 5291 in
1201 5235 1324 5292 loco
1359 5240 1854 5310 nuncupatolleb-

201 5319 469 5391 bencurt,
521 5323 712 5379 eidem
764 5324 1142 5390 monasterio,
1186 5341 1288 5397 pro
1339 5325 1595 5380 remedio
1646 5327 1852 5383 animae

200 5425 345 5482 suae,
395 5410 664 5481 contulit,
725 5413 797 5468 ad
846 5413 1163 5469 luminaria
1212 5413 1401 5486 ipsius
1444 5413 1699 5471 ecclesias
1751 5417 1852 5473 ubi

1967 3282 2195 3338 obviam
2225 3282 2433 3337 habuit
2459 3283 2746 3338 Joannem
2779 3300 3013 3355 papam.
3061 3284 3350 3356 Venitque
3375 3285 3608 3341 Carolo-

1965 3387 2436 3442 mannus,nepos
2466 3370 2676 3438 Caroli,
2703 3388 2836 3426 cum
2864 3371 3065 3427 multis
3089 3372 3350 3428 millibus
3365 3373 3608 3429 bellato-

1965 3477 2095 3514 rum
2128 3460 2198 3514 de
2230 3459 2495 3531 Bajoaria
2525 3464 2580 3514 et
2613 3459 2854 3532 reliquis
2893 3460 3316 3516 Germanorum
3352 3461 3607 3516 orienta-

1963 3548 2140 3615 libus,
2172 3547 2680 3604 contradlccnsilli
2714 3549 2893 3604 Italiae
2927 3565 3193 3622 regnum.
3225 3551 3452 3605 Etcum
3484 3566 3601 3606 non

1963 3637 2203 3692 haberet
2225 3638 2450 3708 copiam
2468 3637 2708 3694 Carolus
2741 3655 2838 3693 rex
2860 3638 3167 3694 resistendi
3209 3655 3392 3710 papa,
3426 3640 3607 3694 dona-

1965 3725 2068 3781 riis
2097 3727 2283 3781 sancti
2336 3726 2483 3781 Petri
2517 3727 2964 3796 commendatis,
3000 3743 3269 3784 reversus
3298 3732 3409 3794 est,
3441 3727 3608 3783 infir-

1965 3820 2298 3887 matusque,
2331 3813 2486 3870 intra
2511 3815 2682 3887 Alpes
2703 3815 2846 3872 obiit
2877 3833 2939 3871 III
2961 3817 3156 3872 Nonas
3176 3816 3460 3872 Octobris.
3495 3816 3606 3871 Cu-

1956 3904 2060 3976 jus
2089 3920 2301 3976 corpus
2323 3902 2626 3960 militesxv
2651 3905 2858 3960 diebus
2897 3905 3260 3960 aromatibus
3290 3905 3605 3961 conditum

1963 3994 2236 4059 ferentes,
2269 4009 2402 4047 cum
2452 3992 2672 4058 fmtore,
2721 3998 2958 4066 propter
2997 3991 3268 4060 calorem,
3300 4009 3608 4066 gravaren-

1963 4085 2080 4150 tur,
2131 4081 2417 4137 miserunt
2467 4082 2526 4135 in
2570 4085 2815 4138 tonnam
2863 4081 3151 4137 vinariam
3181 4081 3327 4138 alios
3355 4100 3430 4138 xv
3460 4082 3603 4139 dies.

1961 4169 2241 4225 Tamdem
2287 4169 2715 4239 nimiofmtore
2747 4170 2968 4242 gravati
3018 4171 3177 4244 (nam
3228 4172 3300 4226 ad
3333 4175 3603 4228 sanctum

1963 4258 2303 4331 Dyonisium
2345 4261 2809 4316 eumtransferre
2823 4261 3415 4332 cupierant),demum
3446 4259 3605 4326 victi,

1961 4347 2021 4402 in
2056 4349 2410 4403 monasterio
2458 4347 2748 4403 Nontuato
2781 4349 3151 4421 Burgundize,
3185 4348 3341 4419 quod
3392 4347 3609 4402 dicitur

1963 4440 2231 4492 sanctum
2264 4434 2624 4507 Marcellum,
2679 4435 3054 4509 sepelierunt.
3089 4433 3418 4490 Ludovicus
3447 4433 3605 4488 ﬁlius

1961 4525 2111 4597 ejus,
2144 4524 2713 4581 rexconstituiturin
2746 4523 3101 4596 Compendio
3131 4521 3354 4595 palatii.

2389 4613 2577 4668 LVIII.
2613 4614 2685 4669 De
2715 4614 2939 4668 Folcone
2967 4612 3179 4666 abbate.

2034 4704 2201 4773 (878.)
2225 4703 2517 4758 Successit
2547 4702 2781 4756 interim
2807 4699 3161 4756 Hilduinoin
3179 4699 3413 4755 abbatis
3440 4697 3606 4754 Folco

1961 4793 2298 4857 canonicus,
2330 4807 2365 4845 v
2397 4791 2533 4845 Idus
2579 4789 2898 4856 Februarii,
2950 4787 3253 4845 Dominica
3295 4804 3336 4852 ι,
3368 4786 3426 4841 in
3459 4804 3605 4858 qua-

1961 4880 2312 4953 dragesima,
2365 4877 2631 4950 rexitque
2680 4879 2831 4933 hanc
2863 4895 2963 4950 per
2993 4875 3457 4949 quatriennium.
3489 4875 3608 4929 Sub

1961 4971 2428 5040 cujustempore,
2453 4968 2714 5022 ambitus
2747 4966 2965 5022 castelli
2999 4965 3152 5020 circa
3183 4963 3604 5020 monasterium

1962 5058 2148 5114 sancti
2180 5056 2396 5112 Bertini
2423 5062 2512 5111 est
2544 5057 2867 5121 dimensus,
2903 5060 2959 5108 et
2990 5071 3092 5125 per
3123 5053 3453 5108 ministeria
3484 5053 3602 5108 dis-

1959 5149 2215 5204 tributus
2245 5164 2258 5213 ;
2284 5145 2383 5200 sed
2415 5143 2683 5217 pluribus
2717 5144 2889 5200 rebus
2921 5142 3316 5207 obstantibus,
3344 5159 3461 5198 non
3493 5146 3600 5209 est,

1961 5237 2271 5309 perfectus.
2307 5234 2496 5306 Hujus
2529 5251 2681 5289 anno
2713 5233 2921 5305 primo,
2955 5230 3379 5288 monasterium
3415 5231 3602 5288 sancti

1962 5325 2110 5382 Petri
2133 5328 2189 5380 et
2210 5323 2396 5379 sancti
2422 5323 2660 5388 Bertini,
2679 5324 2807 5395 jam
2832 5322 2953 5378 vice
2974 5320 3156 5378 altera
3171 5338 3204 5376 a
3224 5319 3601 5376 Nortmannis

1961 5420 2051 5472 est
2071 5414 2377 5470 incensum
2399 5429 2435 5467 v
2462 5410 2749 5469 Kalendas
2780 5412 3050 5487 Augusti,
3081 5415 3138 5469 et
3165 5409 3435 5488 ecelipsis
3461 5406 3599 5467 solis

272 5588 386 5674 (99)
416 5590 520 5652 Hic
536 5590 772 5652 initium
794 5592 957 5672 regni
977 5591 1168 5653 Caroli
1184 5591 1719 5655 Calvisumeudum
1745 5598 1871 5679 est,
1887 5598 1955 5660 ut
1980 5594 2234 5668 videtur,
2267 5591 2339 5652 ad
2371 5607 2523 5654 anno
2552 5591 2678 5656 840.
