4086 6188
309 252 464 316 1253

1690 250 2334 319 CHARTULARIUM.

3551 262 3710 326 1254

309 385 505 459 petisti
533 404 567 444 a
593 386 765 443 nobis
793 399 888 444 res
912 385 1170 444 ecclesiae
1202 361 1452 442 nostrae:
1485 385 1594 440 hoc
1634 388 1793 454 sunt,
1845 386 1952 442 bu-
1983 387 2041 455 Α
2070 387 2255 443 LXVI.
2291 393 2369 444 De
2427 389 2614 461 eclz'psi
2641 387 2792 458 solis,
2841 393 2892 446 et
2919 389 3153 448 adventu
3209 391 3707 453 Nordmamiorum.

309 477 475 533 naria
523 495 572 547 L,
608 477 865 549 jacentia
924 477 982 533 in
1029 475 1230 532 villula
1288 493 1414 547 quae
1464 474 1680 530 dicitur
1737 475 1952 544 Sithiu,

309 583 487 639 super
517 567 692 622 ﬂuvio
720 566 1006 639 Agniona,
1067 583 1173 621 nos
1205 579 1458 637 quoque,
1511 564 1664 636 quod
1720 568 1820 620 tua
1849 564 1958 619 fuit

309 655 533 728 petitio,
580 654 740 728 ipsas
790 672 881 711 res
927 655 1151 722 ambas,
1205 659 1325 709 tam
1379 670 1478 709 eas
1525 670 1672 724 quas
1720 653 1952 720 dedisti,

307 750 429 801 tam
463 761 560 800 eas
593 762 741 816 quas
773 762 806 800 a
839 744 1008 799 nobis
1039 743 1326 816 expetisti,
1361 743 1738 798 concedimus
1767 742 1871 798 tibi
1901 745 1958 797 et

312 834 475 889 uxori
507 840 611 889 tua
641 832 960 901 Bertlianaa,
996 849 1098 888 seu
1141 832 1278 888 ﬁliis
1307 831 1536 896 vestris,
1571 832 1642 886 ad
1692 830 1954 887 excolen-

310 924 450 978 dum
482 927 540 978 et
597 921 1096 978 emeliorandum:
1131 926 1208 990 et,
1259 921 1410 976 sicut
1441 921 1731 988 convenit,
1785 920 1956 975 nobis

311 1011 480 1068 annis
507 1011 778 1084 singulis,
812 1011 883 1066 ad
917 1010 1284 1067 festivitatem
1305 1009 1492 1064 sancti
1516 1009 1754 1077 Bertini,
1776 1008 1954 1063 Nonis

311 1100 696 1173 Septembris,
713 1099 967 1155 solidum
995 1117 1012 1155 ι
1031 1099 1356 1172 persolvere
1368 1097 1676 1167 studeatis,
1693 1102 1750 1153 et
1775 1097 1956 1153 aliubi

313 1191 471 1262 ipsas
502 1207 593 1246 res
616 1206 720 1245 nec
743 1190 879 1244 dare
910 1206 1016 1244 nec
1045 1189 1293 1244 vendere
1321 1203 1427 1242 nec
1459 1191 1820 1242 commutare
1851 1203 1957 1241 nec

312 1280 567 1337 alienare
597 1282 943 1352 postetatem
973 1279 1272 1344 habeatis;
1307 1278 1430 1344 sed,
1477 1281 1540 1331 ut
1579 1276 1804 1331 dictum
1846 1279 1954 1341 est,

314 1369 574 1442 quandiu
605 1366 884 1435 vixeritis,
916 1384 1020 1439 pro
1038 1371 1236 1424 nostro
1260 1366 1536 1422 beneﬁcio
1567 1364 1915 1437 possideatis
1942 1382 1955 1432 ;

315 1476 380 1514 ac
414 1461 544 1530 post
572 1461 830 1516 vestrum
858 1456 1123 1512 omnium
1151 1455 1399 1525 obitum,
1425 1455 1564 1527 ipsae
1588 1470 1680 1510 res
1703 1453 1960 1525 praescri-

315 1552 445 1620 ptze,
478 1563 613 1602 cum
645 1546 804 1602 omni
836 1545 1300 1610 emelioratione;
1331 1561 1365 1598 a
1395 1543 1566 1599 nobis
1591 1542 1676 1598 vel
1735 1559 1960 1598 succes-

313 1637 549 1692 soribus
580 1635 797 1692 nostris
824 1636 893 1690 ad
930 1635 1225 1707 integrum
1258 1631 1618 1705 recipiantur
1647 1632 1706 1686 in
1756 1648 1959 1704 perpe-

312 1730 482 1779 tuum
506 1724 891 1797 possidendas.
924 1723 1055 1778 Haac
1089 1739 1226 1795 ergo
1283 1721 1579 1794 przestaria
1608 1721 1778 1776 ﬁrma
1830 1736 1958 1792 per-

314 1819 568 1882 maneat,
603 1830 737 1870 cum
770 1811 1145 1884 stipulatione
1176 1810 1446 1865 subnixa.

386 1927 414 1954 «
448 1903 656 1958 Actum
688 1900 879 1956 Sithiu
913 1897 1268 1953 monasterio
1310 1897 1560 1968 publice,
1611 1897 1669 1950 in
1717 1896 1962 1951 basilica

315 1991 513 2048 Sancti
544 1989 694 2046 Petri
726 1986 973 2060 apostoli
1001 2003 1070 2042 ιιι
1105 1986 1242 2041 ldus
1287 1985 1526 2058 Aprilis,
1579 2002 1730 2040 anno
1781 1999 1840 2040 IIl
1881 2001 1964 2039 re-

314 2085 528 2156 gnante
558 2079 771 2136 domno
805 2075 1007 2132 Carolo
1041 2075 1389 2148 imperatore
1421 2075 1479 2129 in
1514 2074 1757 2130 Francia
1787 2073 1956 2145 (105),

318 2175 524 2245 nepote
554 2167 762 2225 Caroli.

389 2286 415 2312 ‹‹
448 2263 566 2333 Ego
594 2256 900 2322 Rodulfus,
936 2254 1138 2325 abbas,
1171 2252 1407 2325 propria
1436 2269 1614 2307 manu
1646 2250 1894 2306 ﬁrmavi.
1931 2272 1958 2299 »

317 2352 503 2408 LXIIl.
537 2350 611 2404 De
637 2349 811 2402 morte
841 2344 1026 2400 Caroli
1075 2344 1218 2413 regis
1250 2345 1299 2397 et
1355 2343 1690 2396 successione
1740 2340 1956 2395 Orionis.

389 2439 559 2513 (888.)
592 2438 728 2493 Post
779 2435 898 2488 haec
925 2437 1119 2487 autem
1168 2429 1409 2486 Carolus
1441 2447 1556 2498 rex,
1606 2428 1834 2502 imperii
1867 2428 1960 2483 sui

318 2547 469 2587 anno
499 2546 575 2598 1v,
608 2523 860 2582 decessit
891 2540 922 2576 a
953 2520 1200 2590 smculo;
1236 2519 1329 2574 cui
1378 2519 1616 2591 quidam
1651 2519 1792 2589 Odo,
1842 2535 1958 2573 non

315 2636 386 2676 ex
414 2617 574 2691 regia
602 2614 805 2686 stirpe,
839 2610 1122 2668 successit
1150 2609 1211 2664 in
1244 2626 1442 2681 regno.
1503 2608 1764 2679 Namque
1794 2608 1960 2663 dece-

317 2706 592 2763 dentibus
623 2699 1098 2774 imperatoribus,
1130 2696 1498 2752 Carlomanni
1541 2695 1698 2751 ﬁlius
1729 2699 1959 2750 tantum

317 2798 376 2852 in
409 2794 576 2852 cunis
601 2789 883 2848 remansit
911 2805 1056 2861 puer
1078 2785 1340 2846 Carolus,
1364 2786 1435 2839 de
1457 2801 1571 2856 quo
1598 2801 1731 2839 cum
1759 2785 1960 2839 Franci

317 2885 744 2958 desperassent,
778 2878 1085 2952 przefatum
1120 2875 1379 2930 Odonem
1439 2891 1616 2945 super
1646 2891 1708 2928 se
1767 2889 1960 2945 regem

319 2978 605 3039 statuunt,
639 2986 791 3027 anno
823 2965 1054 3023 Domini
1075 2965 1179 3019 888
1211 2963 1380 3036 (106).
1411 2962 1474 3016 In
1505 2963 1677 3033 cujus
1708 2979 1860 3017 anno
1877 2978 1963 3017 se-

317 3065 530 3130 cundo,
565 3059 751 3117 sancti
780 3054 994 3112 Bertini
1015 3051 1435 3109 monasterium
1461 3055 1853 3123 atempestate
1875 3054 1965 3106 est

317 3156 609 3227 dejectum
638 3166 730 3204 xvx
763 3145 885 3202 Kal.
918 3142 1238 3200 Februarii.

322 3243 506 3301 LXIV.
567 3237 860 3294 Prwstario
918 3231 1184 3288 Huebaldi
1226 3230 1480 3284 monachi
1510 3228 1575 3283 de
1630 3228 1961 3283 Iiildz'ncurt.

393 3331 607 3387 Eodem
639 3342 812 3393 anno,
847 3323 1033 3378 isdem
1071 3319 1253 3376 abbas
1309 3316 1594 3373 Ilodullus
1653 3317 1959 3384 concessit,

316 3439 418 3496 per
448 3416 829 3493 przestariam,
851 3409 1169 3474 lluchaldo,
1201 3408 1485 3463 monacho
1506 3404 1750 3461 cmnohii
1773 3405 1959 3496 sancti

314 3493 585 3576 Amandi,
615 3504 814 3561 villam
849 3499 1187 3556 monasterii
1220 3495 1543 3562 suiSithiu,
1569 3493 1628 3548 in
1648 3510 1795 3566 pago
1816 3493 1960 3548 Ver-

315 3599 656 3662 mandense,
677 3591 1051 3662 nuncupante
1074 3584 1292 3641 Hildini
1316 3585 1570 3652 Curtem,
1588 3599 1722 3638 cum
1744 3581 1960 3637 villulis

314 3690 385 3745 ad
408 3686 675 3744 eamdem
707 3676 1159 3755 pertinentibus.
1184 3675 1362 3745 Cujus
1385 3673 1695 3745 prazstarize
1717 3670 1852 3727 talis
1873 3673 1962 3727 est

313 3780 536 3836 charta.

795 3858 954 3914 LXV.
989 3855 1284 3927 Exemplar
1314 3852 1481 3924 (107).

310 3957 525 4014 Notum
551 3968 679 4009 esse
709 3948 1006 4014 volumus,
1069 3943 1318 4016 qualiter
1375 3940 1623 3996 dilectus
1671 3939 1960 3994 confrater

312 4049 512 4102 noster
541 4037 981 4114 Hugbaldus,ex
1001 4032 1262 4090 coenobio
1282 4030 1418 4086 almi
1440 4028 1732 4101 pontiﬁcis
1751 4029 1961 4082 Aman-

313 4136 372 4191 di
405 4129 755 4190 confessoris
789 4126 859 4182 ad
911 4121 1297 4179 erudiendum
1353 4120 1635 4174 domuum
1685 4116 1958 4172 abbatem

315 4222 659 4286 Rodulfum,
691 4216 978 4274 seniorem
1013 4216 1306 4277 nostrum,
1340 4208 1690 4264 concedente
1717 4223 1782 4262 ac
1816 4222 1959 4278 prae-

315 4313 564 4386 cipiente
593 4304 872 4364 Gauzlino
913 4302 1178 4374 ejusdem
1210 4298 1318 4355 loci
1369 4297 1597 4386 abbate,
1657 4294 1960 4351 omnibus-

315 4385 440 4476 quae
473 4401 688 4456 sancta:
718 4393 877 4450 illius
909 4386 1376 4463 congregationis
1410 4385 1684 4441 fratribus
1711 4399 1961 4476 consen—

2137 479 2301 532 Anno
2332 481 2464 550 post
2495 478 2616 534 haec
2669 479 2860 548 tertio,
2917 480 3184 554 ccclipsis
3224 481 3365 537 solis
3423 483 3575 538 facta
3621 489 3710 540 est

2064 583 2199 620 xvm
2230 566 2518 622 Kalendas
2535 568 2911 639 Septembris,
2932 569 3075 624 hora
3096 571 3371 638 secunda,
3400 575 3457 627 et
3477 572 3710 630 siccitas

2068 671 2282 727 magna
2312 656 2370 710 in
2405 672 2605 711 mense
2663 657 2836 724 Maio,
2886 658 3062 714 Junio
3119 663 3176 714 et
3231 659 3409 726 Julio,
3441 665 3496 716 et
3543 661 3712 718 stella

2066 747 2320 798 cometes
2351 746 2643 816 apparuit.
2680 747 2892 802 Eodem
2943 765 3116 814 anno,
3172 748 3229 803 id
3263 753 3352 804 est
3399 743 3708 807 Dominieae

2066 831 2390 888 nativitatis
2421 834 2546 902 891,
2576 835 2668 890 die
2697 836 3015 902 Dominico,
3048 842 3179 909 post
3209 854 3445 906 nonam,
3487 841 3702 911 pagani

2065 925 2224 986 sunt,
2243 938 2344 991 per
2369 923 2575 978 merita
2596 929 2931 979 sanctorum
2955 926 3268 982 Audomari
3292 932 3466 999 atque
3488 928 3706 984 Bertini

2066 1013 2122 1063 et
2153 1009 2446 1082 Folquini,
2481 1012 2655 1068 occisi
2678 1030 2810 1068 cccx
2839 1014 2895 1068 in
2919 1014 3478 1088 Widingahammoa
3499 1017 3712 1073 Castel-

2064 1096 2240 1153 lionis
2273 1105 2608 1156 sanctorum
2644 1103 3091 1174 praedictorum;
3153 1105 3416 1177 sequenti
3475 1123 3708 1180 quoque

2066 1187 2386 1254 Dominico,
2409 1189 2668 1255 meridie,
2693 1192 2848 1244 venit
2871 1192 3156 1247 exercilus
3179 1193 3439 1265 reliquus
3461 1211 3710 1267 pagano-

2065 1294 2197 1331 rum
2229 1278 2497 1349 ampliori
2531 1279 2905 1335 multitudine
2934 1282 3004 1336 ad
3037 1281 3341 1338 castellum
3373 1288 3707 1341 sanctorum

2069 1366 2475 1436 praedictorum
2503 1385 2516 1431 ;
2550 1373 2605 1423 et
2633 1375 3037 1441 pugnaverunt
3067 1389 3101 1424 a
3140 1371 3379 1428 meridie
3411 1389 3600 1444 usque
3633 1375 3706 1430 ad

2065 1471 2392 1526 vesperum,
2407 1473 2461 1512 vr
2483 1457 2676 1513 Nonas
2698 1458 2857 1520 Maii,
2883 1462 2939 1513 et
2959 1458 3105 1513 nihil
3129 1459 3574 1532 praevaluerunt.
3593 1463 3705 1519 Sed

2068 1543 2264 1615 aliqua
2297 1563 2431 1616 pars
2461 1545 2692 1602 illorum
2727 1546 2964 1602 intravit
2997 1547 3301 1604 ecclesiam
3356 1551 3542 1606 sancti
3573 1551 3708 1608 Ber-

2068 1632 2176 1686 tini
2227 1633 2424 1704 ibique
2455 1635 2584 1689 caeci
2615 1636 2798 1689 effecti
2831 1641 2970 1690 sunt
3013 1654 3090 1691 xu
3117 1637 3244 1706 viri,
3293 1641 3351 1693 et
3378 1639 3586 1695 vexilla
3615 1657 3710 1696 eo-

2071 1737 2200 1775 rum
2222 1720 2279 1776 in
2314 1721 2487 1777 aliam
2525 1724 2771 1795 ﬁguram
2805 1729 3031 1780 mutata
3060 1729 3238 1794 sunt;
3287 1729 3440 1798 quod
3470 1727 3705 1786 libellus

2074 1808 2484 1865 miraculorum
2517 1812 2700 1865 sancti
2737 1813 2948 1867 Bertini
2981 1813 3348 1884 apertissime
3368 1819 3636 1873 testatur.

2071 1913 2282 1968 LXVII.
2365 1915 2611 1982 Qualiter
2671 1917 2837 1969 abbas
2914 1917 3177 1988 Iloriulfus
3246 1920 3389 1989 apud
3443 1923 3713 1978 Atrebatis

2635 1991 2904 2053 aegrotans
2926 1989 3140 2043 abierit.

2140 2072 2312 2144 (892.)
2351 2073 2580 2142 Deinde,
2617 2091 2769 2130 anno
2830 2080 2959 2146 post
3011 2076 3131 2132 haec
3167 2076 3366 2146 altero,
3429 2081 3713 2138 Rodulfus

2069 2162 2251 2216 abbas
2274 2163 2427 2234 apud
2450 2164 2787 2230 Attrebatis,
2805 2164 2861 2218 in
2888 2165 3098 2221 diebus
3123 2171 3458 2224 octavarum
3479 2169 3711 2227 Domini

2069 2250 2414 2322 sanguinem
2448 2252 2743 2318 minuans,
2778 2269 2814 2306 ιι
2848 2252 3042 2308 Nonas
3071 2255 3358 2324 Januarii,
3393 2257 3546 2312 circa
3579 2276 3705 2315 me-

2069 2339 2227 2393 diam
2258 2343 2506 2407 noctam,
2539 2341 2847 2395 brachium
2879 2341 3006 2411 ejus
3038 2344 3210 2414 ccepit
3245 2348 3585 2418 turgescens
3613 2347 3707 2403 in-

2071 2427 2194 2482 ﬂari
2219 2446 2231 2494 ;
2262 2427 2661 2500 paulatimque
2685 2429 2880 2484 dolore
2910 2431 2981 2484 ad
3007 2432 3322 2502 praecordia
3339 2440 3704 2506 properante,

2070 2516 2214 2571 obiit
2243 2515 2335 2571 die
2360 2515 2784 2582 illuscescente,
2811 2518 2962 2574 anno
2991 2521 3220 2575 Domini
3272 2522 3396 2578 892.
3431 2523 3555 2578 Non
3587 2524 3708 2581 hzec

2070 2610 2269 2660 autem
2301 2605 2416 2660 dixi
2451 2611 2515 2660 ut
2543 2610 2805 2662 astruam
2837 2607 3058 2664 lunaris
3097 2609 3253 2682 globi
3311 2628 3622 2668 numerum
3653 2618 3712 2671 et

2070 2696 2661 2757 cursum,secundum
2677 2713 3097 2767 supervacuam
3113 2699 3506 2756 mundialium
3520 2703 3748 2774 sapien-

2069 2783 2233 2848 tiam,
2268 2799 2301 2837 a
2326 2783 2672 2839 Christianis
2701 2801 2829 2840 esse
2861 2786 3312 2858 observandum,
3345 2805 3410 2843 ac
3451 2790 3520 2858 si,
3556 2793 3710 2863 quod

2071 2872 2234 2927 nefas
2265 2875 2354 2926 est
2378 2872 2553 2927 etiam
2586 2872 2777 2930 dicere
2807 2878 2864 2929 et
2893 2874 3171 2930 horribile
3203 2877 3404 2932 auditu
3446 2879 3713 2937 Christus

2070 2960 2130 3015 in
2163 2977 2224 3028 II,
2257 2977 2315 3014 ιιι
2344 2963 2400 3014 et
2429 2977 2485 3017 IV
2516 2959 2657 3016 luna
2683 2965 3028 3033 potestatem
3062 2967 3274 3031 teneat,
3308 2965 3366 3020 in
3390 2983 3409 3021 1
3441 2972 3635 3023 autem
3656 2972 3716 3025 et

2069 3065 2103 3102 v
2133 3053 2190 3104 et
2215 3065 2313 3104 vm
2347 3049 2604 3117 amittat;
2629 3051 2730 3106 sed
2753 3051 3031 3107 veraciter
3063 3053 3192 3108 dico
3219 3055 3375 3125 quod
3401 3057 3714 3127 praesciens

2071 3137 2268 3194 omnia
2301 3143 2448 3193 Deus
2471 3139 2947 3210 praedestinatum
2967 3143 3096 3212 ejus
3116 3143 3431 3199 terminum
3453 3146 3582 3201 vitze
3605 3148 3716 3203 sub

2072 3226 2181 3281 hac
2211 3226 2394 3282 voluit
2424 3228 2727 3284 occasione
2757 3228 2946 3284 ﬁnire.
2981 3230 3259 3302 Sepultus
3288 3237 3378 3288 est
3401 3238 3596 3290 autem
3631 3236 3715 3292 is-

2073 3315 2204 3370 dem
2237 3315 2418 3370 abbas
2450 3315 2510 3370 in
2535 3316 2886 3372 monasterio
2918 3318 3100 3373 sancti
3132 3319 3390 3376 Vedasti.

2073 3421 2311 3477 LXVIII.
2373 3423 2626 3491 Qualiter
2676 3427 2796 3494 post
2827 3425 2944 3480 Iure
2987 3426 3132 3480 locus
3163 3427 3263 3481 iste
3319 3429 3377 3482 in
3411 3428 3595 3483 laz'calz
3629 3445 3716 3484 νε·

2139 3493 2433 3575 ιίᾳσιιιςςβδί
2484 3493 2789 3565 potestate;
2819 3503 2870 3551 et
2910 3495 2975 3550 de
3031 3507 3202 3553 morie
3231 3499 3472 3554 Foleom's
3528 3501 3711 3556 archi-

2134 3581 2363 3636 piscopz.

2100 3695 2102 3698 ν
2140 3671 2533 3728 Postmortem
2549 3677 2741 3728 autem
2757 3673 2983 3729 Rodulﬁ
2999 3675 3716 3747 abbatis,Balduinus(108

2069 3759 2306 3816 inclitus
2333 3760 2681 3828 marchisus,
2711 3762 3016 3832 Flandrice,
3078 3765 3349 3832 Boloniee,
3401 3767 3712 3824 Ternensis

2068 3849 2243 3903 etiam
2302 3865 2516 3916 comes,
2572 3851 2866 3906 abbatiam
2927 3855 3120 3908 tenere
3182 3854 3458 3926 gestiens,
3513 3868 3737 3929 regem‘

2070 3937 2322 3992 Francize
2375 3937 2538 4005 adiit,
2595 3939 3031 4012 deprecaturus,
3093 3942 3142 3996 si
3188 3942 3246 3997 id
3296 3945 3710 4015 quoquomodo

2069 4031 2267 4098 posset
2296 4028 2574 4100 torqueri,
2603 4029 2896 4084 abbatiam
2949 4030 3260 4087 Sithiensis
3305 4033 3548 4089 caenobii
3599 4033 3712 4089 sibi

2069 4117 2326 4171 concedi.
2359 4118 2520 4181 Quod
2573 4119 2878 4174 audientes
2903 4120 3029 4190 jam
3061 4120 3198 4176 dicti
3227 4121 3414 4178 sancti
3447 4121 3555 4178 loci
3588 4138 3712 4178 mo-

2071 4205 2261 4272 nachi,
2291 4205 2697 4262 Grimbaldum
2731 4210 3071 4280 quemdam,
3093 4226 3162 4265 ex
3190 4210 3335 4281 ipsis
3358 4211 3713 4266 monachum

2069 4293 2204 4364 (sub
2226 4292 2467 4366 Hugone
2489 4297 2800 4352 venerabili
2827 4297 3037 4352 abbate
3059 4297 3405 4353 duodecimo
3417 4299 3712 4370 praedicto,

2067 4380 2366 4449 vestitum,
2401 4385 2590 4454 gratia
2619 4389 2676 4440 et
2705 4384 2922 4440 honore
2943 4385 3232 4458 dignum),
3257 4387 3328 4441 ad
3361 4403 3556 4459 regem
3574 4385 3713 4441 diri-

311 4471 614 4553 tientibus,
649 4477 1248 4552 destinatus,petierit
1279 4495 1313 4532 a
1343 4476 1578 4548 praefato
1605 4475 1820 4529 domno
1843 4472 1960 4527 Ro-
1990 4490 2039 4555 D
2070 4475 2234 4542 gunt,
2270 4471 2327 4525 id
2357 4472 2731 4542 omnimodis,
2763 4474 2812 4528 si
2841 4479 3056 4546 posset,
3077 4474 3389 4529 consilium
3412 4480 3530 4531 toto
3548 4491 3717 4530 cona-

312 4580 470 4637 dulfo
492 4575 776 4650 quasdam
806 4589 895 4627 res
917 4573 1151 4642 propter
1172 4563 1509 4637 temporalis
1540 4561 1746 4616 solatia
1767 4570 1980 4616 neses-‘

313 4669 526 4736 sitatis,
560 4666 701 4720 dum
733 4663 860 4733 ejus
887 4659 1205 4714 adhaereret
1234 4653 1422 4718 lateri,
1445 4650 1634 4706 abillo
1656 4665 1964 4705 concessas

313 4758 426 4814 sibi
458 4754 676 4812 nostris
707 4749 1033 4824 specialiter
1063 4745 1268 4801 usibus
1322 4739 1575 4813 delegari
1605 4743 1778 4811 atque
1835 4754 1968 4793 con-

311 4846 497 4903 tradi:
533 4839 617 4901 sic
646 4847 866 4905 tamen,
892 4843 957 4893 ut
1003 4834 1173 4892 annis
1221 4831 1472 4905 singulis
1503 4830 1573 4885 ad
1599 4827 1967 4883 festivitatem

314 4936 503 4993 sancti
533 4930 809 4996 Amandi,
836 4945 964 5000 quae
991 4929 1078 4980 est
1099 4941 1176 4979 vn
1199 4921 1486 4977 Kalendas
1509 4916 1872 4983 Novembris,
1897 4915 1967 4970 de

310 5027 455 5099 ipsis
487 5025 664 5080 rebus
698 5019 866 5076 nobis
894 5013 1265 5071 refectionem
1289 5010 1597 5082 praeparet.

382 5129 1000 5205 (1105)Auc_to_resNovce
1033 5120 1178 5205 Galil.
1226 5117 1450 5205 Christi
1475 5109 1957 5205 Chartam

309 5182 641 5261 milia:th
657 5182 846 5270 fuisse
887 5196 1096 5268 putant
1125 5189 1358 5246 biennio
1390 5185 1813 5270 postnqhartam
1846 5182 1958 5270 lto-

309 5258 432 5332 dini
459 5258 736 5346 superius
767 5258 1033 5346 relatam,
1079 5278 1288 5344 nempe
1318 5258 1494 5346 anno,
1846 5258 1959 5346 ini:

307 5331 459 5403 tium
486 5331 649 5417 re‘gni
682 5339 868 5417 Caroli
885 5335 1094 5417 Crassi
1121 5331 1367 5417 sumunt
1386 5331 1457 5385 ab
1475 5334 1958 5417 eo‘tetmporequo

307 5399 779 5484 in—ljotharingia
797 5408 1203 5484 principatum
1236 5403 1588 5484 obtinuerat;
1621 5399 1793 5479 Recte
1811 5399 1956 5484 qui:

307 5470 627 5562 detr—ivquOd
659 5470 731 5562 ad
763 5470 1279 5562 chartamﬂodini‘
1302 5474 1506 5562 attinet
1527 5470 1958 5562 ;J_bLicnver()_,.-:s-i

305 5541 644 5637 verhajipsa
670 5548 1052 5619 instrumenti
1082 5546 1375 5618 attendas,
1407 5543 1490 5606 nil
1521 5541 1768 5603 dubium
1814 5541 1957 5618 quin

2069 4558 2226 4614 mine
2256 4562 2677 4617 evacuandum.
2711 4562 2831 4626 Quo
2861 4562 3216 4634 proﬁciente,
3251 4563 3478 4619 obviam
3511 4562 3718 4619 habuit

2074 4649 2346 4703 eumdem
2378 4651 2671 4718 comitem,
2707 4669 2821 4723 quo
2853 4652 3115 4707 tenderet
3145 4651 3558 4724 requirentem.
3609 4650 3716 4706 Cui

2075 4753 2207 4790 eum
2242 4739 2640 4809 respondisset
2668 4757 2730 4796 se
2757 4757 2950 4812 regem
2975 4742 3238 4813 expetere
3259 4740 3422 4810 velle,
3442 4741 3718 4797 indicavit

2075 4825 2125 4880 ei
2157 4843 2220 4882 se
2248 4829 2404 4898 regia
2433 4829 2742 4885 donatione
2773 4830 3066 4885 abbatiam
3110 4829 3408 4902 acquirere
3440 4847 3629 4902 posse,
3663 4829 3714 4886 si

2077 4915 2496 4972 monachorum
2526 4918 2793 4974 voluntas
2843 4918 2902 4973 in
2936 4919 3043 4974 hoc
3080 4936 3195 4974 non
3250 4918 3547 4975 videretur
3576 4935 3716 4974 con-

2075 5003 2289 5071 traire;
2324 5021 2385 5060 se
2433 5023 2665 5077 quoque
2715 5007 2924 5063 obnixe
2972 5011 3164 5080 petere
3209 5024 3280 5063 ne
3336 5024 3468 5064 eum
3503 5024 3572 5064 ex
3602 5007 3712 5065 hoc

2069 5113 2279 5189 agatur
2309 5110 2379 5166 de
2409 5113 2673 5189 ejusdem
2727 5113 2914 5189 Caroli
2947 5115 3212 5189 regnoin
3247 5115 3509 5184 Francia,
3542 5117 3714 5189 cujus

2074 5180 2281 5236 tertius
2314 5180 2504 5239 annus
2529 5186 2600 5239 ad
2636 5203 2686 5240 a.
2722 5187 2826 5240 887
2857 5180 3217 5243 revocandus
3246 5192 3352 5244 est.

2137 5254 2668 5336 (ἕρφέλθεθβδῖ.
2768 5327 2782 5336 .
2920 5329 3026 5336 ._
3529 5328 3541 5336 .
3695 5330 3704 5336 .

2137 5325 2594 5404 (10:7)Quasdam
2619 5327 2896 5404 ejusdem
2917 5329 3290 5404 instrumenti
3320 5328 3584 5404 clausula
3613 5330 3705 5404 rea;

2066 5393 2452 5476 tuli‘tnlldabill:
2483 5393 2942 5476 4nnai.__Bened.,
2976 5405 3117 5476 tom.
3150 5402 3248 5476 _II[_,
3283 5420 3414 5476 pag.
3448 5402 3571 5458 280.

2137 5466 2283 5543 (108)
2317 5467 2640 5530 Balduinus
2669 5469 2737 5541 ΙΙ,
2761 5466 3108 5552 cognOmine
3137 5466 3363 5534 Calvus.
