4086 6188
500 230 525 288 1
539 229 655 288 255

1570 219 1938 292 FOLQUINI
1982 220 2046 284 S.
2091 219 2410 286 BERTINI
2451 223 2829 288 MONACHI.

3691 238 3806 300 ως

496 365 668 422 vellet
696 359 1001 435 impedire.
1032 357 1274 415 Talibus
1303 357 1363 412 in
1394 356 1590 413 verbis
1645 355 1971 410 discessum
2013 360 2134 423 est;
2166 357 2221 424 Α
2251 361 2310 411 et
2341 356 2420 412 ita
2450 363 2681 414 constat
2710 359 2952 416 factum.
3005 360 3197 417 Isdem
3231 361 3442 418 audem
3489 362 3805 435 Winemarus,

496 453 1008 523 Grimbaldusque,
1022 448 1115 504 via
1132 465 1248 521 qua
1259 450 1528 519 coeperat,
1545 445 1886 517 pervenitad
1907 461 2096 516 regem
2123 464 2134 512 ;

495 543 823 618 reperitque
866 541 942 596 ibi
1003 536 1390 594 venerabilem
1446 534 1774 599 Folconem,
1839 533 2136 615 quondam

496 632 806 692 Sithiensis
838 628 1084 687 ccenobii
1117 628 1409 692 abbatem,
1445 629 1585 680 tunc
1622 639 1755 679 vero
1813 621 2135 695 gloriosum

495 724 850 780 Rhemorum
884 715 1380 789 archiprmsulem.
1414 713 1516 769 Cui
1547 729 1681 768 cum
1713 728 1781 767 ex
1820 710 2135 767 monacho-

493 830 625 869 rum
640 810 850 878 verbis,
871 808 1347 864 intimassetomn
1357 820 1420 858 es
1431 802 1788 858 unanimiter
1798 799 2133 855 antelocum

489 902 638 959 velle
655 902 844 957 deser.
860 916 939 966 re,
972 913 1149 969 quam
1168 911 1332 950 sacer
1361 891 1524 947 locus
1547 891 1654 946 sub
1687 888 1878 945 laicali
1911 887 2134 961 redige-

492 997 651 1049 retur
681 992 988 1063 potestate,
1009 982 1344 1057 postulavit,
1379 981 1439 1036 in
1475 980 1570 1036 Dei
1593 977 2013 1050 omnipotentis
2035 993 2134 1032 no-

491 1081 668 1148 mine,
693 1083 757 1135 ut
784 1080 1074 1149 expeteret
1102 1073 1223 1146 regi
1255 1088 1327 1127 ne
1355 1070 1465 1128 hoc
1490 1069 1599 1125 sub
1632 1068 1760 1139 ejus
1808 1067 1970 1138 regni
2002 1083 2131 1138 per-

489 1170 747 1226 mitteret
778 1167 897 1222 ﬁeri
925 1171 1036 1220 tem
1046 1179 1203 1236 pore,
1227 1159 1380 1233 quod
1401 1159 1472 1213 ab
1494 1155 1962 1212 antecessoribus
1984 1172 2133 1210 nun-

490 1275 668 1331 quam
697 1257 1008 1312 videbatur
1039 1253 1254 1308 factum
1286 1264 1433 1304 esse.
1467 1245 1628 1312 Quod
1662 1244 1908 1300 audiens
1939 1243 2128 1298 archi-

487 1348 796 1420 episcopus
811 1345 999 1408 Folco,
1016 1338 1329 1396 condolens
1343 1335 1602 1409 petitioni
1621 1334 1768 1404 ejus,
1792 1347 2131 1405 memorque

489 1435 742 1507 antiquae
774 1430 1100 1488 dilectionis
1131 1428 1284 1483 circa
1312 1424 1583 1481 eumdem
1612 1423 1826 1490 locum,
1851 1439 1970 1477 una
1994 1438 2128 1476 cum

486 1524 614 1597 ipso
648 1520 984 1579 Grimbaldo
1014 1519 1085 1574 ad
1119 1533 1313 1589 regem
1341 1513 1598 1580 veniens,
1621 1511 1797 1567 verba
1813 1509 2126 1566 monacho-

483 1630 614 1669 rum
649 1609 959 1677 intimavit,
993 1612 1067 1674 et,
1101 1623 1173 1661 ne
1220 1603 1406 1660 laicus
1436 1600 1738 1657 monachis
1768 1615 2126 1671 superpone-

482 1707 662 1771 retur,
695 1697 1050 1757 omnimodis
1079 1693 1432 1768 expoposcit.
1470 1692 1588 1746 Rex
1616 1694 1810 1745 autem
1857 1705 2125 1744 annuens

481 1795 609 1864 ejus
640 1789 924 1864 petitioni,
957 1803 1059 1860 per
1090 1786 1332 1840 fratrum
1366 1777 1956 1864 electionem,‘cidem
1989 1776 2118 1832 Fol-

479 1861 610 1938 coni
640 1861 935 1936 abbatiam
967 1877 1206 1931 demum
1225 1870 1518 1928 commisit
1534 1861 1848 1940 regendam
1869 1865 1993 1938 [qui
2016 1883 2118 1921 an-

480 1971 572 2025 nis
605 1974 855 2041 quatuor
884 1971 1120 2021 strenue
1149 1961 1316 2027 rexit,
1347 1974 1626 2030 reparans
1675 1955 2118 2021 monasterium,

477 2059 588 2112 sud
622 2057 740 2112 Rod
753 2054 870 2110 ulfo
901 2053 1108 2108 abbate
1136 2048 1948 2119 tempestataconsumptum.
1981 2043 2119 2115 Ejus

479 2151 760 2218 tempore,
794 2141 1136 2199 Cluniaeum
1172 2136 1494 2207 fundatur].
1529 2136 1657 2190 Haec
1686 2135 1737 2190 ei
1767 2150 1902 2206 ergo
1943 2150 2121 2189 causa

478 2232 795 2292 seminaria
824 2230 936 2285 fuit
978 2229 1092 2284 odii
1125 2227 1276 2282 inter
1325 2224 1607 2280 eumdum
1665 2221 1970 2277 Folconem
1996 2221 2119 2293 epi-

476 2339 722 2396 scopum
752 2324 809 2376 et
837 2319 1129 2380 abbatem,
1165 2320 1223 2370 et
1252 2313 1519 2369 inclitum
1577 2310 1930 2370 Balduinum
1960 2329 2115 2367 mar-

475 2413 742 2468 chionem
769 2428 781 2478 ;
816 2413 874 2464 et
903 2407 1024 2462 haec
1055 2403 1361 2460 inimicitia
1389 2418 1487 2458 vm
1510 2417 1797 2456 annorum
1819 2401 1937 2456 fere
1953 2417 2120 2456 occu-

472 2507 711 2575 paverat
739 2505 992 2570 tempus,
1027 2496 1209 2550 donec
1250 2492 1524 2565 praefatus
1554 2507 1751 2546 comes
1792 2489 2118 2546 Balduinus

473 2591 688 2664 (scelus
718 2587 873 2661 quod
903 2587 1100 2642 animo
1131 2588 1473 2654 conceperat
1497 2583 1784 2636 evomeret
1805 2585 1870 2634 ut
1896 2580 2119 2651 (quem-

472 2683 608 2737 dam
640 2679 885 2735 militem
918 2671 1356 2744 suum,nomine
1372 2671 1802 2737 Winemarum,
1825 2670 1895 2724 ad
1920 2685 2114 2742 regem

471 2768 742 2826 Carolum
779 2781 1047 2838 puerum,
1081 2762 1180 2834 qui
1209 2765 1349 2816 tunc
1371 2760 1671 2831 regnabat,
1695 2775 1800 2830 pro
1822 2775 1888 2814 ac
1911 2759 2114 2815 eadem

471 2875 649 2914 causa
678 2855 970 2926 dirigeret,
1005 2856 1061 2907 et
1091 2855 1156 2906 ut
1186 2847 1444 2926 episcopi
1472 2848 1736 2903 animum
1766 2847 2116 2919 placaret,et

471 2949 543 3004 ad
563 2942 1045 3002 consentiendum
1059 2940 1138 3008 id,
1153 2938 1330 3009 siquo
1349 2937 1520 2992 modo
1544 2941 1758 3008 posset,
1784 2935 2109 2994 inclinaret.

2249 445 2366 501 doli
2401 447 2689 516 minister,
2720 443 2776 503 in
2813 448 3004 505 cordis
3035 449 3128 505 sui
3156 449 3380 506 duritia
3405 466 3745 526 perseverans,
3766 475 3807 514 se

2247 534 2490 591 minime
2519 552 2685 592 reum
2717 538 2891 610 cmpit
2935 554 3250 606 excusare;
3306 540 3587 596 asserebat
3624 545 3746 601 enim
3767 564 3808 604 se

2248 623 2355 678 hoc
2387 641 2491 696 pro
2525 625 2775 684 senioris
2805 627 2897 684 sui
2921 627 3200 684 ﬁdelitate
3216 632 3496 700 patrasse,
3520 629 3702 688 idcirco
3715 634 3809 692 ﬁne-

2244 716 2418 768 tenus
2439 713 2496 768 in
2518 713 2644 785 ipso
2667 716 2992 786 permansit
3006 717 3278 772 anatbem
3287 717 3440 772 athe.
3456 717 3731 776 Balduinus
3745 739 3810 779 au-

2242 804 2383 871 tem,
2417 802 2717 874 posthaec,
2751 805 3059 860 abbatiam‘
3077 806 3338 862 obtinuit
3367 805 3519 878 regia
3553 808 3810 872 donatione.

2244 889 2434 945 LXIX.
2468 892 2543 946 De
2569 893 2826 948 unctione
2883 895 3070 950 Caroli
3096 895 3244 963 regis
3274 898 3329 949 et
3357 894 3422 950 de
3473 895 3686 967 ejusdem
3714 900 3808 956 elec-

2805 982 2953 1038 tione
2981 982 3048 1038 de
3077 983 3334 1040 Francia.

2311 1067 2485 1139 (893.)
2503 1070 2667 1125 Anno
2689 1069 2873 1144 igitur
2893 1071 3216 1128 nativitatis
3249 1072 3477 1128 Domini
3497 1073 3611 1142 893,
3629 1075 3810 1135 Carolus

2239 1173 2404 1228 puer.
2435 1157 2806 1215 Carlomanni
2836 1160 2990 1233 regis
3019 1161 3177 1217 ﬁlius
3208 1162 3486 1234 (109),rex
3508 1166 3807 1222 constituitur

2239 1245 2478 1302 Rhemis
2491 1247 2806 1316 civitate,in
2820 1249 3230 1306 Puriﬁcatione
3241 1256 3459 1306 sanctae
3478 1251 3714 1320 Mariteux
3726 1255 3808 1311 No-

2238 1350 2345 1389 nas
2378 1335 2696 1404 Februarii,
2722 1342 3099 1396 consecratus
3130 1357 3165 1395 a
3193 1340 3473 1412 praedicto
3515 1340 3718 1399 Folcone
3741 1360 3804 1399 ar-

2236 1421 2600 1495 chipraesule,
2635 1425 2858 1482 vivente
2886 1427 3078 1483 adhuc
3108 1427 3314 1484 Odone
3345 1430 3616 1485 antedicto
3641 1433 3804 1505 regem

2235 1513 2406 1582 cujus
2420 1529 2570 1568 anno
2585 1531 2645 1582 ιι,
2661 1514 2966 1572 castellum
2989 1516 3175 1572 sancti
3194 1518 3515 1573 Audomari
3536 1518 3807 1591 igueconsu-

2235 1600 2434 1656 mitur.
2449 1602 2706 1658 Audiens
2719 1603 2840 1658 Odo
2860 1605 3124 1676 rexquod
3144 1622 3286 1678 pars
3307 1605 3506 1678 aliqua
3530 1607 3805 1666 Francorum

2232 1687 2293 1744 in
2324 1706 2516 1762 regem
2551 1692 2858 1749 unxissent
2887 1693 3182 1763 Carolum,
3216 1697 3658 1768 persequebatur
3686 1698 3804 1756 illum

2228 1793 2362 1833 cum
2377 1783 2562 1836 matre
2574 1780 3270 1840 Ermentrudaincunctis
3283 1786 3806 1848 ﬁnibusFrancorum.

2226 1868 2483 1924 Tandem
2506 1871 2730 1940 Franci,
2745 1872 2846 1943 qui
2867 1889 3002 1928 eum
3024 1890 3204 1946 super
3224 1891 3290 1930 se
3305 1891 3499 1949 regem
3528 1880 3800 1946 statuerant,

2225 1973 2446 2014 veneno
2477 1958 2694 2016 Odonis
2724 1961 2878 2032 regis
2901 1961 3078 2018 vitam
3101 1963 3485 2036 exstinguere
3500 1964 3661 2020 moliti
3679 1973 3800 2034 sunt;

2229 2047 2382 2120 quod
2405 2053 2466 2103 et
2493 2049 2769 2104 fecerunt.
2797 2052 2921 2117 Quo
2949 2052 3246 2120 defuncto,
3267 2052 3508 2110 Carolus
3522 2071 3627 2122 rex,
3643 2055 3800 2127 absque

2227 2136 2348 2192 ulla
2378 2137 2803 2208 contrarietate,
2837 2140 3195 2197 Francorum
3245 2142 3507 2214 suscepit
3533 2142 3798 2215 imperium.

2227 2225 2335 2289 Qui
2352 2226 2732 2282 conﬁrmatus
2749 2227 2808 2282 in
2823 2243 3019 2300 regno,
3040 2230 3341 2301 quendam
3353 2230 3657 2304 Haganum,
3673 2233 3796 2305 cujus

2226 2331 2412 2387 genus
2440 2320 2497 2371 et
2543 2315 2819 2372 nobilitas
2875 2317 3263 2389 ignorabatur
3293 2337 3329 2376 a
3386 2320 3628 2388 Francis,
3675 2336 3804 2393 super

2227 2421 2431 2460 omnes
2463 2403 2760 2477 diligendo
2783 2405 3072 2475 extulit,et
3102 2407 3264 2465 hunc
3279 2409 3617 2465 familiarius
3638 2409 3798 2465 ceteris

2227 2493 2340 2550 sibi
2371 2493 2773 2550 consiliarium
2805 2494 3031 2551 ascivit.
3056 2496 3218 2560 Quod
3235 2497 3506 2555 videntes
3523 2498 3799 2565 Franci,uon

2224 2584 2426 2641 leviter
2445 2583 2630 2656 ignoti
2649 2583 2908 2639 hominis
2925 2584 3216 2642 amicitias
3233 2585 3522 2658 tulerunt;
3544 2584 3802 2660 regiqueob

2223 2673 2333 2729 hoc
2361 2673 2597 2738 infensi,
2631 2671 2879 2728 insidias
2905 2673 2978 2740 ei,
3012 2672 3074 2728 in
3106 2675 3422 2747 Lugdune,
3446 2675 3593 2748 regia
3610 2675 3798 2741 civitate,

2221 2762 2613 2818 tetenderunt.
2639 2761 2877 2834 Cognito
2902 2766 3120 2832 autem,
3145 2780 3243 2820 rex
3268 2763 3524 2831 Carolus,
3549 2781 3636 2838 per
3653 2764 3797 2836 fugam

2221 2851 2428 2909 exinde
2447 2851 2704 2923 elapsus,
2721 2849 2780 2905 in
2805 2867 3050 2924 regnum
3064 2853 3366 2924 quondam
3379 2853 3614 2910 Lotharii
3629 2867 3800 2908 succes-

2221 2941 2316 2997 sit.
2353 2940 2554 2996 Franci
2588 2939 2644 2994 in
2677 2939 2963 2995 senteniia
2992 2946 3456 3014 perseverantes,
3509 2942 3796 2998 Rodbertum

470 3040 731 3106 Cumque
756 3031 1063 3104 episcopus
1110 3027 1170 3082 in
1213 3043 1341 3092 sua,
1375 3029 1440 3082 ut
1495 3029 1765 3097 coeperat,
1820 3027 2110 3082 sententia
2141 3090 2178 3106 η
2220 3029 2809 3103 quemdam,fratrem
2833 3028 3051 3085 Odonis
3074 3030 3227 3103 regis
3245 3030 3798 3103 supramemorati,su-

469 3090 833 3198 perduraret,
856 3090 1056 3191 sicque
1075 3090 1361 3188 dejeraret
1382 3113 1542 3170 nullo
1566 3090 2108 3173 modoconsentiret
2137 3090 2179 3157 (ἶ
2215 3090 2320 3192 per
2336 3136 2398 3175 se
2421 3090 2614 3191 regem
2630 3121 2927 3186 statuunt;
2953 3090 3797 3194 quieratpaterllugonismostea

468 3219 536 3270 ut
561 3213 767 3277 laicus,
800 3213 1002 3266 contra
1031 3210 1368 3262 sanctorum
1395 3221 1684 3260 canonum
1717 3208 1956 3276 statuta,
1979 3205 2108 3276 jam

467 3304 634 3360 dictae
653 3299 1052 3356 dominaretur
1065 3295 1329 3362 abbatiae,
1350 3293 1536 3348 isdem
1558 3293 1955 3361 Winemarus,
1973 3311 2108 3350 cum

466 3393 554 3449 ira
582 3405 870 3457 reversus,
904 3391 962 3442 et
990 3385 1132 3457 quia
1160 3383 1281 3438 hazc
1312 3381 1666 3454 Compendio
1722 3379 1936 3453 palatio
1980 3387 2109 3439 acta

467 3484 651 3547 erant,
685 3475 930 3534 tetendit
960 3473 1203 3530 insidias
1221 3471 1491 3544 episcOpo
1519 3471 1759 3526 Rhemis
1777 3473 2104 3527 revertenti.

465 3571 787 3644 Episcopus
838 3572 1034 3622 autem
1066 3563 1245 3633 hujus
1276 3560 1358 3616 rei
1386 3561 1627 3633 ignarus
1657 3577 1792 3616 cum
1824 3559 1943 3617 illic
1973 3579 2107 3618 cum

467 3660 670 3735 paucis
685 3657 1069 3721 advenissset,
1088 3650 1398 3725 praedictus
1416 3649 1707 3719 (minister
1728 3649 1889 3721 mali)
1914 3650 2110 3706 Wine-

466 3766 688 3815 marus,
720 3763 899 3818 super
925 3761 1058 3800 eum
1092 3759 1226 3798 cum
1261 3738 1798 3812 magna-ferocitate
1853 3740 2105 3807 irruens,

465 3856 584 3896 non
601 3836 820 3894 veritus
833 3833 1076 3906 justitiae
1094 3847 1197 3886 nec
1219 3828 1791 3902 pertimescensiram
1814 3829 1936 3898 Dei,
1953 3831 2108 3902 quod

467 3927 672 3983 auditu
702 3929 793 3982 est
821 3923 996 3978 etiam
1030 3917 1328 3986 horribile,
1385 3916 1724 3989 episcopum
1770 3917 2108 3974 lancearum

467 4012 755 4070 interfecit
782 4009 1120 4082 punctione,
1155 4024 1308 4062 anno
1338 4005 1652 4062 Dominica:
1688 4004 2109 4063 incarnationis

465 4103 594 4168 900,
624 4117 698 4156 xv
721 4098 844 4154 Kal.
877 4096 1039 4163 Julii,
1074 4095 1215 4151 feria
1239 4112 1322 4163 In,
1379 4094 1523 4149 hora
1550 4109 1626 4148 v1.
1661 4095 1804 4150 Ecce
1834 4095 2104 4166 qualiter,

465 4207 570 4264 pro
600 4186 869 4245 Ecclesiae
909 4183 1218 4241 Sithiensis
1258 4182 1521 4250 tuitione,
1569 4182 1760 4239 cultor
1787 4183 1964 4240 vincte
2000 4187 2108 4243 Do-

466 4275 610 4335 mini
642 4277 819 4342 cadit,
857 4275 1050 4331 libans
1100 4271 1376 4328 Salvatori
1437 4271 1696 4327 animam
1739 4273 2106 4346 jungendam

464 4372 804 4424 sanctorum
835 4364 1030 4421 choris
1058 4364 1119 4418 in
1150 4362 1385 4434 perenni
1409 4361 1645 4434 gaudio.
1673 4361 1854 4434 Cujus
1870 4381 2106 4422 venera-

2217 3212 2571 3265 Francorum
2602 3205 2788 3275 ducis,
2825 3207 3202 3280 regnavitque
3235 3209 3411 3265 annis
3457 3211 3566 3264 fere
3591 3207 3789 3264 duobus.

2442 3295 2599 3352 LXX.
2631 3297 2826 3366 Pugna.
2851 3295 3036 3352 Caroli
3061 3300 3252 3353 contra
3280 3297 3612 3355 Rodbertum.

2288 3387 2425 3442 Post
2461 3385 2584 3440 haec
2631 3383 2869 3440 Carolus
2935 3401 3053 3452 rex,
3107 3391 3457 3459 congregato
3505 3382 3720 3442 exercitu
3742 3380 3791 3435 de

2218 3491 2394 3548 regno
2429 3473 2684 3529 Lotharii
2713 3477 2771 3529 et
2799 3473 2870 3529 de
2902 3473 3144 3546 reliquis
3169 3475 3549 3532 orientalibus
3591 3469 3789 3534 Francis,

2217 3569 2422 3620 contra
2450 3562 2722 3619 eumdem
2755 3562 3113 3619 Rodbertum
3146 3569 3511 3638 pugnaturus
3534 3560 3790 3626 accedit,et,

2215 3654 2277 3710 in
2301 3653 2393 3708 die
2408 3653 2664 3724 quodam
2686 3651 2990 3708 Dominico
3011 3651 3443 3721 illuscescente,
3470 3651 3678 3708 transiit
3691 3661 3790 3704 cum

2215 3741 2470 3798 exercitu
2501 3741 2714 3796 vadum
2747 3740 3007 3797 ﬂuminis
3038 3747 3204 3798 lseras
3223 3743 3601 3814 ;occurritque
3617 3740 3661 3795 ei
3685 3751 3790 3810 pra-

2217 3831 2408 3887 dictus
2441 3830 2770 3886 Robbertus
2815 3846 2950 3885 cum
3007 3830 3454 3887 occidentalium
3503 3831 3789 3886 Francorum

2215 3919 2612 3988 multitudine,
2649 3917 2708 3973 in
2741 3935 2890 3992 pago
2933 3920 3302 3989 Suessonico,
3361 3921 3419 3977 in
3461 3919 3575 3976 loco
3613 3928 3788 3974 nuncu-

2217 4013 2352 4082 pato
2383 4008 2646 4080 (l10).....
2671 4006 2940 4080 factaque
2968 4013 3058 4064 est
3087 4007 3232 4064 inibi
3264 4015 3470 4086 mutua
3497 4008 3786 4063 Francorum

2217 4098 2402 4154 caedes
2432 4095 2812 4170 permaxima.
2864 4095 3170 4154 Folbertus
3200 4103 3400 4155 autem
3455 4096 3682 4170 quidam,
3707 4089 3788 4144 Ca-

2216 4186 2324 4244 roli
2357 4185 2511 4258 regis
2566 4185 3007 4258 antesignanus,
3047 4187 3410 4243 Rodbertum
3440 4187 3496 4242 in
3525 4181 3691 4258 praelio
3717 4191 3786 4233 ex-

2215 4275 2485 4347 quirebat
2523 4275 2826 4330 attentius.
2879 4275 3103 4331 Accidit
3158 4281 3357 4332 autem
3414 4281 3477 4332 ut
3525 4268 3785 4330 occurreret

2214 4364 2300 4420 illi
2329 4365 2555 4420 detecta
2578 4363 2779 4430 barba,
2833 4381 3008 4436 quam
3067 4365 3350 4436 prolixam
3406 4365 3573 4421 lorica
3620 4356 3786 4415 texerat

464 4457 578 4513 bile
608 4472 822 4529 corpus
851 4457 1244 4517 assumentes,
1275 4451 1494 4518 Remis,
1528 4451 1586 4506 in
1628 4451 1933 4508 ecclesiam
1965 4453 2105 4510 almi
2135 4461 2183 4526 Ι)
2213 4470 2390 4526 super
2419 4451 2686 4525 alligata;
2721 4469 2972 4524 moxque
2999 4453 3126 4510 sine
3157 4471 3343 4523 mora,
3378 4452 3583 4510 mutuis
3609 4465 3660 4504 se
3682 4458 3783 4500 cou-

464 4545 712 4618 Remigii
742 4542 1030 4616 praesulis,
1060 4541 1377 4598 honoriﬁce
1407 4539 1778 4612 sepelierunt,
1813 4543 1975 4607 Quod
2006 4559 2106 4600 ne-

463 4635 550 4692 fas
589 4633 923 4695 inauditum
974 4630 1129 4686 illico
1173 4631 1538 4685 diffamatum
1570 4633 1658 4685 est
1686 4646 1789 4702 per
1843 4632 2110 4703 regiones

463 4727 805 4780 cunctarum
837 4720 1288 4794 provinciarum,
1318 4735 1424 4774 nec
1456 4717 1643 4790 potuit
1671 4717 1840 4774 lateri
1890 4721 2106 4790 Romae,

463 4817 806 4867 cunctarum
840 4810 1075 4866 urbium
1109 4807 1382 4864 dominae.
1447 4805 1610 4862 Unde
1639 4810 1696 4862 et
1753 4808 2108 4880 apostolicus

463 4900 648 4972 ipsins
680 4904 891 4957 sanctas
924 4899 1199 4954 Romana:
1231 4895 1499 4952 Ecclesiae
1533 4895 1876 4968 praedictum
1905 4897 2105 4954 Wine-

463 5006 694 5045 marum
725 4987 1042 5061 apostolica
1099 4986 1445 5042 auctoritate
1475 4984 1658 5040 vinxit
1717 4985 2106 5053 anathemate,

465 5077 726 5132 scribens
756 5079 829 5132 ad
858 5078 1161 5150 episcopos
1191 5078 1534 5130 cunctarum
1565 5073 2018 5146 provinciarum,
2043 5080 2108 5132 ut

463 5165 667 5221 eodem
691 5164 862 5220 modo
879 5167 1229 5220 damnarent
1248 5163 1395 5219 tanti
1414 5161 1714 5219 homicidii
1735 5179 1929 5231 reum;
1951 5164 2106 5234 quod

502 5307 680 5382 ,(409)
721 5306 980 5382 Carolus,
1041 5307 1387 5380 cognomine
1417 5305 1693 5380 Simplex,
1738 5304 2105 5362 Carlomanni

460 5378 670 5447 frater,
689 5396 803 5436 non
837 5378 995 5435 ﬁlius
1026 5378 1168 5435 erat.

557 5453 678 5514 110)
711 5455 883 5508 Deest
910 5467 1121 5506 nomen
1151 5450 1262 5506 loci
1289 5451 1348 5506 in
1379 5452 1508 5507 cod.

555 5523 580 5586 l
598 5528 617 5583 ί
632 5522 680 5605 1)
704 5521 1040 5586 Heribertus
1056 5526 1130 5596 II,
1149 5538 1346 5582 comes
1365 5521 1870 5598 Viromandensis,
1890 5522 1962 5581 de
1987 5530 2104 5598 quo

2217 4542 2502 4598 fodientes
2531 4540 2798 4614 spiculis,
2829 4545 2984 4598 terra
3015 4547 3186 4599 tenus
3239 4544 3471 4616 utrique
3499 4532 3781 4597 ceciderunt,

2219 4647 2452 4704 unaque
2481 4647 2615 4686 cum
2647 4631 2933 4702 sanguine
2966 4631 3241 4704 spiritum
3271 4626 3674 4689 efﬂaruntvita.
3698 4621 3782 4676 Au-

2219 4720 2440 4776 dientes
2459 4724 2654 4776 autem
2677 4719 3077 4776 Occidentales
3101 4737 3295 4794 regem
3319 4735 3515 4778 eorum
3535 4711 3781 4775 corruisse,

2216 4810 2276 4864 in
2308 4811 2447 4883 fuga
2475 4808 2624 4866 versi
2680 4799 2848 4877 sunt,
2872 4809 3226 4882 victoriaque
3257 4812 3432 4866 cessit
3482 4802 3651 4863 Carolo
3675 4810 3776 4854 cum

2217 4897 2771 4958 Orientalibus.Post
2797 4899 3275 4955 cruentissimum
3304 4916 3436 4955 vero
3464 4893 3706 4970 praelium,
3724 4883 3780 4937 Vi-

2217 4987 2362 5043 dens
2395 4985 2633 5042 Carolus
2664 5003 2724 5042 se
2755 4987 2947 5042 adhuc
2976 4988 3128 5043 inter
3155 4987 3617 5044 adversariorium
3636 4972 3778 5034 medio

2217 5074 2640 5148 positum,hinc
2655 5075 3186 5149 scilicetHugonem
3199 5079 3326 5150 jam
3339 5077 3470 5134 dicti
3484 5063 3777 5150 Rodbertire-

2215 5147 2306 5237 gis
2317 5163 2696 5232 ﬁlium,illinc
2707 5147 3153 5237 Heribertum,ej
3163 5147 3365 5222 usdem
3384 5157 3657 5240 generum(
3663 5147 3772 5219 1“);

2215 5307 2483 5378 sequenti
2516 5305 2769 5379 capitulo
2803 5323 2994 5363 sermo
3026 5307 3354 5364 habebitur.
3380 5303 3776 5380 I’todbertusver0

2216 5378 2394 5418 nlinm
2431 5395 2663 5418 nnnnnn
2694 5395 2970 5418 (ranarum
3004 5378 3206 5418 hnhnil
3241 5379 3533 5418 Dnrlnli'nm
3551 5387 3634 5418 mn
3658 5360 3775 5418 11110·

2215 5375 2397 5434 alium
2431 5375 2664 5451 quoque
2693 5395 2973 5451 generum
3004 5378 3210 5435 habuit
3238 5379 3537 5438 Radulfum
3551 5375 3636 5448 qui
3657 5375 3775 5423 inlo'

2215 5466 2351 5508 cum
2382 5449 2567 5509 soceri
2597 5450 2855 5508 defuncti
2884 5451 3190 5511 successit.
