4154 6186
247 327 277 385 1
293 319 409 379 257

1650 324 2089 389 CHARTULA
2100 326 2323 395 RIUM.

3564 349 3724 428 1258

248 467 583 558 pavorisque
616 467 688 507 ne
723 449 1008 558 irruerint
1038 468 1216 526 super
1238 471 1377 555 eum
1395 474 1528 514 cum
1548 459 1937 516 multitudine
1967 458 2024 527 Α
2056 456 2242 537 Hugo,
2303 468 2421 525 dux
2482 467 2841 528 Francorum
2889 475 3150 547 inclitus,
3238 477 3722 558 Heribertusque,

246 541 532 609 hostium,
567 557 846 598 reversus
878 543 969 596 est
995 557 1129 596 cum
1163 542 1307 611 suis,
1343 547 1497 602 unde
1541 555 1794 618 venerat,
1859 549 1920 604 in

247 629 505 687 Lotharii
536 646 812 704 regnum.

563 765 753 820 LXXI.
787 766 864 822 De
887 763 1200 820 z’nclusionc
1221 770 1364 838 regis
1391 768 1596 826 Caroli.

309 899 411 954 His
441 899 521 954 ita
552 898 824 972 patratis,
845 897 1169 972 praedictus
1192 901 1555 971 Heribertus,
1582 904 1741 960 omni
1763 904 1924 962 dolo-

237 988 409 1044 sitate
433 987 660 1062 plenus,
690 993 825 1061 post
869 1004 1073 1061 regem
1129 987 1405 1048 Carolum
1465 993 1706 1050 nuntios
1757 993 1922 1050 misit

235 1078 432 1134 verbis
462 1077 722 1150 pacificis
753 1077 812 1132 in
844 1077 998 1145 dolo,
1035 1076 1239 1134 dicens
1265 1097 1328 1136 se
1358 1081 1718 1138 omnimodis
1735 1083 1919 1155 poeni-

236 1170 360 1222 tere
394 1167 546 1240 quod
579 1171 780 1223 contra
810 1183 946 1224 eum
979 1171 1233 1223 conatus
1267 1170 1479 1226 fuisset
1501 1188 1673 1244 agere
1699 1191 1711 1240 ;
1737 1173 1912 1242 unde,

235 1256 287 1310 si
324 1260 725 1323 reverteretur,
759 1255 1031 1329 promisit
1061 1254 1112 1310 ei
1141 1272 1395 1328 regnum
1431 1258 1788 1316 Francorum
1813 1278 1916 1334 per

236 1345 439 1400 omnia
487 1345 824 1418 subjugare.
889 1344 1051 1411 Quod
1113 1345 1368 1402 audiens
1428 1347 1690 1415 Carolus,
1744 1349 1912 1406 laetus

233 1434 474 1490 effectus
505 1452 692 1508 usque
723 1434 909 1491 sancti
936 1433 1196 1499 Quintini
1237 1441 1524 1504 castrum,
1557 1437 1908 1495 Vermandis

239 1527 334 1578 est
364 1539 645 1580 reversus.
679 1523 782 1579 Cui
804 1540 1082 1580 occurens
1112 1521 1302 1579 isdem
1331 1525 1698 1593 Heribertus,
1724 1527 1905 1584 intro-

240 1612 409 1668 duxit
437 1629 569 1668 eum
602 1613 659 1668 in
694 1615 964 1669 eumdem
997 1616 1282 1679 castrum,
1326 1616 1794 1689 praeparavitque
1853 1618 1903 1674 ei

236 1701 565 1757 convivium
588 1701 733 1758 satis
764 1702 1184 1758 lautissimum.
1229 1703 1407 1759 Facta
1465 1710 1661 1760 autem
1713 1710 1902 1774 nocte,

231 1808 372 1846 cum
403 1807 606 1847 omnes
633 1792 768 1846 vino
799 1790 1011 1864 sepulti
1033 1790 1421 1863 quiescerent,
1445 1793 1720 1866 praecepit
1742 1795 1902 1850 Heri-

227 1879 435 1935 bertus
464 1879 589 1936 suis
619 1884 708 1948 ut,
739 1881 1043 1946 abeuntes,
1075 1879 1278 1936 omnia
1306 1897 1509 1936 eorum
1534 1900 1698 1937 arma
1727 1885 1895 1941 tolle-

229 1972 387 2035 rent,
419 1983 510 2036 ne,
542 1967 602 2024 in
637 1969 787 2025 facto
819 1969 974 2041 quod
1009 1969 1197 2024 facere
1241 1969 1554 2041 cogitabat,
1613 1970 1898 2028 haberent

235 2056 392 2112 unde
421 2057 690 2114 resistere
722 2062 983 2130 possent.
1018 2058 1155 2112 Orto
1187 2057 1367 2129 igitur
1401 2057 1542 2126 sole,
1602 2059 1894 2132 accipiens

229 2162 452 2218 regem,
484 2146 724 2202 tradidit
755 2147 1055 2202 custodia.
1099 2145 1314 2202 Milites
1341 2151 1558 2214 autem,
1602 2165 1759 2214 cum,
1820 2150 1891 2205 ad

223 2251 396 2290 arma
418 2235 840 2308 confugientes,
875 2252 989 2291 non
1026 2235 1368 2307 reperirent,
1403 2236 1475 2290 ad
1508 2236 1746 2308 propria
1788 2237 1892 2292 do-

229 2323 424 2380 lentes
455 2325 935 2396 repatriaverunt.
969 2324 1307 2380 Heribertus
1351 2328 1542 2380 autem
1601 2324 1894 2397 accipiens

231 2413 532 2483 Carolum,
553 2413 718 2468 duxit
734 2413 792 2468 in
806 2417 1062 2470 castrum
1083 2413 1238 2485 quod
1259 2413 1473 2468 dicitur
1495 2413 1892 2468 ParonaScot-

226 2507 463 2571 torum;
497 2506 735 2575 eratque
766 2502 844 2558 ibi
878 2503 989 2558 sub
1021 2500 1292 2558 custodia
1319 2499 1554 2556 clausus
1585 2517 1772 2573 usque
1817 2503 1892 2557 ad

223 2592 385 2648 diem
418 2591 624 2648 mortis
655 2593 803 2662 ejus.
837 2591 992 2647 Uxor
1015 2607 1146 2647 vero
1176 2591 1326 2662 ejus,
1371 2589 1590 2663 regina,
1653 2589 1891 2646 nomine

223 2681 470 2754 Odgiva,
501 2697 711 2753 genere
741 2679 1160 2747 transmarina,
1222 2695 1358 2734 cum
1405 2683 1462 2734 et
1493 2678 1621 2750 ipsa
1670 2678 1890 2735 multas

222 2767 625 2824 insecutiones
657 2767 865 2824 fuisset
895 2767 1006 2822 sub
1039 2767 1148 2822 hoc
1178 2770 1441 2838 tempore
1472 2783 1665 2839 passa,
1701 2765 1888 2823 filium

224 2874 431 2923 suum,
465 2856 823 2912 Ludovicum
855 2873 1125 2930 puerum,
1159 2856 1228 2911 ad
1251 2855 1467 2929 Anglos
1498 2855 1707 2911 direxit
1727 2859 1891 2912 tuen-

226 2948 373 3002 dum
399 2964 413 3015 ;
451 2962 589 3002 nam
615 2950 672 3002 et
692 2946 888 3019 ipsum
913 2946 1250 3018 quaarebant
1272 2944 1758 3001 interficiendum.
1785 2945 1889 3001 Re-

225 3052 361 3109 gem
382 3036 562 3109 igitur
575 3051 823 3108 superse
839 3035 1043 3092 Franci
1063 3037 1332 3090 statuunt
1351 3033 1665 3090 Rodulfum
1684 3050 1887 3106 quem-

2043 549 2315 627 deceptor
2338 554 2949 633 fraudulentissimus,
2966 571 3022 622 et
3033 566 3340 626 Adalolfus
3362 549 3723 632 marchisus:

2039 641 2441 717 Suscipientes
2474 644 2674 700 rehem
2707 647 2982 723 Lugduni
3021 656 3275 726 civitate,
3311 674 3448 714 cum
3503 658 3727 722 honore

2039 733 2296 790 maximo
2331 733 2659 802 deducunt,
2691 735 2890 811 ibique
2920 758 3056 800 eum
3087 745 3146 801 in
3179 761 3382 819 regem
3415 745 3646 806 elevant
3667 753 3727 808 et

2041 828 2288 913 ungunt.
2325 822 2845 913 Quiconﬁrmatus
2872 829 2930 886 in
2963 849 3165 906 regno,
3202 833 3600 906 Ileribertum,
3624 855 3725 913 pa-

2037 907 2266 1000 trissui
2298 912 2673 984 traditorem,
2707 920 2765 970 et
2793 922 3093 990 tortorem,
3127 941 3192 980 se
3250 940 3490 998 quoque
3549 907 3721 1000 parili

2036 999 2211 1088 modo
2241 1001 2517 1074 decipere
2550 1001 2904 1077 cupientem,
2937 1011 3053 1068 Deo
3085 1011 3168 1068 illi
3195 1014 3444 1086 dignam
3495 999 3599 1088 pro
3631 1018 3717 1076 fa-

2031 1086 2140 1174 ctis
2171 1089 2721 1163 compensationem
2754 1097 3050 1168 reddente,
3077 1100 3179 1156 tali
3203 1103 3439 1174 punivit
3469 1086 3711 1167 ultione.

2026 1173 2338 1234 Notaverat
2370 1179 2566 1234 isdem
2582 1180 2924 1241 Heribertus
2954 1188 3107 1244 diem
3123 1173 3240 1262 quo
3257 1207 3360 1248 rex
3381 1193 3711 1254 Ludovicus

2022 1269 2306 1359 venatum
2331 1267 2418 1323 ire
2452 1268 2731 1338 deberet;
2765 1276 3263 1350 percogitavitque
3283 1279 3595 1354 ingenium
3621 1290 3710 1359 ut,

2023 1356 2260 1424 quando
2293 1355 2422 1428 ipse
2459 1373 2594 1412 cum
2632 1375 2765 1432 rege
2812 1365 3111 1419 venatorio
3162 1364 3471 1426 insisteret
3522 1355 3704 1443 lusui,

2019 1443 2238 1537 fabulis
2269 1444 2398 1500 suis
2433 1445 2723 1537 illectum,
2757 1451 2960 1522 procul
2991 1456 3420 1514 avenatoribus
3441 1461 3712 1537 sejunge-

2019 1533 2106 1584 ret
2137 1547 2354 1604 regem,
2390 1549 2648 1606 moxque
2681 1535 2963 1610 ligamine
2991 1540 3280 1610 vinctum,
3336 1533 3706 1610 crudelitatis

2016 1635 2135 1674 suae
2168 1625 2469 1678 exerceret
2501 1627 2720 1680 actum.
2754 1625 2875 1682 Hoc
2932 1632 3130 1686 autem
3181 1634 3524 1708 consilium,
3586 1643 3703 1698 Deo

2014 1708 2352 1781 miserante,
2387 1727 2506 1766 non
2537 1713 2727 1784 potuit
2758 1713 3074 1783 latere,sed
3107 1721 3230 1794 regi
3256 1725 3704 1788 nuntiatumest

2013 1797 2084 1852 ab
2118 1814 2236 1852 uno
2251 1797 2464 1855 borum
2483 1801 2583 1872 qui
2600 1801 2734 1858 huic
2749 1804 2992 1860 consilio
3005 1807 3362 1869 videbantur
3379 1815 3664 1877 interesse
3676 1862 3690 1880 .

2008 1885 2272 1982 Cumque
2304 1887 2398 1943 die
2432 1893 2680 1982 statuto,
2717 1893 2789 1948 ad
2832 1895 3200 1982 venationem
3250 1901 3532 1976 exissent,
3563 1924 3697 1982 par-

2006 1977 2126 2028 tem
2152 1974 2422 2072 aliquam
2449 1978 2711 2036 militum
2739 1996 2840 2036 rex
2870 1981 2930 2037 in
2962 1984 3156 2042 oculto
3202 1974 3696 2072 insidiarum-po-

2006 2063 2126 2117 suit
2151 2062 2307 2154 loco,
2333 2065 2472 2122 dato
2506 2067 2627 2124 illis
2657 2069 3008 2142 cognitionis
3029 2073 3217 2148 signo,
3255 2084 3417 2154 quod
3448 2062 3694 2145 audien.

2003 2154 2114 2246 tes,
2147 2153 2804 2246 advolarentcontinuo.
2823 2160 3024 2234 Igitur,
3048 2153 3452 2246 cumjutrique
3467 2192 3691 2236 sermo-

2006 2239 2272 2336 cinantes
2305 2242 2672 2336 incederent,
2701 2264 2800 2302 rex
2823 2248 3042 2307 scilicet
3062 2239 3501 2335 insidiatorque
3517 2282 3684 2336 suus,

2005 2327 2451 2426 apprehendens
2485 2349 2624 2426 eum
2658 2351 2777 2403 rex,
2825 2338 2993 2407 quasi
3039 2327 3420 2415 amplexandi
3469 2327 3688 2426 gratia:

2005 2416 2292 2512 abstraxit
2321 2417 2630 2512 vinculum
2681 2423 2824 2479 setis
2882 2430 3239 2503 contortum,
3291 2437 3451 2495 sellas
3470 2416 3681 2512 "illius,

2002 2521 2122 2606 suae
2152 2504 2515 2606 alligationis
2547 2527 2745 2580 causa,
2781 2512 3129 2587 alligatum;
3178 2538 3458 2598 moxque,
3509 2504 3678 2606 signo

2000 2593 2172 2690 dato,
2193 2594 2419 2690 insidiae
2451 2606 2837 2657 surrexerunt
2863 2603 2934 2658 de
2962 2603 3108 2662 loco.
3141 2593 3518 2690 Captumque
3561 2593 3674 2678 ile-

1998 2681 2284 2737 ribertum
2316 2683 2644 2759 interrogat
2667 2706 2785 2757 rex,
2833 2691 2976 2764 quid
3033 2693 3148 2752 sibi
3206 2681 3384 2760 vellet
3421 2681 3674 2768 .vinculo

2000 2771 2155 2842 quod
2188 2770 2341 2826 sellae
2371 2775 2618 2844 gerebat
2649 2778 2820 2835 afﬁxo
2854 2798 2868 2848 ;
2916 2798 3170 2856 moxque
3219 2792 3526 2854 confessus
3583 2803 3674 2858 est

1999 2876 2127 2932 qua:
2161 2860 2439 2961 adversus
2471 2866 2747 2924 eumdem
2782 2870 3157 2933 machinatus
3186 2883 3312 2936 erat
3333 2885 3508 2943 corde
3538 2904 3668 2961 per-

1995 2964 2180 3004 verso.
2232 2948 2514 3024 Praecepit
2543 2960 2738 3013 autem
2798 2975 2917 3028 rex,
2979 2964 3036 3016 et
3091 2948 3668 3041 comprehenderunt

1995 3054 2152 3132 eum,
2185 3041 2241 3094 et
2271 3038 2330 3094 in
2363 3041 2573 3099 arbore
2604 3045 2814 3114 vicina,
2847 3047 2960 3104 sub
2992 3051 3200 3111 ascilla
3227 3038 3479 3132 ligatum
3528 3083 3661 3126 sus-

222 3127 365 3220 dam
395 3125 860 3220 patreRi-cardo,
893 3141 1103 3220 genere
1134 3123 1544 3220 Alvern-icum..
1576 3124 1696 3180 Sub
1730 3124 1885 3220 -ejus
1910 3195 1950 3220 Π
1995 3127 2342 3220 penderunt.
2376 3128 2624 3220 Cunque
2664 3136 2856 3192 adhuc
2914 3138 3228 3212 palpitaret
3273 3123 3547 3220 pendens
3575 3123 3655 3214 "ita

217 3195 488 3287 tempore
520 3212 871 3286 Stephanus,
900 3195 1292 3269 Tarvanensis
1330 3213 1596 3269 Ecclesia:
1653 3212 1874 3286 episco-
1909 3195 1951 3263 C
1989 3195 2213 3283 arbore,
2238 3215 2422 3286 jussit
2452 3195 2552 3274 rex
2583 3239 2699 3293 quo
2729 3195 3658 3315 pendebat‘(fuﬂnem)lin.ci-dve‘r‘e,et

219 3321 359 3377 pus,
393 3301 638 3360 decessit
671 3321 704 3359 a
733 3301 985 3371 saeculo;
1020 3303 1113 3358 cui
1143 3301 1201 3356 in
1235 3303 1571 3374 episcopatu
1594 3302 1882 3358 successit

220 3391 941 3464 Wicfridus,hujusnostri
956 3390 1292 3447 monasterii
1307 3391 1493 3446 Sithiu
1508 3390 1876 3463 praepositus,

222 3499 379 3539 anno
410 3481 833 3538 incarnationis
856 3480 1399 3548 Doniinica3755,xu
1420 3479 1876 3547 KalendasJulii,

222 3573 297 3628 ab
328 3570 567 3626 Artaldo
599 3569 1013 3643 archipraesule
1062 3573 1454 3624 consecratus.
1519 3568 1614 3624 llis
1671 3568 1881 3624 diebus

220 3659 610 3725 Nordmanni,
625 3660 990 3732 aRotomago
1005 3658 1245 3714 collecta
1258 3658 1632 3714 multitudine
1645 3656 1879 3712 navium

223 3749 706 3819 circumjecentia
737 3749 920 3804 maris
949 3747 1147 3803 littora
1163 3747 1561 3803 devastabant.
1585 3745 1746 3812 Quod
1778 3762 1881 3800 au-

225 3839 399 3895 diens
432 3837 717 3895 Rodulfus
731 3855 851 3906 rex,
868 3840 1216 3910 congregato
1232 3838 1586 3892 Francorum
1605 3833 1880 3903 exercitu,

226 3931 435 3985 contra
463 3926 570 3983 hos
600 3925 654 3982 in
683 3917 1596 3999 pagoTarvanensepugnaturus
1617 3923 1881 3980 accessit.

228 4017 472 4089 Cognito
503 4017 631 4084 hoc,
666 4015 1028 4074 Nordmanni
1059 4015 1338 4088 captivos,
1373 4031 1519 4087 quos
1542 4015 1613 4070 de
1643 4013 1885 4070 diversis

226 4105 376 4162 locis
408 4108 803 4178 sumpserant,
829 4103 1203 4176 jugularunt.
1238 4102 1518 4159 Rodulfus
1540 4107 1734 4158 autem
1767 4119 1884 4169 rex,

229 4195 289 4249 in
306 4200 504 4251 monte
517 4194 616 4266 qui
631 4193 1483 4267 diciturFalcoberginsecutus
1495 4191 1885 4265 eos,prazlium

229 4283 548 4351 commisit,
586 4282 1352 4356 fugatisqueeis,victoriam
1371 4281 1888 4354 estadeptus,licet

231 4389 369 4428 cum
401 4388 642 4428 suorum
675 4371 932 4427 maximo
962 4371 1289 4444 dispendio.

522 4505 733 4561 LXVII.
769 4505 844 4561 De
869 4505 1100 4562 adventu
1128 4505 1387 4562 Ludovici
1415 4507 1580 4575 regis.

1988 3303 2088 3359 Dei
2121 3303 2275 3394 hunc
2306 3309 2582 3394 potestati
2615 3312 2998 3382 committere,
3027 3317 3076 3372 si
3138 3303 3318 3394 hujus
3376 3331 3488 3386 sub
3540 3303 3649 3390 hoc

1989 3408 2126 3489 casu
2157 3392 2325 3489 vel-let
2353 3393 2535 3452 vitam
2566 3415 2814 3457 servare.
2857 3401 2974 3458 Deo
3033 3392 3232 3466 autem
3283 3413 3370 3470 illi
3417 3419 3644 3489 justam

1990 3480 2431 3538 retributionem
2472 3503 2576 3558 pro
2608 3488 2778 3546 factis
2805 3491 3106 3564 reddente,
3164 3515 3300 3557 cum
3359 3480 3645 3568 dimissus

1990 3569 2198 3625 fuisset
2219 3587 2286 3626 ex
2309 3571 2536 3645 arbore,
2561 3579 2786 3649 crepuit
2806 3579 3036 3638 medius
3061 3602 3073 3640 :
3099 3591 3224 3644 erat
3247 3592 3405 3649 enim
3437 3598 3648 3654 crassi-

1991 3658 2214 3758 tudinis
2228 3658 2442 3716 nimim.
2463 3662 2708 3736 'I‘alique
2722 3673 2907 3724 morte
2930 3669 3104 3728 tinem
3119 3681 3425 3747 praesentis
3441 3683 3648 3745 habuit

1989 3753 2138 3804 vitae.

2278 3928 2512 3986 LXXIII.
2546 3933 2620 3989 De
2647 3939 2820 3992 morie
2846 3938 3114 3998 Balduini
3134 3943 3364 4005 abbatis.

2066 4108 2237 4178 (918.)
2271 4107 2594 4168 Balduinus
2623 4113 2870 4190 (Calvus)
2901 4123 3120 4193 autem,
3153 4139 3350 4182 comes
3383 4131 3440 4185 et
3469 4129 3652 4191 abbas

1997 4197 2334 4254 monasterii
2357 4199 2569 4271 Sithiu,
2599 4204 2890 4262 ambitum
2921 4210 3145 4266 castelli
3176 4212 3330 4271 circa
3351 4225 3651 4279 monaste-

1996 4285 2151 4341 rium
2191 4287 2377 4342 sancti
2436 4288 2652 4345 Bertini
2692 4297 3036 4365 construxit,
3085 4304 3144 4374 et
3170 4317 3275 4374 per
3319 4304 3650 4364 ministeria

1995 4375 2324 4465 disposuit;
2351 4380 2408 4432 et
2437 4379 3043 4452 posthaacfutbrevius
3055 4388 3106 4458 ej
3115 4369 3191 4444 us
3199 4389 3350 4448 facta
3370 4395 3648 4465 perstrin-

1994 4469 2226 4536 gantur,
2260 4463 2392 4536 plus
2415 4466 2657 4523 abstulit
2686 4469 2950 4527 Ecclesia:
2970 4490 3146 4545 quam
3160 4476 3320 4535 dedit
3339 4497 3352 4548 ;
3372 4463 3649 4540 ethaete-

1913 4571 1960 4637 D
1995 4571 2107 4610 nus
2139 4555 2208 4610 de
2238 4554 2450 4644 damno
2472 4572 2505 4644 a
2526 4573 2583 4612 se
2604 4563 2931 4631 perpetrato
2952 4562 3204 4621 sentient
3221 4567 3491 4625 monachi
3509 4589 3650 4644 pm-

305 4639 476 4712 (929.)
504 4641 670 4695 Anno
730 4641 863 4711 post
917 4637 1038 4694 haec
1090 4637 1514 4694 incarnationis
1570 4636 1922 4694 Dominicis
1993 4646 2185 4698 sentes
2217 4646 2273 4698 et
2305 4643 2505 4699 futuri.
2535 4645 2849 4719 Postquam
2873 4655 3069 4707 autem
3111 4653 3281 4711 annis
3330 4636 3532 4716 decem
3587 4665 3644 4718 et

228 4729 358 4797 929,
392 4728 632 4784 Carolus
662 4744 762 4784 rex
794 4728 851 4782 in
886 4728 1108 4783 Parona
1139 4731 1352 4793 castro,
1383 4727 1441 4782 in
1475 4727 1739 4783 custodia
1770 4744 1887 4800 qua

229 4819 457 4874 missus
488 4819 697 4884 fuerat,
731 4817 875 4873 obiit
893 4834 948 4872 vx
981 4815 1566 4886 KalendasOctobris,
1592 4815 1886 4890 sepultus-

230 4924 347 4980 que
379 4911 470 4962 est
499 4907 556 4962 in
589 4905 944 4963 monasterio
976 4905 1163 4962 sancti
1215 4905 1438 4962 Fursei.
1499 4906 1654 4962 Obiit
1710 4907 1886 4962 etiam

230 5001 366 5070 post
396 4996 516 5051 haec
548 4995 833 5052 Rodulfus
865 5011 963 5050 rex
991 4994 1162 5066 (H2).
1197 4995 1319 5059 Quo
1355 4995 1650 5063 defuncto,
1684 4996 1887 5052 Franci

228 5092 563 5142 transmare
592 5091 830 5158 propter
859 5085 1212 5140 Ludovicum
1244 5083 1527 5156 dirigunt,
1570 5089 1634 5140 ut
1663 5102 1794 5140 cum
1827 5085 1886 5140 in

229 5181 475 5248 paterno
507 5175 652 5231 solio
686 5175 741 5229 in
774 5191 1017 5246 regnum
1051 5173 1440 5228 sublimarent
1478 5173 1831 5230 Francorum
1867 5193 1880 5243 ;

228 5265 464 5338 ipsique
486 5265 840 5320 Francorum
860 5279 1126 5336 proceres
1143 5263 1516 5336 episcopique
1541 5268 1597 5319 et
1617 5264 1880 5333 comites,

228 5353 555 5410 Bononiam
578 5368 766 5424 usque
778 5352 1092 5419 civitatem,
1116 5370 1252 5409 cum
1284 5352 1536 5408 maximo
1567 5352 1786 5409 honore
1804 5370 1888 5410 re-

228 5458 362 5516 gem
388 5441 721 5513 suscepturi
752 5441 981 5497 obviam
1012 5445 1304 5514 pergunt;
1361 5441 1516 5497 inter
1565 5458 1712 5514 quos
1762 5446 1886 5498 erat

299 5620 448 5702 (H2)
479 5619 636 5680 Obiit
666 5619 953 5678 Rodulfus
985 5613 1137 5677 anno
1167 5619 1294 5692 936,
1329 5635 1530 5687 mense
1550 5618 1680 5682 Jan.

551 5748 824 5818 PATROL.
869 5747 1177 5816 CXXXVI.

1995 4735 2227 4822 septem
2249 4730 2373 4822 solo
2413 4733 2650 4790 nomine
2706 4737 3049 4808 preefuisset]
3111 4747 3420 4814 aegrotans,
3482 4747 3648 4822 obiit,

1997 4837 2149 4876 anno
2179 4819 2352 4876 Verbi
2378 4822 2804 4893 incaruati918,
2835 4843 2890 4882 ιν
2911 4827 3048 4885 Idus
3067 4829 3450 4904 Septembris.
3474 4819 3650 4894 Cum;

1997 4925 2110 4980 que
2139 4925 2352 4982 corpus
2382 4912 2510 4981 ejus
2541 4929 2676 4984 pars
2707 4912 2907 4986 aliqua
2939 4917 3194 4975 militum
3224 4919 3284 4978 in
3316 4922 3508 4982 Sithiu
3533 4943 3653 4985 mo.
3720 4953 3725 4958 ι

1999 4998 2271 5091 nasterio,
2292 4998 2461 5091 juxta
2491 5005 2716 5072 patrem
2749 5019 2921 5060 suum
2952 5005 3328 5077 [Balduinum
3374 5012 3652 5091 Ferreun]

1994 5086 2207 5142 vellent
2237 5087 2547 5157 tumulare,
2582 5108 2725 5147 uxor
2755 5093 2904 5164 ejus,
2941 5096 3179 5154 nomine
3211 5098 3517 5174 Elftrudis,
3548 5086 3650 5163 cu:-

1994 5177 2160 5247 piens
2191 5193 2326 5232 cum
2352 5176 2449 5232 illo
2481 5179 2698 5250 pariter
2728 5180 2786 5236 in
2823 5199 2937 5238 uno
2959 5183 3242 5244 cimiterio
3267 5190 3648 5264 concinerari,

1995 5264 2289 5331 Gandavo,
2323 5266 2381 5320 in
2411 5269 2764 5324 monasterio
2796 5269 3124 5342 Blandinio,
3157 5275 3293 5335 fecit
3343 5282 3647 5340 tumulari.

1995 5355 2255 5410 Necdum
2296 5355 2452 5411 enim
2509 5355 2735 5414 licitum
2783 5364 2907 5416 erat
2961 5362 3239 5436 cuiquam
3295 5368 3648 5428 feminarum

1995 5444 2182 5500 sancti
2212 5443 2426 5500 Bertini
2456 5444 2682 5520 ingredi
2703 5452 3146 5526 monasterium,
3179 5457 3460 5533 nefasque
3482 5462 3648 5534 puta-

3257 5760 3343 5830 40
