4154 6186
501 316 724 450 ’1259,

1604 313 1976 450 Ροιρωκι
2021 351 2088 413 s.
2133 320 2454 450 Bsa'rim
2497 349 2874 414 MONACHI.

3798 328 3960 410 1260

529 491 704 545 batur
730 487 780 546 si
809 486 898 544 vel
945 485 1198 544 ecclesia
1257 483 1454 558 aliqua
1511 485 1714 541 furtim
1772 485 2164 542 subintrasset
2280 483 2512 539 LXXVI.
2547 485 2622 540 De
2664 486 2911 556 ingressu
2938 484 3277 555 feminarum
3333 479 3394 536 in
3444 483 3544 538 hoc
3590 484 3956 544 monastério.

525 577 740 634 atrium
765 577 812 650 (1
832 577 934 650 t3).
1484 625 1486 627 ,
1879 642 1881 644 η

598 666 896 740 Marcham
927 681 1062 723 vero
1093 666 1223 738 ejus
1253 666 1360 720 ﬁlii
1391 666 1523 737 ejus
1554 664 1706 720 inter
1728 681 1790 720 se
1839 665 2184 737 diviserunt,

539 761 598 813 et
644 754 950 822 Arnulfus,
1007 755 1107 828 qui
1168 755 1358 826 major
1415 758 1555 809 natu
1614 757 1754 823 erat,
1810 753 2184 821 Flandriam;

526 843 832 902 Adalolqu
863 861 999 900 vero
1049 844 1340 899 civitatem
1398 843 1719 916 Bononiam
1776 848 1833 898 et
1890 843 2186 915 regionem

499 933 981 1009 ,Taruennicam,
1027 933 1362 1005 pariterque
1410 933 1595 989 sancti
1652 931 1870 988 Bertini
1930 933 2190 1004 suscepit

533 1021 856 1080 abbatiam.
890 1022 1073 1093 Cujus
1105 1039 1386 1090 amorem,
1421 1025 1709 1093 quantum
1731 1021 1886 1076 circa
1915 1021 2187 1076 eumdem

536 1111 733 1168 locum
764 1110 1308 1180 habuit,testantur
1332 1110 1432 1182 qui
1466 1110 1657 1166 adhuc
1688 1114 2025 1183 supersunt,
2087 1108 2189 1180 qui

538 1215 673 1256 eum
700 1199 814 1253 ﬁne
842 1202 1015 1254 tenus
1045 1203 1473 1268 cognoverunt.)

505 1289 510 1294 ’
639 1285 870 1342 LXXIV.
902 1291 991 1342 De
1021 1287 1318 1343 elevatione
1345 1288 1518 1342 sancti
1550 1289 1808 1359 Folquinz‘
1834 1289 2088 1360 episcopi.

507 1373 516 1452 ί
618 1375 792 1448 (928.)
829 1377 994 1431 Anno
1025 1379 1159 1447 post
1189 1375 1310 1431 haec
1340 1375 1466 1441 928,
1519 1375 1866 1432 felicissima:
1924 1377 2190 1432 incarna-

548 1464 727 1520 tionis
745 1465 777 1520 J
785 1481 887 1519 esu
919 1463 1131 1520 Christi
1164 1463 1394 1520 Domini
1425 1465 1632 1532 nostri,
1691 1469 1952 1538 tempore
2004 1464 2190 1520 Caroli

539 1553 808 1622 reclausi,
839 1552 1154 1608 indictione
1187 1571 1223 1620 ι,
1260 1570 1428 1608 meus
1461 1554 1559 1625 qui
1584 1555 1695 1609 hoc
1753 1554 1946 1627 ipsum
2003 1555 2193 1610 scribo

536 1647 722 1715 pater,
755 1641 1076 1714 Folquinus
1108 1642 1364 1709 nomine,
1399 1660 1534 1697 cum
1557 1643 1734 1698 fratre
1751 1660 1880 1710 suo,
1910 1646 2191 1715 apparatu

537 1750 649 1804 que
679 1736 967 1804 poterant,
1010 1732 1082 1787 de
1129 1748 1308 1804 regno
1368 1732 1623 1787 Lotharii
1682 1732 1796 1788 huc
1857 1732 2194 1796 adveniunt,

516 1820 727 1877 "sancti
753 1820 1022 1893 Folquini
1052 1838 1283 1892 corpus,
1347 1822 1502 1892 quod
1561 1839 1626 1876 eo
1687 1838 1874 1893 usque
1927 1826 2272 1922 temporeB

536 1915 692 1967 terra
717 1911 1038 1982 tegebatur,
1071 1909 1260 1965 levare
1287 1912 1606 1981 cupientes.
1640 1912 1813 1966 Erant
1852 1910 2007 1965 enim
2040 1910 2190 1964 utri-

511 2072 516 2074 _
542 2015 656 2070 que
687 1999 949 2069 ejusdem
973 1998 1128 2053 beati
1158 1999 1266 2052 viri
1298 1998 1512 2053 carnali
1536 1998 2043 2071 consanguinitate
2065 2016 2192 2071 pro-

541 2086 703 2141 ximi.
736 2085 1032 2142 Postulata
1053 2085 1227 2141 etiam
1260 2103 1294 2141 a
1352 2087 1624 2159 praedicto
1649 2087 1860 2143 comite
1901 2091 1956 2143 et
1985 2090 2193 2145 abbate

473 2238 490 2253 ’
539 2174 860 2248 Adalolpho
892 2174 1144 2242 licentia,
1175 2179 1412 2230 ventum
1441 2180 1529 2231 cst
1561 2177 1632 2231 ad
1663 2177 1849 2232 sancti
1898 2177 2003 2232 viri
2038 2182 2190 2233 tum-

540 2263 674 2319 bam
705 2281 839 2318 cum
873 2263 1056 2318 cereis
1087 2268 1143 2318 et
1172 2263 1648 2320 thimiamateriis
1698 2268 1754 2320 et
1805 2265 1981 2321 choro
2035 2266 2190 2337 psal-

535 2351 805 2420 lentium,
830 2351 1317 2424 elevavernntque
1361 2370 1571 2426 corpus
1602 2354 1797 2409 idibus
1828 2355 2190 2422 Novembris,

537 2441 680 2498 feria
705 2459 762 2513 v,
790 2441 882 2498 die
913 2441 1326 2511 illucescente;
1357 2447 1946 2516 przeparaveruntque
1985 2461 2192 2516 supra-

537 2529 677 2584 dicti
709 2528 1082 2585 refectionem
1113 2529 1414 2599 fratribus,
1449 2534 1624 2602 prout
1652 2535 1938 2602 poterant,
1989 2533 2192 2588 vinum

541 2634 796 2690 namque
825 2621 882 2673 et
910 2618 1111 2674 omnia
1140 2619 1212 2672 ad
1245 2619 1463 2674 victum
1509 2621 1839 2675 necessaria
1893 2621 2194 2679 venientes

541 2723 741 2764 secum
772 2705 1120 2762 detulerant.
1173 2707 1395 2772 Quibus
1427 2707 1698 2780 peractis,
1743 2711 2068 2780 gaudentes
2121 2712 2194 2767 ad

543 2796 781 2868 propria
808 2799 948 2851 sunt
975 2795 1186 2851 reversi
1215 2814 1228 2864 ;
1259 2801 1425 2851 erant
1453 2801 1668 2866 autem,
1702 2797 1888 2854 isdem
1927 2800 2196 2857 videlicet

547 2883 871 2954 Folquinus
903 2887 959 2938 et
989 2884 1362 2955 Regenwala,
1397 2885 1572 2941 frater
1603 2903 1767 2952 suus,
1794 2887 1905 2943 aelii
1937 2889 2192 2962 Odwini,

549 2971 656 3026 ﬁlii
687 2971 927 3027 alterius
957 2971 1212 3039 Odwini,
1245 2972 1344 3043 qui
1375 2979 1498 3028 erat
1523 2974 1700 3030 frater
1729 2975 1879 3031 beati
1929 2979 2197 3049 praesulis

551 3061 840 3133 Folquini.
857 3061 1024 3116 Pater
1035 3064 1228 3116 autem
1243 3061 1506 3132 ejusdem
1522 3064 1706 3118 sancti
1735 3066 1988 3139 episcopi
2003 3070 2196 3128 dictus

2366 575 2514 644 (938)
2545 574 2736 646 Hujus
2768 577 2964 628 autem
2992 572 3223 628 abbatis
3255 574 3314 626 et
3335 571 3572 627 comitis
3598 570 3835 627 Arnulﬁ
3867 589 3963 628 no-

2295 663 2590 719 bilissima
2624 664 2838 734 conjux
2883 663 3089 731 Adata,
3147 678 3281 716 cum
3340 661 3670 733 saepissime
3728 661 3963 733 magnis

2296 751 2746 807 inﬁrmitatibus
2773 755 2929 808 esset
2958 754 3292 823 aggravata,
3328 749 3666 805 desiderare
3701 749 3876 822 ccepit
3909 750 3965 806 in

2298 839 2406 897 hoc
2425 840 2777 896 monasterio
2795 839 2846 895 ei
2869 839 3164 895 licentiam
3187 839 3461 895 monachi
3484 839 3700 894 darent
3716 839 3961 906 intrare,

2297 933 2364 984 ut
2395 947 2591 985 coram
2622 929 2805 986 altare
2839 929 3024 984 sancti
3047 922 3286 996 Bertini,
3320 945 3424 1000 pro
3457 927 3650 983 salute
3683 928 3964 999 depreca-

2297 1023 2450 1088 tura,
2477 1017 2677 1074 liceret
2704 1035 2764 1074 se
2793 1022 3180 1090 prosternere.
3213 1017 3401 1088 Hujus
3427 1015 3613 1089 igitur
3643 1016 3728 1070 rei
3763 1032 3968 1084 causa,

2300 1108 2595 1163 advocatis
2619 1107 3054 1162 venerabilibus
3085 1105 3373 1178 episcopis
3397 1104 3711 1170 Wicfrido,
3748 1107 3969 1161 Tarva-

2302 1195 2503 1252 nensis
2533 1195 2799 1252 Ecclesia:
2831 1194 3130 1268 episcopo,
3162 1199 3218 1250 et
3247 1194 3536 1262 Folberto,
3569 1193 3972 1250 Cameracen-

2301 1286 2404 1353 sis,
2436 1285 2754 1340 denudavit
2783 1284 2867 1340 eis
2897 1283 3254 1340 desiderium
3282 1300 3479 1338 suum.
3501 1285 3763 1356 Accepta
3792 1283 3971 1338 etiam

2302 1391 2336 1430 a
2365 1373 2669 1429 monachis
2700 1372 2955 1439 licentia,
2989 1389 3145 1428 anno
3184 1372 3508 1428 nativitatis
3564 1371 3812 1428 Domini
3843 1373 3970 1439 938,

2303 1480 2573 1535 annoque
2600 1480 2636 1517 ν
2666 1462 2836 1534 (143.)
2870 1462 3144 1518 Ludovici
3179 1462 3355 1534 regis,
3379 1461 3522 1517 feria
3538 1462 3812 1517 secunda
3835 1462 3973 1518 Pas-

2303 1551 2446 1618 chze,
2479 1550 2926 1606 introduxerunt
2951 1567 3083 1606 eam
3113 1551 3339 1622 praefati
3373 1550 3631 1622 episc0pi
3667 1551 3730 1605 in
3763 1551 3972 1606 eodem

2304 1639 2686 1710 monasterio,
2719 1657 2835 1694 non
2868 1638 2993 1695 sine
3053 1643 3304 1695 tremore
3337 1638 3619 1709 maximo,
3684 1639 3973 1711 quoniam

2303 1729 2413 1784 hoc
2443 1728 2545 1783 illa
2577 1727 2769 1800 prima
2793 1729 2978 1784 facere
3034 1732 3511 1800 praesumpserat,
3570 1729 3736 1800 quod
3801 1734 3976 1784 antea

2305 1818 2638 1890 reginarum
2660 1817 2823 1872 nulla
2845 1817 3254 1888 concupiscere
3275 1816 3359 1872 vel
3381 1818 3660 1872 audebat.
3687 1817 3972 1873 Intrando

2306 1912 2529 1966 autem.
2562 1905 2820 1978 plurima
2851 1906 2987 1961 huic
3044 1905 3169 1962 loco
3203 1910 3548 1962 ornamenta
3605 1906 3887 1973 contulit,
3919 1912 3976 1962 et

2301 1996 2565 2067 quandiu
2597 1995 2761 2061 vixit,
2795 2012 3122 2066 numquam
3155 1995 3369 2050 donare
3399 1997 3672 2050 cessavit.

2375 2085 2436 2140 In
2468 2085 2593 2157 ipso
2625 2101 2858 2156 quoque
2888 2084 3017 2154 ejus
3047 2084 3337 2156 ingressu,
3359 2083 3600 2139 inclitus
3629 2084 3972 2141 marchisus

2301 2173 2600 2241 Arnulfus,
2636 2191 2736 2245 per
2766 2178 3033 2246 rogatum
3061 2173 3327 2244 ejusdem
3376 2189 3496 2228 sua:
3533 2174 3972 2230 amantissima:

2303 2264 2598 2335 conjugis,
2630 2263 2871 2317 tradidit
2927 2262 3120 2318 eidem
3178 2261 3324 2328 loco,
3360 2262 3431 2317 ad
3490 2279 3641 2319 usus
3691 2263 3974 2332 fratrum,

2305 2352 2514 2408 ﬁscum
2541 2352 2722 2407 Merki
2755 2368 2886 2406 cum
2917 2351 3195 2407 omnibus
3251 2351 3622 2423 adjacentiis,
3685 2353 3967 2425 ecclesia,

2305 2441 2643 2513 mancipiis,
2666 2441 2946 2506 aediﬁciis,
2971 2440 3145 2496 terris
3179 2440 3350 2496 cultis
3381 2444 3437 2496 et
3462 2439 3733 2506 incultis,
3759 2444 3974 2514 pratis,

2306 2530 2562 2602 pascuis,
2597 2529 3045 2601 piscationibus,
3079 2529 3441 2585 animalibus
3473 2531 3746 2602 quaesitis
3779 2538 3838 2587 et
3881 2533 3978 2587 in-

2303 2618 2644 2690 quirendis:
2679 2635 2745 2673 ea
2775 2618 3023 2686 ratione,
3056 2623 3143 2686 ut,
3179 2619 3439 2691 quandiu
3463 2619 3979 2694 adviverunt,ipse

2302 2705 2637 2762 videlicctet
2651 2724 2796 2762 uxor
2809 2724 2917 2762 sua
2932 2712 3440 2779 supramemorata
3453 2708 3666 2774 Adata,
3685 2709 3976 2782 ﬁliusque

2303 2812 2504 2852 eorum
2524 2795 2866 2858 Balduinus,
2893 2796 2951 2850 in
2979 2795 3240 2867 suijuris
3271 2794 3531 2852 dominio
3557 2797 3971 2868 possiderent,

2304 2889 2392 2940 est
2409 2884 2659 2957 singulis
2673 2885 2843 2944 annis
2857 2887 3095 2940 centum
3108 2884 3326 2941 solidos
3340 2883 3620 2942 fratribus
3633 2904 3746 2959 pro
3764 2891 3975 2946 eodem

2304 2974 2445 3029 ﬁsco
2482 2974 2912 3046 persolverent;
2946 2977 3078 3046 post
3134 2991 3338 3029 eorum
3369 2991 3503 3030 vero
3559 2975 3633 3031 de
3664 2976 3784 3032 hac
3844 2978 3972 3035 luce

2305 3062 2652 3129 discessum,
2667 3066 2788 3117 tota
2799 3062 3091 3135 possessio
3112 3063 3375 3133 ejusdem
3399 3066 3748 3120 monasterii
3773 3085 3844 3122 su
3855 3069 3976 3139 bja—

545 3155 636 3208 est
663 3149 1035 3206 Hieronimus
1059 3165 1073 3218 ;
1113 3147 1363 3222 genitrix
1417 3167 1551 3207 vero
1608 3151 2052 3215 Hermentrudis
2109 3164 2200 3216 est
2307 3155 2434 3207 ceat
2463 3150 2687 3206 ἀίῐίοῐιίο
2716 3151 2897 3215 Quam
2923 3151 3297 3208 traditionem
3325 3169 3459 3208 cum
3483 3157 3800 3225 Prmstal‘ia
3831 3158 3965 3214 des-

541 3242 765 3298 vocata.

821 3328 1035 3384 LXXV.
1063 3332 1148 3384 De
1177 3335 1350 3384 morte
1375 3329 1668 3402 Adalolphi
1695 3333 1925 3390 abbatis.

609 3419 757 3491 (933)
786 3418 974 3491 Igitur
1003 3421 1136 3490 post
1164 3416 1284 3472 haec
1311 3417 1694 3491 Adalolphus,
1721 3439 1916 3479 comes
1935 3429 1990 3480 et
2011 3426 2194 3484 abbas

537 3508 713 3582 (pius,
754 3511 1140 3580 posteaquam
1176 3512 1348 3563 annis
1379 3507 1715 3579 quindecim
1766 3515 2025 3570 cmnobio
2057 3515 2192 3572 huic

535 3597 906 3671 praefuisset),
938 3595 997 3650 in
1016 3595 1126 3652 hoc
1148 3594 1275 3668 ipso
1296 3600 1647 3654 monasterio
1667 3600 1856 3656 Sithiu
1879 3608 2186 3675 aegrotans,

533 3685 678 3741 obiit
706 3702 856 3742 anno
888 3684 1211 3741 nativitatis
1243 3686 1472 3740 Domini
1511 3688 1637 3759 933,
1691 3688 1890 3746 Idibus
1944 3693 2187 3750 Novem-

532 3775 675 3844 bris,
709 3775 1094 3847 sepultusque
1123 3778 1212 3829 est
1241 3773 1300 3828 in
1333 3774 1578 3831 basilica
1599 3779 1786 3833 sancti
1834 3780 2076 3849 Bertini,
2125 3783 2185 3840 in

532 3863 712 3919 altare
743 3862 980 3919 sinistro
1014 3861 1214 3918 altaris
1245 3863 1430 3918 sancti
1461 3865 1672 3919 Bertini
1695 3867 2005 3939 capitanei.
2032 3871 2188 3928 Inter

529 3951 754 4021 reliqua
783 3955 981 4005 autem
1012 3950 1273 4018 donaria,
1307 3951 1468 4007 dedit
1485 3953 1556 4007 ad
1583 3956 1858 4010 eumdem
1879 3957 2073 4014 locum
2094 3979 2184 4017 ca-

2229 3226 2272 3293 C
2309 3241 2530 3296 cribere
2562 3241 2804 3312 rogavit,
2838 3245 2894 3296 et
2944 3240 3068 3313 ipse
3098 3242 3334 3314 propria
3365 3259 3542 3298 manu
3593 3243 3884 3314 ﬁrmavit,
3917 3253 3971 3304 et

2307 3330 2564 3402 reliquos
2590 3329 2792 3402 palatii
2822 3329 2913 3386 sui
2945 3347 3213 3402 proceres
3238 3335 3301 3385 ut
3325 3331 3733 3388 describerent
3752 3352 3966 3408 praece-

2305 3419 2412 3491 pit.
2442 3419 2511 3474 Hi
2545 3424 2684 3475 sunt
2715 3423 2910 3475 autem
2944 3422 3122 3475 testes
3167 3435 3180 3475 :
3216 3419 3570 3487 Unicfridus,
3605 3424 3962 3497 episc0pus;

2302 3507 2630 3575 Folbertus,
2663 3508 3002 3580 episcopus;
3035 3507 3347 3579 Damasus,
3408 3510 3757 3583 episcopus;
3791 3514 3965 3570 Hem-

2301 3596 2853 3670 fridus,presbyter;
2879 3595 3622 3669 Engelandus,monachus
3647 3619 3662 3668 ;
3688 3601 3961 3660 Vuitnet-

2299 3702 2520 3751 marus,
2538 3685 2795 3740 decanus
2817 3685 3225 3752 ;Grimbaldus
3246 3704 3258 3754 ;
3283 3686 3554 3758 Odarius,
3582 3693 3958 3760 monachus;

2296 3774 2640 3842 Everardus,
2673 3775 3025 3841 advocatus;
3077 3773 3518 3844 Vuinetmarus,
3575 3775 3811 3849 laicus;
3849 3783 3960 3837 Ro-

2296 3862 2533 3931 dulfus;
2590 3861 2851 3929 Hericus,
2884 3863 3105 3932 laicus;
3165 3863 3603 3934 Vuinetmarus,
3666 3869 3958 3928 diaconus

2293 3952 2700 4019 etmonachus,
2732 3952 3100 4024 subscripsit.
3133 3955 3281 4009 Ante
3313 3953 3423 4009 hoc
3453 3959 3652 4011 autem
3717 3962 3954 4033 tempus

532 4037 704 4094 licem
736 4038 826 4093 sui
857 4043 1032 4109 potus
1080 4055 1322 4093 aureum
1380 4045 1436 4094 et
1493 4041 1750 4098 balteum
1813 4047 1882 4100 ad
1942 4048 2180 4106 calicem

2301 4040 2670 4113 Adalolphus,
2695 4045 2835 4096 tunc
2867 4042 3106 4113 quidem
3162 4043 3465 4114 puerulus,
3527 4062 3690 4101 nunc
3752 4056 3953 4106 autem

532 4125 988 4182 consecrationis
1019 4126 1304 4182 Dominici
1337 4129 1644 4200 sanguinis
1674 4131 2002 4191 faciendum
2029 4156 2042 4206 ;
2087 4157 2179 4194 ar-

529 4214 724 4271 millas
755 4219 949 4270 autem
977 4232 1116 4270 suas
1149 4220 1350 4271 sancto
1395 4218 1724 4276 Audomaro
1775 4223 1845 4277 ad
1907 4229 2177 4295 patenam

526 4303 814 4360 concessit
843 4303 1192 4360 faciendam.
1223 4303 1470 4380 Dederat
1501 4323 1732 4381 quoque
1771 4315 1941 4367 antea
1987 4314 2176 4372 eidem

524 4397 725 4448 sancto
754 4394 1086 4448 Audomaro
1118 4392 1363 4465 pallium
1386 4397 1702 4467 quoddam.
1728 4416 1870 4456 auro
1894 4405 2174 4476 margari-

521 4480 716 4553 tisque
749 4481 994 4538 miriﬁce
1042 4481 1368 4552 intextum;
1430 4490 1632 4542 contra
1690 4490 1846 4559 quod
1893 4492 2173 4550 Arnulfus

2290 4133 2453 4185 aetate
2484 4128 2922 4201 mediocri,ipso
2944 4131 3121 4186 etiam
3153 4131 3509 4187 saceredotio
3532 4133 3951 4208 honorandus,

2289 4235 2323 4272 a
2354 4223 2517 4290 patre
2549 4217 2868 4286 Evehardo,
2903 4235 3149 4275 summa:
3180 4220 3509 4277 nobilitatis
3550 4223 3702 4292 viro,
3737 4230 3792 4281 et
3827 4245 3953 4284 ma-

2287 4309 2372 4362 tre
2406 4306 2706 4372 Ricsinda,
2736 4305 2796 4360 in
2830 4307 2937 4362 hoc
2960 4308 3315 4365 monasterio
3347 4314 3550 4366 sancto
3585 4311 3759 4370 Petro
3784 4333 3953 4373 sanc-

2286 4399 2459 4466 toque
2491 4393 2722 4450 Bertino
2753 4399 2842 4451 est
2881 4395 3134 4452 oblatus.
3168 4397 3454 4454 Rodulfus
3517 4401 3725 4469 etiam,
3759 4405 3946 4476 ipsius

2285 4483 2509 4539 castelli
2570 4489 2784 4555 praetor
2841 4485 3127 4554 urbanus,
3198 4485 3385 4542 ﬁlium
3437 4506 3639 4560 suum,
3704 4496 3948 4551 nomine

521 4569 784 4641 (inclitus
841 4571 1184 4627 marchisus
1243 4577 1299 4628 et
1364 4572 1537 4630 istius
1594 4576 1775 4633 abbas
1834 4586 2171 4654 conventus,
2205 4595 2253 4660 D
2287 4570 2650 4639 Vualtel‘um,
2702 4589 2837 4627 cum
2896 4574 3124 4641 mOPbO,
3177 4575 3385 4631 medici
3418 4594 3597 4650 quem
3653 4581 3946 4639 V‘ariolam

519 4658 698 4714 frater
722 4659 1032 4732 Adalolphi
1055 4659 1181 4730 jam
1215 4661 1452 4734 mortui)
1484 4663 1733 4721 alterum
1782 4673 1982 4725 sancto
2035 4671 2172 4728 Ber-

2280 4666 2508 4730 vocant,
2542 4661 2712 4716 morti
2742 4662 3038 4718 videretur
3084 4679 3211 4720 esse
3242 4665 3563 4736 proximas,
3614 4668 3778 4725 ulnis
3811 4689 3947 4744 pro-

522 4747 645 4802 tino
693 4749 1006 4818 concessit,
1065 4748 1359 4806 consimili
1391 4767 1562 4824 opere
1591 4755 1972 4828 praecipuum.
2034 4760 2173 4820 Post
2281 4750 2424 4823 priis
2456 4750 2789 4820 sustollens,
2823 4769 3018 4808 coram
3048 4753 3233 4809 sancti
3263 4755 3482 4811 Bertini
3513 4755 3699 4814 altare
3731 4760 3949 4833 depor-

517 4836 688 4908 cujus
717 4836 1052 4894 luctuosum
1084 4838 1330 4910 obitum,
1383 4842 1744 4915 Arnulphus,
1793 4845 1970 4902 trater
2017 4850 2165 4922 ejus,

2279 4839 2456 4907 tavit;
2490 4839 2964 4913 monachumque
3010 4843 3373 4911 effecturum,
3418 4845 3468 4900 si
3519 4847 3649 4917 ejus
3704 4849 3802 4920 pia
3842 4852 3944 4921 ju-

520 4925 815 4982 abbatiani
848 4943 984 4983 cum
1022 4927 1246 4999 reliquo
1273 4931 1400 5001 ejus
1425 4932 1702 4988 comitatu
1735 4937 1951 5008 recepit
1974 4941 2053 5007 (et
2085 4940 2167 4997 ita

2301 4933 2510 4984 raretur
2542 4929 2980 5000 intercessione,
3013 4932 3344 5004 spopondit.
3379 4933 3562 4996 Quem
3589 4952 3730 4992 mox
3760 4939 3942 4994 saluti

514 5013 773 5072 Ecclesia
805 5015 940 5085 ista,
1001 5020 1234 5089 pastore
1290 5017 1559 5093 religioso
1605 5021 1866 5091 viduata,
1914 5043 1948 5082 a
1999 5025 2163 5087 laicis

515 5103 825 5169 maritatis,
857 5123 959 5178 per
986 5107 1230 5161 modum
1261 5107 1614 5166 hzereditatis
1642 5116 1731 5167 est
1759 5117 2073 5189 possessa).

585 5217 739 5302 (113)
765 5219 900 5276 Post
928 5221 1048 5302 haec
1075 5222 1626 5302 cod.A_udom.addit
1655 5243 1780 5300 qua
1813 5237 2160 5302 sequuntur.

697 5289 830 5356 ﬁam
860 5305 954 5356 per
983 5293 1155 5356 legem
1185 5294 1468 5356 celebrem,

697 5352 930 5420 bionaCis
959 5352 1144 5420 scium
1174 5352 1508 5420 muliebrem,

694 5412 1008 5480 Quanquam
1039 5417 1131 5480 diu
1160 5419 1306 5480 vixit,

690 5476 912 5541 [reﬁxo
943 5478 1124 5541 limite,
1157 5476 1319 5532 dicit:

691 5539 913 5604 Femina
941 5540 1043 5604 ﬁge
1073 5539 1271 5595 sedem.

684 5603 854 5672 Negat
880 5603 970 5659 hic
994 5603 1091 5661 tibi
1121 5607 1359 5664 terminis
1381 5609 1553 5666 aedem

2274 5026 2630 5092 restitutum,
2649 5025 2764 5082 Deo
2787 5027 3174 5100 omnipotenti
3191 5029 3482 5086 famulum
3505 5037 3564 5088 et
3580 5041 3785 5092 sancto
3807 5037 3943 5094 Ber-

2270 5115 2393 5170 tino
2420 5113 2630 5170 obtulit
2651 5117 3006 5172 monachum
3037 5119 3451 5191 perpetualiter
3479 5138 3937 5194 pemansurum.

2545 5229 2814 5293 Sanctam,
2859 5235 3164 5284 sanctorum

2547 5293 2631 5358 _Sic
2658 5307 2847 5358 norma
2865 5295 3016 5358 jubet
3046 5297 3428 5348 monachorum

2548 5356 2643 5404 Hic
2671 5356 2822 5406 locus
2850 5356 2994 5406 nunc
3021 5359 3183 5409 ritum

2546 5418 2659 5468 Coti
2690 5433 2722 5467 a
2749 5420 2904 5470 Patre
2933 5420 3241 5472 stabilitum.

2337 5541 2672 5625 (113:)‘Leg.
2722 5544 2957 5603 secundo
3005 5562 3143 5604 cum
3198 5547 3418 5605 Mabill.
3475 5550 3625 5608 Ann.
3659 5557 3788 5611 tom
3822 5553 3923 5625 ΠΙ,

2272 5614 2408 5696 pag.
2438 5614 2564 5674 441.
