  <div class='ocr_page' id='page_1' title='image "/cluster/home/n/w/nwhite01/storage/ocr_20150623/136/hvd.32044054759964/640.png"; bbox 0 0 4086 6188; ppageno 0'>
   <div class='ocr_carea' id='block_1_1' title="bbox 295 366 449 433">
    <p class='ocr_par' dir='ltr' id='par_1_1' title="bbox 295 366 449 433">
     <span class='ocr_line' id='line_1_1' title="bbox 295 366 449 433; baseline -0.006 -5"><span class='ocrx_word' id='word_1_1' title='bbox 295 366 449 433; x_wconf 71' lang='grc'>1265</span> 
     </span>
    </p>
   </div>
   <div class='ocr_carea' id='block_1_2' title="bbox 1672 363 2321 437">
    <p class='ocr_par' dir='ltr' id='par_1_2' title="bbox 1672 363 2321 437">
     <span class='ocr_line' id='line_1_2' title="bbox 1672 363 2321 437; baseline 0.009 -9"><span class='ocrx_word' id='word_1_2' title='bbox 1672 363 2321 437; x_wconf 82' lang='lat' dir='ltr'>CHARTULARIUM.</span> 
     </span>
    </p>
   </div>
   <div class='ocr_carea' id='block_1_3' title="bbox 3535 371 3694 440">
    <p class='ocr_par' dir='ltr' id='par_1_3' title="bbox 3535 371 3694 440">
     <span class='ocr_line' id='line_1_3' title="bbox 3535 371 3694 440; baseline 0.013 -2"><span class='ocrx_word' id='word_1_3' title='bbox 3535 371 3694 440; x_wconf 72' lang='grc'><strong>1266</strong></span> 
     </span>
    </p>
   </div>
   <div class='ocr_carea' id='block_1_4' title="bbox 295 499 3694 584">
    <p class='ocr_par' dir='ltr' id='par_1_4' title="bbox 295 499 3694 584">
     <span class='ocr_line' id='line_1_4' title="bbox 295 499 3694 584; baseline 0 -21"><span class='ocrx_word' id='word_1_4' title='bbox 295 504 426 563; x_wconf 90' lang='lat' dir='ltr'>dem</span> <span class='ocrx_word' id='word_1_5' title='bbox 457 501 764 562; x_wconf 85' lang='lat' dir='ltr'>custodem</span> <span class='ocrx_word' id='word_1_6' title='bbox 794 519 829 559; x_wconf 92' lang='lat' dir='ltr'>a</span> <span class='ocrx_word' id='word_1_7' title='bbox 857 499 1082 560; x_wconf 81' lang='lat' dir='ltr'>balneis</span> <span class='ocrx_word' id='word_1_8' title='bbox 1114 518 1432 571; x_wconf 90' lang='lat' dir='ltr'>reversum,</span> <span class='ocrx_word' id='word_1_9' title='bbox 1465 501 1662 560; x_wconf 88' lang='lat' dir='ltr'>subita</span> <span class='ocrx_word' id='word_1_10' title='bbox 1683 502 1937 560; x_wconf 83' lang='lat' dir='ltr'>inﬁrmi-</span> <span class='ocrx_word' id='word_1_11' title='bbox 1965 502 2023 571; x_wconf 85' lang='grc' dir='ltr'><strong>Α</strong></span> <span class='ocrx_word' id='word_1_12' title='bbox 2049 505 2270 564; x_wconf 83' lang='lat' dir='ltr'>familia</span> <span class='ocrx_word' id='word_1_13' title='bbox 2282 505 2546 580; x_wconf 90' lang='lat' dir='ltr'>ejusdem</span> <span class='ocrx_word' id='word_1_14' title='bbox 2569 507 2907 568; x_wconf 74' lang='lat' dir='ltr'>monasterii</span> <span class='ocrx_word' id='word_1_15' title='bbox 2934 506 3112 568; x_wconf 91' lang='lat' dir='ltr'>nullis</span> <span class='ocrx_word' id='word_1_16' title='bbox 3129 504 3492 584; x_wconf 84' lang='lat' dir='ltr'>quibuslibet</span> <span class='ocrx_word' id='word_1_17' title='bbox 3508 505 3694 566; x_wconf 89' lang='lat' dir='ltr'>homi-</span> 
     </span>
    </p>
   </div>
   <div class='ocr_carea' id='block_1_5' title="bbox 290 591 1936 667">
    <p class='ocr_par' dir='ltr' id='par_1_5' title="bbox 290 591 1936 667">
     <span class='ocr_line' id='line_1_5' title="bbox 290 591 1936 667; baseline -0.002 -13"><span class='ocrx_word' id='word_1_18' title='bbox 290 599 408 654; x_wconf 88' lang='lat' dir='ltr'>tate</span> <span class='ocrx_word' id='word_1_19' title='bbox 437 597 794 667; x_wconf 88' lang='lat' dir='ltr'>correptum,</span> <span class='ocrx_word' id='word_1_20' title='bbox 825 593 966 660; x_wconf 90' lang='lat' dir='ltr'>et,ni</span> <span class='ocrx_word' id='word_1_21' title='bbox 997 591 1416 650; x_wconf 84' lang='lat' dir='ltr'>intercessione</span> <span class='ocrx_word' id='word_1_22' title='bbox 1446 597 1791 649; x_wconf 91' lang='lat' dir='ltr'>succurrant</span> <span class='ocrx_word' id='word_1_23' title='bbox 1811 610 1936 650; x_wconf 92' lang='lat' dir='ltr'>mo-</span> 
     </span>
    </p>
   </div>
   <div class='ocr_carea' id='block_1_6' title="bbox 291 683 1932 757">
    <p class='ocr_par' dir='ltr' id='par_1_6' title="bbox 291 683 1932 757">
     <span class='ocr_line' id='line_1_6' title="bbox 291 683 1932 757; baseline -0.001 -16"><span class='ocrx_word' id='word_1_24' title='bbox 291 684 627 757; x_wconf 88' lang='lat' dir='ltr'>nachi,mox</span> <span class='ocrx_word' id='word_1_25' title='bbox 655 699 783 740; x_wconf 87' lang='lat' dir='ltr'>esse</span> <span class='ocrx_word' id='word_1_26' title='bbox 813 683 1355 747; x_wconf 89' lang='lat' dir='ltr'>moriturum.Quod</span> <span class='ocrx_word' id='word_1_27' title='bbox 1378 683 1680 738; x_wconf 82' lang='lat' dir='ltr'>audientes</span> <span class='ocrx_word' id='word_1_28' title='bbox 1706 684 1932 752; x_wconf 74' lang='lat' dir='ltr'>fratres,</span> 
     </span>
    </p>
   </div>
   <div class='ocr_carea' id='block_1_7' title="bbox 289 772 1932 847">
    <p class='ocr_par' dir='ltr' id='par_1_7' title="bbox 289 772 1932 847">
     <span class='ocr_line' id='line_1_7' title="bbox 289 772 1932 847; baseline -0.001 -16"><span class='ocrx_word' id='word_1_29' title='bbox 289 791 423 831; x_wconf 91' lang='lat' dir='ltr'>cum</span> <span class='ocrx_word' id='word_1_30' title='bbox 464 773 678 847; x_wconf 91' lang='lat' dir='ltr'>raptim</span> <span class='ocrx_word' id='word_1_31' title='bbox 709 790 863 829; x_wconf 91' lang='lat' dir='ltr'>unus</span> <span class='ocrx_word' id='word_1_32' title='bbox 911 772 1357 840; x_wconf 88' lang='lat' dir='ltr'>Eucharistiam,</span> <span class='ocrx_word' id='word_1_33' title='bbox 1386 772 1532 828; x_wconf 91' lang='lat' dir='ltr'>alter</span> <span class='ocrx_word' id='word_1_34' title='bbox 1555 777 1815 828; x_wconf 89' lang='lat' dir='ltr'>sacratas</span> <span class='ocrx_word' id='word_1_35' title='bbox 1846 790 1932 829; x_wconf 91' lang='lat' dir='ltr'>rc-</span> 
     </span>
    </p>
   </div>
   <div class='ocr_carea' id='block_1_8' title="bbox 288 861 1932 936">
    <p class='ocr_par' dir='ltr' id='par_1_8' title="bbox 288 861 1932 936">
     <span class='ocr_line' id='line_1_8' title="bbox 288 861 1932 936; baseline -0.001 -18"><span class='ocrx_word' id='word_1_36' title='bbox 288 862 506 936; x_wconf 90' lang='lat' dir='ltr'>liquias</span> <span class='ocrx_word' id='word_1_37' title='bbox 530 863 732 919; x_wconf 72' lang='lat' dir='ltr'>afferre</span> <span class='ocrx_word' id='word_1_38' title='bbox 764 865 1272 930; x_wconf 89' lang='lat' dir='ltr'>conarentur,ecce</span> <span class='ocrx_word' id='word_1_39' title='bbox 1299 861 1445 917; x_wconf 81' lang='lat' dir='ltr'>alter</span> <span class='ocrx_word' id='word_1_40' title='bbox 1474 863 1638 918; x_wconf 86' lang='lat' dir='ltr'><strong>adest</strong></span> <span class='ocrx_word' id='word_1_41' title='bbox 1666 863 1932 932; x_wconf 89' lang='lat' dir='ltr'>nuntius,</span> 
     </span>
    </p>
   </div>
   <div class='ocr_carea' id='block_1_9' title="bbox 287 950 1932 1024">
    <p class='ocr_par' dir='ltr' id='par_1_9' title="bbox 287 950 1932 1024">
     <span class='ocr_line' id='line_1_9' title="bbox 287 950 1932 1024; baseline -0.001 -15"><span class='ocrx_word' id='word_1_42' title='bbox 287 953 488 1009; x_wconf 88' lang='lat' dir='ltr'>dicens</span> <span class='ocrx_word' id='word_1_43' title='bbox 519 952 604 1008; x_wconf 90' lang='lat' dir='ltr'>eis</span> <span class='ocrx_word' id='word_1_44' title='bbox 634 968 706 1007; x_wconf 93' lang='lat' dir='ltr'>ne</span> <span class='ocrx_word' id='word_1_45' title='bbox 737 950 1212 1017; x_wconf 82' lang='lat' dir='ltr'>sollicitarentur,</span> <span class='ocrx_word' id='word_1_46' title='bbox 1241 951 1520 1023; x_wconf 89' lang='lat' dir='ltr'>quoniam</span> <span class='ocrx_word' id='word_1_47' title='bbox 1550 951 1736 1008; x_wconf 90' lang='lat' dir='ltr'>isdem</span> <span class='ocrx_word' id='word_1_48' title='bbox 1770 967 1932 1024; x_wconf 93' lang='lat' dir='ltr'>pres-</span> 
     </span>
    </p>
   </div>
   <div class='ocr_carea' id='block_1_10' title="bbox 285 1039 1931 1116">
    <p class='ocr_par' dir='ltr' id='par_1_10' title="bbox 285 1039 1931 1116">
     <span class='ocr_line' id='line_1_10' title="bbox 285 1039 1931 1116; baseline -0.002 -17"><span class='ocrx_word' id='word_1_49' title='bbox 285 1043 680 1116; x_wconf 79' lang='lat' dir='ltr'>byter,sancto</span> <span class='ocrx_word' id='word_1_50' title='bbox 703 1040 786 1096; x_wconf 85' lang='lat' dir='ltr'>illi</span> <span class='ocrx_word' id='word_1_51' title='bbox 802 1040 1133 1097; x_wconf 90' lang='lat' dir='ltr'>Audomaro</span> <span class='ocrx_word' id='word_1_52' title='bbox 1154 1040 1394 1113; x_wconf 90' lang='lat' dir='ltr'>dignam</span> <span class='ocrx_word' id='word_1_53' title='bbox 1417 1039 1795 1113; x_wconf 62' lang='lat' dir='ltr'>blasphemia:</span> <span class='ocrx_word' id='word_1_54' title='bbox 1813 1058 1931 1113; x_wconf 78' lang='lat' dir='ltr'>pce-</span> 
     </span>
    </p>
   </div>
   <div class='ocr_carea' id='block_1_11' title="bbox 286 1128 1932 1201">
    <p class='ocr_par' dir='ltr' id='par_1_11' title="bbox 286 1128 1932 1201">
     <span class='ocr_line' id='line_1_11' title="bbox 286 1128 1932 1201; baseline -0.001 -15"><span class='ocrx_word' id='word_1_55' title='bbox 286 1147 424 1186; x_wconf 91' lang='lat' dir='ltr'>nam</span> <span class='ocrx_word' id='word_1_56' title='bbox 454 1129 1079 1197; x_wconf 89' lang='lat' dir='ltr'>reddente,terminum</span> <span class='ocrx_word' id='word_1_57' title='bbox 1101 1128 1402 1201; x_wconf 71' lang='lat' dir='ltr'>praesentis</span> <span class='ocrx_word' id='word_1_58' title='bbox 1425 1129 1655 1185; x_wconf 86' lang='lat' dir='ltr'>fecisset</span> <span class='ocrx_word' id='word_1_59' title='bbox 1677 1129 1932 1185; x_wconf 77' lang='lat' dir='ltr'>vitae.Co-</span> 
     </span>
    </p>
   </div>
   <div class='ocr_carea' id='block_1_12' title="bbox 283 1217 1930 1294">
    <p class='ocr_par' dir='ltr' id='par_1_12' title="bbox 283 1217 1930 1294">
     <span class='ocr_line' id='line_1_12' title="bbox 283 1217 1930 1294; baseline -0.002 -18"><span class='ocrx_word' id='word_1_60' title='bbox 283 1219 445 1294; x_wconf 89' lang='lat' dir='ltr'>gnito</span> <span class='ocrx_word' id='word_1_61' title='bbox 474 1222 670 1276; x_wconf 90' lang='lat' dir='ltr'>autem</span> <span class='ocrx_word' id='word_1_62' title='bbox 701 1219 809 1274; x_wconf 94' lang='lat' dir='ltr'>hoc</span> <span class='ocrx_word' id='word_1_63' title='bbox 841 1218 1040 1292; x_wconf 89' lang='lat' dir='ltr'>populi</span> <span class='ocrx_word' id='word_1_64' title='bbox 1065 1218 1326 1290; x_wconf 88' lang='lat' dir='ltr'>undique</span> <span class='ocrx_word' id='word_1_65' title='bbox 1354 1218 1425 1273; x_wconf 90' lang='lat' dir='ltr'>ad</span> <span class='ocrx_word' id='word_1_66' title='bbox 1458 1217 1764 1274; x_wconf 83' lang='lat' dir='ltr'>ecclesiam</span> <span class='ocrx_word' id='word_1_67' title='bbox 1792 1234 1930 1274; x_wconf 86' lang='lat' dir='ltr'>con-</span> 
     </span>
    </p>
   </div>
   <div class='ocr_carea' id='block_1_13' title="bbox 283 1306 1929 1380">
    <p class='ocr_par' dir='ltr' id='par_1_13' title="bbox 283 1306 1929 1380">
     <span class='ocr_line' id='line_1_13' title="bbox 283 1306 1929 1380; baseline -0.001 -16"><span class='ocrx_word' id='word_1_68' title='bbox 283 1311 677 1378; x_wconf 89' lang='lat' dir='ltr'>currerunt,et</span> <span class='ocrx_word' id='word_1_69' title='bbox 705 1307 981 1364; x_wconf 84' lang='lat' dir='ltr'>facultate</span> <span class='ocrx_word' id='word_1_70' title='bbox 1010 1324 1128 1380; x_wconf 90' lang='lat' dir='ltr'>qua</span> <span class='ocrx_word' id='word_1_71' title='bbox 1169 1311 1457 1379; x_wconf 85' lang='lat' dir='ltr'>poterant,</span> <span class='ocrx_word' id='word_1_72' title='bbox 1480 1306 1762 1378; x_wconf 90' lang='lat' dir='ltr'>reliquias</span> <span class='ocrx_word' id='word_1_73' title='bbox 1795 1323 1929 1362; x_wconf 90' lang='lat' dir='ltr'>san-</span> 
     </span>
    </p>
   </div>
   <div class='ocr_carea' id='block_1_14' title="bbox 280 1396 1931 1468">
    <p class='ocr_par' dir='ltr' id='par_1_14' title="bbox 280 1396 1931 1468">
     <span class='ocr_line' id='line_1_14' title="bbox 280 1396 1931 1468; baseline -0.002 -14"><span class='ocrx_word' id='word_1_74' title='bbox 280 1396 1088 1454; x_wconf 79' lang='lat' dir='ltr'>ctas&#39;honoraverunt.Partim</span> <span class='ocrx_word' id='word_1_75' title='bbox 1101 1399 1296 1452; x_wconf 90' lang='lat' dir='ltr'>autem</span> <span class='ocrx_word' id='word_1_76' title='bbox 1311 1411 1586 1468; x_wconf 87' lang='lat' dir='ltr'>prospere</span> <span class='ocrx_word' id='word_1_77' title='bbox 1598 1411 1700 1468; x_wconf 90' lang='lat' dir='ltr'>pro</span> <span class='ocrx_word' id='word_1_78' title='bbox 1713 1396 1931 1468; x_wconf 87' lang='lat' dir='ltr'>quibus</span> 
     </span>
    </p>
   </div>
   <div class='ocr_carea' id='block_1_15' title="bbox 281 1484 1928 1559">
    <p class='ocr_par' dir='ltr' id='par_1_15' title="bbox 281 1484 1928 1559">
     <span class='ocr_line' id='line_1_15' title="bbox 281 1484 1928 1559; baseline -0.002 -15"><span class='ocrx_word' id='word_1_79' title='bbox 281 1491 560 1544; x_wconf 85' lang='lat' dir='ltr'>venerant</span> <span class='ocrx_word' id='word_1_80' title='bbox 589 1485 912 1559; x_wconf 89' lang='lat' dir='ltr'>acquisitis,</span> <span class='ocrx_word' id='word_1_81' title='bbox 945 1485 1191 1542; x_wconf 89' lang='lat' dir='ltr'>ecclesia</span> <span class='ocrx_word' id='word_1_82' title='bbox 1239 1485 1299 1540; x_wconf 91' lang='lat' dir='ltr'>in</span> <span class='ocrx_word' id='word_1_83' title='bbox 1334 1485 1610 1540; x_wconf 87' lang='lat' dir='ltr'>Frekenis</span> <span class='ocrx_word' id='word_1_84' title='bbox 1642 1484 1801 1558; x_wconf 90' lang='lat' dir='ltr'>regia</span> <span class='ocrx_word' id='word_1_85' title='bbox 1826 1485 1928 1540; x_wconf 83' lang='lat' dir='ltr'>do-</span> 
     </span>
    </p>
   </div>
   <div class='ocr_carea' id='block_1_16' title="bbox 282 1573 1930 1648">
    <p class='ocr_par' dir='ltr' id='par_1_16' title="bbox 282 1573 1930 1648">
     <span class='ocr_line' id='line_1_16' title="bbox 282 1573 1930 1648; baseline -0.001 -16"><span class='ocrx_word' id='word_1_86' title='bbox 282 1576 517 1634; x_wconf 86' lang='lat' dir='ltr'>natione</span> <span class='ocrx_word' id='word_1_87' title='bbox 547 1579 796 1648; x_wconf 89' lang='lat' dir='ltr'>recepta,</span> <span class='ocrx_word' id='word_1_88' title='bbox 828 1591 964 1631; x_wconf 90' lang='lat' dir='ltr'>cum</span> <span class='ocrx_word' id='word_1_89' title='bbox 1014 1573 1278 1647; x_wconf 90' lang='lat' dir='ltr'>reliquiis</span> <span class='ocrx_word' id='word_1_90' title='bbox 1326 1574 1513 1630; x_wconf 87' lang='lat' dir='ltr'>sancti</span> <span class='ocrx_word' id='word_1_91' title='bbox 1573 1574 1643 1630; x_wconf 93' lang='lat' dir='ltr'>ad</span> <span class='ocrx_word' id='word_1_92' title='bbox 1695 1573 1930 1646; x_wconf 89' lang='lat' dir='ltr'>propria</span> 
     </span>
    </p>
   </div>
   <div class='ocr_carea' id='block_1_17' title="bbox 281 1662 1926 1736">
    <p class='ocr_par' dir='ltr' id='par_1_17' title="bbox 281 1662 1926 1736">
     <span class='ocr_line' id='line_1_17' title="bbox 281 1662 1926 1736; baseline -0.002 -14"><span class='ocrx_word' id='word_1_93' title='bbox 281 1670 421 1722; x_wconf 89' lang='lat' dir='ltr'>sunt</span> <span class='ocrx_word' id='word_1_94' title='bbox 450 1665 683 1722; x_wconf 88' lang='lat' dir='ltr'>reversi.</span> <span class='ocrx_word' id='word_1_95' title='bbox 718 1664 839 1720; x_wconf 92' lang='lat' dir='ltr'>Sub</span> <span class='ocrx_word' id='word_1_96' title='bbox 870 1663 1093 1736; x_wconf 74' lang='lat' dir='ltr'>praefati</span> <span class='ocrx_word' id='word_1_97' title='bbox 1123 1663 1351 1719; x_wconf 84' lang='lat' dir='ltr'>abbatis</span> <span class='ocrx_word' id='word_1_98' title='bbox 1393 1663 1438 1730; x_wconf 87' lang='grc' dir='ltr'>Ι,</span> <span class='ocrx_word' id='word_1_99' title='bbox 1463 1662 1926 1736; x_wconf 90' lang='lat' dir='ltr'>gloriosissimus</span> 
     </span>
    </p>
   </div>
   <div class='ocr_carea' id='block_1_18' title="bbox 280 1751 1928 1812">
    <p class='ocr_par' dir='ltr' id='par_1_18' title="bbox 280 1751 1928 1812">
     <span class='ocr_line' id='line_1_18' title="bbox 280 1751 1928 1812; baseline -0.003 -1"><span class='ocrx_word' id='word_1_100' title='bbox 280 1770 381 1812; x_wconf 84' lang='lat' dir='ltr'>rex</span> <span class='ocrx_word' id='word_1_101' title='bbox 404 1752 855 1810; x_wconf 86' lang='lat' dir='ltr'>occidentalium</span> <span class='ocrx_word' id='word_1_102' title='bbox 888 1753 1242 1808; x_wconf 89' lang='lat' dir='ltr'>Francorum</span> <span class='ocrx_word' id='word_1_103' title='bbox 1292 1751 1618 1809; x_wconf 89' lang='lat' dir='ltr'>Ludovicus</span> <span class='ocrx_word' id='word_1_104' title='bbox 1675 1752 1928 1807; x_wconf 92' lang='lat' dir='ltr'>decessit</span> 
     </span>
    </p>
   </div>
   <div class='ocr_carea' id='block_1_19' title="bbox 279 1839 1925 1913">
    <p class='ocr_par' dir='ltr' id='par_1_19' title="bbox 279 1839 1925 1913">
     <span class='ocr_line' id='line_1_19' title="bbox 279 1839 1925 1913; baseline -0.002 -15"><span class='ocrx_word' id='word_1_105' title='bbox 279 1858 314 1898; x_wconf 88' lang='lat' dir='ltr'>a</span> <span class='ocrx_word' id='word_1_106' title='bbox 343 1841 574 1907; x_wconf 61' lang='lat' dir='ltr'>saeculo,</span> <span class='ocrx_word' id='word_1_107' title='bbox 606 1845 665 1897; x_wconf 94' lang='lat' dir='ltr'>et</span> <span class='ocrx_word' id='word_1_108' title='bbox 695 1841 914 1909; x_wconf 83' lang='lat' dir='ltr'>Remis,</span> <span class='ocrx_word' id='word_1_109' title='bbox 946 1839 1007 1896; x_wconf 88' lang='lat' dir='ltr'>in</span> <span class='ocrx_word' id='word_1_110' title='bbox 1038 1841 1395 1896; x_wconf 87' lang='lat' dir='ltr'>monasterio</span> <span class='ocrx_word' id='word_1_111' title='bbox 1435 1841 1622 1896; x_wconf 87' lang='lat' dir='ltr'>sancti</span> <span class='ocrx_word' id='word_1_112' title='bbox 1653 1841 1925 1913; x_wconf 82' lang='lat' dir='ltr'>Remigii,</span> 
     </span>
    </p>
   </div>
   <div class='ocr_carea' id='block_1_20' title="bbox 277 1927 1928 2000">
    <p class='ocr_par' dir='ltr' id='par_1_20' title="bbox 277 1927 1928 2000">
     <span class='ocr_line' id='line_1_20' title="bbox 277 1927 1928 2000; baseline -0.003 -12"><span class='ocrx_word' id='word_1_113' title='bbox 277 1934 366 1988; x_wconf 87' lang='lat' dir='ltr'>est</span> <span class='ocrx_word' id='word_1_114' title='bbox 395 1930 723 1986; x_wconf 88' lang='lat' dir='ltr'>tumulatus</span> <span class='ocrx_word' id='word_1_115' title='bbox 754 1945 812 1983; x_wconf 82' lang='lat' dir='ltr'>1x</span> <span class='ocrx_word' id='word_1_116' title='bbox 841 1929 978 1984; x_wconf 91' lang='lat' dir='ltr'>ldus</span> <span class='ocrx_word' id='word_1_117' title='bbox 1004 1928 1493 2000; x_wconf 89' lang='lat' dir='ltr'>Septembris.Cui</span> <span class='ocrx_word' id='word_1_118' title='bbox 1514 1927 1574 1982; x_wconf 89' lang='lat' dir='ltr'>in</span> <span class='ocrx_word' id='word_1_119' title='bbox 1597 1943 1774 1999; x_wconf 87' lang='lat' dir='ltr'>regno</span> <span class='ocrx_word' id='word_1_120' title='bbox 1801 1945 1928 1984; x_wconf 84' lang='lat' dir='ltr'>suc-</span> 
     </span>
    </p>
   </div>
   <div class='ocr_carea' id='block_1_21' title="bbox 279 2015 1925 2089">
    <p class='ocr_par' dir='ltr' id='par_1_21' title="bbox 279 2015 1925 2089">
     <span class='ocr_line' id='line_1_21' title="bbox 279 2015 1925 2089; baseline -0.003 -13"><span class='ocrx_word' id='word_1_121' title='bbox 279 2019 456 2077; x_wconf 87' lang='lat' dir='ltr'>cessit</span> <span class='ocrx_word' id='word_1_122' title='bbox 485 2017 644 2075; x_wconf 81' lang='lat' dir='ltr'>filius</span> <span class='ocrx_word' id='word_1_123' title='bbox 674 2018 800 2085; x_wconf 87' lang='lat' dir='ltr'>ejus</span> <span class='ocrx_word' id='word_1_124' title='bbox 829 2016 1020 2072; x_wconf 91' lang='lat' dir='ltr'>adhuc</span> <span class='ocrx_word' id='word_1_125' title='bbox 1053 2032 1198 2089; x_wconf 87' lang='lat' dir='ltr'>puer</span> <span class='ocrx_word' id='word_1_126' title='bbox 1228 2015 1627 2082; x_wconf 85' lang='lat' dir='ltr'>Lotharius,m</span> <span class='ocrx_word' id='word_1_127' title='bbox 1651 2016 1788 2072; x_wconf 91' lang='lat' dir='ltr'>ldus</span> <span class='ocrx_word' id='word_1_128' title='bbox 1818 2017 1925 2071; x_wconf 82' lang='lat' dir='ltr'>No-</span> 
     </span>
    </p>
   </div>
   <div class='ocr_carea' id='block_1_22' title="bbox 275 2103 1922 2181">
    <p class='ocr_par' dir='ltr' id='par_1_22' title="bbox 275 2103 1922 2181">
     <span class='ocr_line' id='line_1_22' title="bbox 275 2103 1922 2181; baseline -0.003 -16"><span class='ocrx_word' id='word_1_129' title='bbox 275 2107 618 2177; x_wconf 85' lang='lat' dir='ltr'>vembris,in</span> <span class='ocrx_word' id='word_1_130' title='bbox 650 2122 845 2181; x_wconf 85' lang='lat' dir='ltr'>regem</span> <span class='ocrx_word' id='word_1_131' title='bbox 877 2106 949 2162; x_wconf 90' lang='lat' dir='ltr'>ab</span> <span class='ocrx_word' id='word_1_132' title='bbox 977 2103 1218 2161; x_wconf 89' lang='lat' dir='ltr'>Artoldo</span> <span class='ocrx_word' id='word_1_133' title='bbox 1241 2103 1652 2177; x_wconf 62' lang='lat' dir='ltr'>archiprmsule</span> <span class='ocrx_word' id='word_1_134' title='bbox 1683 2104 1922 2160; x_wconf 81' lang='lat' dir='ltr'>Remen-</span> 
     </span>
    </p>
   </div>
   <div class='ocr_carea' id='block_1_23' title="bbox 276 2197 1066 2256">
    <p class='ocr_par' dir='ltr' id='par_1_23' title="bbox 276 2197 1066 2256">
     <span class='ocr_line' id='line_1_23' title="bbox 276 2197 1066 2256; baseline -0.008 0"><span class='ocrx_word' id='word_1_135' title='bbox 276 2197 359 2256; x_wconf 86' lang='lat' dir='ltr'>sis</span> <span class='ocrx_word' id='word_1_136' title='bbox 387 2198 644 2254; x_wconf 83' lang='lat' dir='ltr'>ecclesiae</span> <span class='ocrx_word' id='word_1_137' title='bbox 673 2199 1066 2252; x_wconf 90' lang='lat' dir='ltr'>consecratus.</span> 
     </span>
    </p>
   </div>
   <div class='ocr_carea' id='block_1_24' title="bbox 345 2279 1919 2359">
    <p class='ocr_par' dir='ltr' id='par_1_24' title="bbox 345 2279 1919 2359">
     <span class='ocr_line' id='line_1_24' title="bbox 345 2279 1919 2359; baseline -0.004 -15"><span class='ocrx_word' id='word_1_138' title='bbox 345 2289 484 2358; x_wconf 88' lang='lat' dir='ltr'>(Sub</span> <span class='ocrx_word' id='word_1_139' title='bbox 517 2303 632 2359; x_wconf 93' lang='lat' dir='ltr'>quo</span> <span class='ocrx_word' id='word_1_140' title='bbox 658 2284 937 2342; x_wconf 86' lang='lat' dir='ltr'>Arnulfus</span> <span class='ocrx_word' id='word_1_141' title='bbox 959 2299 1174 2350; x_wconf 91' lang='lat' dir='ltr'>comes,</span> <span class='ocrx_word' id='word_1_142' title='bbox 1205 2286 1262 2338; x_wconf 91' lang='lat' dir='ltr'>et</span> <span class='ocrx_word' id='word_1_143' title='bbox 1290 2279 1602 2338; x_wconf 88' lang='lat' dir='ltr'>Sithiensis</span> <span class='ocrx_word' id='word_1_144' title='bbox 1630 2281 1919 2351; x_wconf 74' lang='lat' dir='ltr'>Ecclesiae,</span> 
     </span>
    </p>
   </div>
   <div class='ocr_carea' id='block_1_25' title="bbox 275 2370 1922 2452">
    <p class='ocr_par' dir='ltr' id='par_1_25' title="bbox 275 2370 1922 2452">
     <span class='ocr_line' id='line_1_25' title="bbox 275 2370 1922 2452; baseline -0.005 -18"><span class='ocrx_word' id='word_1_145' title='bbox 275 2381 563 2452; x_wconf 88' lang='lat' dir='ltr'>quantum</span> <span class='ocrx_word' id='word_1_146' title='bbox 595 2375 666 2431; x_wconf 88' lang='lat' dir='ltr'>ad</span> <span class='ocrx_word' id='word_1_147' title='bbox 699 2372 1041 2446; x_wconf 86' lang='lat' dir='ltr'>temporale,</span> <span class='ocrx_word' id='word_1_148' title='bbox 1075 2370 1922 2444; x_wconf 89' lang='lat' dir='ltr'>administrator,privilegium</span> 
     </span>
    </p>
   </div>
   <div class='ocr_carea' id='block_1_26' title="bbox 273 2459 1924 2532">
    <p class='ocr_par' dir='ltr' id='par_1_26' title="bbox 273 2459 1924 2532">
     <span class='ocr_line' id='line_1_26' title="bbox 273 2459 1924 2532; baseline -0.005 -9"><span class='ocrx_word' id='word_1_149' title='bbox 273 2463 668 2524; x_wconf 88' lang='lat' dir='ltr'>immunitatis</span> <span class='ocrx_word' id='word_1_150' title='bbox 702 2460 1284 2532; x_wconf 82' lang='lat' dir='ltr'>conﬁrmationisque</span> <span class='ocrx_word' id='word_1_151' title='bbox 1312 2460 1605 2515; x_wconf 91' lang='lat' dir='ltr'>bonorum</span> <span class='ocrx_word' id='word_1_152' title='bbox 1627 2477 1661 2514; x_wconf 91' lang='lat' dir='ltr'>a</span> <span class='ocrx_word' id='word_1_153' title='bbox 1691 2459 1924 2515; x_wconf 91' lang='lat' dir='ltr'>semeti-</span> 
     </span>
    </p>
   </div>
   <div class='ocr_carea' id='block_1_27' title="bbox 275 2548 1922 2630">
    <p class='ocr_par' dir='ltr' id='par_1_27' title="bbox 275 2548 1922 2630">
     <span class='ocr_line' id='line_1_27' title="bbox 275 2548 1922 2630; baseline -0.005 -17"><span class='ocrx_word' id='word_1_154' title='bbox 275 2572 379 2630; x_wconf 89' lang='lat' dir='ltr'>pso</span> <span class='ocrx_word' id='word_1_155' title='bbox 409 2555 702 2620; x_wconf 87' lang='lat' dir='ltr'>datorum,</span> <span class='ocrx_word' id='word_1_156' title='bbox 736 2554 794 2606; x_wconf 91' lang='lat' dir='ltr'>et</span> <span class='ocrx_word' id='word_1_157' title='bbox 845 2549 1119 2621; x_wconf 89' lang='lat' dir='ltr'>deinceps</span> <span class='ocrx_word' id='word_1_158' title='bbox 1181 2548 1624 2614; x_wconf 76' lang='lat' dir='ltr'>domandorum;</span> <span class='ocrx_word' id='word_1_159' title='bbox 1679 2548 1818 2603; x_wconf 89' lang='lat' dir='ltr'>item</span> <span class='ocrx_word' id='word_1_160' title='bbox 1852 2548 1922 2604; x_wconf 93' lang='lat' dir='ltr'>de</span> 
     </span>
    </p>
   </div>
   <div class='ocr_carea' id='block_1_28' title="bbox 274 2636 1921 2713">
    <p class='ocr_par' dir='ltr' id='par_1_28' title="bbox 274 2636 1921 2713">
     <span class='ocr_line' id='line_1_28' title="bbox 274 2636 1921 2713; baseline -0.004 -15"><span class='ocrx_word' id='word_1_161' title='bbox 274 2642 508 2700; x_wconf 88' lang='lat' dir='ltr'>iustitia</span> <span class='ocrx_word' id='word_1_162' title='bbox 536 2657 714 2713; x_wconf 92' lang='lat' dir='ltr'>quam</span> <span class='ocrx_word' id='word_1_163' title='bbox 768 2639 1087 2696; x_wconf 89' lang='lat' dir='ltr'>debeamus</span> <span class='ocrx_word' id='word_1_164' title='bbox 1115 2637 1346 2704; x_wconf 89' lang='lat' dir='ltr'>habere,</span> <span class='ocrx_word' id='word_1_165' title='bbox 1381 2636 1440 2692; x_wconf 89' lang='lat' dir='ltr'>in</span> <span class='ocrx_word' id='word_1_166' title='bbox 1472 2637 1746 2692; x_wconf 91' lang='lat' dir='ltr'>omnibus</span> <span class='ocrx_word' id='word_1_167' title='bbox 1777 2636 1921 2692; x_wconf 90' lang='lat' dir='ltr'>locis</span> 
     </span>
    </p>
   </div>
   <div class='ocr_carea' id='block_1_29' title="bbox 275 2725 1921 2803">
    <p class='ocr_par' dir='ltr' id='par_1_29' title="bbox 275 2725 1921 2803">
     <span class='ocr_line' id='line_1_29' title="bbox 275 2725 1921 2803; baseline -0.006 -12"><span class='ocrx_word' id='word_1_168' title='bbox 275 2733 492 2791; x_wconf 91' lang='lat' dir='ltr'>nostris</span> <span class='ocrx_word' id='word_1_169' title='bbox 522 2729 878 2803; x_wconf 86' lang='lat' dir='ltr'>impetravit,</span> <span class='ocrx_word' id='word_1_170' title='bbox 927 2727 1252 2784; x_wconf 90' lang='lat' dir='ltr'>secundum</span> <span class='ocrx_word' id='word_1_171' title='bbox 1300 2725 1450 2782; x_wconf 88' lang='lat' dir='ltr'>hanc</span> <span class='ocrx_word' id='word_1_172' title='bbox 1496 2726 1744 2782; x_wconf 85' lang='lat' dir='ltr'>formam</span> <span class='ocrx_word' id='word_1_173' title='bbox 1795 2743 1921 2798; x_wconf 62' lang='lat' dir='ltr'>quis</span> 
     </span>
    </p>
   </div>
   <div class='ocr_carea' id='block_1_30' title="bbox 274 2816 1104 2888">
    <p class='ocr_par' dir='ltr' id='par_1_30' title="bbox 274 2816 1104 2888">
     <span class='ocr_line' id='line_1_30' title="bbox 274 2816 1104 2888; baseline -0.01 -8"><span class='ocrx_word' id='word_1_174' title='bbox 274 2823 370 2880; x_wconf 90' lang='lat' dir='ltr'>hic</span> <span class='ocrx_word' id='word_1_175' title='bbox 398 2821 752 2878; x_wconf 90' lang='lat' dir='ltr'>verbotenus</span> <span class='ocrx_word' id='word_1_176' title='bbox 783 2816 1104 2888; x_wconf 90' lang='lat' dir='ltr'>inseritur).</span> 
     </span>
    </p>
   </div>
   <div class='ocr_carea' id='block_1_31' title="bbox 353 2905 1563 2979">
    <p class='ocr_par' dir='ltr' id='par_1_31' title="bbox 353 2905 1563 2979">
     <span class='ocr_line' id='line_1_31' title="bbox 353 2905 1563 2979; baseline -0.006 -13"><span class='ocrx_word' id='word_1_177' title='bbox 353 2971 358 2978; x_wconf 55' lang='grc'><em>,</em></span> <span class='ocrx_word' id='word_1_178' title='bbox 624 2907 926 2979; x_wconf 76' lang='lat' dir='ltr'>Exemplnr</span> <span class='ocrx_word' id='word_1_179' title='bbox 950 2905 1236 2978; x_wconf 80' lang='lat' dir='ltr'>privilegii</span> <span class='ocrx_word' id='word_1_180' title='bbox 1266 2906 1563 2976; x_wconf 78' lang='lat' dir='ltr'>impetrati.</span> 
     </span>
    </p>
   </div>
   <div class='ocr_carea' id='block_1_32' title="bbox 347 2992 1920 3074">
    <p class='ocr_par' dir='ltr' id='par_1_32' title="bbox 347 2992 1920 3074">
     <span class='ocr_line' id='line_1_32' title="bbox 347 2992 1920 3074; baseline -0.004 -19"><span class='ocrx_word' id='word_1_181' title='bbox 347 3002 403 3074; x_wconf 92' lang='lat'>(7</span> <span class='ocrx_word' id='word_1_182' title='bbox 431 3002 662 3057; x_wconf 75' lang='lat' dir='ltr'>Ianuar.</span> <span class='ocrx_word' id='word_1_183' title='bbox 693 2996 843 3067; x_wconf 86' lang='lat'>962.)</span> <span class='ocrx_word' id='word_1_184' title='bbox 879 3018 907 3045; x_wconf 89' lang='lat'><strong>«</strong></span> <span class='ocrx_word' id='word_1_185' title='bbox 941 2995 1002 3050; x_wconf 93' lang='lat' dir='ltr'>In</span> <span class='ocrx_word' id='word_1_186' title='bbox 1036 2993 1271 3050; x_wconf 89' lang='lat' dir='ltr'>nomine</span> <span class='ocrx_word' id='word_1_187' title='bbox 1301 2998 1513 3049; x_wconf 64' lang='lat' dir='ltr'>sanctas</span> <span class='ocrx_word' id='word_1_188' title='bbox 1536 2992 1920 3048; x_wconf 70' lang='lat' dir='ltr'>etindividuae</span> 
     </span>
    </p>
   </div>
   <div class='ocr_carea' id='block_1_33' title="bbox 276 3081 1918 3151">
    <p class='ocr_par' dir='ltr' id='par_1_33' title="bbox 276 3081 1918 3151">
     <span class='ocr_line' id='line_1_33' title="bbox 276 3081 1918 3151; baseline -0.007 -3"><span class='ocrx_word' id='word_1_189' title='bbox 276 3085 941 3151; x_wconf 89' lang='lat' dir='ltr'>Trinitatis.Lotharius,</span> <span class='ocrx_word' id='word_1_190' title='bbox 975 3083 1170 3139; x_wconf 90' lang='lat' dir='ltr'>divina</span> <span class='ocrx_word' id='word_1_191' title='bbox 1200 3083 1508 3139; x_wconf 88' lang='lat' dir='ltr'>ordinante</span> <span class='ocrx_word' id='word_1_192' title='bbox 1536 3081 1918 3149; x_wconf 87' lang='lat' dir='ltr'>Providentia,</span> 
     </span>
    </p>
   </div>
   <div class='ocr_carea' id='block_1_34' title="bbox 275 3171 1923 3243">
    <p class='ocr_par' dir='ltr' id='par_1_34' title="bbox 275 3171 1923 3243">
     <span class='ocr_line' id='line_1_34' title="bbox 275 3171 1923 3243; baseline -0.005 -8"><span class='ocrx_word' id='word_1_193' title='bbox 275 3195 375 3235; x_wconf 84' lang='lat' dir='ltr'>rex</span> <span class='ocrx_word' id='word_1_194' title='bbox 406 3175 934 3234; x_wconf 62' lang='lat' dir='ltr'>Francorumﬂum</span> <span class='ocrx_word' id='word_1_195' title='bbox 965 3172 1110 3228; x_wconf 90' lang='lat' dir='ltr'>locis</span> <span class='ocrx_word' id='word_1_196' title='bbox 1142 3171 1335 3228; x_wconf 91' lang='lat' dir='ltr'>divino</span> <span class='ocrx_word' id='word_1_197' title='bbox 1356 3171 1538 3226; x_wconf 90' lang='lat' dir='ltr'>cultui</span> <span class='ocrx_word' id='word_1_198' title='bbox 1571 3171 1923 3243; x_wconf 85' lang='lat' dir='ltr'>mancipatis</span> 
     </span>
    </p>
   </div>
   <div class='ocr_carea' id='block_1_35' title="bbox 2045 597 3691 673">
    <p class='ocr_par' dir='ltr' id='par_1_35' title="bbox 2045 597 3691 673">
     <span class='ocr_line' id='line_1_35' title="bbox 2045 597 3691 673; baseline 0.001 -21"><span class='ocrx_word' id='word_1_199' title='bbox 2045 597 2220 654; x_wconf 90' lang='lat' dir='ltr'>nibus</span> <span class='ocrx_word' id='word_1_200' title='bbox 2250 598 2515 654; x_wconf 86' lang='lat' dir='ltr'>foderum</span> <span class='ocrx_word' id='word_1_201' title='bbox 2544 599 2744 668; x_wconf 89' lang='lat' dir='ltr'>daret;</span> <span class='ocrx_word' id='word_1_202' title='bbox 2776 603 2833 656; x_wconf 90' lang='lat' dir='ltr'>et</span> <span class='ocrx_word' id='word_1_203' title='bbox 2861 604 2928 657; x_wconf 92' lang='lat' dir='ltr'>ut</span> <span class='ocrx_word' id='word_1_204' title='bbox 2972 617 3040 657; x_wconf 90' lang='lat' dir='ltr'>ea</span> <span class='ocrx_word' id='word_1_205' title='bbox 3069 616 3196 673; x_wconf 67' lang='lat' dir='ltr'>qua:</span> <span class='ocrx_word' id='word_1_206' title='bbox 3237 617 3273 656; x_wconf 88' lang='lat' dir='ltr'>a</span> <span class='ocrx_word' id='word_1_207' title='bbox 3302 597 3574 656; x_wconf 87' lang='lat' dir='ltr'>fidelibus</span> <span class='ocrx_word' id='word_1_208' title='bbox 3605 614 3691 654; x_wconf 90' lang='lat' dir='ltr'>re-</span> 
     </span>
    </p>
   </div>
   <div class='ocr_carea' id='block_1_36' title="bbox 2044 686 3691 761">
    <p class='ocr_par' dir='ltr' id='par_1_36' title="bbox 2044 686 3691 761">
     <span class='ocr_line' id='line_1_36' title="bbox 2044 686 3691 761; baseline 0.001 -19"><span class='ocrx_word' id='word_1_209' title='bbox 2044 686 2196 743; x_wconf 91' lang='lat' dir='ltr'>centi</span> <span class='ocrx_word' id='word_1_210' title='bbox 2226 690 2485 759; x_wconf 90' lang='lat' dir='ltr'>tempore</span> <span class='ocrx_word' id='word_1_211' title='bbox 2515 705 2793 744; x_wconf 90' lang='lat' dir='ltr'>concessa</span> <span class='ocrx_word' id='word_1_212' title='bbox 2817 692 2977 759; x_wconf 91' lang='lat' dir='ltr'>sunt,</span> <span class='ocrx_word' id='word_1_213' title='bbox 3002 692 3205 745; x_wconf 89' lang='lat' dir='ltr'>nostra</span> <span class='ocrx_word' id='word_1_214' title='bbox 3235 704 3466 761; x_wconf 90' lang='lat' dir='ltr'>quoque</span> <span class='ocrx_word' id='word_1_215' title='bbox 3497 691 3691 744; x_wconf 91' lang='lat' dir='ltr'>aucto-</span> 
     </span>
    </p>
   </div>
   <div class='ocr_carea' id='block_1_37' title="bbox 2043 775 3690 850">
    <p class='ocr_par' dir='ltr' id='par_1_37' title="bbox 2043 775 3690 850">
     <span class='ocr_line' id='line_1_37' title="bbox 2043 775 3690 850; baseline 0.001 -20"><span class='ocrx_word' id='word_1_216' title='bbox 2043 775 2215 831; x_wconf 88' lang='lat' dir='ltr'>ritate</span> <span class='ocrx_word' id='word_1_217' title='bbox 2273 775 2664 846; x_wconf 81' lang='lat' dir='ltr'>firmaremus,</span> <span class='ocrx_word' id='word_1_218' title='bbox 2706 777 3008 834; x_wconf 90' lang='lat' dir='ltr'>humiliter</span> <span class='ocrx_word' id='word_1_219' title='bbox 3066 777 3382 850; x_wconf 89' lang='lat' dir='ltr'>petierunt.</span> <span class='ocrx_word' id='word_1_220' title='bbox 3429 778 3690 844; x_wconf 88' lang='lat' dir='ltr'>Quorum</span> 
     </span>
    </p>
   </div>
   <div class='ocr_carea' id='block_1_38' title="bbox 2043 864 3690 939">
    <p class='ocr_par' dir='ltr' id='par_1_38' title="bbox 2043 864 3690 939">
     <span class='ocr_line' id='line_1_38' title="bbox 2043 864 3690 939; baseline 0.001 -19"><span class='ocrx_word' id='word_1_221' title='bbox 2043 864 2425 935; x_wconf 89' lang='lat' dir='ltr'>petitionibus</span> <span class='ocrx_word' id='word_1_222' title='bbox 2455 865 2705 922; x_wconf 90' lang='lat' dir='ltr'>libenter</span> <span class='ocrx_word' id='word_1_223' title='bbox 2733 865 3132 939; x_wconf 90' lang='lat' dir='ltr'>acquievimus</span> <span class='ocrx_word' id='word_1_224' title='bbox 3161 883 3174 922; x_wconf 89' lang='lat'><strong>:</strong></span> <span class='ocrx_word' id='word_1_225' title='bbox 3207 869 3264 922; x_wconf 92' lang='lat' dir='ltr'>et</span> <span class='ocrx_word' id='word_1_226' title='bbox 3292 866 3376 921; x_wconf 88' lang='lat' dir='ltr'>ita</span> <span class='ocrx_word' id='word_1_227' title='bbox 3405 865 3466 921; x_wconf 90' lang='lat' dir='ltr'>in</span> <span class='ocrx_word' id='word_1_228' title='bbox 3499 865 3690 921; x_wconf 89' lang='lat' dir='ltr'>omni-</span> 
     </span>
    </p>
   </div>
   <div class='ocr_carea' id='block_1_39' title="bbox 2040 953 3690 1028">
    <p class='ocr_par' dir='ltr' id='par_1_39' title="bbox 2040 953 3690 1028">
     <span class='ocr_line' id='line_1_39' title="bbox 2040 953 3690 1028; baseline 0.001 -20"><span class='ocrx_word' id='word_1_229' title='bbox 2040 953 2153 1008; x_wconf 92' lang='lat' dir='ltr'>bus</span> <span class='ocrx_word' id='word_1_230' title='bbox 2185 955 2581 1023; x_wconf 89' lang='lat' dir='ltr'>concedimus,</span> <span class='ocrx_word' id='word_1_231' title='bbox 2615 960 2790 1028; x_wconf 91' lang='lat' dir='ltr'>atque</span> <span class='ocrx_word' id='word_1_232' title='bbox 2819 972 2922 1028; x_wconf 91' lang='lat' dir='ltr'>per</span> <span class='ocrx_word' id='word_1_233' title='bbox 2952 955 3062 1011; x_wconf 92' lang='lat' dir='ltr'>hoc</span> <span class='ocrx_word' id='word_1_234' title='bbox 3096 957 3452 1028; x_wconf 65' lang='lat' dir='ltr'>praeceptum</span> <span class='ocrx_word' id='word_1_235' title='bbox 3474 955 3690 1011; x_wconf 79' lang='lat' dir='ltr'>confir-</span> 
     </span>
    </p>
   </div>
   <div class='ocr_carea' id='block_1_40' title="bbox 2041 1043 3690 1116">
    <p class='ocr_par' dir='ltr' id='par_1_40' title="bbox 2041 1043 3690 1116">
     <span class='ocr_line' id='line_1_40' title="bbox 2041 1043 3690 1116; baseline 0.002 -18"><span class='ocrx_word' id='word_1_236' title='bbox 2041 1059 2297 1111; x_wconf 91' lang='lat' dir='ltr'>mamus,</span> <span class='ocrx_word' id='word_1_237' title='bbox 2326 1044 2536 1101; x_wconf 84' lang='lat' dir='ltr'>fiscum</span> <span class='ocrx_word' id='word_1_238' title='bbox 2556 1044 2824 1101; x_wconf 90' lang='lat' dir='ltr'>videlicet</span> <span class='ocrx_word' id='word_1_239' title='bbox 2866 1045 3082 1113; x_wconf 85' lang='lat' dir='ltr'>Morke,</span> <span class='ocrx_word' id='word_1_240' title='bbox 3109 1061 3246 1101; x_wconf 91' lang='lat' dir='ltr'>cum</span> <span class='ocrx_word' id='word_1_241' title='bbox 3286 1043 3561 1100; x_wconf 91' lang='lat' dir='ltr'>omnibus</span> <span class='ocrx_word' id='word_1_242' title='bbox 3591 1060 3690 1116; x_wconf 81' lang='lat' dir='ltr'>ap-</span> 
     </span>
    </p>
   </div>
   <div class='ocr_carea' id='block_1_41' title="bbox 2041 1131 3685 1205">
    <p class='ocr_par' dir='ltr' id='par_1_41' title="bbox 2041 1131 3685 1205">
     <span class='ocr_line' id='line_1_41' title="bbox 2041 1131 3685 1205; baseline 0.001 -18"><span class='ocrx_word' id='word_1_243' title='bbox 2041 1133 2339 1205; x_wconf 90' lang='lat' dir='ltr'>penditiis,</span> <span class='ocrx_word' id='word_1_244' title='bbox 2371 1151 2547 1205; x_wconf 89' lang='lat' dir='ltr'>quem</span> <span class='ocrx_word' id='word_1_245' title='bbox 2594 1134 2644 1189; x_wconf 91' lang='lat' dir='ltr'>is</span> <span class='ocrx_word' id='word_1_246' title='bbox 2701 1134 2937 1190; x_wconf 92' lang='lat' dir='ltr'>inclitus</span> <span class='ocrx_word' id='word_1_247' title='bbox 2995 1133 3325 1190; x_wconf 89' lang='lat' dir='ltr'>marehisus</span> <span class='ocrx_word' id='word_1_248' title='bbox 3379 1131 3685 1203; x_wconf 81' lang='lat' dir='ltr'>Arnulfus,</span> 
     </span>
    </p>
   </div>
   <div class='ocr_carea' id='block_1_42' title="bbox 2039 1220 3684 1290">
    <p class='ocr_par' dir='ltr' id='par_1_42' title="bbox 2039 1220 3684 1290">
     <span class='ocr_line' id='line_1_42' title="bbox 2039 1220 3684 1290; baseline -0.001 -13"><span class='ocrx_word' id='word_1_249' title='bbox 2039 1226 2238 1278; x_wconf 90' lang='lat' dir='ltr'>noster</span> <span class='ocrx_word' id='word_1_250' title='bbox 2264 1222 2664 1290; x_wconf 84' lang='lat' dir='ltr'>ﬁdelissimus,</span> <span class='ocrx_word' id='word_1_251' title='bbox 2697 1223 2890 1278; x_wconf 92' lang='lat' dir='ltr'>eidem</span> <span class='ocrx_word' id='word_1_252' title='bbox 2938 1221 3064 1279; x_wconf 93' lang='lat' dir='ltr'>loco</span> <span class='ocrx_word' id='word_1_253' title='bbox 3109 1225 3311 1278; x_wconf 89' lang='lat' dir='ltr'>sancto</span> <span class='ocrx_word' id='word_1_254' title='bbox 3341 1220 3684 1287; x_wconf 87' lang='lat' dir='ltr'>tradiderat,</span> 
     </span>
    </p>
   </div>
   <div class='ocr_carea' id='block_1_43' title="bbox 2040 1310 3685 1384">
    <p class='ocr_par' dir='ltr' id='par_1_43' title="bbox 2040 1310 3685 1384">
     <span class='ocr_line' id='line_1_43' title="bbox 2040 1310 3685 1384; baseline -0.001 -18"><span class='ocrx_word' id='word_1_255' title='bbox 2040 1311 2459 1378; x_wconf 89' lang='lat' dir='ltr'>consentiente,</span> <span class='ocrx_word' id='word_1_256' title='bbox 2490 1311 2608 1367; x_wconf 92' lang='lat' dir='ltr'>imo</span> <span class='ocrx_word' id='word_1_257' title='bbox 2639 1315 2879 1384; x_wconf 89' lang='lat' dir='ltr'>rogante</span> <span class='ocrx_word' id='word_1_258' title='bbox 2905 1311 3116 1368; x_wconf 86' lang='lat' dir='ltr'>Athala</span> <span class='ocrx_word' id='word_1_259' title='bbox 3134 1311 3399 1381; x_wconf 86' lang='lat' dir='ltr'>ejusdem</span> <span class='ocrx_word' id='word_1_260' title='bbox 3435 1310 3685 1381; x_wconf 87' lang='lat' dir='ltr'>conjuge</span> 
     </span>
    </p>
   </div>
   <div class='ocr_carea' id='block_1_44' title="bbox 2039 1397 3688 1473">
    <p class='ocr_par' dir='ltr' id='par_1_44' title="bbox 2039 1397 3688 1473">
     <span class='ocr_line' id='line_1_44' title="bbox 2039 1397 3688 1473; baseline 0 -20"><span class='ocrx_word' id='word_1_261' title='bbox 2039 1398 2426 1468; x_wconf 88' lang='lat' dir='ltr'>nobilissima,</span> <span class='ocrx_word' id='word_1_262' title='bbox 2458 1405 2718 1473; x_wconf 89' lang='lat' dir='ltr'>tempore</span> <span class='ocrx_word' id='word_1_263' title='bbox 2763 1416 2878 1472; x_wconf 92' lang='lat' dir='ltr'>quo</span> <span class='ocrx_word' id='word_1_264' title='bbox 2929 1400 3058 1472; x_wconf 91' lang='lat' dir='ltr'>ipsa</span> <span class='ocrx_word' id='word_1_265' title='bbox 3110 1398 3461 1456; x_wconf 87' lang='lat' dir='ltr'>feminarum</span> <span class='ocrx_word' id='word_1_266' title='bbox 3491 1397 3688 1471; x_wconf 89' lang='lat' dir='ltr'>prima</span> 
     </span>
    </p>
   </div>
   <div class='ocr_carea' id='block_1_45' title="bbox 2036 1485 3683 1564">
    <p class='ocr_par' dir='ltr' id='par_1_45' title="bbox 2036 1485 3683 1564">
     <span class='ocr_line' id='line_1_45' title="bbox 2036 1485 3683 1564; baseline 0.001 -20"><span class='ocrx_word' id='word_1_267' title='bbox 2036 1488 2279 1544; x_wconf 89' lang='lat' dir='ltr'>tentavit</span> <span class='ocrx_word' id='word_1_268' title='bbox 2306 1489 2532 1562; x_wconf 88' lang='lat' dir='ltr'>ingredi</span> <span class='ocrx_word' id='word_1_269' title='bbox 2564 1493 2767 1545; x_wconf 86' lang='lat' dir='ltr'>sancta</span> <span class='ocrx_word' id='word_1_270' title='bbox 2812 1489 2999 1564; x_wconf 89' lang='lat' dir='ltr'>ipsius</span> <span class='ocrx_word' id='word_1_271' title='bbox 3044 1487 3381 1546; x_wconf 86' lang='lat' dir='ltr'>monasterii</span> <span class='ocrx_word' id='word_1_272' title='bbox 3437 1485 3683 1554; x_wconf 76' lang='lat' dir='ltr'>limina;</span> 
     </span>
    </p>
   </div>
   <div class='ocr_carea' id='block_1_46' title="bbox 2036 1577 3687 1650">
    <p class='ocr_par' dir='ltr' id='par_1_46' title="bbox 2036 1577 3687 1650">
     <span class='ocr_line' id='line_1_46' title="bbox 2036 1577 3687 1650; baseline -0.001 -17"><span class='ocrx_word' id='word_1_273' title='bbox 2036 1577 2234 1633; x_wconf 89' lang='lat' dir='ltr'>villam</span> <span class='ocrx_word' id='word_1_274' title='bbox 2266 1577 2440 1634; x_wconf 88' lang='lat' dir='ltr'>etiam</span> <span class='ocrx_word' id='word_1_275' title='bbox 2489 1580 2667 1634; x_wconf 85' lang='lat' dir='ltr'>Arcas</span> <span class='ocrx_word' id='word_1_276' title='bbox 2725 1578 2964 1646; x_wconf 88' lang='lat' dir='ltr'>dictam,</span> <span class='ocrx_word' id='word_1_277' title='bbox 2992 1593 3171 1650; x_wconf 88' lang='lat' dir='ltr'>quam</span> <span class='ocrx_word' id='word_1_278' title='bbox 3216 1577 3403 1632; x_wconf 87' lang='lat' dir='ltr'>isdem</span> <span class='ocrx_word' id='word_1_279' title='bbox 3453 1591 3687 1650; x_wconf 90' lang='lat' dir='ltr'>quoque</span> 
     </span>
    </p>
   </div>
   <div class='ocr_carea' id='block_1_47' title="bbox 2035 1663 3683 1739">
    <p class='ocr_par' dir='ltr' id='par_1_47' title="bbox 2035 1663 3683 1739">
     <span class='ocr_line' id='line_1_47' title="bbox 2035 1663 3683 1739; baseline -0.002 -18"><span class='ocrx_word' id='word_1_280' title='bbox 2035 1666 2212 1722; x_wconf 91' lang='lat' dir='ltr'>victui</span> <span class='ocrx_word' id='word_1_281' title='bbox 2246 1667 2489 1722; x_wconf 84' lang='lat' dir='ltr'>fratrum</span> <span class='ocrx_word' id='word_1_282' title='bbox 2521 1667 2776 1734; x_wconf 90' lang='lat' dir='ltr'>adauxit,</span> <span class='ocrx_word' id='word_1_283' title='bbox 2811 1667 2871 1722; x_wconf 92' lang='lat' dir='ltr'>in</span> <span class='ocrx_word' id='word_1_284' title='bbox 2903 1683 3017 1739; x_wconf 89' lang='lat' dir='ltr'>qua</span> <span class='ocrx_word' id='word_1_285' title='bbox 3067 1669 3124 1721; x_wconf 91' lang='lat' dir='ltr'>et</span> <span class='ocrx_word' id='word_1_286' title='bbox 3153 1664 3382 1721; x_wconf 87' lang='lat' dir='ltr'>alodem</span> <span class='ocrx_word' id='word_1_287' title='bbox 3413 1663 3683 1720; x_wconf 89' lang='lat' dir='ltr'>Everardi</span> 
     </span>
    </p>
   </div>
   <div class='ocr_carea' id='block_1_48' title="bbox 2033 1753 3682 1827">
    <p class='ocr_par' dir='ltr' id='par_1_48' title="bbox 2033 1753 3682 1827">
     <span class='ocr_line' id='line_1_48' title="bbox 2033 1753 3682 1827; baseline -0.001 -19"><span class='ocrx_word' id='word_1_288' title='bbox 2033 1753 2301 1817; x_wconf 87' lang='lat' dir='ltr'>illustris,</span> <span class='ocrx_word' id='word_1_289' title='bbox 2334 1755 2602 1826; x_wconf 89' lang='lat' dir='ltr'>ejusdem</span> <span class='ocrx_word' id='word_1_290' title='bbox 2659 1753 2766 1810; x_wconf 90' lang='lat' dir='ltr'>loci</span> <span class='ocrx_word' id='word_1_291' title='bbox 2815 1753 3097 1822; x_wconf 87' lang='lat' dir='ltr'>advocati,</span> <span class='ocrx_word' id='word_1_292' title='bbox 3131 1768 3306 1827; x_wconf 81' lang='lat' dir='ltr'>quem</span> <span class='ocrx_word' id='word_1_293' title='bbox 3346 1755 3478 1825; x_wconf 87' lang='lat' dir='ltr'>post</span> <span class='ocrx_word' id='word_1_294' title='bbox 3507 1768 3682 1808; x_wconf 88' lang='lat' dir='ltr'>suum</span> 
     </span>
    </p>
   </div>
   <div class='ocr_carea' id='block_1_49' title="bbox 2035 1841 3684 1914">
    <p class='ocr_par' dir='ltr' id='par_1_49' title="bbox 2035 1841 3684 1914">
     <span class='ocr_line' id='line_1_49' title="bbox 2035 1841 3684 1914; baseline -0.002 -15"><span class='ocrx_word' id='word_1_295' title='bbox 2035 1843 2260 1899; x_wconf 91' lang='lat' dir='ltr'>obitum</span> <span class='ocrx_word' id='word_1_296' title='bbox 2291 1843 2434 1914; x_wconf 91' lang='lat' dir='ltr'>ipsis</span> <span class='ocrx_word' id='word_1_297' title='bbox 2459 1843 2702 1899; x_wconf 89' lang='lat' dir='ltr'>tradidit</span> <span class='ocrx_word' id='word_1_298' title='bbox 2731 1843 3014 1899; x_wconf 86' lang='lat' dir='ltr'>fratribus</span> <span class='ocrx_word' id='word_1_299' title='bbox 3044 1841 3489 1914; x_wconf 89' lang='lat' dir='ltr'>suscipiendum</span> <span class='ocrx_word' id='word_1_300' title='bbox 3514 1858 3528 1909; x_wconf 85' lang='lat'><strong>;</strong></span> <span class='ocrx_word' id='word_1_301' title='bbox 3553 1856 3684 1896; x_wconf 91' lang='lat' dir='ltr'>mo-</span> 
     </span>
    </p>
   </div>
   <div class='ocr_carea' id='block_1_50' title="bbox 2035 1927 3684 2003">
    <p class='ocr_par' dir='ltr' id='par_1_50' title="bbox 2035 1927 3684 2003">
     <span class='ocr_line' id='line_1_50' title="bbox 2035 1927 3684 2003; baseline 0 -17"><span class='ocrx_word' id='word_1_302' title='bbox 2035 1930 2358 1986; x_wconf 88' lang='lat' dir='ltr'>nasterium</span> <span class='ocrx_word' id='word_1_303' title='bbox 2390 1947 2622 2003; x_wconf 92' lang='lat' dir='ltr'>quoque</span> <span class='ocrx_word' id='word_1_304' title='bbox 2652 1931 2840 1987; x_wconf 89' lang='lat' dir='ltr'>sancti</span> <span class='ocrx_word' id='word_1_305' title='bbox 2870 1929 3192 2000; x_wconf 89' lang='lat' dir='ltr'>Michaelis,</span> <span class='ocrx_word' id='word_1_306' title='bbox 3206 1927 3684 1986; x_wconf 88' lang='lat' dir='ltr'>Wachimvillare</span> 
     </span>
    </p>
   </div>
   <div class='ocr_carea' id='block_1_51' title="bbox 2034 2019 3682 2091">
    <p class='ocr_par' dir='ltr' id='par_1_51' title="bbox 2034 2019 3682 2091">
     <span class='ocr_line' id='line_1_51' title="bbox 2034 2019 3682 2091; baseline -0.001 -17"><span class='ocrx_word' id='word_1_307' title='bbox 2034 2019 2277 2085; x_wconf 88' lang='lat' dir='ltr'>dictum,</span> <span class='ocrx_word' id='word_1_308' title='bbox 2312 2035 2446 2074; x_wconf 91' lang='lat' dir='ltr'>eum</span> <span class='ocrx_word' id='word_1_309' title='bbox 2478 2019 2832 2091; x_wconf 90' lang='lat' dir='ltr'>appenditiis</span> <span class='ocrx_word' id='word_1_310' title='bbox 2858 2019 3024 2086; x_wconf 89' lang='lat' dir='ltr'>suis;</span> <span class='ocrx_word' id='word_1_311' title='bbox 3058 2019 3320 2074; x_wconf 89' lang='lat' dir='ltr'>Petresse</span> <span class='ocrx_word' id='word_1_312' title='bbox 3339 2033 3575 2090; x_wconf 91' lang='lat' dir='ltr'>quoque</span> <span class='ocrx_word' id='word_1_313' title='bbox 3590 2033 3682 2073; x_wconf 81' lang='lat' dir='ltr'>ec-</span> 
     </span>
    </p>
   </div>
   <div class='ocr_carea' id='block_1_52' title="bbox 2034 2104 3684 2179">
    <p class='ocr_par' dir='ltr' id='par_1_52' title="bbox 2034 2104 3684 2179">
     <span class='ocr_line' id='line_1_52' title="bbox 2034 2104 3684 2179; baseline -0.002 -16"><span class='ocrx_word' id='word_1_314' title='bbox 2034 2107 2530 2179; x_wconf 68' lang='lat' dir='ltr'>clesiam,praefati</span> <span class='ocrx_word' id='word_1_315' title='bbox 2562 2106 2838 2164; x_wconf 89' lang='lat' dir='ltr'>marchisi</span> <span class='ocrx_word' id='word_1_316' title='bbox 2869 2105 3184 2162; x_wconf 82' lang='lat' dir='ltr'>traditione</span> <span class='ocrx_word' id='word_1_317' title='bbox 3214 2106 3528 2161; x_wconf 89' lang='lat' dir='ltr'>donatam:</span> <span class='ocrx_word' id='word_1_318' title='bbox 3560 2104 3684 2160; x_wconf 63' lang='lat' dir='ltr'>hac</span> 
     </span>
    </p>
   </div>
   <div class='ocr_carea' id='block_1_53' title="bbox 2033 2192 3685 2267">
    <p class='ocr_par' dir='ltr' id='par_1_53' title="bbox 2033 2192 3685 2267">
     <span class='ocr_line' id='line_1_53' title="bbox 2033 2192 3685 2267; baseline -0.002 -15"><span class='ocrx_word' id='word_1_319' title='bbox 2033 2196 2230 2252; x_wconf 91' lang='lat' dir='ltr'>omnia</span> <span class='ocrx_word' id='word_1_320' title='bbox 2258 2195 2448 2253; x_wconf 91' lang='lat' dir='ltr'>eidem</span> <span class='ocrx_word' id='word_1_321' title='bbox 2471 2194 2596 2252; x_wconf 92' lang='lat' dir='ltr'>loco</span> <span class='ocrx_word' id='word_1_322' title='bbox 2628 2199 2829 2253; x_wconf 90' lang='lat' dir='ltr'>sancto</span> <span class='ocrx_word' id='word_1_323' title='bbox 2851 2194 3270 2252; x_wconf 83' lang='lat' dir='ltr'>confirmamus</span> <span class='ocrx_word' id='word_1_324' title='bbox 3291 2192 3471 2267; x_wconf 86' lang='lat' dir='ltr'>regali</span> <span class='ocrx_word' id='word_1_325' title='bbox 3488 2196 3685 2250; x_wconf 87' lang='lat' dir='ltr'>aucto-</span> 
     </span>
    </p>
   </div>
   <div class='ocr_carea' id='block_1_54' title="bbox 2033 2281 3681 2356">
    <p class='ocr_par' dir='ltr' id='par_1_54' title="bbox 2033 2281 3681 2356">
     <span class='ocr_line' id='line_1_54' title="bbox 2033 2281 3681 2356; baseline -0.001 -16"><span class='ocrx_word' id='word_1_326' title='bbox 2033 2285 2221 2341; x_wconf 88' lang='lat' dir='ltr'>ritate.</span> <span class='ocrx_word' id='word_1_327' title='bbox 2245 2285 2492 2341; x_wconf 87' lang='lat' dir='ltr'>Proinde</span> <span class='ocrx_word' id='word_1_328' title='bbox 2520 2285 2628 2341; x_wconf 91' lang='lat' dir='ltr'>hos</span> <span class='ocrx_word' id='word_1_329' title='bbox 2661 2289 2892 2341; x_wconf 91' lang='lat' dir='ltr'>nostros</span> <span class='ocrx_word' id='word_1_330' title='bbox 2922 2282 3147 2356; x_wconf 88' lang='lat' dir='ltr'>regales</span> <span class='ocrx_word' id='word_1_331' title='bbox 3178 2282 3374 2354; x_wconf 88' lang='lat' dir='ltr'>apices</span> <span class='ocrx_word' id='word_1_332' title='bbox 3404 2281 3528 2337; x_wconf 81' lang='lat' dir='ltr'>fieri</span> <span class='ocrx_word' id='word_1_333' title='bbox 3549 2282 3681 2352; x_wconf 90' lang='lat' dir='ltr'>jus-</span> 
     </span>
    </p>
   </div>
   <div class='ocr_carea' id='block_1_55' title="bbox 2032 2369 3681 2446">
    <p class='ocr_par' dir='ltr' id='par_1_55' title="bbox 2032 2369 3681 2446">
     <span class='ocr_line' id='line_1_55' title="bbox 2032 2369 3681 2446; baseline -0.004 -17"><span class='ocrx_word' id='word_1_334' title='bbox 2032 2374 2240 2442; x_wconf 90' lang='lat' dir='ltr'>simus,</span> <span class='ocrx_word' id='word_1_335' title='bbox 2277 2389 2378 2446; x_wconf 89' lang='lat' dir='ltr'>per</span> <span class='ocrx_word' id='word_1_336' title='bbox 2409 2389 2556 2446; x_wconf 92' lang='lat' dir='ltr'>quos</span> <span class='ocrx_word' id='word_1_337' title='bbox 2586 2388 2954 2429; x_wconf 90' lang='lat' dir='ltr'>successores</span> <span class='ocrx_word' id='word_1_338' title='bbox 3003 2373 3235 2426; x_wconf 91' lang='lat' dir='ltr'>nostros</span> <span class='ocrx_word' id='word_1_339' title='bbox 3292 2369 3681 2425; x_wconf 90' lang='lat' dir='ltr'>admonemus</span> 
     </span>
    </p>
   </div>
   <div class='ocr_carea' id='block_1_56' title="bbox 2032 2455 3681 2535">
    <p class='ocr_par' dir='ltr' id='par_1_56' title="bbox 2032 2455 3681 2535">
     <span class='ocr_line' id='line_1_56' title="bbox 2032 2455 3681 2535; baseline -0.004 -16"><span class='ocrx_word' id='word_1_340' title='bbox 2032 2467 2099 2519; x_wconf 94' lang='lat' dir='ltr'>ut</span> <span class='ocrx_word' id='word_1_341' title='bbox 2127 2463 2279 2519; x_wconf 89' lang='lat' dir='ltr'>sicut</span> <span class='ocrx_word' id='word_1_342' title='bbox 2307 2462 2584 2535; x_wconf 72' lang='lat' dir='ltr'>praedicto</span> <span class='ocrx_word' id='word_1_343' title='bbox 2629 2459 2983 2517; x_wconf 89' lang='lat' dir='ltr'>monasferio</span> <span class='ocrx_word' id='word_1_344' title='bbox 3032 2457 3452 2527; x_wconf 88' lang='lat' dir='ltr'>concessimus,</span> <span class='ocrx_word' id='word_1_345' title='bbox 3482 2457 3566 2512; x_wconf 91' lang='lat' dir='ltr'>ita</span> <span class='ocrx_word' id='word_1_346' title='bbox 3595 2455 3681 2512; x_wconf 88' lang='lat' dir='ltr'>illi</span> 
     </span>
    </p>
   </div>
   <div class='ocr_carea' id='block_1_57' title="bbox 2032 2544 3678 2623">
    <p class='ocr_par' dir='ltr' id='par_1_57' title="bbox 2032 2544 3678 2623">
     <span class='ocr_line' id='line_1_57' title="bbox 2032 2544 3678 2623; baseline -0.004 -15"><span class='ocrx_word' id='word_1_347' title='bbox 2032 2557 2226 2608; x_wconf 89' lang='lat' dir='ltr'>ratum</span> <span class='ocrx_word' id='word_1_348' title='bbox 2258 2556 2315 2608; x_wconf 90' lang='lat' dir='ltr'>et</span> <span class='ocrx_word' id='word_1_349' title='bbox 2340 2550 2548 2608; x_wconf 87' lang='lat' dir='ltr'>stabile</span> <span class='ocrx_word' id='word_1_350' title='bbox 2581 2565 2923 2623; x_wconf 90' lang='lat' dir='ltr'>permanere</span> <span class='ocrx_word' id='word_1_351' title='bbox 2963 2547 3341 2620; x_wconf 91' lang='lat' dir='ltr'>permittant;</span> <span class='ocrx_word' id='word_1_352' title='bbox 3363 2550 3428 2602; x_wconf 93' lang='lat' dir='ltr'>ut</span> <span class='ocrx_word' id='word_1_353' title='bbox 3451 2544 3678 2602; x_wconf 90' lang='lat' dir='ltr'>nutlam</span> 
     </span>
    </p>
   </div>
   <div class='ocr_carea' id='block_1_58' title="bbox 2032 2633 3677 2714">
    <p class='ocr_par' dir='ltr' id='par_1_58' title="bbox 2032 2633 3677 2714">
     <span class='ocr_line' id='line_1_58' title="bbox 2032 2633 3677 2714; baseline -0.004 -17"><span class='ocrx_word' id='word_1_354' title='bbox 2032 2641 2374 2697; x_wconf 87' lang='lat' dir='ltr'>divisionem</span> <span class='ocrx_word' id='word_1_355' title='bbox 2408 2639 2465 2694; x_wconf 91' lang='lat' dir='ltr'>in</span> <span class='ocrx_word' id='word_1_356' title='bbox 2499 2638 2872 2695; x_wconf 88' lang='lat' dir='ltr'>monasteriis</span> <span class='ocrx_word' id='word_1_357' title='bbox 2922 2641 3023 2693; x_wconf 88' lang='lat' dir='ltr'>aut</span> <span class='ocrx_word' id='word_1_358' title='bbox 3064 2635 3231 2712; x_wconf 89' lang='lat' dir='ltr'>cellis</span> <span class='ocrx_word' id='word_1_359' title='bbox 3276 2635 3364 2714; x_wconf 79' lang='lat' dir='ltr'>vel</span> <span class='ocrx_word' id='word_1_360' title='bbox 3387 2633 3541 2714; x_wconf 84' lang='lat' dir='ltr'>villis</span> <span class='ocrx_word' id='word_1_361' title='bbox 3573 2651 3677 2690; x_wconf 92' lang='lat' dir='ltr'>seu</span> 
     </span>
    </p>
   </div>
   <div class='ocr_carea' id='block_1_59' title="bbox 2032 2709 3712 2802">
    <p class='ocr_par' dir='ltr' id='par_1_59' title="bbox 2032 2709 3712 2802">
     <span class='ocr_line' id='line_1_59' title="bbox 2032 2709 3712 2802; baseline -0.006 -16"><span class='ocrx_word' id='word_1_362' title='bbox 2032 2730 2252 2786; x_wconf 84' lang='lat' dir='ltr'>caeteris</span> <span class='ocrx_word' id='word_1_363' title='bbox 2278 2728 2753 2802; x_wconf 91' lang='lat' dir='ltr'>possessionibus</span> <span class='ocrx_word' id='word_1_364' title='bbox 2783 2725 2998 2782; x_wconf 83' lang='lat' dir='ltr'>faciant</span> <span class='ocrx_word' id='word_1_365' title='bbox 3053 2728 3156 2780; x_wconf 88' lang='lat' dir='ltr'>aut</span> <span class='ocrx_word' id='word_1_366' title='bbox 3211 2709 3398 2780; x_wconf 83' lang='lat' dir='ltr'>facere</span> <span class='ocrx_word' id='word_1_367' title='bbox 3442 2709 3712 2796; x_wconf 61' lang='lat' dir='ltr'>permit-°</span> 
     </span>
    </p>
   </div>
   <div class='ocr_carea' id='block_1_60' title="bbox 2029 2808 3678 2887">
    <p class='ocr_par' dir='ltr' id='par_1_60' title="bbox 2029 2808 3678 2887">
     <span class='ocr_line' id='line_1_60' title="bbox 2029 2808 3678 2887; baseline -0.005 -12"><span class='ocrx_word' id='word_1_368' title='bbox 2029 2823 2176 2887; x_wconf 87' lang='lat' dir='ltr'>tant,</span> <span class='ocrx_word' id='word_1_369' title='bbox 2209 2823 2310 2874; x_wconf 88' lang='lat' dir='ltr'>aut</span> <span class='ocrx_word' id='word_1_370' title='bbox 2339 2819 2398 2872; x_wconf 92' lang='lat' dir='ltr'>in</span> <span class='ocrx_word' id='word_1_371' title='bbox 2429 2816 2574 2873; x_wconf 90' lang='lat' dir='ltr'>alios</span> <span class='ocrx_word' id='word_1_372' title='bbox 2604 2833 2750 2872; x_wconf 92' lang='lat' dir='ltr'>usus</span> <span class='ocrx_word' id='word_1_373' title='bbox 2781 2808 3172 2886; x_wconf 37' lang='lat' dir='ltr'>reto&#39;rqueant.</span> <span class='ocrx_word' id='word_1_374' title='bbox 3192 2813 3305 2868; x_wconf 90' lang='lat' dir='ltr'>Sed</span> <span class='ocrx_word' id='word_1_375' title='bbox 3326 2816 3384 2868; x_wconf 88' lang='lat' dir='ltr'>et</span> <span class='ocrx_word' id='word_1_376' title='bbox 3403 2812 3511 2868; x_wconf 91' lang='lat' dir='ltr'>hoc</span> <span class='ocrx_word' id='word_1_377' title='bbox 3539 2829 3678 2868; x_wconf 88' lang='lat' dir='ltr'>san-</span> 
     </span>
    </p>
   </div>
   <div class='ocr_carea' id='block_1_61' title="bbox 2032 2899 3676 2978">
    <p class='ocr_par' dir='ltr' id='par_1_61' title="bbox 2032 2899 3676 2978">
     <span class='ocr_line' id='line_1_61' title="bbox 2032 2899 3676 2978; baseline -0.004 -15"><span class='ocrx_word' id='word_1_378' title='bbox 2032 2908 2221 2964; x_wconf 88' lang='lat' dir='ltr'>cimus</span> <span class='ocrx_word' id='word_1_379' title='bbox 2253 2912 2428 2978; x_wconf 89' lang='lat' dir='ltr'>atque</span> <span class='ocrx_word' id='word_1_380' title='bbox 2453 2905 2918 2969; x_wconf 89' lang='lat' dir='ltr'>decernimus,ut</span> <span class='ocrx_word' id='word_1_381' title='bbox 2948 2901 3148 2957; x_wconf 89' lang='lat' dir='ltr'>nullus</span> <span class='ocrx_word' id='word_1_382' title='bbox 3171 2901 3354 2971; x_wconf 79' lang='lat' dir='ltr'>judex</span> <span class='ocrx_word' id='word_1_383' title='bbox 3381 2899 3676 2972; x_wconf 88' lang='lat' dir='ltr'>publicns,</span> 
     </span>
    </p>
   </div>
   <div class='ocr_carea' id='block_1_62' title="bbox 2032 2987 3677 3067">
    <p class='ocr_par' dir='ltr' id='par_1_62' title="bbox 2032 2987 3677 3067">
     <span class='ocr_line' id='line_1_62' title="bbox 2032 2987 3677 3067; baseline -0.005 -14"><span class='ocrx_word' id='word_1_384' title='bbox 2032 3000 2134 3053; x_wconf 88' lang='lat' dir='ltr'>aut</span> <span class='ocrx_word' id='word_1_385' title='bbox 2164 2994 2444 3067; x_wconf 89' lang='lat' dir='ltr'>quislibet</span> <span class='ocrx_word' id='word_1_386' title='bbox 2473 3010 2543 3048; x_wconf 84' lang='lat' dir='ltr'><strong>ex</strong></span> <span class='ocrx_word' id='word_1_387' title='bbox 2589 2990 2896 3064; x_wconf 79' lang='lat' dir='ltr'>iudiciaria</span> <span class='ocrx_word' id='word_1_388' title='bbox 2947 2992 3253 3062; x_wconf 86' lang='lat' dir='ltr'>potestate,</span> <span class='ocrx_word' id='word_1_389' title='bbox 3286 2989 3345 3042; x_wconf 92' lang='lat' dir='ltr'>in</span> <span class='ocrx_word' id='word_1_390' title='bbox 3401 2987 3677 3044; x_wconf 88' lang='lat' dir='ltr'>ecclesias</span> 
     </span>
    </p>
   </div>
   <div class='ocr_carea' id='block_1_63' title="bbox 2032 3075 3677 3154">
    <p class='ocr_par' dir='ltr' id='par_1_63' title="bbox 2032 3075 3677 3154">
     <span class='ocr_line' id='line_1_63' title="bbox 2032 3075 3677 3154; baseline -0.005 -14"><span class='ocrx_word' id='word_1_391' title='bbox 2032 3090 2133 3146; x_wconf 87' lang='lat' dir='ltr'>aut</span> <span class='ocrx_word' id='word_1_392' title='bbox 2152 3088 2388 3140; x_wconf 76' lang='lat' dir='ltr'>caeteras</span> <span class='ocrx_word' id='word_1_393' title='bbox 2405 3080 2808 3154; x_wconf 88' lang='lat' dir='ltr'>possessiones</span> <span class='ocrx_word' id='word_1_394' title='bbox 2822 3078 3128 3135; x_wconf 91' lang='lat' dir='ltr'>memorati</span> <span class='ocrx_word' id='word_1_395' title='bbox 3161 3075 3677 3149; x_wconf 87' lang='lat' dir='ltr'>monasterii,quas</span> 
     </span>
    </p>
   </div>
   <div class='ocr_carea' id='block_1_64' title="bbox 2032 3163 3679 3244">
    <p class='ocr_par' dir='ltr' id='par_1_64' title="bbox 2032 3163 3679 3244">
     <span class='ocr_line' id='line_1_64' title="bbox 2032 3163 3679 3244; baseline -0.005 -15"><span class='ocrx_word' id='word_1_396' title='bbox 2032 3191 2188 3229; x_wconf 91' lang='lat' dir='ltr'>nunc</span> <span class='ocrx_word' id='word_1_397' title='bbox 2209 3171 2488 3244; x_wconf 90' lang='lat' dir='ltr'>possidet,</span> <span class='ocrx_word' id='word_1_398' title='bbox 2519 3169 2609 3225; x_wconf 88' lang='lat' dir='ltr'>vel</span> <span class='ocrx_word' id='word_1_399' title='bbox 2641 3187 2766 3241; x_wconf 69' lang='lat' dir='ltr'>qua:</span> <span class='ocrx_word' id='word_1_400' title='bbox 2797 3168 3074 3240; x_wconf 88' lang='lat' dir='ltr'>deinceps</span> <span class='ocrx_word' id='word_1_401' title='bbox 3099 3163 3345 3221; x_wconf 90' lang='lat' dir='ltr'>voluerit</span> <span class='ocrx_word' id='word_1_402' title='bbox 3366 3164 3566 3221; x_wconf 88' lang='lat' dir='ltr'>divina</span> <span class='ocrx_word' id='word_1_403' title='bbox 3582 3182 3679 3237; x_wconf 87' lang='lat' dir='ltr'>po-</span> 
     </span>
    </p>
   </div>
   <div class='ocr_carea' id='block_1_65' title="bbox 275 3240 3676 3333">
    <p class='ocr_par' dir='ltr' id='par_1_65' title="bbox 275 3240 3676 3333">
     <span class='ocr_line' id='line_1_65' title="bbox 275 3240 3676 3333; baseline -0.004 -10"><span class='ocrx_word' id='word_1_404' title='bbox 275 3268 347 3324; x_wconf 91' lang='lat' dir='ltr'>ob</span> <span class='ocrx_word' id='word_1_405' title='bbox 378 3265 584 3322; x_wconf 67' lang='lat' dir='ltr'>divinae</span> <span class='ocrx_word' id='word_1_406' title='bbox 615 3262 911 3321; x_wconf 86' lang='lat' dir='ltr'>servitutis</span> <span class='ocrx_word' id='word_1_407' title='bbox 944 3277 1401 3332; x_wconf 88' lang='lat' dir='ltr'>amorem,opem</span> <span class='ocrx_word' id='word_1_408' title='bbox 1433 3277 1753 3333; x_wconf 89' lang='lat' dir='ltr'>congruam</span> <span class='ocrx_word' id='word_1_409' title='bbox 1785 3259 1919 3314; x_wconf 88' lang='lat' dir='ltr'>feci-</span> <span class='ocrx_word' id='word_1_410' title='bbox 1950 3240 1994 3307; x_wconf 64' lang='grc' dir='ltr'>(ἶ</span> <span class='ocrx_word' id='word_1_411' title='bbox 2033 3267 2213 3318; x_wconf 85' lang='lat' dir='ltr'>testas</span> <span class='ocrx_word' id='word_1_412' title='bbox 2234 3258 2456 3330; x_wconf 82' lang='lat' dir='ltr'>augeri,</span> <span class='ocrx_word' id='word_1_413' title='bbox 2484 3259 2555 3313; x_wconf 91' lang='lat' dir='ltr'>ad</span> <span class='ocrx_word' id='word_1_414' title='bbox 2579 3240 2787 3312; x_wconf 85' lang='lat' dir='ltr'>causas</span> <span class='ocrx_word' id='word_1_415' title='bbox 2815 3254 3127 3327; x_wconf 90' lang='lat' dir='ltr'>judiciario</span> <span class='ocrx_word' id='word_1_416' title='bbox 3150 3270 3309 3309; x_wconf 90' lang='lat' dir='ltr'>more</span> <span class='ocrx_word' id='word_1_417' title='bbox 3331 3253 3676 3319; x_wconf 90' lang='lat' dir='ltr'>audiendas,</span> 
     </span>
    </p>
   </div>
   <div class='ocr_carea' id='block_1_66' title="bbox 275 3347 1920 3428">
    <p class='ocr_par' dir='ltr' id='par_1_66' title="bbox 275 3347 1920 3428">
     <span class='ocr_line' id='line_1_66' title="bbox 275 3347 1920 3428; baseline -0.005 -15"><span class='ocrx_word' id='word_1_418' title='bbox 275 3373 431 3421; x_wconf 90' lang='lat' dir='ltr'>mus,</span> <span class='ocrx_word' id='word_1_419' title='bbox 463 3352 827 3428; x_wconf 88' lang='lat' dir='ltr'>imperialem</span> <span class='ocrx_word' id='word_1_420' title='bbox 858 3352 1112 3423; x_wconf 86' lang='lat' dir='ltr'>profecto</span> <span class='ocrx_word' id='word_1_421' title='bbox 1161 3365 1384 3404; x_wconf 90' lang='lat' dir='ltr'>morem</span> <span class='ocrx_word' id='word_1_422' title='bbox 1416 3349 1686 3404; x_wconf 90' lang='lat' dir='ltr'>decenter</span> <span class='ocrx_word' id='word_1_423' title='bbox 1715 3347 1920 3420; x_wconf 88' lang='lat' dir='ltr'>imple-</span> 
     </span>
    </p>
   </div>
   <div class='ocr_carea' id='block_1_67' title="bbox 277 3437 1920 3512">
    <p class='ocr_par' dir='ltr' id='par_1_67' title="bbox 277 3437 1920 3512">
     <span class='ocr_line' id='line_1_67' title="bbox 277 3437 1920 3512; baseline -0.007 -10"><span class='ocrx_word' id='word_1_424' title='bbox 277 3449 497 3512; x_wconf 89' lang='lat' dir='ltr'>mus,et</span> <span class='ocrx_word' id='word_1_425' title='bbox 520 3443 688 3499; x_wconf 89' lang='lat' dir='ltr'>nobis</span> <span class='ocrx_word' id='word_1_426' title='bbox 710 3441 782 3496; x_wconf 90' lang='lat' dir='ltr'>ad</span> <span class='ocrx_word' id='word_1_427' title='bbox 801 3438 1289 3497; x_wconf 89' lang='lat' dir='ltr'>remunerationis</span> <span class='ocrx_word' id='word_1_428' title='bbox 1313 3441 1538 3492; x_wconf 70' lang='lat' dir='ltr'>aeterna:</span> <span class='ocrx_word' id='word_1_429' title='bbox 1561 3437 1801 3510; x_wconf 62' lang='lat' dir='ltr'>pramia</span> <span class='ocrx_word' id='word_1_430' title='bbox 1821 3454 1920 3492; x_wconf 82' lang='lat' dir='ltr'>ca-</span> 
     </span>
    </p>
   </div>
   <div class='ocr_carea' id='block_1_68' title="bbox 277 3526 1918 3609">
    <p class='ocr_par' dir='ltr' id='par_1_68' title="bbox 277 3526 1918 3609">
     <span class='ocr_line' id='line_1_68' title="bbox 277 3526 1918 3609; baseline -0.007 -18"><span class='ocrx_word' id='word_1_431' title='bbox 277 3533 569 3609; x_wconf 89' lang='lat' dir='ltr'>pescenda</span> <span class='ocrx_word' id='word_1_432' title='bbox 585 3532 958 3606; x_wconf 88' lang='lat' dir='ltr'>profuturum</span> <span class='ocrx_word' id='word_1_433' title='bbox 972 3529 1143 3583; x_wconf 83' lang='lat' dir='ltr'>ﬁrma</span> <span class='ocrx_word' id='word_1_434' title='bbox 1173 3526 1513 3582; x_wconf 87' lang='lat' dir='ltr'>credulitate</span> <span class='ocrx_word' id='word_1_435' title='bbox 1543 3527 1918 3581; x_wconf 83' lang='lat' dir='ltr'>confidimus.</span> 
     </span>
    </p>
   </div>
   <div class='ocr_carea' id='block_1_69' title="bbox 280 3613 1922 3681">
    <p class='ocr_par' dir='ltr' id='par_1_69' title="bbox 280 3613 1922 3681">
     <span class='ocr_line' id='line_1_69' title="bbox 280 3613 1922 3681; baseline -0.005 -2"><span class='ocrx_word' id='word_1_436' title='bbox 280 3622 501 3679; x_wconf 89' lang='lat' dir='ltr'>Idcirco</span> <span class='ocrx_word' id='word_1_437' title='bbox 549 3623 754 3677; x_wconf 92' lang='lat' dir='ltr'>notum</span> <span class='ocrx_word' id='word_1_438' title='bbox 803 3634 932 3675; x_wconf 89' lang='lat' dir='ltr'>esse</span> <span class='ocrx_word' id='word_1_439' title='bbox 979 3615 1251 3672; x_wconf 90' lang='lat' dir='ltr'>volumus</span> <span class='ocrx_word' id='word_1_440' title='bbox 1300 3615 1574 3670; x_wconf 91' lang='lat' dir='ltr'>omnibus</span> <span class='ocrx_word' id='word_1_441' title='bbox 1630 3613 1922 3681; x_wconf 82' lang='lat' dir='ltr'>fidelibus,</span> 
     </span>
    </p>
   </div>
   <div class='ocr_carea' id='block_1_70' title="bbox 281 3703 1926 3782">
    <p class='ocr_par' dir='ltr' id='par_1_70' title="bbox 281 3703 1926 3782">
     <span class='ocr_line' id='line_1_70' title="bbox 281 3703 1926 3782; baseline -0.007 -13"><span class='ocrx_word' id='word_1_442' title='bbox 281 3717 338 3769; x_wconf 90' lang='lat' dir='ltr'>et</span> <span class='ocrx_word' id='word_1_443' title='bbox 396 3710 613 3768; x_wconf 90' lang='lat' dir='ltr'>nostris</span> <span class='ocrx_word' id='word_1_444' title='bbox 671 3706 1058 3782; x_wconf 68' lang='lat' dir='ltr'>pne-sentibus</span> <span class='ocrx_word' id='word_1_445' title='bbox 1110 3703 1332 3760; x_wconf 91' lang='lat' dir='ltr'>scilicet</span> <span class='ocrx_word' id='word_1_446' title='bbox 1383 3709 1442 3759; x_wconf 92' lang='lat' dir='ltr'>et</span> <span class='ocrx_word' id='word_1_447' title='bbox 1498 3703 1730 3770; x_wconf 91' lang='lat' dir='ltr'>futuris,</span> <span class='ocrx_word' id='word_1_448' title='bbox 1787 3703 1926 3776; x_wconf 87' lang='lat' dir='ltr'>quia</span> 
     </span>
    </p>
   </div>
   <div class='ocr_carea' id='block_1_71' title="bbox 281 3793 1925 3865">
    <p class='ocr_par' dir='ltr' id='par_1_71' title="bbox 281 3793 1925 3865">
     <span class='ocr_line' id='line_1_71' title="bbox 281 3793 1925 3865; baseline -0.006 -9"><span class='ocrx_word' id='word_1_449' title='bbox 281 3798 632 3858; x_wconf 87' lang='lat' dir='ltr'>venerabilis</span> <span class='ocrx_word' id='word_1_450' title='bbox 661 3796 962 3863; x_wconf 86' lang='lat' dir='ltr'>Arnulfus,</span> <span class='ocrx_word' id='word_1_451' title='bbox 998 3793 1257 3850; x_wconf 90' lang='lat' dir='ltr'>marchio</span> <span class='ocrx_word' id='word_1_452' title='bbox 1287 3793 1584 3865; x_wconf 88' lang='lat' dir='ltr'>abbasque</span> <span class='ocrx_word' id='word_1_453' title='bbox 1623 3808 1691 3847; x_wconf 89' lang='lat' dir='ltr'>ex</span> <span class='ocrx_word' id='word_1_454' title='bbox 1724 3809 1925 3847; x_wconf 89' lang='lat' dir='ltr'>mona-</span> 
     </span>
    </p>
   </div>
   <div class='ocr_carea' id='block_1_72' title="bbox 282 3881 1929 3956">
    <p class='ocr_par' dir='ltr' id='par_1_72' title="bbox 282 3881 1929 3956">
     <span class='ocr_line' id='line_1_72' title="bbox 282 3881 1929 3956; baseline -0.007 -9"><span class='ocrx_word' id='word_1_455' title='bbox 282 3889 458 3947; x_wconf 90' lang='lat' dir='ltr'>sterio</span> <span class='ocrx_word' id='word_1_456' title='bbox 489 3887 735 3945; x_wconf 78' lang='lat' dir='ltr'>ccenobii</span> <span class='ocrx_word' id='word_1_457' title='bbox 757 3885 972 3951; x_wconf 90' lang='lat' dir='ltr'>Sithiu,</span> <span class='ocrx_word' id='word_1_458' title='bbox 1005 3883 1158 3956; x_wconf 91' lang='lat' dir='ltr'>quod</span> <span class='ocrx_word' id='word_1_459' title='bbox 1191 3886 1280 3939; x_wconf 91' lang='lat' dir='ltr'>est</span> <span class='ocrx_word' id='word_1_460' title='bbox 1309 3881 1488 3937; x_wconf 93' lang='lat' dir='ltr'>situm</span> <span class='ocrx_word' id='word_1_461' title='bbox 1521 3881 1582 3936; x_wconf 94' lang='lat' dir='ltr'>in</span> <span class='ocrx_word' id='word_1_462' title='bbox 1612 3898 1760 3954; x_wconf 90' lang='lat' dir='ltr'>pago</span> <span class='ocrx_word' id='word_1_463' title='bbox 1788 3881 1929 3936; x_wconf 84' lang='lat' dir='ltr'>Tar—</span> 
     </span>
    </p>
   </div>
   <div class='ocr_carea' id='block_1_73' title="bbox 282 3969 1932 4044">
    <p class='ocr_par' dir='ltr' id='par_1_73' title="bbox 282 3969 1932 4044">
     <span class='ocr_line' id='line_1_73' title="bbox 282 3969 1932 4044; baseline -0.007 -9"><span class='ocrx_word' id='word_1_464' title='bbox 282 3978 544 4044; x_wconf 89' lang='lat' dir='ltr'>vanensi,</span> <span class='ocrx_word' id='word_1_465' title='bbox 579 3978 983 4032; x_wconf 90' lang='lat' dir='ltr'>constructum</span> <span class='ocrx_word' id='word_1_466' title='bbox 1007 3974 1066 4028; x_wconf 93' lang='lat' dir='ltr'>in</span> <span class='ocrx_word' id='word_1_467' title='bbox 1093 3972 1313 4028; x_wconf 89' lang='lat' dir='ltr'>honore</span> <span class='ocrx_word' id='word_1_468' title='bbox 1339 3974 1552 4026; x_wconf 64' lang='lat' dir='ltr'>sanctae</span> <span class='ocrx_word' id='word_1_469' title='bbox 1575 3969 1675 4025; x_wconf 92' lang='lat' dir='ltr'>Dei</span> <span class='ocrx_word' id='word_1_470' title='bbox 1696 3970 1932 4042; x_wconf 91' lang='lat' dir='ltr'>genitri-</span> 
     </span>
    </p>
   </div>
   <div class='ocr_carea' id='block_1_74' title="bbox 283 4058 1929 4139">
    <p class='ocr_par' dir='ltr' id='par_1_74' title="bbox 283 4058 1929 4139">
     <span class='ocr_line' id='line_1_74' title="bbox 283 4058 1929 4139; baseline -0.007 -15"><span class='ocrx_word' id='word_1_471' title='bbox 283 4069 368 4124; x_wconf 92' lang='lat' dir='ltr'>cis</span> <span class='ocrx_word' id='word_1_472' title='bbox 423 4081 771 4139; x_wconf 88' lang='lat' dir='ltr'>semperque</span> <span class='ocrx_word' id='word_1_473' title='bbox 820 4061 1064 4136; x_wconf 90' lang='lat' dir='ltr'>virginis</span> <span class='ocrx_word' id='word_1_474' title='bbox 1123 4059 1339 4126; x_wconf 73' lang='lat' dir='ltr'>Marize,</span> <span class='ocrx_word' id='word_1_475' title='bbox 1420 4063 1475 4114; x_wconf 92' lang='lat' dir='ltr'>et</span> <span class='ocrx_word' id='word_1_476' title='bbox 1533 4058 1929 4131; x_wconf 90' lang='lat' dir='ltr'>apostolorum</span> 
     </span>
    </p>
   </div>
   <div class='ocr_carea' id='block_1_75' title="bbox 283 4149 1930 4224">
    <p class='ocr_par' dir='ltr' id='par_1_75' title="bbox 283 4149 1930 4224">
     <span class='ocr_line' id='line_1_75' title="bbox 283 4149 1930 4224; baseline -0.006 -12"><span class='ocrx_word' id='word_1_477' title='bbox 283 4155 437 4212; x_wconf 91' lang='lat' dir='ltr'>Petri</span> <span class='ocrx_word' id='word_1_478' title='bbox 467 4159 525 4211; x_wconf 92' lang='lat' dir='ltr'>et</span> <span class='ocrx_word' id='word_1_479' title='bbox 555 4153 740 4221; x_wconf 90' lang='lat' dir='ltr'>Pauli,</span> <span class='ocrx_word' id='word_1_480' title='bbox 772 4153 833 4207; x_wconf 93' lang='lat' dir='ltr'>in</span> <span class='ocrx_word' id='word_1_481' title='bbox 861 4168 978 4224; x_wconf 91' lang='lat' dir='ltr'>quo</span> <span class='ocrx_word' id='word_1_482' title='bbox 1011 4165 1254 4222; x_wconf 89' lang='lat' dir='ltr'>corpora</span> <span class='ocrx_word' id='word_1_483' title='bbox 1297 4149 1603 4203; x_wconf 89' lang='lat' dir='ltr'>beatorum</span> <span class='ocrx_word' id='word_1_484' title='bbox 1635 4149 1930 4203; x_wconf 89' lang='lat' dir='ltr'>confesso-</span> 
     </span>
    </p>
   </div>
   <div class='ocr_carea' id='block_1_76' title="bbox 283 4235 1932 4313">
    <p class='ocr_par' dir='ltr' id='par_1_76' title="bbox 283 4235 1932 4313">
     <span class='ocr_line' id='line_1_76' title="bbox 283 4235 1932 4313; baseline -0.005 -12"><span class='ocrx_word' id='word_1_485' title='bbox 283 4262 417 4302; x_wconf 91' lang='lat' dir='ltr'>rum</span> <span class='ocrx_word' id='word_1_486' title='bbox 449 4242 764 4299; x_wconf 81' lang='lat' dir='ltr'>Audomari</span> <span class='ocrx_word' id='word_1_487' title='bbox 787 4245 962 4313; x_wconf 87' lang='lat' dir='ltr'>atque</span> <span class='ocrx_word' id='word_1_488' title='bbox 984 4237 1201 4296; x_wconf 89' lang='lat' dir='ltr'>Bertini</span> <span class='ocrx_word' id='word_1_489' title='bbox 1223 4237 1616 4309; x_wconf 89' lang='lat' dir='ltr'>requiescunt,</span> <span class='ocrx_word' id='word_1_490' title='bbox 1641 4235 1738 4291; x_wconf 91' lang='lat' dir='ltr'>ubi</span> <span class='ocrx_word' id='word_1_491' title='bbox 1756 4237 1932 4292; x_wconf 88' lang='lat' dir='ltr'>etiam</span> 
     </span>
    </p>
   </div>
   <div class='ocr_carea' id='block_1_77' title="bbox 283 4325 1931 4407">
    <p class='ocr_par' dir='ltr' id='par_1_77' title="bbox 283 4325 1931 4407">
     <span class='ocr_line' id='line_1_77' title="bbox 283 4325 1931 4407; baseline -0.005 -17"><span class='ocrx_word' id='word_1_492' title='bbox 283 4333 555 4407; x_wconf 63' lang='lat' dir='ltr'>praesenti</span> <span class='ocrx_word' id='word_1_493' title='bbox 573 4336 837 4404; x_wconf 93' lang='lat' dir='ltr'>tempore</span> <span class='ocrx_word' id='word_1_494' title='bbox 859 4327 1318 4402; x_wconf 75' lang='lat' dir='ltr'>przenominatus</span> <span class='ocrx_word' id='word_1_495' title='bbox 1330 4327 1779 4393; x_wconf 85' lang='lat' dir='ltr'>abbas,auctore</span> <span class='ocrx_word' id='word_1_496' title='bbox 1794 4325 1931 4394; x_wconf 93' lang='lat' dir='ltr'>Deo,</span> 
     </span>
    </p>
   </div>
   <div class='ocr_carea' id='block_1_78' title="bbox 285 4413 1937 4496">
    <p class='ocr_par' dir='ltr' id='par_1_78' title="bbox 285 4413 1937 4496">
     <span class='ocr_line' id='line_1_78' title="bbox 285 4413 1937 4496; baseline -0.007 -17"><span class='ocrx_word' id='word_1_497' title='bbox 285 4438 532 4496; x_wconf 65' lang='lat' dir='ltr'>praeesse</span> <span class='ocrx_word' id='word_1_498' title='bbox 553 4421 780 4477; x_wconf 91' lang='lat' dir='ltr'>videtur</span> <span class='ocrx_word' id='word_1_499' title='bbox 804 4437 819 4487; x_wconf 89' lang='lat'><strong>;</strong></span> <span class='ocrx_word' id='word_1_500' title='bbox 851 4422 1059 4474; x_wconf 64' lang='lat' dir='ltr'>nostra</span> <span class='ocrx_word' id='word_1_501' title='bbox 1090 4414 1348 4470; x_wconf 91' lang='lat' dir='ltr'>innotuit</span> <span class='ocrx_word' id='word_1_502' title='bbox 1377 4414 1667 4485; x_wconf 87' lang='lat' dir='ltr'>majestati</span> <span class='ocrx_word' id='word_1_503' title='bbox 1686 4413 1937 4485; x_wconf 87' lang='lat' dir='ltr'>qualiter</span> 
     </span>
    </p>
   </div>
   <div class='ocr_carea' id='block_1_79' title="bbox 278 4503 1930 4584">
    <p class='ocr_par' dir='ltr' id='par_1_79' title="bbox 278 4503 1930 4584">
     <span class='ocr_line' id='line_1_79' title="bbox 278 4503 1930 4584; baseline -0.007 -17"><span class='ocrx_word' id='word_1_504' title='bbox 278 4511 634 4584; x_wconf 89' lang='lat' dir='ltr'>jamdudum</span> <span class='ocrx_word' id='word_1_505' title='bbox 663 4513 927 4580; x_wconf 90' lang='lat' dir='ltr'>tempore</span> <span class='ocrx_word' id='word_1_506' title='bbox 958 4504 1413 4579; x_wconf 59' lang='lat' dir='ltr'>praedecessores</span> <span class='ocrx_word' id='word_1_507' title='bbox 1427 4507 1698 4574; x_wconf 87' lang='lat' dir='ltr'>parentes</span> <span class='ocrx_word' id='word_1_508' title='bbox 1723 4503 1930 4557; x_wconf 92' lang='lat' dir='ltr'>nostri.</span> 
     </span>
    </p>
   </div>
   <div class='ocr_carea' id='block_1_80' title="bbox 2028 3339 3672 3416">
    <p class='ocr_par' dir='ltr' id='par_1_80' title="bbox 2028 3339 3672 3416">
     <span class='ocr_line' id='line_1_80' title="bbox 2028 3339 3672 3416; baseline -0.007 -9"><span class='ocrx_word' id='word_1_509' title='bbox 2028 3351 2117 3407; x_wconf 91' lang='lat' dir='ltr'>vel</span> <span class='ocrx_word' id='word_1_510' title='bbox 2153 3351 2313 3405; x_wconf 80' lang='lat' dir='ltr'>l&#39;reda</span> <span class='ocrx_word' id='word_1_511' title='bbox 2341 3351 2444 3403; x_wconf 89' lang='lat' dir='ltr'>aut</span> <span class='ocrx_word' id='word_1_512' title='bbox 2473 3348 2698 3401; x_wconf 88' lang='lat' dir='ltr'>bannos</span> <span class='ocrx_word' id='word_1_513' title='bbox 2721 3343 3054 3416; x_wconf 82' lang='lat' dir='ltr'>exigendos,</span> <span class='ocrx_word' id='word_1_514' title='bbox 3089 3345 3191 3397; x_wconf 90' lang='lat' dir='ltr'>aut</span> <span class='ocrx_word' id='word_1_515' title='bbox 3219 3341 3557 3397; x_wconf 87' lang='lat' dir='ltr'>mansiones</span> <span class='ocrx_word' id='word_1_516' title='bbox 3586 3339 3672 3396; x_wconf 90' lang='lat' dir='ltr'>vel</span> 
     </span>
    </p>
   </div>
   <div class='ocr_carea' id='block_1_81' title="bbox 2031 3427 3678 3511">
    <p class='ocr_par' dir='ltr' id='par_1_81' title="bbox 2031 3427 3678 3511">
     <span class='ocr_line' id='line_1_81' title="bbox 2031 3427 3678 3511; baseline -0.007 -17"><span class='ocrx_word' id='word_1_517' title='bbox 2031 3443 2268 3511; x_wconf 88' lang='lat' dir='ltr'>paratas</span> <span class='ocrx_word' id='word_1_518' title='bbox 2317 3435 2634 3500; x_wconf 87' lang='lat' dir='ltr'>faciendas,</span> <span class='ocrx_word' id='word_1_519' title='bbox 2695 3437 2798 3488; x_wconf 90' lang='lat' dir='ltr'>aut</span> <span class='ocrx_word' id='word_1_520' title='bbox 2846 3431 3111 3486; x_wconf 87' lang='lat' dir='ltr'>foderum</span> <span class='ocrx_word' id='word_1_521' title='bbox 3169 3427 3541 3501; x_wconf 82' lang='lat' dir='ltr'>exigendum,</span> <span class='ocrx_word' id='word_1_522' title='bbox 3575 3431 3678 3483; x_wconf 90' lang='lat' dir='ltr'>aut</span> 
     </span>
    </p>
   </div>
   <div class='ocr_carea' id='block_1_82' title="bbox 2032 3513 3676 3598">
    <p class='ocr_par' dir='ltr' id='par_1_82' title="bbox 2032 3513 3676 3598">
     <span class='ocr_line' id='line_1_82' title="bbox 2032 3513 3676 3598; baseline -0.009 -15"><span class='ocrx_word' id='word_1_523' title='bbox 2032 3527 2407 3598; x_wconf 84' lang='lat' dir='ltr'>ﬁdejussores</span> <span class='ocrx_word' id='word_1_524' title='bbox 2420 3521 2836 3589; x_wconf 90' lang='lat' dir='ltr'>tollendos,aut</span> <span class='ocrx_word' id='word_1_525' title='bbox 2851 3515 3320 3589; x_wconf 90' lang='lat' dir='ltr'>hominesipsius</span> <span class='ocrx_word' id='word_1_526' title='bbox 3337 3513 3676 3572; x_wconf 86' lang='lat' dir='ltr'>monasterii</span> 
     </span>
    </p>
   </div>
   <div class='ocr_carea' id='block_1_83' title="bbox 2032 3603 3682 3686">
    <p class='ocr_par' dir='ltr' id='par_1_83' title="bbox 2032 3603 3682 3686">
     <span class='ocr_line' id='line_1_83' title="bbox 2032 3603 3682 3686; baseline -0.007 -15"><span class='ocrx_word' id='word_1_527' title='bbox 2032 3613 2532 3686; x_wconf 89' lang='lat' dir='ltr'>distringuendos,</span> <span class='ocrx_word' id='word_1_528' title='bbox 2567 3626 2670 3666; x_wconf 90' lang='lat' dir='ltr'>nec</span> <span class='ocrx_word' id='word_1_529' title='bbox 2701 3608 2851 3665; x_wconf 90' lang='lat' dir='ltr'>ullas</span> <span class='ocrx_word' id='word_1_530' title='bbox 2882 3605 3264 3663; x_wconf 87' lang='lat' dir='ltr'>redibitiones</span> <span class='ocrx_word' id='word_1_531' title='bbox 3311 3607 3413 3661; x_wconf 88' lang='lat' dir='ltr'>aut</span> <span class='ocrx_word' id='word_1_532' title='bbox 3446 3603 3682 3660; x_wconf 89' lang='lat' dir='ltr'>illicitas</span> 
     </span>
    </p>
   </div>
   <div class='ocr_carea' id='block_1_84' title="bbox 2034 3689 3680 3772">
    <p class='ocr_par' dir='ltr' id='par_1_84' title="bbox 2034 3689 3680 3772">
     <span class='ocr_line' id='line_1_84' title="bbox 2034 3689 3680 3772; baseline -0.009 -12"><span class='ocrx_word' id='word_1_533' title='bbox 2034 3703 2369 3760; x_wconf 90' lang='lat' dir='ltr'>occasiones</span> <span class='ocrx_word' id='word_1_534' title='bbox 2402 3699 2803 3772; x_wconf 88' lang='lat' dir='ltr'>requirendas,</span> <span class='ocrx_word' id='word_1_535' title='bbox 2837 3695 2956 3752; x_wconf 91' lang='lat' dir='ltr'>ullo</span> <span class='ocrx_word' id='word_1_536' title='bbox 2989 3710 3251 3766; x_wconf 90' lang='lat' dir='ltr'>unquam</span> <span class='ocrx_word' id='word_1_537' title='bbox 3303 3696 3565 3765; x_wconf 89' lang='lat' dir='ltr'>tempore</span> <span class='ocrx_word' id='word_1_538' title='bbox 3589 3689 3680 3746; x_wconf 89' lang='lat' dir='ltr'>in-</span> 
     </span>
    </p>
   </div>
   <div class='ocr_carea' id='block_1_85' title="bbox 2036 3779 3683 3866">
    <p class='ocr_par' dir='ltr' id='par_1_85' title="bbox 2036 3779 3683 3866">
     <span class='ocr_line' id='line_1_85' title="bbox 2036 3779 3683 3866; baseline -0.009 -18"><span class='ocrx_word' id='word_1_539' title='bbox 2036 3791 2198 3866; x_wconf 91' lang='lat' dir='ltr'>gredi</span> <span class='ocrx_word' id='word_1_540' title='bbox 2229 3791 2438 3846; x_wconf 88' lang='lat' dir='ltr'>audeat</span> <span class='ocrx_word' id='word_1_541' title='bbox 2467 3786 2552 3843; x_wconf 88' lang='lat' dir='ltr'>vel</span> <span class='ocrx_word' id='word_1_542' title='bbox 2606 3804 2674 3843; x_wconf 89' lang='lat' dir='ltr'>ea</span> <span class='ocrx_word' id='word_1_543' title='bbox 2716 3802 2844 3858; x_wconf 73' lang='lat' dir='ltr'>quae</span> <span class='ocrx_word' id='word_1_544' title='bbox 2898 3785 3220 3840; x_wconf 88' lang='lat' dir='ltr'>memorata</span> <span class='ocrx_word' id='word_1_545' title='bbox 3278 3783 3417 3837; x_wconf 89' lang='lat' dir='ltr'>sunt</span> <span class='ocrx_word' id='word_1_546' title='bbox 3446 3779 3683 3853; x_wconf 85' lang='lat' dir='ltr'>penitus</span> 
     </span>
    </p>
   </div>
   <div class='ocr_carea' id='block_1_86' title="bbox 2037 3867 3684 3950">
    <p class='ocr_par' dir='ltr' id='par_1_86' title="bbox 2037 3867 3684 3950">
     <span class='ocr_line' id='line_1_86' title="bbox 2037 3867 3684 3950; baseline -0.009 -13"><span class='ocrx_word' id='word_1_547' title='bbox 2037 3885 2300 3937; x_wconf 84' lang='lat' dir='ltr'>exactare</span> <span class='ocrx_word' id='word_1_548' title='bbox 2356 3880 2702 3950; x_wconf 78' lang='lat' dir='ltr'>praesumat;</span> <span class='ocrx_word' id='word_1_549' title='bbox 2749 3874 2850 3930; x_wconf 93' lang='lat' dir='ltr'>sed</span> <span class='ocrx_word' id='word_1_550' title='bbox 2897 3872 3070 3928; x_wconf 89' lang='lat' dir='ltr'>liceat</span> <span class='ocrx_word' id='word_1_551' title='bbox 3115 3873 3437 3926; x_wconf 89' lang='lat' dir='ltr'>memorato</span> <span class='ocrx_word' id='word_1_552' title='bbox 3485 3867 3684 3924; x_wconf 89' lang='lat' dir='ltr'>abbati</span> 
     </span>
    </p>
   </div>
   <div class='ocr_carea' id='block_1_87' title="bbox 2037 3956 3685 4039">
    <p class='ocr_par' dir='ltr' id='par_1_87' title="bbox 2037 3956 3685 4039">
     <span class='ocr_line' id='line_1_87' title="bbox 2037 3956 3685 4039; baseline -0.008 -13"><span class='ocrx_word' id='word_1_553' title='bbox 2037 3969 2301 4039; x_wconf 82' lang='lat' dir='ltr'>Arnulfo,</span> <span class='ocrx_word' id='word_1_554' title='bbox 2333 3966 2576 4038; x_wconf 90' lang='lat' dir='ltr'>suisque</span> <span class='ocrx_word' id='word_1_555' title='bbox 2629 3962 3091 4028; x_wconf 90' lang='lat' dir='ltr'>successoribus,</span> <span class='ocrx_word' id='word_1_556' title='bbox 3126 3976 3220 4016; x_wconf 91' lang='lat' dir='ltr'>res</span> <span class='ocrx_word' id='word_1_557' title='bbox 3263 3956 3524 4031; x_wconf 74' lang='lat' dir='ltr'>praedicti</span> <span class='ocrx_word' id='word_1_558' title='bbox 3560 3973 3685 4012; x_wconf 90' lang='lat' dir='ltr'>mo-</span> 
     </span>
    </p>
   </div>
   <div class='ocr_carea' id='block_1_88' title="bbox 2039 4045 3687 4125">
    <p class='ocr_par' dir='ltr' id='par_1_88' title="bbox 2039 4045 3687 4125">
     <span class='ocr_line' id='line_1_88' title="bbox 2039 4045 3687 4125; baseline -0.009 -10"><span class='ocrx_word' id='word_1_559' title='bbox 2039 4057 2300 4125; x_wconf 90' lang='lat' dir='ltr'>nasterii,</span> <span class='ocrx_word' id='word_1_560' title='bbox 2334 4073 2469 4111; x_wconf 90' lang='lat' dir='ltr'>cum</span> <span class='ocrx_word' id='word_1_561' title='bbox 2510 4053 2786 4110; x_wconf 89' lang='lat' dir='ltr'>omnibus</span> <span class='ocrx_word' id='word_1_562' title='bbox 2822 4050 2998 4107; x_wconf 83' lang='lat' dir='ltr'>fredis</span> <span class='ocrx_word' id='word_1_563' title='bbox 3047 4053 3104 4106; x_wconf 88' lang='lat' dir='ltr'>et</span> <span class='ocrx_word' id='word_1_564' title='bbox 3142 4047 3354 4104; x_wconf 84' lang='lat' dir='ltr'>bannis</span> <span class='ocrx_word' id='word_1_565' title='bbox 3403 4045 3524 4103; x_wconf 87' lang='lat' dir='ltr'>sive</span> <span class='ocrx_word' id='word_1_566' title='bbox 3553 4062 3687 4102; x_wconf 88' lang='lat' dir='ltr'>con-</span> 
     </span>
    </p>
   </div>
   <div class='ocr_carea' id='block_1_89' title="bbox 2041 4134 3684 4211">
    <p class='ocr_par' dir='ltr' id='par_1_89' title="bbox 2041 4134 3684 4211">
     <span class='ocr_line' id='line_1_89' title="bbox 2041 4134 3684 4211; baseline -0.009 -7"><span class='ocrx_word' id='word_1_567' title='bbox 2041 4147 2222 4204; x_wconf 90' lang='lat' dir='ltr'>cessis</span> <span class='ocrx_word' id='word_1_568' title='bbox 2262 4146 2372 4202; x_wconf 91' lang='lat' dir='ltr'>sub</span> <span class='ocrx_word' id='word_1_569' title='bbox 2420 4147 2622 4200; x_wconf 90' lang='lat' dir='ltr'>nostra</span> <span class='ocrx_word' id='word_1_570' title='bbox 2677 4141 3011 4198; x_wconf 84' lang='lat' dir='ltr'>defensione</span> <span class='ocrx_word' id='word_1_571' title='bbox 3065 4137 3261 4211; x_wconf 91' lang='lat' dir='ltr'>quieto</span> <span class='ocrx_word' id='word_1_572' title='bbox 3318 4134 3522 4192; x_wconf 90' lang='lat' dir='ltr'>ordine</span> <span class='ocrx_word' id='word_1_573' title='bbox 3552 4150 3684 4206; x_wconf 89' lang='lat' dir='ltr'>pos-</span> 
     </span>
    </p>
   </div>
   <div class='ocr_carea' id='block_1_90' title="bbox 2042 4222 3687 4305">
    <p class='ocr_par' dir='ltr' id='par_1_90' title="bbox 2042 4222 3687 4305">
     <span class='ocr_line' id='line_1_90' title="bbox 2042 4222 3687 4305; baseline -0.01 -14"><span class='ocrx_word' id='word_1_574' title='bbox 2042 4236 2270 4302; x_wconf 89' lang='lat' dir='ltr'>sidere;</span> <span class='ocrx_word' id='word_1_575' title='bbox 2322 4237 2612 4305; x_wconf 89' lang='lat' dir='ltr'>quatenus</span> <span class='ocrx_word' id='word_1_576' title='bbox 2661 4229 2821 4302; x_wconf 91' lang='lat' dir='ltr'>ipsos</span> <span class='ocrx_word' id='word_1_577' title='bbox 2871 4244 3072 4284; x_wconf 87' lang='lat' dir='ltr'>servos</span> <span class='ocrx_word' id='word_1_578' title='bbox 3129 4224 3254 4291; x_wconf 89' lang='lat' dir='ltr'>Dei,</span> <span class='ocrx_word' id='word_1_579' title='bbox 3286 4240 3391 4297; x_wconf 91' lang='lat' dir='ltr'>pro</span> <span class='ocrx_word' id='word_1_580' title='bbox 3421 4222 3592 4279; x_wconf 85' lang='lat' dir='ltr'>nobis</span> <span class='ocrx_word' id='word_1_581' title='bbox 3620 4237 3687 4275; x_wconf 90' lang='lat' dir='ltr'>ac</span> 
     </span>
    </p>
   </div>
   <div class='ocr_carea' id='block_1_91' title="bbox 2042 4307 3686 4397">
    <p class='ocr_par' dir='ltr' id='par_1_91' title="bbox 2042 4307 3686 4397">
     <span class='ocr_line' id='line_1_91' title="bbox 2042 4307 3686 4397; baseline -0.01 -18"><span class='ocrx_word' id='word_1_582' title='bbox 2042 4340 2146 4397; x_wconf 91' lang='lat' dir='ltr'>pro</span> <span class='ocrx_word' id='word_1_583' title='bbox 2195 4320 2510 4377; x_wconf 88' lang='lat' dir='ltr'>stabilitate</span> <span class='ocrx_word' id='word_1_584' title='bbox 2559 4318 2739 4373; x_wconf 90' lang='lat' dir='ltr'>totius</span> <span class='ocrx_word' id='word_1_585' title='bbox 2793 4315 2955 4388; x_wconf 88' lang='lat' dir='ltr'>regni</span> <span class='ocrx_word' id='word_1_586' title='bbox 3015 4311 3201 4369; x_wconf 89' lang='lat' dir='ltr'>nostri</span> <span class='ocrx_word' id='word_1_587' title='bbox 3257 4327 3293 4366; x_wconf 87' lang='lat' dir='ltr'>a</span> <span class='ocrx_word' id='word_1_588' title='bbox 3346 4311 3462 4366; x_wconf 92' lang='lat' dir='ltr'>Deo</span> <span class='ocrx_word' id='word_1_589' title='bbox 3515 4307 3686 4397; x_wconf 84' lang='lat' dir='ltr'>nobis</span> 
     </span>
    </p>
   </div>
   <div class='ocr_carea' id='block_1_92' title="bbox 2042 4394 3685 4479">
    <p class='ocr_par' dir='ltr' id='par_1_92' title="bbox 2042 4394 3685 4479">
     <span class='ocr_line' id='line_1_92' title="bbox 2042 4394 3685 4479; baseline -0.012 -12"><span class='ocrx_word' id='word_1_590' title='bbox 2042 4394 2324 4474; x_wconf 80' lang='lat' dir='ltr'>concessi,</span> <span class='ocrx_word' id='word_1_591' title='bbox 2367 4407 2590 4479; x_wconf 89' lang='lat' dir='ltr'>jugiter</span> <span class='ocrx_word' id='word_1_592' title='bbox 2640 4404 2734 4460; x_wconf 87' lang='lat' dir='ltr'>Dei</span> <span class='ocrx_word' id='word_1_593' title='bbox 2790 4400 3252 4459; x_wconf 89' lang='lat' dir='ltr'>misericordiam</span> <span class='ocrx_word' id='word_1_594' title='bbox 3300 4411 3537 4453; x_wconf 81' lang='lat' dir='ltr'>exorare</span> <span class='ocrx_word' id='word_1_595' title='bbox 3585 4394 3685 4449; x_wconf 91' lang='lat' dir='ltr'>de-</span> 
     </span>
    </p>
   </div>
   <div class='ocr_carea' id='block_1_93' title="bbox 2041 4481 3688 4556">
    <p class='ocr_par' dir='ltr' id='par_1_93' title="bbox 2041 4481 3688 4556">
     <span class='ocr_line' id='line_1_93' title="bbox 2041 4481 3688 4556; baseline -0.012 0"><span class='ocrx_word' id='word_1_596' title='bbox 2041 4499 2231 4556; x_wconf 88' lang='lat' dir='ltr'>lectet.</span> <span class='ocrx_word' id='word_1_597' title='bbox 2293 4497 2362 4552; x_wconf 88' lang='lat' dir='ltr'>Et</span> <span class='ocrx_word' id='word_1_598' title='bbox 2421 4499 2486 4550; x_wconf 90' lang='lat' dir='ltr'>ut</span> <span class='ocrx_word' id='word_1_599' title='bbox 2534 4493 2656 4548; x_wconf 71' lang='lat' dir='ltr'>haec</span> <span class='ocrx_word' id='word_1_600' title='bbox 2705 4490 3022 4547; x_wconf 89' lang='lat' dir='ltr'>auctoritas</span> <span class='ocrx_word' id='word_1_601' title='bbox 3071 4485 3288 4543; x_wconf 86' lang='lat' dir='ltr'>nostris</span> <span class='ocrx_word' id='word_1_602' title='bbox 3357 4481 3688 4554; x_wconf 87' lang='lat' dir='ltr'>futurisque</span> 
     </span>
    </p>
   </div>
   <div class='ocr_carea' id='block_1_94' title="bbox 288 4570 3686 4672">
    <p class='ocr_par' dir='ltr' id='par_1_94' title="bbox 288 4570 3686 4672">
     <span class='ocr_line' id='line_1_94' title="bbox 288 4570 3686 4672; baseline -0.009 -16"><span class='ocrx_word' id='word_1_603' title='bbox 288 4570 456 4672; x_wconf 66' lang='lat' dir='ltr'>reges</span> <span class='ocrx_word' id='word_1_604' title='bbox 476 4596 745 4654; x_wconf 87' lang='lat' dir='ltr'>videlicet</span> <span class='ocrx_word' id='word_1_605' title='bbox 766 4570 1119 4652; x_wconf 68' lang='lat' dir='ltr'>Prancorum</span> <span class='ocrx_word' id='word_1_606' title='bbox 1143 4592 1332 4649; x_wconf 91' lang='lat' dir='ltr'>eidem</span> <span class='ocrx_word' id='word_1_607' title='bbox 1359 4570 1712 4646; x_wconf 80' lang='lat' dir='ltr'>monasterio</span> <span class='ocrx_word' id='word_1_608' title='bbox 1734 4589 1938 4663; x_wconf 89' lang='lat' dir='ltr'>regali-</span> <span class='ocrx_word' id='word_1_609' title='bbox 1965 4603 2010 4668; x_wconf 82' lang='lat' dir='ltr'>D</span> <span class='ocrx_word' id='word_1_610' title='bbox 2041 4585 2425 4660; x_wconf 87' lang='lat' dir='ltr'>temporibus,</span> <span class='ocrx_word' id='word_1_611' title='bbox 2458 4583 2573 4638; x_wconf 91' lang='lat' dir='ltr'>Deo</span> <span class='ocrx_word' id='word_1_612' title='bbox 2603 4582 2939 4672; x_wconf 83' lang='lat' dir='ltr'>protegente</span> <span class='ocrx_word' id='word_1_613' title='bbox 2947 4575 3161 4672; x_wconf 64' lang='lat' dir='ltr'>,valeat</span> <span class='ocrx_word' id='word_1_614' title='bbox 3189 4570 3532 4672; x_wconf 76' lang='lat' dir='ltr'>inconvulsa</span> <span class='ocrx_word' id='word_1_615' title='bbox 3557 4586 3686 4672; x_wconf 51' lang='lat' dir='ltr'>per:</span> 
     </span>
    </p>
   </div>
   <div class='ocr_carea' id='block_1_95' title="bbox 289 4680 1937 4759">
    <p class='ocr_par' dir='ltr' id='par_1_95' title="bbox 289 4680 1937 4759">
     <span class='ocr_line' id='line_1_95' title="bbox 289 4680 1937 4759; baseline -0.007 -14"><span class='ocrx_word' id='word_1_616' title='bbox 289 4689 400 4745; x_wconf 88' lang='lat' dir='ltr'>bus</span> <span class='ocrx_word' id='word_1_617' title='bbox 419 4685 740 4759; x_wconf 88' lang='lat' dir='ltr'>privilegiis</span> <span class='ocrx_word' id='word_1_618' title='bbox 764 4684 943 4741; x_wconf 89' lang='lat' dir='ltr'>talem</span> <span class='ocrx_word' id='word_1_619' title='bbox 967 4681 1374 4740; x_wconf 88' lang='lat' dir='ltr'>concedissent</span> <span class='ocrx_word' id='word_1_620' title='bbox 1413 4680 1840 4751; x_wconf 87' lang='lat' dir='ltr'>auctoritatem,</span> <span class='ocrx_word' id='word_1_621' title='bbox 1873 4683 1937 4735; x_wconf 91' lang='lat' dir='ltr'>ut</span> 
     </span>
    </p>
   </div>
   <div class='ocr_carea' id='block_1_96' title="bbox 287 4769 1931 4842">
    <p class='ocr_par' dir='ltr' id='par_1_96' title="bbox 287 4769 1931 4842">
     <span class='ocr_line' id='line_1_96' title="bbox 287 4769 1931 4842; baseline -0.004 -10"><span class='ocrx_word' id='word_1_622' title='bbox 287 4775 434 4832; x_wconf 92' lang='lat' dir='ltr'>illud</span> <span class='ocrx_word' id='word_1_623' title='bbox 468 4791 602 4831; x_wconf 90' lang='lat' dir='ltr'>cum</span> <span class='ocrx_word' id='word_1_624' title='bbox 635 4774 910 4830; x_wconf 90' lang='lat' dir='ltr'>omnibus</span> <span class='ocrx_word' id='word_1_625' title='bbox 944 4774 1017 4828; x_wconf 90' lang='lat' dir='ltr'>ad</span> <span class='ocrx_word' id='word_1_626' title='bbox 1049 4788 1110 4828; x_wconf 93' lang='lat' dir='ltr'>se</span> <span class='ocrx_word' id='word_1_627' title='bbox 1141 4769 1708 4842; x_wconf 85' lang='lat' dir='ltr'>pertinentibus,sub</span> <span class='ocrx_word' id='word_1_628' title='bbox 1730 4785 1931 4841; x_wconf 90' lang='lat' dir='ltr'>perpe-</span> 
     </span>
    </p>
   </div>
   <div class='ocr_carea' id='block_1_97' title="bbox 288 4857 1936 4928">
    <p class='ocr_par' dir='ltr' id='par_1_97' title="bbox 288 4857 1936 4928">
     <span class='ocr_line' id='line_1_97' title="bbox 288 4857 1936 4928; baseline -0.005 -7"><span class='ocrx_word' id='word_1_629' title='bbox 288 4870 392 4921; x_wconf 89' lang='lat' dir='ltr'>tua</span> <span class='ocrx_word' id='word_1_630' title='bbox 419 4880 622 4921; x_wconf 90' lang='lat' dir='ltr'>eorum</span> <span class='ocrx_word' id='word_1_631' title='bbox 652 4861 1011 4919; x_wconf 88' lang='lat' dir='ltr'>defensionis</span> <span class='ocrx_word' id='word_1_632' title='bbox 1042 4863 1303 4916; x_wconf 89' lang='lat' dir='ltr'>maneret</span> <span class='ocrx_word' id='word_1_633' title='bbox 1332 4857 1662 4914; x_wconf 90' lang='lat' dir='ltr'>securitate.</span> <span class='ocrx_word' id='word_1_634' title='bbox 1690 4857 1800 4913; x_wconf 91' lang='lat' dir='ltr'>Sed</span> <span class='ocrx_word' id='word_1_635' title='bbox 1833 4874 1936 4928; x_wconf 89' lang='lat' dir='ltr'>pro</span> 
     </span>
    </p>
   </div>
   <div class='ocr_carea' id='block_1_98' title="bbox 290 4944 1938 5023">
    <p class='ocr_par' dir='ltr' id='par_1_98' title="bbox 290 4944 1938 5023">
     <span class='ocr_line' id='line_1_98' title="bbox 290 4944 1938 5023; baseline -0.005 -15"><span class='ocrx_word' id='word_1_636' title='bbox 290 4951 586 5009; x_wconf 83' lang='lat' dir='ltr'>ﬁrmitatis</span> <span class='ocrx_word' id='word_1_637' title='bbox 617 4951 845 5018; x_wconf 86' lang='lat' dir='ltr'>inditio,</span> <span class='ocrx_word' id='word_1_638' title='bbox 878 4948 1320 5023; x_wconf 90' lang='lat' dir='ltr'>postulaverunt</span> <span class='ocrx_word' id='word_1_639' title='bbox 1340 4950 1404 5002; x_wconf 91' lang='lat' dir='ltr'>ut</span> <span class='ocrx_word' id='word_1_640' title='bbox 1433 4962 1549 5002; x_wconf 89' lang='lat' dir='ltr'>non</span> <span class='ocrx_word' id='word_1_641' title='bbox 1577 4944 1938 5018; x_wconf 76' lang='lat' dir='ltr'>solum,praa-</span> 
     </span>
    </p>
   </div>
   <div class='ocr_carea' id='block_1_99' title="bbox 291 5038 1935 5110">
    <p class='ocr_par' dir='ltr' id='par_1_99' title="bbox 291 5038 1935 5110">
     <span class='ocr_line' id='line_1_99' title="bbox 291 5038 1935 5110; baseline -0.005 -12"><span class='ocrx_word' id='word_1_642' title='bbox 291 5041 669 5098; x_wconf 84' lang='lat' dir='ltr'>decessorum</span> <span class='ocrx_word' id='word_1_643' title='bbox 701 5044 1036 5097; x_wconf 91' lang='lat' dir='ltr'>nostrorum</span> <span class='ocrx_word' id='word_1_644' title='bbox 1066 5052 1272 5110; x_wconf 89' lang='lat' dir='ltr'>regum</span> <span class='ocrx_word' id='word_1_645' title='bbox 1329 5051 1551 5090; x_wconf 91' lang='lat' dir='ltr'>morem</span> <span class='ocrx_word' id='word_1_646' title='bbox 1601 5038 1935 5106; x_wconf 91' lang='lat' dir='ltr'>sequentes,</span> 
     </span>
    </p>
   </div>
   <div class='ocr_carea' id='block_1_100' title="bbox 290 5123 1938 5201">
    <p class='ocr_par' dir='ltr' id='par_1_100' title="bbox 290 5123 1938 5201">
     <span class='ocr_line' id='line_1_100' title="bbox 290 5123 1938 5201; baseline -0.007 -15"><span class='ocrx_word' id='word_1_647' title='bbox 290 5135 504 5187; x_wconf 67' lang='lat' dir='ltr'>nostra:</span> <span class='ocrx_word' id='word_1_648' title='bbox 536 5128 874 5201; x_wconf 90' lang='lat' dir='ltr'>hujusmodi</span> <span class='ocrx_word' id='word_1_649' title='bbox 917 5124 1279 5183; x_wconf 89' lang='lat' dir='ltr'>auctoritatis</span> <span class='ocrx_word' id='word_1_650' title='bbox 1312 5126 1666 5196; x_wconf 62' lang='lat' dir='ltr'>praeceptum</span> <span class='ocrx_word' id='word_1_651' title='bbox 1687 5139 1825 5195; x_wconf 89' lang='lat' dir='ltr'>erga</span> <span class='ocrx_word' id='word_1_652' title='bbox 1850 5123 1938 5195; x_wconf 90' lang='lat' dir='ltr'>ip-</span> 
     </span>
    </p>
   </div>
   <div class='ocr_carea' id='block_1_101' title="bbox 292 5210 1937 5286">
    <p class='ocr_par' dir='ltr' id='par_1_101' title="bbox 292 5210 1937 5286">
     <span class='ocr_line' id='line_1_101' title="bbox 292 5210 1937 5286; baseline -0.006 -11"><span class='ocrx_word' id='word_1_653' title='bbox 292 5235 426 5275; x_wconf 88' lang='lat' dir='ltr'>sum</span> <span class='ocrx_word' id='word_1_654' title='bbox 460 5213 1176 5283; x_wconf 89' lang='lat' dir='ltr'>monasterium,tuitionis</span> <span class='ocrx_word' id='word_1_655' title='bbox 1208 5210 1544 5286; x_wconf 83' lang='lat' dir='ltr'>gratia,fieri</span> <span class='ocrx_word' id='word_1_656' title='bbox 1570 5210 1937 5282; x_wconf 90' lang='lat' dir='ltr'>juberemus,</span> 
     </span>
    </p>
   </div>
   <div class='ocr_carea' id='block_1_102' title="bbox 294 5298 1942 5380">
    <p class='ocr_par' dir='ltr' id='par_1_102' title="bbox 294 5298 1942 5380">
     <span class='ocr_line' id='line_1_102' title="bbox 294 5298 1942 5380; baseline -0.005 -17"><span class='ocrx_word' id='word_1_657' title='bbox 294 5307 398 5363; x_wconf 92' lang='lat' dir='ltr'>sed</span> <span class='ocrx_word' id='word_1_658' title='bbox 427 5307 604 5363; x_wconf 89' lang='lat' dir='ltr'>etiam</span> <span class='ocrx_word' id='word_1_659' title='bbox 628 5306 1042 5380; x_wconf 86' lang='lat' dir='ltr'>perﬁceremus</span> <span class='ocrx_word' id='word_1_660' title='bbox 1065 5307 1131 5358; x_wconf 90' lang='lat' dir='ltr'>ut</span> <span class='ocrx_word' id='word_1_661' title='bbox 1145 5317 1349 5358; x_wconf 87' lang='lat' dir='ltr'>omnes</span> <span class='ocrx_word' id='word_1_662' title='bbox 1369 5298 1545 5355; x_wconf 88' lang='lat' dir='ltr'>cellas</span> <span class='ocrx_word' id='word_1_663' title='bbox 1567 5304 1623 5354; x_wconf 92' lang='lat' dir='ltr'>et</span> <span class='ocrx_word' id='word_1_664' title='bbox 1641 5299 1942 5364; x_wconf 89' lang='lat' dir='ltr'>villas,seu</span> 
     </span>
    </p>
   </div>
   <div class='ocr_carea' id='block_1_103' title="bbox 295 5387 1942 5468">
    <p class='ocr_par' dir='ltr' id='par_1_103' title="bbox 295 5387 1942 5468">
     <span class='ocr_line' id='line_1_103' title="bbox 295 5387 1942 5468; baseline -0.006 -16"><span class='ocrx_word' id='word_1_665' title='bbox 295 5400 533 5452; x_wconf 74' lang='lat' dir='ltr'>caeteras</span> <span class='ocrx_word' id='word_1_666' title='bbox 570 5395 974 5468; x_wconf 87' lang='lat' dir='ltr'>possessiones</span> <span class='ocrx_word' id='word_1_667' title='bbox 1017 5390 1274 5465; x_wconf 64' lang='lat' dir='ltr'>prmdicti</span> <span class='ocrx_word' id='word_1_668' title='bbox 1334 5387 1672 5444; x_wconf 87' lang='lat' dir='ltr'>monasterii</span> <span class='ocrx_word' id='word_1_669' title='bbox 1703 5405 1850 5460; x_wconf 87' lang='lat' dir='ltr'>quas</span> <span class='ocrx_word' id='word_1_670' title='bbox 1883 5388 1942 5443; x_wconf 93' lang='lat' dir='ltr'>in</span> 
     </span>
    </p>
   </div>
   <div class='ocr_carea' id='block_1_104' title="bbox 295 5476 1942 5558">
    <p class='ocr_par' dir='ltr' id='par_1_104' title="bbox 295 5476 1942 5558">
     <span class='ocr_line' id='line_1_104' title="bbox 295 5476 1942 5558; baseline -0.005 -17"><span class='ocrx_word' id='word_1_671' title='bbox 295 5483 659 5558; x_wconf 88' lang='lat' dir='ltr'>quibuslibet</span> <span class='ocrx_word' id='word_1_672' title='bbox 680 5483 846 5557; x_wconf 90' lang='lat' dir='ltr'>pagis</span> <span class='ocrx_word' id='word_1_673' title='bbox 867 5487 925 5539; x_wconf 91' lang='lat' dir='ltr'>ct</span> <span class='ocrx_word' id='word_1_674' title='bbox 941 5479 1248 5538; x_wconf 90' lang='lat' dir='ltr'>territoriis</span> <span class='ocrx_word' id='word_1_675' title='bbox 1272 5478 1424 5532; x_wconf 88' lang='lat' dir='ltr'>infra</span> <span class='ocrx_word' id='word_1_676' title='bbox 1446 5476 1727 5532; x_wconf 91' lang='lat' dir='ltr'>ditionem</span> <span class='ocrx_word' id='word_1_677' title='bbox 1759 5477 1942 5549; x_wconf 90' lang='lat' dir='ltr'>impe-</span> 
     </span>
    </p>
   </div>
   <div class='ocr_carea' id='block_1_105' title="bbox 298 5567 1946 5640">
    <p class='ocr_par' dir='ltr' id='par_1_105' title="bbox 298 5567 1946 5640">
     <span class='ocr_line' id='line_1_105' title="bbox 298 5567 1946 5640; baseline -0.004 -13"><span class='ocrx_word' id='word_1_678' title='bbox 298 5573 368 5628; x_wconf 92' lang='lat' dir='ltr'>rii</span> <span class='ocrx_word' id='word_1_679' title='bbox 401 5573 583 5629; x_wconf 90' lang='lat' dir='ltr'>nostri</span> <span class='ocrx_word' id='word_1_680' title='bbox 618 5573 947 5629; x_wconf 88' lang='lat' dir='ltr'>consistunt</span> <span class='ocrx_word' id='word_1_681' title='bbox 976 5568 1175 5625; x_wconf 88' lang='lat' dir='ltr'>nullus</span> <span class='ocrx_word' id='word_1_682' title='bbox 1204 5567 1699 5640; x_wconf 73' lang='lat' dir='ltr'>prmdeccssorum</span> <span class='ocrx_word' id='word_1_683' title='bbox 1722 5568 1946 5621; x_wconf 85' lang='lat' dir='ltr'>nostro-</span> 
     </span>
    </p>
   </div>
   <div class='ocr_carea' id='block_1_106' title="bbox 297 5656 1948 5730">
    <p class='ocr_par' dir='ltr' id='par_1_106' title="bbox 297 5656 1948 5730">
     <span class='ocr_line' id='line_1_106' title="bbox 297 5656 1948 5730; baseline -0.006 -12"><span class='ocrx_word' id='word_1_684' title='bbox 297 5679 428 5718; x_wconf 89' lang='lat' dir='ltr'>rum</span> <span class='ocrx_word' id='word_1_685' title='bbox 460 5662 764 5730; x_wconf 90' lang='lat' dir='ltr'>divideret,</span> <span class='ocrx_word' id='word_1_686' title='bbox 796 5665 898 5718; x_wconf 89' lang='lat' dir='ltr'>aut</span> <span class='ocrx_word' id='word_1_687' title='bbox 926 5661 985 5716; x_wconf 89' lang='lat' dir='ltr'>in</span> <span class='ocrx_word' id='word_1_688' title='bbox 1015 5658 1158 5717; x_wconf 91' lang='lat' dir='ltr'>alios</span> <span class='ocrx_word' id='word_1_689' title='bbox 1207 5672 1352 5712; x_wconf 88' lang='lat' dir='ltr'>usus</span> <span class='ocrx_word' id='word_1_690' title='bbox 1403 5656 1760 5710; x_wconf 90' lang='lat' dir='ltr'>converteret</span> <span class='ocrx_word' id='word_1_691' title='bbox 1791 5657 1847 5709; x_wconf 91' lang='lat' dir='ltr'>et</span> <span class='ocrx_word' id='word_1_692' title='bbox 1881 5657 1948 5708; x_wconf 93' lang='lat' dir='ltr'>ut</span> 
     </span>
    </p>
   </div>
   <div class='ocr_carea' id='block_1_107' title="bbox 2045 4655 3689 4743">
    <p class='ocr_par' dir='ltr' id='par_1_107' title="bbox 2045 4655 3689 4743">
     <span class='ocr_line' id='line_1_107' title="bbox 2045 4655 3689 4743; baseline -0.012 -11"><span class='ocrx_word' id='word_1_693' title='bbox 2045 4655 2301 4741; x_wconf 81' lang='lat' dir='ltr'>manere,</span> <span class='ocrx_word' id='word_1_694' title='bbox 2336 4689 2512 4728; x_wconf 89' lang='lat' dir='ltr'>manu</span> <span class='ocrx_word' id='word_1_695' title='bbox 2547 4670 2780 4743; x_wconf 90' lang='lat' dir='ltr'>propria</span> <span class='ocrx_word' id='word_1_696' title='bbox 2802 4683 2932 4724; x_wconf 90' lang='lat' dir='ltr'>eam</span> <span class='ocrx_word' id='word_1_697' title='bbox 2983 4662 3368 4728; x_wconf 83' lang='lat' dir='ltr'>firmavimus,</span> <span class='ocrx_word' id='word_1_698' title='bbox 3399 4663 3457 4716; x_wconf 91' lang='lat' dir='ltr'>et</span> <span class='ocrx_word' id='word_1_699' title='bbox 3485 4655 3689 4715; x_wconf 88' lang='lat' dir='ltr'>annuli</span> 
     </span>
    </p>
   </div>
   <div class='ocr_carea' id='block_1_108' title="bbox 2043 4752 3296 4836">
    <p class='ocr_par' dir='ltr' id='par_1_108' title="bbox 2043 4752 3296 4836">
     <span class='ocr_line' id='line_1_108' title="bbox 2043 4752 3296 4836; baseline -0.011 -16"><span class='ocrx_word' id='word_1_700' title='bbox 2043 4763 2229 4836; x_wconf 84' lang='lat' dir='ltr'>nostri</span> <span class='ocrx_word' id='word_1_701' title='bbox 2263 4759 2647 4834; x_wconf 89' lang='lat' dir='ltr'>impressione</span> <span class='ocrx_word' id='word_1_702' title='bbox 2673 4752 3296 4830; x_wconf 89' lang='lat' dir='ltr'>assignarijussimus.</span> 
     </span>
    </p>
   </div>
   <div class='ocr_carea' id='block_1_109' title="bbox 2118 4833 3692 4915">
    <p class='ocr_par' dir='ltr' id='par_1_109' title="bbox 2118 4833 3692 4915">
     <span class='ocr_line' id='line_1_109' title="bbox 2118 4833 3692 4915; baseline -0.009 -12"><span class='ocrx_word' id='word_1_703' title='bbox 2118 4833 2376 4907; x_wconf 78' lang='lat' dir='ltr'>«Actum</span> <span class='ocrx_word' id='word_1_704' title='bbox 2401 4866 2478 4904; x_wconf 84' lang='lat' dir='ltr'>v11</span> <span class='ocrx_word' id='word_1_705' title='bbox 2510 4849 2648 4904; x_wconf 91' lang='lat' dir='ltr'>ldus</span> <span class='ocrx_word' id='word_1_706' title='bbox 2695 4844 2983 4912; x_wconf 87' lang='lat' dir='ltr'>Januarii,</span> <span class='ocrx_word' id='word_1_707' title='bbox 3017 4842 3300 4915; x_wconf 86' lang='lat' dir='ltr'>regnante</span> <span class='ocrx_word' id='word_1_708' title='bbox 3341 4835 3556 4894; x_wconf 87' lang='lat' dir='ltr'>domno</span> <span class='ocrx_word' id='word_1_709' title='bbox 3588 4833 3692 4890; x_wconf 86' lang='lat' dir='ltr'>Lo-</span> 
     </span>
    </p>
   </div>
   <div class='ocr_carea' id='block_1_110' title="bbox 2044 4933 3036 5007">
    <p class='ocr_par' dir='ltr' id='par_1_110' title="bbox 2044 4933 3036 5007">
     <span class='ocr_line' id='line_1_110' title="bbox 2044 4933 3036 5007; baseline -0.01 -10"><span class='ocrx_word' id='word_1_710' title='bbox 2044 4941 2255 5007; x_wconf 89' lang='lat' dir='ltr'>thario,</span> <span class='ocrx_word' id='word_1_711' title='bbox 2289 4955 2441 4994; x_wconf 88' lang='lat' dir='ltr'>anno</span> <span class='ocrx_word' id='word_1_712' title='bbox 2466 4953 2588 5005; x_wconf 85' lang='lat' dir='ltr'>vm,</span> <span class='ocrx_word' id='word_1_713' title='bbox 2612 4933 2930 4991; x_wconf 90' lang='lat' dir='ltr'>indictione</span> <span class='ocrx_word' id='word_1_714' title='bbox 2959 4949 3036 4988; x_wconf 80' lang='lat' dir='ltr'>Vl.</span> 
     </span>
    </p>
   </div>
   <div class='ocr_carea' id='block_1_111' title="bbox 2119 5021 3036 5084">
    <p class='ocr_par' dir='ltr' id='par_1_111' title="bbox 2119 5021 3036 5084">
     <span class='ocr_line' id='line_1_111' title="bbox 2119 5021 3036 5084; baseline -0.013 0"><span class='ocrx_word' id='word_1_715' title='bbox 2119 5052 2147 5081; x_wconf 84' lang='lat'>«</span> <span class='ocrx_word' id='word_1_716' title='bbox 2177 5031 2385 5084; x_wconf 89' lang='lat' dir='ltr'>Actum</span> <span class='ocrx_word' id='word_1_717' title='bbox 2417 5024 2682 5082; x_wconf 91' lang='lat' dir='ltr'>Leuduni</span> <span class='ocrx_word' id='word_1_718' title='bbox 2713 5021 2973 5079; x_wconf 87' lang='lat' dir='ltr'>feliciter.</span> <span class='ocrx_word' id='word_1_719' title='bbox 3007 5040 3036 5072; x_wconf 84' lang='lat'>»</span> 
     </span>
    </p>
   </div>
   <div class='ocr_carea' id='block_1_112' title="bbox 2119 5112 2854 5188">
    <p class='ocr_par' dir='ltr' id='par_1_112' title="bbox 2119 5112 2854 5188">
     <span class='ocr_line' id='line_1_112' title="bbox 2119 5112 2854 5188; baseline -0.011 -14"><span class='ocrx_word' id='word_1_720' title='bbox 2119 5118 2213 5175; x_wconf 91' lang='lat' dir='ltr'>Sic</span> <span class='ocrx_word' id='word_1_721' title='bbox 2242 5117 2537 5188; x_wconf 89' lang='lat' dir='ltr'>signatum</span> <span class='ocrx_word' id='word_1_722' title='bbox 2568 5112 2814 5169; x_wconf 90' lang='lat' dir='ltr'>inferius</span> <span class='ocrx_word' id='word_1_723' title='bbox 2841 5127 2854 5166; x_wconf 89' lang='lat'><strong>:</strong></span> 
     </span>
    </p>
   </div>
   <div class='ocr_carea' id='block_1_113' title="bbox 2124 5192 3691 5277">
    <p class='ocr_par' dir='ltr' id='par_1_113' title="bbox 2124 5192 3691 5277">
     <span class='ocr_line' id='line_1_113' title="bbox 2124 5192 3691 5277; baseline -0.011 -16"><span class='ocrx_word' id='word_1_724' title='bbox 2124 5229 2152 5258; x_wconf 86' lang='lat'><strong>«</strong></span> <span class='ocrx_word' id='word_1_725' title='bbox 2179 5205 2424 5277; x_wconf 87' lang='lat' dir='ltr'>Signum</span> <span class='ocrx_word' id='word_1_726' title='bbox 2457 5200 2713 5258; x_wconf 88' lang='lat' dir='ltr'>Lotharii</span> <span class='ocrx_word' id='word_1_727' title='bbox 2757 5193 3169 5272; x_wconf 88' lang='lat' dir='ltr'>gloriosissimi</span> <span class='ocrx_word' id='word_1_728' title='bbox 3214 5192 3571 5250; x_wconf 87' lang='lat' dir='ltr'>Francorum</span> <span class='ocrx_word' id='word_1_729' title='bbox 3601 5203 3691 5244; x_wconf 90' lang='lat' dir='ltr'>re-</span> 
     </span>
    </p>
   </div>
   <div class='ocr_carea' id='block_1_114' title="bbox 2051 5295 2163 5370">
    <p class='ocr_par' dir='ltr' id='par_1_114' title="bbox 2051 5295 2163 5370">
     <span class='ocr_line' id='line_1_114' title="bbox 2051 5295 2163 5370; baseline -0.018 -18"><span class='ocrx_word' id='word_1_730' title='bbox 2051 5295 2163 5370; x_wconf 90' lang='lat' dir='ltr'>gis.</span> 
     </span>
    </p>
   </div>
   <div class='ocr_carea' id='block_1_115' title="bbox 2123 5375 3161 5450">
    <p class='ocr_par' dir='ltr' id='par_1_115' title="bbox 2123 5375 3161 5450">
     <span class='ocr_line' id='line_1_115' title="bbox 2123 5375 3161 5450; baseline -0.01 -11"><span class='ocrx_word' id='word_1_731' title='bbox 2123 5407 2151 5435; x_wconf 86' lang='grc'><strong>‹‹</strong></span> <span class='ocrx_word' id='word_1_732' title='bbox 2179 5383 2310 5439; x_wconf 91' lang='lat' dir='ltr'>Otto</span> <span class='ocrx_word' id='word_1_733' title='bbox 2333 5377 2713 5436; x_wconf 88' lang='lat' dir='ltr'>cancellarius</span> <span class='ocrx_word' id='word_1_734' title='bbox 2745 5375 3098 5450; x_wconf 88' lang='lat' dir='ltr'>recognovit.</span> <span class='ocrx_word' id='word_1_735' title='bbox 3133 5395 3161 5423; x_wconf 87' lang='lat'>»</span> 
     </span>
    </p>
   </div>
   <div class='ocr_carea' id='block_1_116' title="bbox 2123 5454 3696 5541">
    <p class='ocr_par' dir='ltr' id='par_1_116' title="bbox 2123 5454 3696 5541">
     <span class='ocr_line' id='line_1_116' title="bbox 2123 5454 3696 5541; baseline -0.013 -14"><span class='ocrx_word' id='word_1_736' title='bbox 2123 5474 2287 5527; x_wconf 87' lang='lat' dir='ltr'>Anno</span> <span class='ocrx_word' id='word_1_737' title='bbox 2316 5472 2447 5541; x_wconf 89' lang='lat' dir='ltr'>post</span> <span class='ocrx_word' id='word_1_738' title='bbox 2466 5466 2575 5523; x_wconf 92' lang='lat' dir='ltr'>hoc</span> <span class='ocrx_word' id='word_1_739' title='bbox 2605 5466 2811 5540; x_wconf 93' lang='lat' dir='ltr'>quinto</span> <span class='ocrx_word' id='word_1_740' title='bbox 2843 5466 3080 5538; x_wconf 89' lang='lat' dir='ltr'>signum</span> <span class='ocrx_word' id='word_1_741' title='bbox 3102 5459 3318 5529; x_wconf 90' lang='lat' dir='ltr'>crucis,</span> <span class='ocrx_word' id='word_1_742' title='bbox 3351 5454 3562 5541; x_wconf 79' lang='lat' dir='ltr'>nescio</span> <span class='ocrx_word' id='word_1_743' title='bbox 3577 5467 3696 5521; x_wconf 89' lang='lat' dir='ltr'>qua</span> 
     </span>
    </p>
   </div>
   <div class='ocr_carea' id='block_1_117' title="bbox 2056 5537 3696 5628">
    <p class='ocr_par' dir='ltr' id='par_1_117' title="bbox 2056 5537 3696 5628">
     <span class='ocr_line' id='line_1_117' title="bbox 2056 5537 3696 5628; baseline -0.016 -11"><span class='ocrx_word' id='word_1_744' title='bbox 2056 5576 2235 5617; x_wconf 90' lang='lat' dir='ltr'>causa</span> <span class='ocrx_word' id='word_1_745' title='bbox 2262 5557 2544 5628; x_wconf 84' lang='lat' dir='ltr'>exigente,</span> <span class='ocrx_word' id='word_1_746' title='bbox 2577 5537 2770 5611; x_wconf 81' lang='lat' dir='ltr'>subito</span> <span class='ocrx_word' id='word_1_747' title='bbox 2829 5554 2886 5608; x_wconf 90' lang='lat' dir='ltr'>in</span> <span class='ocrx_word' id='word_1_748' title='bbox 2906 5537 2919 5538; x_wconf 20' lang='grc' dir='ltr'>ί</span> <span class='ocrx_word' id='word_1_749' title='bbox 2939 5547 3305 5608; x_wconf 89' lang='lat' dir='ltr'>vestimentis</span> <span class='ocrx_word' id='word_1_750' title='bbox 3349 5537 3696 5628; x_wconf 71' lang='lat' dir='ltr'>insignitum</span> 
     </span>
    </p>
   </div>
   <div class='ocr_carea' id='block_1_118' title="bbox 2053 5624 3698 5706">
    <p class='ocr_par' dir='ltr' id='par_1_118' title="bbox 2053 5624 3698 5706">
     <span class='ocr_line' id='line_1_118' title="bbox 2053 5624 3698 5706; baseline -0.016 -3"><span class='ocrx_word' id='word_1_751' title='bbox 2053 5624 2826 5706; x_wconf 46' lang='lat' dir='ltr'>videbatur—humanisErat</span> <span class='ocrx_word' id='word_1_752' title='bbox 2856 5646 3052 5698; x_wconf 90' lang='lat' dir='ltr'>autem</span> <span class='ocrx_word' id='word_1_753' title='bbox 3083 5638 3240 5695; x_wconf 93' lang='lat' dir='ltr'>color</span> <span class='ocrx_word' id='word_1_754' title='bbox 3267 5630 3388 5688; x_wconf 87' lang='lat' dir='ltr'>acsi</span> <span class='ocrx_word' id='word_1_755' title='bbox 3413 5644 3483 5683; x_wconf 81' lang='lat' dir='ltr'><strong>ex</strong></span> <span class='ocrx_word' id='word_1_756' title='bbox 3502 5624 3698 5699; x_wconf 89' lang='lat' dir='ltr'>aliquo</span> 
     </span>
    </p>
   </div>
  </div>
