4086 6188
298 227 326 292 1
337 226 455 293 269

1684 223 2335 293 CHARTULARIUM.

3551 224 3708 294 1270

292 361 594 430 Arnulfus,
628 359 838 418 direxit
866 364 1000 435 post
1028 359 1698 432 Hildebrandum,supra
1725 375 1946 416 memo-
1974 360 2031 428 Α
2060 361 2414 420 haereditatis
2445 380 2563 420 suae
2592 365 2816 437 partem
2848 361 3232 436 delegaverat,
3264 363 3320 419 et
3349 359 3502 418 hanc
3549 377 3707 418 eam-

294 455 486 508 ratum
527 451 797 507 abbatem
828 454 885 507 et
907 455 1177 524 nepotem
1206 454 1465 515 suum,et
1487 449 1536 504 ei
1563 449 1766 505 iterato
1791 447 1950 504 hunc

293 539 723 597 commendavit
752 540 1157 612 locum,quem
1178 543 1235 595 et
1255 539 1560 605 hactenus,
1577 536 1950 593 miseratione

288 630 414 698 Dei,
448 631 616 703 regit,
653 630 752 702 qui
785 633 875 685 est
913 646 1103 685 annus
1154 632 1700 701 supramemoratus
1745 626 1948 682 Domi-

290 721 433 776 uicae
467 719 794 776 nativitatis
824 720 950 774 961.

363 809 524 874 Quod
543 807 708 864 facile
726 812 848 863 erat
865 807 988 862 ﬁeri
1009 807 1289 879 quoniam
1310 825 1342 862 a
1370 804 1677 860 monachis
1701 803 1950 860 ccenobii

289 897 492 969 hujus,
525 897 597 951 ob
626 895 756 950 vitae
790 895 1186 968 prolestatem,
1212 913 1328 951 non
1361 894 1588 950 modice
1612 894 1948 948 amabatur.

290 987 459 1042 Etita
475 989 633 1058 patet
653 985 806 1056 quod
840 983 1198 1056 Adalophus,
1232 985 1355 1055 iam,
1385 983 1522 1038 dicti
1557 982 1803 1038 coenobii
1827 999 1945 1037 mo-

291 1074 537 1142 nachus,
570 1074 745 1130 cessit
773 1072 1058 1130 voluntati
1091 1073 1325 1128 comitis
1353 1089 1502 1144 sape
1531 1072 1834 1138 dicti,cum
1857 1071 1950 1126 vix

291 1179 444 1219 anno
477 1162 648 1218 unico
682 1161 1174 1217 administrasset.
1209 1163 1277 1217 Et
1316 1161 1715 1234 postmodum,
1748 1159 1942 1215 Hilde-

287 1252 499 1308 brandi
531 1251 762 1307 abbatis
777 1251 960 1306 nostri
977 1251 1329 1323 reassumpti
1357 1248 1658 1322 regiminis
1689 1266 1841 1303 anno
1864 1265 1944 1320 iu,

287 1341 417 1412 ejus
447 1339 776 1396 avunculus
807 1339 1166 1412 Arnulphus,
1199 1339 1495 1412 quondam
1533 1354 1726 1394 comes
1777 1336 1945 1392 Flan-

290 1429 529 1484 drarum
563 1433 619 1484 et
648 1428 851 1495 abbas,
885 1433 949 1482 nt
975 1445 1154 1501 supra
1184 1432 1489 1484 ostensum
1522 1423 1950 1497 est,complevit

293 1517 553 1573 ofﬁcium
585 1518 711 1572 vitae
743 1517 1007 1590 sepultus
1039 1517 1098 1572 in
1129 1517 1460 1573 Blandinio.

364 1605 594 1661 LXXXI.
646 1605 878 1677 Explevi
923 1608 1073 1678 jam,
1125 1606 1444 1662 auxiliante
1495 1605 1760 1673 Domino,
1818 1619 1945 1675 quae

2062 452 2194 507 dem
2223 452 2430 508 cellam
2462 453 2534 508 ad
2566 457 2835 509 sanctum
2857 452 3158 508 Bertinum
3177 469 3280 524 pro
3299 453 3460 524 parte
3489 449 3590 505 ﬁlii
3615 451 3708 506 sui

2058 541 2364 597 Guntberti
2397 559 2571 614 quem
2604 543 2664 596 in
2696 543 2899 598 eodem
2941 539 3298 596 monasterio
3353 538 3710 594 monachum

2060 629 2292 699 fecerat,
2327 632 2437 687 sub
2469 635 2748 703 perpetua
2791 631 3061 686 firmitate
3114 628 3482 685 condonavit.
3518 627 3714 682 Prima

2059 724 2255 774 autem
2288 719 2622 774 chartarum
2654 721 2725 774 de
2763 718 2938 785 villis,
2971 735 3119 790 quas
3170 719 3244 773 ad
3285 718 3553 773 eamdem
3597 714 3710 772 cel-

2058 807 2175 864 lam
2206 807 2449 864 tradidit
2489 808 2818 874 nobiscum,
2865 807 3114 863 habetur
3161 807 3232 862 de
3279 804 3705 874 Curmontium,

2061 914 2187 969 quae
2216 898 2274 952 in
2305 899 2508 953 ordine
2557 896 2893 970 scriptionis
2942 895 3133 969 prima
3180 895 3290 951 erit
3336 893 3705 966 aubsequen-

2059 987 2229 1042 tium.

2059 1093 2355 1148 LXXXIII.
2413 1093 2648 1149 Tradz’tz'o
2700 1091 2939 1148 Goiberti
2983 1092 3048 1147 de
3106 1091 3505 1156 Curmontium,
3566 1093 3703 1146 tem-

2529 1181 2662 1237 pore
2689 1163 2960 1233 Fridogisi
2986 1163 3218 1218 abbatis.

2129 1255 2285 1327 (Aug.
2319 1253 2467 1325 831.)
2499 1277 2527 1303 ‹‹
2563 1255 2783 1308 Domno
2812 1250 3129 1307 venerabili
3179 1251 3238 1306 iu
3290 1250 3518 1307 Christo
3549 1249 3702 1322 patri

2059 1343 2378 1416 Fridogiso,
2435 1341 2632 1399 abbati
2689 1342 2760 1397 de
2809 1339 3162 1396 monasterio
3213 1339 3425 1408 Sithiu,
3459 1339 3557 1394 ubi
3587 1339 3700 1394 duo

2056 1432 2193 1505 agii,
2225 1433 2597 1487 Audomarus
2626 1429 2892 1485 videlicet
2920 1445 3039 1484 una
3085 1445 3218 1485 cum
3249 1429 3419 1484 beato
3445 1426 3699 1494 Bertino,

1957 1585 1960 1587 Α
2057 1521 2270 1577 Christi
2303 1519 2535 1576 Domini
2568 1519 2950 1588 confessores,
2985 1519 3044 1572 in
3075 1533 3314 1589 corpore
3362 1520 3699 1588 repausant.

2055 1612 2194 1684 Ego,
2229 1611 2289 1664 in
2321 1609 2415 1666 Dei
2446 1609 2703 1675 nomine,
2737 1607 3068 1676 Goibertus,
3102 1623 3222 1661 una
3250 1621 3384 1661 cum
3419 1604 3540 1660 ﬁlio
3571 1620 3701 1660 meo

278 1694 568 1764 jusseras,
603 1694 816 1749 domne
855 1699 911 1748 et
958 1695 1314 1761 beatiSSime,
1359 1712 1584 1750 necnon
1634 1698 1691 1749 et
1740 1710 1943 1748 aman-
1977 1733 2024 1799 Β
2055 1699 2398 1763 Guntberto,
2432 1697 2648 1769 pariter
2689 1695 3018 1764 traditores,
3053 1711 3156 1766 per
3203 1693 3353 1749 hanc
3393 1691 3702 1765 epistolam

285 1780 517 1836 tissime
562 1786 742 1852 pater,
793 1781 1114 1853 Adalophe,
1165 1784 1668 1854 comprehendens
1715 1781 1775 1836 in
1826 1796 1941 1835 uno

287 1869 488 1926 codice
518 1869 863 1923 traditiones
894 1869 1154 1924 fidelium
1175 1887 1307 1925 cum
1333 1871 1552 1925 chartis
1582 1885 1944 1940 earum,nec—

2054 1787 2388 1843 traditionis
2406 1787 2697 1840 donamus
2715 1784 2880 1839 vobis
2900 1781 3526 1856 spontaneavoluntate
3539 1780 3707 1853 quid-

2051 1876 2191 1946 quid
2223 1876 2436 1930 habere
2467 1873 2554 1928 vel
2585 1873 2887 1928 dominare
2935 1871 3044 1927 visi
3095 1888 3304 1927 sumus
3335 1870 3394 1925 in
3442 1869 3568 1925 loco
3601 1869 3702 1941 qui

289 1975 404 2014 non
435 1961 490 2013 et
520 1962 683 2030 gesta
727 1957 1008 2012 abbatum
1062 1959 1134 2012 ab
1183 1957 1311 2029 ipso
1362 1957 1552 2030 primo
1604 1957 1714 2012 loci
1761 1958 1940 2028 hUjus
2049 1963 2265 2018 dicitur
2293 1961 2785 2027 Curmontium,in
2818 1976 2967 2032 pago
3000 1959 3348 2027 Bononensi,
3383 1975 3559 2030 super
3588 1958 3702 2012 ﬂu-

288 2050 576 2104 structore
615 2045 830 2102 domno
887 2045 1118 2101 Bertino
1167 2048 1396 2114 abbate,
1433 2063 1618 2119 usque
1676 2047 1749 2102 ad
1802 2045 1940 2100 ulti-

287 2152 474 2201 mum,
509 2135 608 2207 qui
643 2151 798 2190 nunc
830 2139 1038 2206 praeest
1067 2140 1280 2191 nostrae
1313 2136 1498 2191 aetatis
1520 2135 1943 2208 tempore.Fra-
1977 2195 1982 2198 _

284 2231 374 2281 ter
403 2228 600 2280 autem
653 2224 781 2295 ipsa
827 2223 1090 2292 veritate,
1139 2229 1285 2280 teste
1333 2243 1446 2292 me,
1480 2223 1626 2279 nihil
1658 2224 1753 2279 hic
1783 2223 1941 2279 aliud

287 2312 596 2384 scripsisse
626 2313 779 2384 quod
834 2313 894 2366 in
947 2312 1322 2385 exemplariis
1372 2313 1749 2385 antiquorum
1782 2312 1942 2384 potui

289 2402 564 2474 reperire,
597 2407 698 2456 aut
729 2401 986 2456 strenuis
1015 2401 1154 2457 viris
1181 2402 1560 2458 narrantibus
1605 2417 1940 2474 agnoscere.

289 2491 349 2547 Si
409 2489 508 2561 qui
558 2493 752 2544 autem
806 2506 896 2545 me
949 2490 1234 2546 invidiose
1290 2490 1582 2547 voluerint
1636 2489 1941 2556 dilaniare,

291 2579 529 2634 obsecro
544 2577 910 2650 paternitatis
926 2596 1044 2633 suae
1061 2579 1426 2635 refrencntur
1449 2578 1945 2650 favore.Re1iquas

290 2683 424 2723 vero
448 2667 678 2723 chartas
711 2684 814 2739 per
845 2667 1210 2724 diversorum
1244 2669 1707 2725 ministeriorum
1757 2667 1946 2723 ofﬁcio

302 2756 610 2828 deputatas
657 2755 856 2810 curavi
900 2757 1218 2828 separatim
1274 2758 1612 2826 inscribere,
1674 2761 1739 2812 ut
1792 2755 1946 2828 quod

299 2845 615 2916 unicuique
648 2845 972 2901 ministerio
1004 2847 1387 2902 distributum
1421 2852 1561 2916 erat,
1591 2845 1834 2901 faciliori
1867 2845 1950 2899 in-

302 2933 616 3007 quisitione
666 2939 864 3005 posset
912 2934 1218 3006 inquirens
1267 2935 1562 3008 indagare.
1616 2933 1949 3005 Subscripsi

300 3021 476 3077 etiam
541 3037 644 3093 per
703 3021 967 3076 ordinem
1039 3023 1286 3077 fratrum
1356 3029 1622 3078 nostrum
1688 3020 1946 3088 nomina,

2050 2052 2212 2107 vium
2244 2050 2510 2106 Edivinia
2534 2067 2546 2105 :
2573 2048 2632 2104 id
2664 2053 3052 2116 est,mansum
3085 2051 3142 2103 et
3172 2064 3368 2102 casam
3392 2047 3702 2119 capitalem

2052 2139 2648 2213 superpositam,cum
2686 2135 2800 2192 alia
2830 2135 3061 2192 castitia
3089 2134 3175 2190 vel
3209 2135 3454 2190 ediﬁcia
3482 2135 3702 2191 ibidem

2052 2227 2422 2302 pertinentia,
2477 2227 2702 2298 majora
2746 2225 2834 2280 vel
2889 2223 3148 2292 minora;
3185 2240 3304 2278 una
3349 2240 3482 2279 cum
3530 2224 3702 2280 terris

2053 2316 2394 2383 arabilibus,
2431 2314 2632 2386 pratis,
2683 2313 2938 2384 pascuis,
2994 2311 3276 2377 concidis,
3323 2312 3698 2381 communiis,

2052 2405 2263 2479 perviis
2293 2403 2656 2476 legitimis,et
2683 2400 3304 2473 wadriscapis;omnia
3325 2400 3384 2454 in
3403 2400 3701 2472 omnibus,

2053 2511 2177 2550 rem
2207 2492 2643 2564 inexquisitam,
2676 2495 2865 2545 totum
2897 2489 2969 2544 ad
3001 2489 3330 2560 integrum;
3363 2492 3421 2543 et
3461 2487 3705 2558 insuper

2055 2582 2346 2654 mancipia
2394 2598 2448 2647 ι,
2493 2580 2585 2635 his
2634 2578 2972 2635 nominibus
3023 2595 3036 2632 :
3089 2576 3452 2644 Ellefridum,
3485 2576 3703 2633 Odber-

2056 2676 2203 2739 tum,
2237 2668 2634 2734 Gerwaldum,
2668 2665 3164 2722 Vuerembaldum
3197 2682 3331 2720 cum
3376 2664 3716 2721 infantibus.

2059 2760 2183 2817 suis
2215 2777 2276 2824 ιι,
2310 2757 2571 2814 Hidewif
2589 2773 2722 2812 cum
2755 2755 3081 2810 infantibus
3103 2754 3228 2811 suis
3257 2772 3318 2809 ιι.
3353 2755 3482 2810 Ηωο
3505 2753 3706 2810 omnia

2059 2848 2330 2921 superius
2362 2845 2738 2902 denominata
2769 2845 2840 2898 ad
2872 2843 3208 2916 sepulcrum
3249 2843 3438 2899 sancti
3487 2843 3706 2899 Bertini

2058 2937 2322 3010 legaliter
2351 2952 2546 2990 coram
2576 2933 2824 2989 testibus
2849 2932 3235 2999 tradimus,ea
3264 2931 3484 2987 scilicet
3513 2931 3708 2987 condi-

2062 3027 2219 3082 tione
2251 3029 2543 3097 quatenus
2576 3027 2707 3094 post
2737 3038 2843 3076 nos
2874 3019 2934 3075 in
2961 3021 3164 3076 eodem
3195 3019 3319 3076 loco
3353 3019 3595 3075 Domino
3622 3020 3706 3075 fa-

301 3127 450 3182 quos
481 3125 586 3182 ego
610 3109 963 3180 juvenculus
1002 3114 1059 3166 et
1106 3127 1252 3182 pene
1301 3110 1566 3178 ultimus,
1598 3111 1866 3166 recordor
1891 3109 1949 3163 in
1982 3095 2024 3162 C
2064 3095 2354 3171 mulantes
2397 3113 2505 3168 hoc
2555 3113 2626 3166 ad
2675 3109 2983 3182 specialem
3041 3108 3495 3165 consolationem
3527 3126 3709 3181 supra

301 3198 408 3254 hoc
434 3199 787 3253 monasterio
819 3198 1070 3270 regulari
1103 3199 1314 3256 vixisse
1346 3200 1480 3256 vita.

371 3287 632 3342 Domnus
663 3287 844 3343 abbas
873 3287 1328 3355 Hildebrandus,
1363 3289 1623 3344 Odoldus
1653 3289 1944 3354 decanus;

304 3374 676 3448 Ingelandus,
745 3375 1162 3431 Vuinetmarus
1228 3376 1624 3443 Grimbaldus,
1695 3377 1948 3431 domnus

302 3464 484 3520 abbas
532 3463 924 3537 Regenoldus.
979 3464 1397 3532 Grunwaldus,
1451 3466 1816 3530 Benedictus,
1853 3464 1951 3518 Bi-

303 3552 557 3618 kelmus,
589 3553 974 3620 Drotwimus,
1008 3553 1344 3621 chfridus,
1385 3553 1746 3625 Adalophus,
1799 3552 1952 3608 Rod-

300 3642 496 3706 vinus,
549 3641 854 3713 Signinus,
914 3641 1232 3708 Galandus,
1295 3642 1617 3711 Liodricus,
1680 3641 1949 3708 Odarius,

303 3729 709 3796 Erembaldus,
737 3730 1051 3798 Suavinus,
1104 3730 1439 3804 Adalgisus,
1491 3729 1826 3796 Vuluricus,
1867 3729 1952 3783 Si-

303 3819 608 3892 gebaldus,
640 3819 1036 3892 Engelandus,
1073 3818 1387 3891 Sigelmus,
1416 3819 1950 3892 Aldgerus,Vuago,

305 3907 644 3979 Folquinus,
677 3906 1034 3973 Idelbaldus,
1083 3907 1394 3980 Adalsigae,
1426 3906 1775 3972 Adalardus,
1809 3907 1953 3961 Mat-

304 3995 510 4061 fridus,
543 3994 958 4062 Amarlandus,
985 3996 1356 4065 Heremarus,
1391 3995 1789 4064 Grimbaldus,
1825 3995 1954 4050 llei-

305 4085 576 4152 mericus,
626 4085 969 4151 Everardus,
1020 4084 1216 4149 Liuzo,
1272 4084 1608 4148 Everoldus,
1660 4084 1954 4156 Legenfri-

304 4173 439 4239 dus,
469 4172 658 4240 Tiozo,
692 4171 1040 4242 Vulfandus,
1074 4173 1953 4246 Reingerus,Nidgrinus,Hum-

303 4261 513 4327 fridus,
546 4261 842 4327 Folcarus,
877 4261 1231 4333 Regenerus.

302 4411 566 4468 LXXXII.
614 4413 814 4468 Dehinc
858 4416 1166 4482 sequuntur
1217 4411 1430 4469 chartae
1480 4415 1747 4467 testantes
1797 4412 1958 4467 villas

937 4483 1317 4555 eleemosynaz.

374 4614 478 4671 Hic
509 4614 687 4671 etiam
716 4613 950 4672 villulas
982 4617 1051 4672 ad
1079 4615 1461 4688 eleemosynae
1494 4613 1890 4671 ministerium
1922 4633 1956 4672 a

304 4703 580 4760 ﬁdelibus
610 4704 992 4771 contraditas,
1026 4721 1142 4760 non
1174 4721 1306 4760 meo
1337 4719 1582 4776 parcens
1615 4703 1818 4768 labori,
1853 4705 1955 4760 sed

305 4790 645 4848 monasterii
678 4791 1042 4863 prospiciens
1073 4792 1333 4863 utilitati,
1363 4809 1496 4847 enm
1527 4792 1768 4860 chartis,
1809 4793 1954 4860 suis,

305 4882 560 4939 scribere
586 4881 929 4954 aggrediar:
953 4882 1192 4938 memini
1219 4898 1476 4954 namque
1498 4898 1590 4937 me
1619 4881 1726 4938 hoc
1759 4881 1955 4953 ipsum

305 4971 816 5045 promisisse,cum
837 4971 1143 5026 Guntberti
1157 4971 1518 5028 mentionem
1537 4973 1646 5027 sub
1658 4971 1956 5044 Fridogiso

307 5058 578 5115 fecissem
605 5059 832 5115 abbate.
878 5059 1064 5132 Igitur
1112 5077 1237 5132 quae
1285 5060 1598 5115 scribenda
1628 5065 1766 5115 sunt
1813 5077 1956 5133 pene

308 5148 511 5205 omnia
538 5147 726 5220 ipsius
757 5148 1063 5203 Guntberti
1094 5153 1150 5205 et
1179 5149 1361 5222 patris
1393 5148 1480 5203 sui
1527 5147 1782 5203 Goiberti
1821 5153 1961 5205 sunt

309 5235 618 5310 largitione
631 5237 846 5292 tradita
862 5242 1284 5306 ;construxerat
1299 5241 1493 5294 autem
1507 5237 1712 5292 iisdem
1729 5238 1960 5293 Goiber-

306 5330 403 5382 tus
449 5324 511 5379 in
561 5325 915 5398 proprietate
963 5344 1091 5397 sua,
1123 5326 1276 5383 sicut
1307 5327 1478 5400 longe
1519 5325 1787 5397 superius
1819 5326 1960 5394 dixi,

310 5413 584 5472 cellulam
615 5416 937 5488 quamdam
969 5417 1032 5472 in
1057 5416 1276 5472 honore
1302 5415 1534 5472 Domini
1566 5413 1881 5471 Salvatoris
1904 5415 1962 5470 in

310 5502 436 5560 loco
466 5508 848 5578 nuncupante
879 5504 1244 5574 Stenetland;
1296 5505 1368 5561 ad
1411 5518 1590 5575 quam
1646 5502 1965 5560 maximam

2056 3221 2231 3261 suum
2265 3202 2527 3258 debitum
2560 3200 2829 3254 habeant.
2843 3199 3002 3264 Quod
3022 3198 3405 3271 siquisquam
3437 3199 3508 3254 de
3531 3201 3709 3253 recto-

2058 3294 2222 3350 ribus
2244 3289 2503 3363 praedicti
2523 3287 2998 3353 monasterii,hoc
3019 3289 3090 3342 ab
3113 3287 3197 3342 eis
3217 3288 3708 3360 auferre,propter

2059 3379 2535 3444 malivolentiam,
2566 3376 2652 3431 vel
2687 3376 2822 3430 inde
2870 3376 3133 3431 debitum
3184 3391 3385 3431 eorum
3434 3375 3706 3447 supplere

2058 3470 2323 3536 voluerit,
2364 3471 2504 3521 tunc
2549 3464 2926 3530 omnimodis,
2971 3464 3194 3535 absque
3242 3462 3365 3519 ulla
3412 3464 3707 3520 contradi-

2061 3559 2271 3623 ctione,
2330 3556 2401 3610 ad
2463 3558 2694 3609 nostros
2753 3551 3045 3625 legitimos
3101 3552 3360 3608 heredes
3422 3555 3709 3607 revertere

2061 3649 2286 3713 debeat,
2321 3649 2379 3700 et
2409 3647 2473 3698 ut
2501 3659 2604 3715 ego
2637 3642 2999 3698 Guntbertus
3031 3645 3264 3713 propter
3311 3640 3422 3696 hoc
3464 3641 3708 3710 donum,

2063 3731 2596 3808 quandiu,Domino
2628 3733 2944 3800 annuente,
2976 3729 3193 3797 vixero,
3227 3728 3378 3784 inter
3407 3728 3566 3801 ipsos
3589 3745 3713 3784 mo-

2062 3824 2280 3879 nachos
2316 3820 2725 3894 plenissimum
2754 3817 3019 3874 debitum
3051 3817 3489 3884 habeam.Quod
3511 3817 3560 3872 si
3583 3834 3716 3873 con-

2061 3913 2352 3986 tigerit,ut
2381 3926 2530 3982 saape
2561 3908 2770 3974 evenit,
2803 3911 3133 3980 ut,propter
3161 3906 3445 3962 invidiam
3467 3905 3555 3962 vel
3580 3923 3714 3961 ava-

2066 4003 2260 4057 ri.iam
2320 3997 2785 4072 praepositorum,
2847 3997 2916 4051 de
2967 3997 3097 4068 jam
3154 3996 3308 4052 dicto
3360 3995 3715 4051 monasterio

2064 4107 2335 4164 egressus
2385 4089 2568 4156 fuero,
2603 4091 2763 4153 tunc,
2797 4085 3020 4158 absque
3067 4085 3189 4141 ulla
3236 4083 3714 4154 contradictione,

2065 4179 2280 4235 iterum
2308 4176 2706 4233 hereditatem
2734 4192 2925 4231 meam
2949 4175 3322 4247 recipiam.Et
3344 4174 3456 4233 ista
3477 4173 3718 4229 haeredi-

2065 4267 2254 4324 tatula
2284 4284 2460 4338 parva
2479 4265 2750 4320 volumus
2773 4265 2921 4318 utad
2944 4264 3249 4319 ecclesiam
3272 4262 3502 4318 Domini
3526 4260 3719 4317 Salva-

2065 4357 2209 4412 toris
2231 4356 2289 4410 in
2313 4353 2625 4410 Steneland
2660 4351 3028 4406 deserviat.Si
3060 4351 3194 4420 quis
3223 4350 3540 4422 vero,quod
3565 4349 3720 4403 futu-

1986 4463 2034 4527 Β
2066 4463 2199 4502 rum
2231 4461 2359 4500 esse
2390 4459 2504 4498 non
2537 4440 2852 4527 credimus,
2886 4439 3040 4510 quod
3090 4437 3248 4494 ullus
3281 4439 3352 4527 de
3389 4436 3720 4527 beeredibus

2065 4535 2153 4590 vel
2179 4529 2617 4606 prohzeredibus
2649 4526 2886 4594 nostris,
2922 4527 2971 4582 si
3004 4527 3118 4582 ista
3150 4525 3341 4582 cautio
3373 4526 3544 4580 ﬁrma
3588 4541 3718 4596 per-

2067 4621 2384 4688 duraverit,
2419 4618 2505 4674 vel
2538 4615 2812 4690 quazlibet
2843 4614 3110 4688 opposita
3140 4619 3242 4670 aut
3284 4618 3556 4670 extranea
3586 4629 3715 4686 per-

2068 4729 2233 4779 sona,
2265 4714 2467 4765 contra
2496 4707 2646 4761 hanc
2675 4704 3051 4760 traditionem
3104 4707 3365 4759 nostram
3410 4701 3720 4758 devotissi-

2068 4817 2228 4856 mam
2258 4798 2452 4854 venire
2483 4793 2943 4867 praesumpserit,
2987 4792 3078 4848 vel
3127 4793 3445 4865 infringere
3472 4794 3724 4848 tentave-

2069 4890 2167 4955 rit,
2221 4887 2369 4942 iram
2423 4884 2611 4957 ipsius
2662 4881 2894 4938 Domini
2939 4881 3254 4937 Salvatoris
3307 4879 3403 4936 Dei
3456 4879 3720 4951 omnipo-

2068 4977 2249 5034 tentis
2306 4975 2584 5038 incurrat,
2645 4975 2702 5026 et
2761 4973 3097 5027 sanctorum
3156 4959 3324 5040 ejus;
3379 4972 3438 5024 et
3479 4968 3734 5040 insuper

2070 5064 2454 5136 distringente
2511 5061 2673 5126 fisco,
2733 5058 2860 5114 auri
2914 5057 3122 5114 uncias
3177 5075 3232 5124 ι,
3293 5060 3532 5131 argento
3580 5073 3721 5128 pon-

2071 5156 2210 5210 dera
2255 5170 2349 5217 xx,
2402 5158 2654 5215 coactus,
2701 5147 2975 5214 exsolvat,
3022 5149 3081 5202 et
3129 5146 3283 5219 quod
3326 5145 3534 5217 repetit
3563 5145 3719 5200 evin-

2073 5242 2264 5299 dicare
2324 5257 2439 5295 non
2496 5237 2719 5304 valeat;
2780 5235 2881 5290 sed
2940 5251 3196 5308 prmsens
3267 5233 3504 5291 traditio
3561 5231 3724 5290 omni

2071 5336 2333 5404 tempore
2368 5321 2732 5382 ﬁrmissima
2777 5328 3137 5396 permaneat,
3172 5341 3307 5380 cum
3348 5321 3724 5396 stipulatione

2079 5419 2352 5478 subnixa.
3196 5408 3211 5424 ⁸

2156 5530 2185 5560 ‹‹
2216 5510 2424 5566 Actum
2463 5502 2654 5560 Sithiu
2704 5503 3082 5572 monasterio,
3133 5504 3194 5562 in
3240 5516 3440 5560 mense
3485 5497 3707 5569 August
