4154 6186
265 290 418 355 1273

1649 283 2322 351 CHABTULARIUM.

3567 301 3729 363 12⁸14

265 418 888 485 DominiSalvatorisin
909 415 1366 490 Steneland‘,sub
1388 422 1925 492 sensuluminario,
1959 421 2016 490 Α
2045 424 2293 481 chartas
2323 423 2711 482 traditionem
2745 423 2830 482 sic
2873 423 3232 489 inconvulsa
3300 439 3599 505 maneant,
3631 451 3729 492 eas

265 517 334 572 ad
363 511 632 571 denarios
660 528 739 568 1v.
771 512 938 566 Anno
953 510 1159 566 eodem
1173 514 1307 583 post
1325 510 1473 580 haec,
1495 511 1557 566 in
1581 527 1792 568 mense
1809 511 1928 567 No-

263 603 538 670 vembrio,
581 617 716 657 cum
764 598 1106 655 inﬁrmatus
1149 599 1402 656 senisset
1448 599 1931 672 appropinquare

268 694 418 751 diem
450 689 642 746 obitus
657 689 768 756 sui,
802 687 1118 760 descripsit
1145 688 1269 760 ipse
1281 688 1518 760 propria
1540 683 1731 743 manu
1749 687 1930 754 ,inta-

267 781 416 840 bulis
463 780 674 837 ceratis
727 795 853 850 quae
902 776 1161 833 exterius
1207 777 1402 832 celata:
1435 780 1603 832 erant
1657 777 1935 832 barbulis

267 870 445 930 crassi
464 868 662 943 piscis,
681 872 737 924 et
765 867 977 923 subtus
1010 867 1296 922 deaurata:
1315 870 1499 934 erant,
1516 863 1787 937 qualiter
1799 882 1938 922 suas

268 979 357 1018 res
377 976 558 1015 manu
587 957 742 1014 tertii
775 955 867 1012 sui
917 955 1316 1028 disponerent,
1365 972 1422 1010 ιν
1452 953 1654 1010 Nonas
1684 952 1938 1010 Novem-

269 1050 409 1115 bris,
441 1066 482 1104 ιι
513 1046 676 1113 feria,
709 1047 821 1102 isto
846 1045 1020 1100 modo
1055 1063 1068 1101 :
1103 1067 1132 1095 «
1165 1046 1230 1100 In
1260 1042 1854 1114 Humbaldingahem
1886 1046 1943 1099 et

269 1138 573 1205 Embreka,
606 1140 665 1192 et
693 1135 1160 1202 Hettesnamont,
1194 1134 1265 1190 ad
1297 1150 1444 1206 opus
1476 1130 1804 1189 Guntberti
1838 1133 1942 1189 ﬁlii

272 1226 403 1284 mei.
436 1227 499 1282 In
531 1223 807 1296 Ostringa
829 1223 1149 1279 bunarium
1181 1239 1198 1278 ι
1227 1221 1710 1295 ipsiGuntberto.
1751 1227 1817 1278 In
1831 1223 1942 1280 Ga-

273 1333 438 1389 nape,
471 1313 828 1370 Trudlindze.
865 1312 930 1367 In
974 1311 1415 1384 Winingahem,
1462 1310 1812 1381 Bertrudaa;
1854 1329 1944 1368 ex-

274 1410 437 1478 cepto
467 1420 674 1460 manso
707 1419 881 1475 quem
909 1403 981 1457 ad
1015 1401 1324 1457 ecclesiam
1363 1399 1424 1455 in
1457 1396 1789 1456 Steneland
1833 1407 1947 1457 tra-

275 1495 418 1552 didi.
451 1495 512 1549 In
545 1491 922 1558 Middelhem,
975 1492 1047 1546 ad
1097 1492 1368 1546 sanctum
1405 1487 1844 1546 Audomarum.
1879 1491 1944 1546 In

277 1583 654 1652 Anineshem,
682 1579 1046 1648 Folbaldo,et
1073 1579 1218 1635 illud
1239 1583 1477 1650 pratum
1490 1576 1644 1650 quod
1663 1575 1856 1635 habui
1884 1579 1944 1636 in

273 1673 482 1731 Selem.
513 1673 575 1728 In
617 1670 940 1739 Fraxerias,
977 1669 1036 1724 in
1070 1667 1371 1735 Frundris,
1406 1671 1605 1722 totam
1626 1665 1946 1724 haeredita-

275 1767 393 1819 tem
416 1761 609 1834 nepoti
627 1776 774 1816 meo.
790 1759 876 1814 Ad
900 1761 1171 1814 sanctum
1209 1756 1591 1821 Salvatorem,
1616 1757 1942 1827 petrariam

276 1851 440 1908 illam
463 1865 640 1923 quam
671 1848 851 1904 habui
873 1849 1044 1920 juxta
1073 1846 1359 1901 Scammis
1386 1864 1400 1914 ;
1458 1845 1760 1917 mancipia
1793 1863 1944 1918 quo-

279 1957 392 2014 que
419 1957 490 1996 xv
519 1940 590 1995 ad
619 1936 886 1994 eamdem
920 1935 1226 1992 ecclesiam
1241 1935 1540 1990 dimittere
1563 1933 1697 1990 volo
1731 1936 1803 1990 ad
1839 1935 1942 1990 de-

279 2029 479 2087 narios
504 2047 579 2084 IV.
616 2049 644 2078 »
675 2026 867 2083 Jussit
898 2042 1129 2098 quoque
1150 2024 1597 2080 recitaricoram
1629 2039 1691 2078 se
1723 2028 1782 2079 et
1802 2024 1945 2078 ami-

278 2120 363 2176 cis
393 2117 519 2174 suis
549 2117 744 2190 ipsum
777 2115 1038 2181 brevem,
1071 2131 1111 2168 II
1129 2130 1314 2169 nonas
1349 2111 1718 2167 Novembris.
1747 2112 1943 2168 Pridie

279 2213 417 2264 ante
447 2207 673 2263 obitum
705 2221 904 2271 suum,
937 2201 1161 2258 dimisit
1181 2216 1417 2273 quoque
1447 2218 1505 2255 1x
1539 2201 1834 2272 mancipia
1866 2203 1940 2256 ad

276 2295 589 2352 Steneland
605 2295 880 2368 ingenua.
905 2290 1183 2364 Sequenti
1197 2306 1431 2362 quoque
1453 2289 1565 2354 die,
1590 2290 1939 2362 priusquam

278 2386 489 2452 obiret,
519 2384 708 2440 claves
740 2381 994 2438 basilicae
1047 2380 1234 2452 ipsius
1269 2379 1654 2450 omniumque
1686 2378 1938 2434 aliarum

282 2475 658 2532 ofﬁcinarum
678 2473 738 2527 in
771 2488 984 2526 manus
1017 2470 1122 2524 ﬁlii
1154 2469 1245 2525 sui
1276 2469 1582 2523 Guntberti
1613 2467 1854 2522 tradidit
1885 2472 1942 2523 et

287 2561 744 2628 commendavit,
778 2560 980 2616 dicens
1014 2577 1026 2615 :
1063 2583 1091 2609 «
1141 2558 1242 2613 His
1285 2556 1580 2625 omnibus,
1615 2556 1718 2622 ﬁli,
1752 2561 1807 2612 te
1839 2574 1938 2612 su-

288 2653 593 2727 perstitem
625 2650 926 2716 conﬁrmo,
953 2653 1243 2720 quatenus
1291 2651 1350 2701 et
1377 2645 1477 2701 Dei
1506 2646 1657 2701 hanc
1696 2645 1939 2701 domum

290 2757 604 2813 meamque
635 2756 700 2794 ac
722 2742 1158 2794 antecessorum
1189 2751 1453 2791 meorum
1483 2734 1660 2790 etiam
1693 2739 1750 2788 et
1776 2738 1942 2789 tuam

290 2831 748 2902 eleemosynam,
782 2828 924 2882 dum
956 2825 1265 2892 advixeris,
1299 2840 1559 2896 congrua
1581 2839 1722 2879 cura
1751 2828 1944 2878 custo-

297 2919 446 2975 dias.
485 2941 506 2968 ι
551 2917 775 2984 Quibus
807 2913 1368 2986 dictis,requievitin
1401 2912 1648 2968 Domino
1679 2911 1874 2966 anima
1893 2915 1952 2967 et

295 3024 538 3081 corpore
568 3022 634 3062 ac
665 3004 810 3060 obiit
855 3003 1036 3060 Nonis
1067 3001 1432 3067 Novembris,
1478 3017 1533 3056 IV
1581 3000 1722 3056 feria
1749 3016 1950 3072 vespe-

296 3100 580 3153 rascente.
609 3095 846 3150 Postera
874 3093 967 3148 die
1015 3094 1316 3164 portantes
1346 3106 1556 3160 corpus
1588 3088 1851 3144 Guiberti
1873 3088 1946 3142 ad

2040 513 2414 574 nominatim
2431 514 2850 588 exprimimus,
2865 517 3090 576 scilicet
3123 538 3136 577 :
3160 521 3222 579 in
3248 523 3377 598 ipso
3390 525 3730 595 Steneland,

2042 607 2107 661 in
2144 604 2667 678 Ricolvingahem,
2701 605 2762 660 in
2793 604 3094 666 Hisdonne
3124 627 3259 669 cum
3301 615 3640 687 mancipiis,
3671 614 3733 670 in

2041 694 2570 766 Henrikingahem
2591 695 2712 751 sive
2730 693 2971 766 vilhem,
2990 703 3047 755 et
3070 699 3183 758 alio
3204 702 3734 776 Henriaaingahem,

2044 797 2201 838 cum
2236 783 2540 839 Trubaldo
2572 788 2626 840 et
2656 783 2988 843 luminariis
3016 787 3076 844 in
3117 790 3244 861 ejus
3276 792 3606 850 ministerio
3632 812 3644 862 ;
3676 793 3735 849 in

2045 867 2481 944 Siningahem,
2514 878 2569 928 et
2600 873 2658 928 in
2691 873 2865 928 Istem
2893 892 2905 943 ;
2939 875 2998 932 in
3047 877 3476 952 Hokingahem,
3529 881 3590 936 in
3619 883 3734 938 Ho-

2047 954 2265 1026 stcde,
2299 961 2358 1018 in
2389 963 2869 1034 Lampanessezin
2901 965 3214 1038 Simpiaco,
3249 967 3307 1022 in
3342 969 3729 1040 Burthem,in

2051 1044 2258 1117 Reka,
2292 1050 2350 1107 in
2381 1051 2566 1106 Strate
2593 1069 2605 1116 ;
2640 1051 2697 1104 in
2721 1051 3099 1120 Hemmawic,
3132 1059 3286 1112 terra
3330 1057 3586 1114 Frawivi
3619 1075 3635 1126 ;
3668 1059 3728 1114 in

2050 1133 2328 1195 Kilciaco
2349 1155 2481 1195 cum
2505 1138 2764 1194 Odlando
2787 1140 2968 1208 fabro,
2989 1142 3046 1196 in
3061 1144 3479 1218 Etesnasberg;
3514 1147 3578 1201 in
3602 1163 3726 1202 mo-

2051 1228 2320 1286 nasterio
2352 1243 2623 1284 mansum
2655 1225 3005 1301 hortumque
3035 1247 3049 1298 ;
3103 1231 3163 1285 in
3184 1232 3388 1288 Ariaco
3415 1233 3724 1301 similiter;

2051 1320 2114 1375 in
2149 1318 2446 1375 Tarwana
2476 1332 2750 1372 mansum
2776 1334 2788 1385 ;
2813 1317 2872 1372 in
2897 1319 3235 1384 Quentwico
3249 1319 3548 1389 similiter,
3585 1338 3726 1393 quo-

2052 1409 2200 1465 libet
2229 1406 2464 1481 ingenio
2497 1409 2774 1474 attractis,
2807 1407 2898 1462 vel
2931 1411 3133 1464 nostro
3174 1408 3542 1465 adminiculo
3575 1426 3721 1484 aug-

2055 1502 2350 1564 mentatae,
2385 1499 2442 1551 et
2471 1510 2715 1566 quaeque
2746 1495 2805 1550 in
2846 1497 3223 1568 postmodum
3255 1498 3359 1552 Dei
3403 1497 3724 1556 clementia

2056 1585 2370 1644 addiderit.
2402 1584 2546 1638 Item
2578 1583 2638 1638 in
2686 1584 2980 1653 Kessiaco,
3033 1585 3296 1657 Sperdia,
3339 1586 3718 1656 Vuesarmio,

2053 1677 2286 1733 Vestrin
2295 1690 2384 1747 ge,
2401 1671 2966 1745 Tingiaco,Vuilere,
2986 1673 3717 1746 Mellingasele,Loblesse,

2056 1760 2596 1833 Lominstagahem,
2647 1763 2986 1834 precariam
3036 1763 3378 1832 Landberti,
3418 1765 3717 1839 Adalgeri,

2050 1849 2378 1917 Hildberti;
2428 1847 2488 1904 in
2519 1849 2898 1923 Gruonoberg
2951 1850 3171 1923 sylvam
3225 1868 3363 1908 cum
3412 1856 3612 1923 terra;
3657 1855 3719 1910 in

2052 1937 2606 2015 Dagmaringahem,
2628 1942 2748 1994 tam
2769 1937 2898 2010 ipso
2927 1939 3223 1996 Gunberto
3252 1941 3506 2014 vivente,
3539 1959 3722 2016 quam

2053 2034 2190 2103 post
2220 2026 2447 2082 obitum
2466 2028 2612 2099 ejus,
2644 2027 3001 2083 inconvulsae
3025 2033 3325 2095 maneant,
3360 2030 3520 2087 sicut
3547 2031 3724 2088 hodie

2053 2120 2177 2174 illic
2203 2115 2488 2188 pertinere
2512 2120 2860 2172 noscuntur.
2888 2117 3095 2173 Moneo
3109 2117 3288 2173 etiam
3315 2123 3374 2174 et
3401 2123 3720 2186 contestor,

2053 2225 2162 2280 per
2193 2206 2388 2276 ipsum
2433 2205 2746 2261 Dominum
2797 2207 3180 2274 Salvatorem,
3213 2223 3442 2280 omnes
3468 2213 3722 2266 rectores

2053 2296 2242 2366 hujus
2273 2294 2506 2349 caanobii
2541 2294 2852 2367 praesentes
2880 2294 3226 2366 futurosque
3240 2312 3347 2352 nec
3361 2277 3474 2352 hoc
3507 2301 3732 2354 nostra!

2051 2379 2423 2441 auctoritatis
2451 2387 2867 2438 testamentum
2907 2381 3274 2454 malignitate
3323 2385 3592 2456 qualibet
3629 2384 3734 2440 in-'

2051 2471 2313 2542 fringere
2345 2470 2778 2542 quantumlibet
2802 2469 3215 2527 moliantur.At
3234 2472 3428 2544 siquis
3445 2491 3624 2546 quam
3645 2475 3722 2531 fe-

2051 2559 2221 2628 cerit,
2256 2559 2508 2632 impreco
2527 2564 2730 2615 contra
2757 2575 2891 2614 eum
2906 2559 3089 2615 Deum
3120 2561 3588 2634 omnipotentem
3601 2580 3722 2620 om-

2052 2665 2284 2721 nesque
2315 2653 2553 2705 sanctos
2565 2650 2696 2720 ejus
2715 2647 3080 2716 ultores,una
3103 2666 3238 2705 eum
3261 2650 3580 2709 animabus
3601 2653 3720 2709 Deo

2053 2736 2304 2804 devotis,
2339 2737 2439 2808 qui
2461 2736 2570 2792 has
2594 2735 2678 2791 illi
2697 2752 2790 2791 res
2815 2735 3207 2793 contulerunt.
3230 2738 3513 2796 Utautem
3540 2741 3720 2814 hujus

2054 2825 2394 2880 testamenti
2428 2823 2677 2881 ﬁrmitas
2698 2824 2946 2897 perfecte
2961 2827 3288 2895 roboretur,
3306 2843 3491 2886 manu
3518 2831 3724 2905 propis

2058 2913 2546 2984 subscripsimus,
2581 2916 2639 2968 et
2668 2913 3208 2970 reverentissimum
3238 2917 3580 2990 episcopum
3611 2937 3720 2976 no-

2061 3006 2252 3058 strum
2284 3001 2659 3057 Humfridum
2675 3002 3102 3076 subscriptione
3122 3020 3232 3060 sua
3261 3006 3538 3066 roborare
3554 3025 3718 3083 roga-

2060 3107 2278 3146 VlmUS.
3341 3113 3343 3116 ‘

294 3183 722 3243 monasterium
751 3182 942 3238 Sithiu
973 3160 1328 3254 sepelierunt
1368 3178 1426 3233 in
1477 3177 1720 3234 basilica
1760 3177 1947 3232 sancti
1978 3160 2020 3226 (ἶ
2133 3201 2161 3230 ‹‹
2189 3181 2398 3234 Actum
2436 3179 2559 3235 aria
2593 3181 2986 3244 monasterio,
3037 3187 3102 3237 ut
3150 3183 3446 3242 Kalendas
3480 3187 3718 3261 Aprilis,

294 3274 538 3340 Bertini,
557 3289 753 3329 coram
773 3271 954 3328 altare
982 3269 1214 3325 Domini
1239 3267 1555 3324 Salvatoris
1585 3272 1640 3322 et
1669 3265 1948 3320 cruciﬁxi.

291 3381 626 3438 LXXXVIII.
675 3379 1038 3448 Privz'lcgz'um
1097 3375 1364 3448 Adulardi
1422 3374 1633 3448 abbatis
1691 3372 1755 3427 de
1809 3372 1950 3428 cella

643 3452 864 3507 Domini
889 3445 1190 3504 Saluatoris
1212 3448 1272 3501 in
1299 3445 1608 3501 Stcneland.

366 3543 456 3614 (27
486 3542 643 3596 Mart.
673 3539 824 3610 857.)
870 3559 897 3588 ‹‹
946 3539 1319 3607 Quacumque
1367 3539 1616 3590 rectores
1656 3531 1946 3588 Ecclesia-

293 3647 426 3686 rum
458 3631 644 3686 Deum
675 3626 1024 3684 timentibus
1041 3643 1071 3680 e
1123 3623 1459 3680 amantibus
1481 3623 1552 3678 ad
1576 3626 1707 3678 vota
1732 3637 1948 3677 annue-

293 3721 432 3788 rint,
467 3719 527 3774 in
559 3717 652 3773 his
679 3717 882 3790 procul
913 3714 1092 3770 dubio
1115 3713 1215 3769 Dei
1231 3729 1292 3768 se
1316 3711 1672 3767 voluntatem
1703 3709 1946 3782 implere

292 3826 412 3865 non
436 3807 728 3864 dubitant.
750 3804 974 3877 Idcirgo
993 3820 1118 3876 ego,
1145 3802 1202 3856 in
1221 3801 1320 3856 Dei
1336 3800 1590 3867 nomine,
1619 3798 1948 3856 Adalardus

294 3898 478 3954 abbas
512 3893 850 3952 monasterii
883 3893 1067 3948 sancti
1103 3889 1279 3956 Petri,
1302 3889 1582 3946 vocabulo
1615 3887 1825 3953 Sithiu,
1846 3888 1945 3942 ubi

294 3985 483 4042 sancti
509 3983 1122 4040 DominiAudomarus
1144 3979 1531 4050 Bertinusque
1553 3976 1944 4049 requiescunt,

293 4080 502 4131 notum
524 4089 652 4129 esse
681 4071 809 4128 volo
842 4074 1056 4127 sancta:
1104 4068 1375 4124 Ecclesiae
1424 4066 1673 4123 Deicolis
1699 4082 1950 4138 praesen-

292 4165 456 4220 tibus
487 4167 662 4235 atque
683 4160 918 4227 futuris,
935 4159 1075 4231 quia
1091 4156 1280 4213 ﬁdelis
1303 4157 1399 4212 Dei
1421 4155 1724 4228 ipsiusque
1755 4154 1946 4210 sancti

292 4250 431 4317 loci,
461 4255 519 4307 et
549 4254 764 4317 noster,
779 4248 1162 4314 Guntbertus,
1198 4245 1540 4316 parvitatem
1565 4247 1823 4299 nostram
1854 4259 1949 4315 pe-

292 4341 407 4408 tiit,
447 4344 510 4395 ut
539 4339 911 4395 traditionem
942 4335 1127 4410 patris
1159 4334 1250 4390 sui
1281 4334 1538 4390 Goiberti
1570 4350 1636 4388 ac
1671 4348 1840 4387 suam
1877 4333 1948 4389 de

295 4428 442 4485 cella
469 4428 700 4484 Domini
749 4426 1066 4484 Salvatoris
1117 4423 1177 4479 in
1227 4421 1559 4487 Steneland,
1603 4421 1722 4477 sive
1748 4421 1947 4476 Sancti

2058 3267 2650 3325 annoincarnationis
2668 3269 2898 3325 Domini
2915 3271 3042 3338 856,
3062 3275 3119 3326 et
3144 3271 3434 3330 bissextili
3469 3293 3718 3332 ascensu

2059 3375 2076 3412 ι
2110 3357 2427 3410 indictione
2457 3374 2511 3420 ν,
2543 3374 2610 3412 ac
2632 3357 3000 3426 embolismo,
3023 3359 3268 3416 sabbato
3291 3366 3426 3418 ante
3457 3363 3718 3421 medium

2057 3444 2550 3517 quadragesimae,
2590 3463 2744 3502 anno
2775 3464 2910 3514 xvn,
2945 3451 3225 3520 regnante
3245 3449 3462 3508 domno
3493 3452 3716 3525 Carolo,

2057 3550 2189 3588 cum
2225 3533 2399 3588 fratre
2432 3534 2719 3591 Ludovico
2749 3552 2818 3590 ac
2848 3540 3056 3608 nepote
3086 3537 3380 3594 Lothari‘o.

2130 3644 2157 3671 «
2188 3622 2302 3693 Ego
2333 3621 2685 3691 Adalardus,
2718 3624 2923 3693 abbas,
2976 3625 3213 3699 propria
3255 3644 3433 3685 manu
3465 3631 3726 3687 ﬁrmavi.

2128 3733 2155 3760 «
2193 3711 2310 3784 Ego
2341 3711 2722 3782 Humeridus,
2757 3713 3090 3787 cpiscopus,
3136 3715 3248 3772 hac
3295 3722 3715 3777 testamentum

2054 3799 2292 3872 propria
2323 3816 2504 3856 manu
2538 3802 2787 3858 ﬁrmavi.

2131 3911 2158 3937 »
2191 3889 2307 3960 Ego
2338 3887 2486 3960 ipse,
2520 3890 2581 3944 in
2603 3891 2703 3946 Dei
2732 3892 2988 3960 nomine,
3011 3894 3393 3964 Guntbertus,
3428 3902 3714 3970 peccator,

2056 3977 2293 4046 iubente
2315 3978 2534 4035 domno
2566 3981 2774 4036 abbate
2795 3981 3084 4038 Adalardo
3117 3986 3174 4038 et
3205 3989 3502 4042 annuente
3532 3987 3718 4060 preci-

2056 4067 2166 4122 bus
2201 4067 2370 4134 meis,
2405 4085 2526 4125 una
2557 4086 2693 4126 cum
2723 4069 3041 4126 venerabili
3073 4071 3344 4147 episcopo
3384 4074 3712 4147 Hnml'rido,

2057 4155 2403 4228 subscripsi.
2442 4180 2472 4208 »

2056 4306 2333 4363 LXXXIX.
2384 4309 2748 4379 Privilegium
2795 4307 2982 4365 Caroli
3027 4313 3171 4379 regis
3210 4311 3274 4368 de
3307 4313 3449 4370 colla
3495 4315 3716 4378 Domini

2517 4373 2822 4435 Saluatoris
2854 4381 2914 4435 in
2943 4373 3255 4438 Stenéland.
3617 4373 3623 4378 ’

293 4516 628 4585 Salvatoris,
661 4520 862 4572 nostro
884 4513 1060 4571 etiam
1076 4515 1426 4569 testamento
1439 4510 1945 4566 conﬁrmaremus.
1977 4525 2024 4591 D
2127 4512 2236 4584 (25)
2265 4512 2411 4568 Julii
2439 4512 2592 4582 866.)
2623 4534 2651 4562 «
2685 4512 2748 4568 In
2780 4512 3018 4569 nomine
3066 4518 3282 4572 sanctis
3313 4519 3370 4572 et
3397 4505 3708 4573 individua

294 4605 480 4678 Cujus
509 4605 794 4662 voluntati
816 4607 872 4659 et
901 4598 1568 4676 petitionilibentissime
1599 4603 1944 4666 annuentes,

293 4696 367 4752 ob
401 4711 571 4750 suam
603 4694 900 4767 patrisque
932 4691 1025 4747 sui
1069 4688 1392 4763 praescripti
1424 4686 1575 4742 circa
1603 4686 1946 4758 praedictum

292 4787 569 4840 sanctum
591 4781 915 4839 caanobium
937 4778 1301 4835 devotionem
1322 4780 1378 4832 et
1391 4774 1707 4847 plurimam
1731 4775 1954 4831 utilita-

289 4877 438 4940 tem,
473 4871 788 4928 statuimus
815 4870 938 4926 vice
969 4868 1140 4925 Deiet
1156 4870 1494 4923 sanctorum
1520 4865 1669 4936 ejus,
1703 4869 1766 4920 ut
1798 4864 1952 4921 sicut

288 4965 720 5019 testamentum
742 4961 870 5032 jam
901 4959 1068 5015 dicta:
1097 4955 1431 5013 traditionis
1463 4957 1698 5011 resonat
1727 4954 1950 5026 absque

289 5050 477 5108 ullius
508 5050 916 5106 contrarietate
946 5065 1038 5104 res
1062 5047 1201 5120 ipsa;
1236 5043 1307 5102 ad
1331 5045 1592 5117 ipsorum
1637 5044 1953 5115 praedeces-

289 5155 617 5212 eorumque
628 5155 871 5195 suorum
889 5137 1316 5206 eleemosynam
1330 5133 1722 5206 peragendam
1746 5150 1948 5205 perpe-

285 5230 532 5287 tualiter
588 5232 860 5296 maneat;
911 5227 1150 5299 ipseque
1201 5223 1601 5290 Guntbertus,
1663 5222 1945 5292 quandiu,

285 5319 525 5377 Christo
569 5322 884 5386 annuente,
911 5314 1119 5372 vixerit
1172 5314 1435 5385 ipsarum
1476 5311 1947 5384 procurationem

285 5414 351 5466 et
375 5411 724 5481 potestatem
757 5407 828 5462 ad
860 5421 1008 5478 opus
1052 5400 1393 5458 monasterii
1441 5399 1635 5456 Sithiu
1667 5399 1943 5471 (habeat;

287 5499 418 5572 qui,
454 5497 503 5553 si
536 5497 709 5553 citius
727 5495 905 5551 vitam
920 5491 1156 5559 ﬁnierit,
1175 5507 1348 5562 quem
1363 5489 1488 5562 ipse
1505 5488 1833 5560 probaverit
1852 5489 1940 5544 vel

286 5586 536 5660 elegerit
565 5587 626 5642 in
657 5583 986 5658 provisione
1031 5580 1332 5651 suscipiat.
1397 5578 1583 5650 thue
1620 5577 1975 5634 secundum‘

2055 4599 2378 4657 Trinitatis.
2415 4600 2677 4668 Carolus,
2728 4601 2918 4673 gratia
2965 4601 3087 4668 Dei,
3121 4620 3240 4658 rex.
3274 4603 3576 4661 Debitores
3602 4621 3712 4662 nos

2057 4689 2216 4762 regia
2244 4688 2588 4746 excellentia
2617 4705 2912 4757 novimus,
2947 4695 3011 4744 ut
3031 4707 3331 4748 servorum
3360 4691 3462 4748 Dei
3489 4693 3710 4750 devotis

2057 4778 2572 4835 constitutionibus
2599 4782 2656 4834 et
2687 4779 3026 4835 ﬁrmitatem
3050 4783 3108 4835 et
3130 4781 3529 4838 defensionem
3552 4783 3718 4838 adhi-'

2058 4868 2338 4936 beamus;
2373 4867 2546 4939 idque
2577 4866 2742 4922 novis
2761 4866 2936 4923 vitam
2951 4872 3011 4924 et
3037 4869 3296 4924 futuram
3328 4869 3709 4928 beatitudie'm

2058 4958 2428 5030 profuturum
2462 4973 2577 5010 non
2611 4955 2976 5012 dubitamus.
3013 4957 3287 5014 Noverint
3305 4958 3488 5031 igitur
3505 4949 3719 5016 omnes

2058 5045 2259 5102 ﬁdeles
2290 5049 2504 5101 sanctae
2541 5044 2640 5100 Dei
2667 5044 2936 5102 Ecclesia
2967 5053 3026 5100 et
3053 5048 3238 5103 nostri
3279 5053 3597 5119 praesente;
3627 5053 3712 5115 δι.

2061 5153 2172 5208 que
2202 5134 2406 5204 futuri,
2433 5133 2571 5206 quia
2597 5133 2950 5189 venerabilis
2979 5135 3068 5189 vir
3086 5135 3452 5204 Humfridus,
3485 5137 3710 5210 episco-

2060 5241 2170 5297 pus
2201 5228 2256 5279 et
2285 5223 2489 5291 abbas,
2524 5227 2788 5278 nostram
2819 5222 2990 5295 petiit
3037 5223 3464 5281 sublimitatem
3494 5227 3568 5282 de
3597 5225 3711 5282 cel-

2057 5313 2194 5368 lulis
2225 5311 2580 5384 quibusdam
2604 5309 2661 5364 in
2695 5310 2924 5367 dicceesi
2950 5328 3077 5380 sua,
3098 5312 3321 5370 scilicet
3337 5312 3396 5368 in
3411 5312 3536 5370 loco
3568 5330 3710 5369 nun-

2057 5405 2270 5473 cupata
2296 5399 2494 5456 Sancti
2516 5397 2849 5469 Salvatoris,
2883 5399 3008 5458 sive
3061 5401 3594 5474 Steneland,quam
3645 5400 3705 5454 in

2055 5490 2272 5545 honore
2302 5487 2534 5544 Domini
2571 5486 2665 5542 Dei
2697 5487 3016 5546 Salvatoris
3063 5489 3202 5546 Jesu
3233 5489 3445 5546 Christi
3476 5504 3706 5543 venera-

2054 5577 2191 5635 bilis
2221 5579 2490 5632 matrona
2519 5575 2826 5644 Bortruda,
2860 5594 2979 5634 una
3003 5595 3140 5636 cum
3174 5579 3296 5638 ﬁlio.
3321 5574 3702 5654 Goiherto,}in
