4154 6186
347 271 509 336 1285

1358 252 1749 328 EPISTOLA
1792 259 1894 324 AD
1938 253 2385 323 AUGIENSES
2430 250 2840 320 FRATRES.

3660 263 3839 328 ’4286

350 420 525 478 quem
556 401 886 456 fraternum
919 393 1129 451 odium
1160 393 1447 452 maculat.
1477 397 1522 453 Ο
1553 396 1744 452 diram
1767 358 1989 451 sortem
2018 389 2032 447 !
2063 392 2122 462 Α
2151 395 2241 448 ter
2271 391 2616 455 mordebar,
2675 375 2797 457 qua
2824 385 3009 447 falsos
3054 391 3445 465 philosophos
3502 392 3704 467 culpat
3743 397 3838 459 his

351 511 467 568 qua
481 492 743 548 humana
753 489 896 543 natu
904 483 1204 553 ra,rclicta
1217 484 1703 542 rationabilitatis
1721 484 2029 556 dignitate,

353 583 423 640 ad
476 580 724 637 ferinam
772 593 835 633 se
887 574 1226 630 conformat
1271 573 1480 643 vitam,
1535 574 1690 629 sicut
1745 574 2034 645 scriptum

353 675 439 728 est
471 688 486 738 ;
515 670 683 725 Homo
712 682 838 722 cum
870 664 934 718 in
963 663 1172 719 honore
1201 670 1359 729 esset,
1392 679 1508 719 non
1537 662 1856 723 intellexit;
1896 676 2039 716 com-

347 766 571 833 paratus
602 759 681 811 est
704 752 979 827 jumentis
1027 751 1451 823 insipientibus,
1502 753 1554 806 et
1594 749 1815 804 similis
1858 751 2040 821 factus

354 855 431 905 est
457 847 593 903 illis.
630 845 772 900 Inde
802 840 892 897 est
906 841 1066 914 quod
1102 839 1163 895 in
1185 837 1498 911 Evangelio
1525 838 1827 893 Herodem
1850 837 2041 896 Domi;

352 954 462 994 nus
489 933 728 1006 vulpem
765 929 1045 1005 appellat.
1078 930 1174 995 Ite,
1203 927 1504 1000 inquiens,
1546 926 1720 981 dicite
1750 927 1908 998 vulpi
1930 926 2039 980 illi.

353 1027 423 1083 Et
448 1022 762 1081 Psalmista
794 1038 807 1077 :
841 1022 1055 1086 Partes,
1086 1016 1305 1089 inquit,
1336 1016 1600 1087 vulpium
1627 1021 1819 1070 erunt.
1834 1015 2045 1082 Canes,

359 1130 584 1189 porcos,
633 1114 701 1167 ut
749 1126 764 1165 :
814 1110 993 1166 Nolite
1039 1113 1290 1162 sanctum
1347 1104 1483 1160 dare
1553 1102 1818 1175 canibus,
1872 1119 2050 1174 neque

358 1202 587 1259 mittatis
638 1199 981 1269 margaritas
1043 1198 1252 1250 vestras
1318 1195 1447 1248 ante
1526 1204 1752 1260 porcos.
1821 1192 2049 1248 Tauros

357 1290 592 1361 vitulos,
624 1292 691 1343 ut
722 1303 737 1343 :
771 1283 1259 1343 Circumdederunt
1303 1297 1391 1336 me
1440 1278 1619 1334 vituli
1666 1280 1864 1349 multi,
1897 1281 2052 1336 tauri

360 1384 593 1455 pingues
620 1376 944 1434 obsederunt
971 1389 1077 1429 me.
1110 1372 1379 1443 Nequam
1405 1366 1687 1424 homines
1732 1367 1803 1424 in
1833 1369 2052 1425 divinis

361 1467 762 1527 voluminibus
792 1462 1117 1538 appellatos
1150 1459 1497 1515 invenimus
1533 1458 1816 1524 eatenus,
1849 1462 1915 1513 ut
1934 1475 2053 1513 non

364 1558 559 1616 solum
592 1553 935 1612 nominibus
982 1547 1358 1615 animalium,
1396 1561 1603 1603 veram
1650 1544 1844 1602 etiam
1880 1547 2055 1602 rebus

361 1644 811 1705 insensibilibus
842 1641 1284 1712 comparentur.
1316 1635 1616 1707 Scriptum
1649 1633 1884 1708 quippe
1913 1639 2005 1690 est
2036 1652 2050 1691 :

370 1741 499 1794 Ecce
526 1741 707 1806 gentes
756 1730 917 1804 quasi
966 1728 1124 1785 stilla
1167 1726 1377 1791 situlae,
1423 1727 1474 1780 et
1516 1723 1682 1795 quasi
1703 1732 2055 1780 momentum

365 1829 589 1883 statera:
616 1822 1050 1894 reputatazsunt.
1085 1816 1235 1870 Item
1269 1830 1284 1868 :
1319 1814 1516 1869 Omnes
1547 1813 1735 1882 gentes
1766 1814 1934 1885 quasi
1942 1829 2055 1869 non

369 1917 507 1981 sint,
535 1896 586 1970 si
612 1915 741 1968 sunt
769 1925 955 1966 coram
1001 1921 1084 1972 eo,
1115 1910 1169 1959 et
1221 1903 1385 1976 quasi
1410 1908 1756 1956 momentum
1804 1905 1857 1957 et
1886 1902 2055 1958 inane

370 2004 638 2075 reputatae
666 2004 792 2053 sunt
815 1997 888 2052 ei.
921 1994 1003 2049 Ex
1029 2007 1148 2064 quo
1181 1987 1408 2061 liquido
1435 1985 1738 2059 colligitur
1767 2004 1871 2044 eos
1902 1988 2057 2044 inter

374 2094 580 2166 gentes
609 2082 957 2158 computari,
990 2081 1092 2153 qui
1124 2079 1255 2135 sine
1285 2076 1566 2149 operibus
1584 2075 1924 2132 Christiano
1957 2095 2058 2134 no-

376 2163 537 2235 mine
559 2193 621 2233 se
650 2172 919 2247 insigniri
952 2169 1304 2244 gloriantur.
1354 2167 1504 2238 Ergo
1554 2163 1938 2221 ultroneitate
1968 2184 2058 2222 ar-

374 2266 533 2324 bitrii
563 2264 676 2322 sibi
707 2277 987 2320 conccssa
1032 2258 1352 2314 abutentes
1396 2252 1480 2309 ait
1541 2252 2058 2311 irrationabilibus

377 2353 737 2414 animalibus
750 2350 1188 2422 comparantur,
1211 2348 1314 2401 aut
1329 2343 1387 2398 in
1407 2341 1658 2397 nihilum
1679 2341 2057 2415 rediguntur,

378 2460 633 2520 quorum
661 2440 849 2499 exitus
872 2454 1027 2494 unus
1043 2439 1152 2493 est.
1185 2433 1268 2489 Ne
1293 2431 1518 2505 putetis
1539 2447 1634 2486 me
1648 2431 2063 2520 doctrinaliter
2100 2448 2104 2454 λ

377 2518 532 2592 velle
562 2528 1012 2605 loqui,excitare
1028 2530 1228 2581 tamen
1260 2525 1490 2577 mentes
1513 2522 1738 2576 vestras
1765 2518 1915 2588 volo,
1944 2537 2063 2594 que

384 2626 447 2681 et
474 2618 751 2680 cucullati
771 2614 1072 2674 lasciviam
1098 2615 1157 2669 et
1184 2627 1278 2667 me
1298 2626 1417 2666 non
1448 2608 1687 2682 qualem
1708 2608 1941 2681 putavit
1958 2627 2061 2667 co-

392 2702 1084 2786 gnoscatis.Narrationis
1113 2700 1311 2773 itaque
1340 2699 1482 2794 ordp
1523 2697 1596 2753 ab
1626 2697 1740 2754 hoc
1770 2694 1897 2754 loco
1933 2715 2062 2756 cre-

392 2803 555 2859 ditur
583 2796 970 2856 ordinandus.

464 2887 617 2950 Quod
646 2887 787 2937 fateo
815 2887 1022 2935 vestras
1051 2881 1235 2932 forsan
1264 2877 1515 2942 pervenit
1543 2876 1611 2927 ad
1645 2890 1827 2928 aures.

475 2992 837 3053 Venerabilis
867 3008 969 3048 rex
996 2989 1130 3046 Otto
1160 3002 1311 3059 saepe
1352 2985 1507 3058 apud
1537 2983 1715 3041 Italiae
1764 2982 2065 3058 principes

403 3086 763 3161 quibusdam
778 3078 1184 3138 moliminibus
1198 3075 1637 3148 egit,quatenus
1654 3075 1726 3130 ad
1743 3074 1866 3129 haec
1883 3091 2068 3148 regna

403 3189 694 3234 evocarer.
719 3172 827 3228 Sed
864 3168 1020 3226 enim
1038 3165 1176 3239 quia
1195 3180 1313 3219 non
1342 3162 1544 3218 alicuti
1572 3162 1657 3218 ita
1684 3162 1815 3234 subj
1825 3161 2061 3233 iciebar,

407 3281 598 3338 neque
615 3268 730 3319 tam
752 3257 997 3316 humilis
1017 3256 1260 3312 fortunae
1276 3251 1630 3318 habebar,ut
1658 3250 1786 3323 cogi
1802 3267 2063 3322 possem,

403 3354 593 3411 versis
623 3352 695 3409 ad
739 3366 834 3406 me
862 3361 1102 3421 precum
1153 3340 1408 3408 indiciis,
1460 3339 1911 3412 promissionem
1957 3356 2063 3396 ceu

406 3443 625 3517 pignus
650 3437 920 3496 veniendi
951 3432 1195 3505 accepit.
1222 3431 1415 3501 quue
1437 3430 1656 3484 factum
1687 3432 1776 3485 est
1796 3433 1859 3483 ut
1888 3443 1955 3483 eo
1989 3430 2061 3485 ab

408 3516 577 3588 italia
591 3528 893 3594 redeunte,
917 3540 1036 3579 una
1052 3520 1332 3586 venerim,
1355 3518 1608 3590 negotio,
1640 3522 1706 3573 ut
1727 3533 1859 3573 vera
1881 3516 2065 3574 fatear

409 3620 566 3676 ultra
594 3614 859 3692 pr0prias
873 3613 1026 3669 vires
1045 3612 1340 3680 suscepto.
1363 3608 1485 3672 Quo
1506 3623 1622 3662 non
1655 3605 1934 3662 charitate
1956 3606 2064 3662 im-

411 3706 730 3782 pellimur?
764 3706 886 3771 Quo
918 3718 1035 3757 non
1068 3698 1326 3754 fraterna
1374 3694 1758 3751 delectatione
1792 3711 2064 3768 provoca-

413 3796 592 3855 mur?
621 3794 899 3868 Gordium
932 3791 1225 3847 scrutator
1271 3786 1428 3841 Deus
1459 3784 1571 3840 scit
1608 3801 1722 3840 non
1754 3801 1820 3840 eo
1850 3801 1944 3839 me
1970 3801 2063 3841 ve-

413 3888 572 3944 nisse
600 3889 666 3940 ut
690 3881 865 3939 alicui
895 3893 1183 3945 nocerem,
1214 3890 1417 3932 verum
1448 3889 1563 3946 quo
1586 3871 1788 3929 multis
1817 3872 2062 3945 prodes-

416 3992 561 4033 sem.
594 3975 796 4045 Neque
825 3966 1083 4043 processi
1103 3964 1281 4021 veluti
1300 3962 1574 4018 Britanus
1592 3961 1835 4034 Spiculis
1867 3960 2062 4017 hirsu-

414 4070 513 4122 tus
542 4057 1035 4135 reprehensionis,
1069 4055 1173 4112 sed
1225 4068 1465 4109 munere
1507 4050 1828 4107 charitatis.
1862 4050 2065 4108 Sciunt

418 4170 511 4210 me
552 4168 751 4208 revera
793 4148 924 4215 fari,
979 4144 1079 4218 qui
1131 4141 1336 4199 munia
1384 4140 1711 4196 litterarum
1762 4156 1877 4196 non
1918 4139 2063 4196 mihi

416 4241 654 4316 penitus
684 4238 890 4295 abesse
922 4234 1277 4291 didicerunt.
1314 4229 1517 4287 Munia
1557 4229 1883 4286 litterarum
1910 4230 2061 4300 dico,

417 4348 532 4388 non
591 4325 857 4385 insidiari
912 4323 1136 4391 fraude,
1178 4321 1277 4378 sed
1317 4337 1385 4377 ex
1415 4317 1717 4375 dilectione
1763 4319 1907 4375 velle
1936 4336 2066 4392 pro-

415 4421 602 4476 desse.
637 4418 743 4474 Per
772 4416 1023 4487 abrupta
1068 4411 1249 4485 igitur
1297 4408 1585 4465 montium
1636 4425 1701 4463 ac
1746 4408 2066 4481 praecipitia

2146 479 2341 535 verbis
2377 496 2390 535 :

2210 578 2382 627 Rarus
2409 586 2598 626 sermo
2632 571 2760 633 illis,
2790 575 2895 625 sed.
2913 590 3113 643 magna
3140 579 3314 630 libido
3343 580 3576 630 tacendi.

2221 666 2363 730 Quis
2411 666 2527 721 hoc
2590 662 2668 717 de
2727 666 3018 724 monacho
3068 669 3297 724 dictum
3331 670 3637 728 crederet?
3678 672 3840 732 Unde

2150 754 2351 827 gentili
2403 749 2645 809 homini
2706 753 2963 823 cognitio
3027 756 3337 813 cucullatae
3411 761 3842 830 perversitatis?

2152 844 2434 915 Ignorans
2452 842 2645 897 vitam
2677 837 2938 914 laetabar,
2975 850 3151 918 atque
3175 848 3587 921 exspectabam
3621 850 3669 907 si
3697 853 3842 909 forte

2154 930 2308 987 inter
2344 948 2509 987 raros
2565 945 2851 987 susurros
2896 933 3298 1006 philosophici
3356 937 3539 992 studii
3583 940 3840 998 scintilla

2156 1018 2419 1075 micaret.
2446 1017 2615 1074 Nihil
2635 1017 2792 1087 inde,
2827 1021 2928 1076 sed
2950 1023 3176 1080 fraudis
3211 1023 3522 1082 molimina
3549 1012 3838 1100 paraban-

2157 1112 2272 1163 tur.
2306 1109 2521 1164 Aderat
2553 1106 2856 1178 siquidem
2880 1110 3073 1181 pusio,
3097 1111 3375 1183 interque
3404 1114 3698 1188 principes
3721 1135 3841 1174 mo-

2159 1196 2418 1263 rabatur,
2445 1212 2629 1266 quem
2649 1194 2989 1267 frequenter
3005 1199 3331 1270 aspiciebat
3352 1202 3631 1274 magister
3646 1205 3838 1278 qualis

2161 1284 2355 1357 qualis
2387 1285 2446 1339 in
2481 1282 2687 1340 hircos
2714 1284 2900 1340 oculis
2922 1286 3367 1360 reﬂexis,atque
3396 1288 3549 1346 inter
3564 1300 3839 1364 aspectus
3916 1316 3943 1327 κη

2161 1373 2449 1445 ringebat,
2485 1372 2647 1443 quod
2677 1372 2920 1428 delicias
2970 1392 3111 1431 suas
3168 1376 3515 1449 potentibus
3545 1380 3841 1440 adhaerere

2163 1464 2445 1527 cerneret,
2478 1464 2546 1516 ut
2588 1478 2726 1517 reor
2758 1461 3041 1519 interesse
3081 1480 3195 1520 non
3257 1469 3476 1537 putans
3510 1469 3840 1543 quidquam

2166 1549 2496 1605 castitatem
2551 1550 2808 1607 turturis
2868 1558 2924 1608 et
2964 1552 3390 1611 obscenitatem
3447 1558 3706 1629 perdicis
3736 1561 3841 1618 Hic

2164 1654 2300 1694 cum
2332 1639 2715 1712 egrederetur
2730 1645 2789 1695 et
2804 1640 3230 1719 ingrederetur,
3251 1646 3836 1723 committebatdisci,

2163 1725 2336 1799 pulos
2369 1742 2515 1797 quas
2545 1729 2801 1800 parabat
2833 1730 3086 1786 fraudes.

2231 1832 2343 1905 Nox
2374 1837 2517 1905 erat_,_
2538 1838 2602 1905 et.
2621 1848 2851 1905 somnus
2881 1851 3035 1885 curas
3060 1852 3306 1905 marcore
3338 1842 3631 1905 premebat,

2226 1894 2428 1958 .lusque
2458 1896 2555 1945 sibi
2588 1896 2647 1944 in
2679 1901 2863 1947 saturo
2894 1901 3151 1961 poscebat
3179 1894 3365 1952 ventre
3395 1904 3589 1954 Limus.

2167 2000 2312 2055 Cum
2373 2001 2607 2058 fortuna
2668 2003 2783 2059 fuit
2828 2005 2888 2059 in
2947 2005 3320 2064 sermonibus
3373 2008 3596 2067 frivolis
3656 2013 3838 2071 unius

2168 2106 2340 2146 casus
2354 2091 2681 2148 mutatione
2698 2093 3067 2161 otl'enderim,
3085 2097 3355 2167 ponendo
3378 2098 3650 2157 videlicet
3666 2118 3839 2159 accu-

2167 2179 2419 2235 sativum
2453 2197 2557 2252 pro
2590 2181 2867 2239 ablativo.
2903 2183 3065 2239 Tunc
3095 2184 3348 2257 denique
3370 2186 3567 2259 palam
3616 2191 3836 2248 factum

2170 2272 2279 2337 est,
2314 2270 2468 2341 quod
2520 2286 2627 2341 per
2671 2274 2863 2326 tutum
2910 2271 3065 2326 diem
3111 2273 3391 2345 magister
3427 2273 3838 2349 improbabilis

2170 2357 2520 2415 eruditionis
2532 2358 2959 2418 docueritdisci
2966 2359 3173 2432 pulum
3194 2361 3252 2415 in
3284 2362 3565 2420 laudibus
3596 2366 3839 2423 obsecu-

2169 2445 2370 2502 tionis.
2421 2446 2623 2502 Adfuit
2672 2452 2874 2504 tamen
2926 2465 3100 2520 quem
3145 2466 3326 2523 supra
3354 2452 3667 2523 pusionem
3692 2455 3832 2525 dixi,

2172 2534 2421 2608 culpans
2449 2540 2571 2591 tam
2600 2552 2777 2609 grave
2810 2536 3040 2593 facinus
3059 2538 3404 2595 mutationis
3426 2541 3605 2598 unius
3636 2559 3831 2612 casus,

2173 2640 2444 2680 asserens
2474 2640 2568 2679 me
2598 2641 2804 2680 senem
2824 2612 3195 2683 scholaribus
3217 2627 3465 2700 dignum
3495 2627 3834 2702 ﬂagellis,et

2173 2711 2284 2768 hoc
2314 2711 2609 2769 lascivulis
2639 2714 2929 2782 versibus,
2963 2714 3135 2787 quasi
3184 2714 3245 2771 in
3276 2715 3386 2772 hoc
3416 2716 3656 2789 sapiens
3685 2718 3830 2774 mihi

2173 2800 2487 2857 cucullatio
2515 2802 2832 2859 videretur.
2862 2802 3281 2859 Verumtamen
3301 2803 3432 2876 quis
3454 2805 3687 2877 ignorat
3709 2822 3833 2862 ver-

2176 2907 2280 2947 sus
2311 2890 2672 2948 lascivientis
2703 2891 2973 2948 monachi
3008 2891 3037 2947 ?
3066 2892 3194 2949 Otio
3222 2908 3538 2957 vacans,os
3551 2893 3756 2965 aperit,
3775 2896 3833 2950 et

2175 2996 2388 3052 poema
2415 2979 2649 3048 emittit,
2681 2980 2964 3054 ignorans
2980 2978 3365 3037 oeconomiam
3379 2980 3834 3052 carminis,pur-

2175 3085 2425 3141 pureum
2455 3086 2720 3141 pannum
2751 3070 2853 3142 qui
2884 3072 3030 3127 bene
3058 3068 3365 3141 splendeat
3391 3084 3578 3124 unum
3608 3072 3667 3125 et
3689 3068 3836 3139 alte-3

2179 3175 2310 3213 rum
2342 3157 2621 3225 inserere,
2673 3175 2866 3214 mores
2914 3162 3115 3214 aetates
3144 3172 3478 3228 personare,
3524 3157 3833 3214 observare

2175 3246 2497 3318 dignitates
2529 3246 2589 3301 in
2620 3246 2777 3318 poesi
2811 3246 3003 3302 nescit
3032 3244 3280 3315 Porrigit
3324 3248 3556 3299 tantum
3587 3244 3751 3301 labra
3774 3249 3832 3301 et

2172 3334 2386 3404 ejactat
2415 3350 2621 3407 poema
2647 3352 2661 3403 ;
2694 3333 2850 3406 quod
2878 3333 3118 3391 Persius
3165 3347 3281 3387 non
3326 3333 3584 3387 mentem
3615 3332 3832 3388 intrare

2173 3422 2338 3491 dicit,
2373 3423 2475 3479 sed
2504 3422 2777 3478 lumbum
2809 3438 2823 3478 :

2236 3556 2249 3568 .
2321 3556 2333 3569 .
2403 3555 2415 3568 .
2486 3556 2499 3569 .
2569 3557 2580 3569 .
2652 3556 2664 3569 .
2736 3557 2748 3569 .
2816 3532 2938 3569 cum
2970 3517 3211 3569 carmina
3239 3494 3483 3567 lumbum

2235 3583 2456 3642 Intrant,
2487 3585 2541 3632 ct
2568 3583 2799 3632 tremulo
2829 3581 3149 3643 scalpuntur
3179 3579 3270 3629 ubi
3299 3579 3488 3629 intima
3514 3593 3691 3630 versu.

2242 3679 2405 3739 Item,
2434 3687 2503 3728 ex
2533 3687 2784 3744 persona
2830 3668 2935 3742 qui
2982 3668 3144 3726 molli
3189 3667 3663 3742 pronuntiatione
3690 3685 3829 3744 gau-

2169 3760 2329 3830 dent,
2362 3759 2555 3833 inquit
2586 3777 2601 3818 :

2232 3857 2498 3921 Quidnam
2530 3857 2693 3921 igitur
2711 3859 3011 3921 77tenerum
3043 3861 3095 3907 et
3123 3855 3244 3906 laxa
3271 3856 3474 3921 cervice
3494 3855 3824 3921 legendum,

2229 3921 2402 3968 Torva
2432 3919 2788 3969 Mimalloneis
2818 3919 3111 3982 implerunt
3137 3933 3340 3971 cornua
3366 3919 3605 3981 bombis}

2232 3983 2296 4094 ξι
2322 3987 2537 4055 raptum
2566 3984 2737 4033 vitulo
2767 3986 2929 4046 caput
2959 3984 3206 4034 ablatura
3234 3983 3464 4048 superbo

2274 4059 2485 4094 assaris.

2274 4059 2485 4094 88881⁵18.

2243 4133 2518 4190 Horatius
2550 4134 2620 4190 de
2650 4132 2872 4190 Lucilio
2894 4133 3096 4208 inquit
3126 4153 3140 4192 :

2234 4232 2367 4296 Nam
2394 4231 2498 4281 fuit
2524 4231 2628 4282 hoc
2657 4231 2969 4296 vitiosusin
2998 4233 3132 4296 hora
3159 4246 3300 4296 saepe
3329 4232 3608 4296 ducentos,

2234 4294 2300 4343 Ut
2330 4307 2606 4358 maguum,
2638 4307 2829 4343 versus
2857 4293 3094 4344 dictabat
3122 4293 3270 4344 stans
3298 4293 3433 4358 pede
3461 4295 3518 4344 iu
3546 4307 3679 4356 uno,

2243 4400 2448 4458 Fateor
2478 4418 2572 4458 me
2596 4401 2875 4472 juvenem
2907 4399 3018 4457 hoc
3046 4400 3185 4456 vitio
3204 4403 3450 4456 tactum.
3484 4399 3691 4468 Pudet,
3711 4417 3828 4458 non

413 4508 678 4575 vallium,
710 4508 1054 4578 perventum
1084 4503 1174 4557 est
1211 4499 1445 4555 tandem
1489 4497 1560 4552 ad
1592 4497 1650 4553 S.
1685 4496 1832 4553 Galli
1865 4514 2066 4554 mona-
2095 4496 2142 4562 D
2175 4496 2371 4549 tamen
2418 4508 2523 4547 ceu
2581 4490 2823 4563 quidam
2871 4489 3198 4547 monachus
3253 4488 3426 4545 ovina
3466 4488 3592 4545 sine
3649 4488 3829 4546 mori-

416 4596 684 4655 sterium.
727 4594 905 4650 Porro
963 4591 1106 4647 adeo
1155 4587 1431 4662 fatigatus
1479 4602 1661 4656 eram,
1713 4591 1779 4642 ut
1806 4602 2064 4645 carerem

417 4702 564 4758 pene
595 4682 784 4740 ofﬁcio
801 4695 1084 4737 manuum
1117 4681 1394 4733 montano
1425 4674 1639 4748 frigore
1670 4680 2065 4748 perustarum,

419 4777 709 4847 quatenus
726 4786 912 4842 neque
934 4766 1179 4840 imponi,
1199 4781 1390 4837 neque
1406 4762 1617 4836 deponi
1633 4780 1782 4836 equo
1809 4781 2063 4837 possem,

420 4862 534 4919 nisi
558 4859 765 4917 alienis
795 4857 1073 4914 manibus
1112 4855 1469 4926 deportarer.
1501 4852 1842 4909 Advenienti
1869 4859 2066 4911 tamen

418 4950 564 5007 mihi
596 4965 730 5022 spes
782 4951 907 5004 erat
957 4960 1173 5002 securae
1205 4940 1419 5014 quietis
1452 4940 1512 4996 in
1558 4939 1683 4997 loco
1712 4942 2066 4999 monachica;

417 5034 821 5097 habitationis.
852 5034 1135 5091 Videbam
1166 5030 1498 5102 frequentes
1529 5030 1788 5102 capitum
1818 5030 2066 5088 inclina-

415 5130 629 5195 tiones,
678 5144 782 5200 per
809 5126 962 5181 inter
989 5118 1322 5194 scapularia
1367 5117 1721 5191 compositos
1745 5119 1940 5190 jacere
1972 5137 2071 5176 cu-

420 5217 627 5287 cullos,
662 5217 927 5272 incessus
958 5212 1137 5279 lenes,
1179 5224 1341 5265 raros
1389 5223 1712 5274 sermones,
1761 5206 1908 5263 nihil
1926 5208 2065 5264 mali

419 5305 784 5379 suspicabar,
833 5302 946 5359 nisi
995 5298 1134 5373 quia
1194 5294 1495 5354 Juvenalis
1545 5295 1833 5352 sententia
1886 5294 2071 5353 laten-

2175 4584 2285 4639 bus
2343 4579 2494 4654 pelle
2538 4579 2793 4653 tegebar.
2844 4579 2926 4635 Ne
2972 4578 3189 4652 putetis
3244 4595 3339 4634 me
3386 4578 3507 4634 haec
3559 4578 3831 4652 proloqui

2175 4676 2241 4728 ut
2270 4669 2556 4744 poematis
2598 4668 2865 4725 studium
2924 4668 2983 4723 in
3035 4671 3433 4740 contemptum
3484 4667 3694 4725 ducere
3731 4684 3831 4726 ve-

2174 4760 2300 4816 lim.
2332 4757 2771 4815 Ecclesiasticos
2809 4757 2984 4813 etiam
3015 4757 3170 4813 viros
3200 4760 3466 4829 poemate
3497 4773 3639 4813 usos
3668 4757 3829 4813 inve-

2175 4850 2271 4905 nio
2300 4867 2314 4918 ;
2350 4847 2452 4904 sed
2483 4846 2666 4902 miror
2712 4846 2761 4902 si
2794 4850 2992 4902 nostro
3028 4850 3288 4918 tempore
3335 4850 3510 4918 queat
3547 4845 3667 4901 veri
3693 4862 3829 4919 poe-

2178 4937 2353 4994 matis
2382 4936 2637 5008 scriptor
2667 4934 3014 4992 inveniri.Si
3042 4935 3281 5007 quidem
3304 4933 3578 5008 Cinna(l)
3609 4934 3830 4992 librum

2176 5043 2347 5083 suum
2372 5029 2681 5098 Smyrnam
2700 5042 2738 5079 x
2762 5023 2933 5080 annis
2952 5022 3510 5091 elimavit,Horatius
3529 5022 3589 5079 in
3608 5040 3831 5080 nonum

2176 5132 2399 5172 annum
2429 5113 2693 5170 carmina
2710 5113 2835 5170 sine
2854 5113 3091 5187 publica
3106 5112 3428 5171 ostentione
3453 5113 3832 5187 producenda

2175 5203 2466 5277 praecepit.
2498 5202 2644 5258 Hinc
2661 5201 2960 5259 Juvenalis
2988 5204 3060 5260 de
3089 5203 3371 5277 scriptore
3403 5202 3694 5275 poematis
3710 5200 3827 5259 ait:

2238 5303 2443 5365 Magnae
2472 5300 2666 5350 mentis
2695 5313 2850 5364 opus,
2880 5314 2982 5351 nec
3011 5300 3076 5351 de
3106 5300 3280 5354 lodice
3308 5300 3569 5366 paranda.

491 5412 564 5490 (1)
597 5411 781 5470 Cinna
809 5409 919 5471 fuit
948 5410 1117 5485 poeta
1145 5402 1543 5490 doctissimus,
1570 5400 1814 5490 Virgilio
1844 5402 2108 5490 aequalis,
2130 5399 2240 5490 qui
2270 5398 2458 5473 ipsius
2488 5396 2760 5490 meminit
2791 5397 2993 5474 ecloga
3019 5400 3074 5457 9.

1314 5483 1449 5532 Nam
1477 5493 1653 5545 neque
1683 5481 1858 5533 adhuc
1884 5485 2030 5535 varie
2058 5483 2262 5541 videor,
2279 5493 2456 5545 neque
2487 5478 2663 5529 dicere
2680 5477 2863 5536 .Cinua

1316 5545 1502 5620 Digna,
1532 5542 1628 5597 sed
1654 5547 1872 5620 argutos
1898 5547 2277 5616 interstrepere
2306 5542 2505 5598 olerss.
