4080 6200
409 281 564 343 1287

404 413 640 471 Persius
666 429 914 486 quoque.

464 522 579 588 gon
610 521 941 588 egolaudari
969 524 1202 588 metuam
1236 522 1277 570 si
1307 522 1442 573 forte
1474 523 1604 586 quid
1634 524 1809 588 aptius
1840 524 1964 586 exit,

464 582 692 641 Quando
720 583 835 633 haec
863 597 985 632 rara
1015 585 1128 633 avis
1157 589 1253 634 est.
1325 622 1336 634 .
1406 622 1418 634 .
1490 582 1506 634 ἶ
1569 623 1582 635 .

399 681 618 737 Statius
647 697 878 754 quoque
901 680 1116 736 librum
1146 699 1321 737 suum
1353 681 1656 755 alloquens
1685 682 1877 755 inquit
1909 700 1922 738 :

461 787 656 852 Qmihi
685 787 768 836 bis
797 801 953 836 senos
979 787 1176 852 Thebei
1201 789 1414 852 vigilata
1441 802 1536 852 per
1565 803 1738 838 annos

461 849 588 900 Vive
618 863 826 913 precor,
859 863 957 899 nec
986 854 1043 899 tu
1073 849 1310 900 divinam
1338 849 1558 901 zEneida
1587 855 1752 902 tenta.

397 947 675 1002 Eamdem
705 951 900 1002 tamen
916 947 1421 1020 [Eneidemquam
1447 948 1665 1005 Statius
1683 947 1958 1021 appellat,
1984 949 2042 1004 in

394 1040 650 1092 extremo
669 1034 797 1091 vitae
829 1037 1060 1108 positus
1091 1042 1262 1109 poeta
1295 1037 1730 1094 inemendatam
1779 1036 2042 1094 Vulcano

395 1124 760 1181 committere
791 1125 994 1181 voluit.
1026 1126 1150 1182 Non
1199 1144 1404 1199 parum
1457 1127 1761 1183 videbatur
1810 1126 1946 1194 illis,
1979 1130 2045 1183 ut

395 1229 542 1282 reor,
577 1230 814 1286 operam
845 1215 984 1270 dare
1015 1215 1396 1271 carminibus.
1428 1216 1596 1271 Nunc
1621 1232 1755 1270 vero
1785 1216 1918 1287 quis
1951 1233 2044 1270 ru-

394 1306 489 1356 cta
515 1305 574 1358 et
602 1302 822 1373 optima
853 1308 1124 1374 poemata
1162 1304 1367 1373 jactat,
1422 1321 1548 1376 quae
1599 1307 1794 1360 tamen
1836 1321 2039 1360 scurra

390 1389 626 1446 vicatim
662 1391 962 1462 producat,
999 1393 1322 1448 secundum
1360 1393 1619 1449 Persium
1654 1410 1667 1446 ε

453 1488 570 1556 tice
591 1487 828 1556 pluteum
860 1489 1161 1556 caedithnec
1190 1491 1467 1540 demorsos
1497 1491 1638 1554 sapit
1666 1505 1891 1556 ungues.

455 1550 782 1615 Vult’medio
811 1555 1006 1600 terram
1038 1551 1238 1615 ﬁnique
1268 1567 1529 1615 reponere
1560 1550 1822 1614 inerdain,

452 1614 621 1671 Quam
651 1613 847 1663 lasciva
875 1615 974 1664 sibi
1005 1613 1273 1665 modicum
1305 1613 1509 1666 victura
1537 1616 1760 1666 fatiscat.

391 1710 753 1783 Perpendite,
784 1728 1001 1783 quieso,
1022 1713 1260 1768 tandem
1283 1713 1422 1784 quid
1446 1713 1704 1785 prudens
1729 1714 1817 1768 vir
1843 1713 1941 1769 ille
1967 1715 2038 1770 de

1441 283 1827 346 GUNZONIS
1872 283 2186 359 DIACQNI
2229 288 2785 356 NOVARIENSIS.

2081 420 2138 486 Α
2168 407 2381 478 sermo.
2431 424 2502 479 Et
2554 425 2613 479 in
2639 425 2890 483 Psalmis
2924 429 3183 502 Lapidem
3212 448 3370 504 quem
3390 433 3814 507 reprobaverunt

3653 301 3811 368 1288

2155 510 2489 580 c'Izdiﬁcantes
2519 529 2621 584 pro
2652 513 2823 586 lapis.
2850 516 2980 573 Haec
3021 522 3078 574 et
3110 519 3272 576 mille
3310 521 3452 577 talia
3495 523 3807 596 scriptores

2157 598 2373 654 artium
2408 601 2547 657 vitio
2579 602 2814 674 dantur,
2848 609 2912 662 ut
2933 607 3194 665 Donatus
3228 626 3242 665 :
3279 612 3473 667 Urbem
3504 630 3668 683 quam
3699 624 3812 669 sta-

2153 695 2244 742 tuo
2273 698 2451 744 vestra
2479 695 2578 746 est.
2612 692 2724 748 Sed
2756 695 2889 766 quis
2928 700 3047 752 tam
3071 701 3500 768 excerebratus,
3554 706 3622 758 ut
3651 709 3819 775 putet

2153 776 2326 831 verba
2359 779 2509 834 sacri
2541 778 2755 853 eloquii
2806 783 3014 858 stringi
3042 787 3259 860 regulis
3309 789 3519 846 Donati
3567 795 3668 846 aut
3693 792 3815 847 Pri-

2154 863 2336 920 sciani
2359 868 2386 921 ?
2415 868 2648 940 Legitur
2678 871 2737 926 in
2769 872 2966 929 divina
2995 875 3242 932 historia
3273 895 3287 934 :
3340 879 3513 951 Moysi
3539 881 3689 945 huic,
3720 883 3821 954 qui

2153 970 2249 1008 nos
2281 955 2476 1012 eriterit
2504 957 2569 1013 de
2592 962 2741 1015 terra
2769 963 3015 1034 Egi/pii,
3065 967 3337 1022 nescimus
3385 969 3516 1038 quid
3555 969 3823 1026 acciderit

2151 1043 2222 1097 ei.
2250 1044 2390 1107 Quis
2414 1046 2584 1102 modo
2601 1047 3005 1118 sicloquitur?
3035 1053 3344 1111 Nescimus
3371 1056 3512 1128 quid
3539 1057 3819 1114 acciderit

2156 1131 2337 1205 Moysi
2370 1133 2507 1190 huic
2538 1135 2587 1191 ei
2610 1138 2637 1191 ‘?
2667 1138 2736 1192 Et
2756 1138 2815 1194 in
2833 1139 3082 1198 Psalmis
3111 1161 3124 1199 :
3159 1146 3331 1200 Mixit
3352 1147 3564 1219 Moysen
3591 1164 3816 1203 servum

2149 1237 2334 1289 suum,
2366 1228 2549 1280 Aaron
2597 1242 2755 1298 quem
2785 1229 2950 1300 elegit
2995 1232 3198 1302 ipsum.
3247 1235 3409 1290 Licet
3452 1235 3696 1307 quidam
3746 1254 3815 1293 ex

2151 1311 2446 1382 superfluo
2477 1313 2589 1369 sibi
2620 1314 2820 1385 velint,
2839 1317 3116 1392 Virgilius
3142 1322 3812 1382 hancconstructionem

2153 1399 2350 1469 posuit
2380 1401 2477 1456 ubi
2511 1403 2593 1458 ait
2628 1421 2640 1459 :

2209 1513 2305 1592 Qlli
2334 1516 2618 1592 s‘ub‘ridens
2645 1519 2926 1592 hominum
2957 1527 3101 1575 sator
3128 1529 3289 1592 atque
3321 1528 3548 1579 deorum

2209 1576 2401 1628 Oscula
2430 1579 2617 1631 libavit
2647 1588 2805 1634 natea.

2147 1684 2258 1739 Sed
2286 1685 2425 1757 quia
2465 1687 2659 1744 Servio
2704 1707 2910 1763 aspera
2965 1694 3092 1749 visa
3146 1701 3254 1761 est,
3303 1697 3402 1753 olli
3448 1700 3807 1759 adverbium

389 1774 846 1871 quosermo‘est
873 1799 932 1854 in
965 1774 1413 1871 reprehensione
1443 1774 1618 1856 unius
1649 1819 1821 1859 casus
1852 1803 2039 1874 profe-
2069 1789 2118 1855 B
2147 1774 2428 1874 ίξῖτῖξρονίδ
2458 1777 2941 1874 θῗδίῗηνοηλίξτηίά
2991 1787 3082 1839 θεῖ
3134 1788 3292 1841 tunc"
3325 1785 3555 1856 Nullus:
3590 1789 3808 1863 inquit.

390 1887 552 1955 cerit,
588 1888 704 1943 aud
746 1888 885 1960 quid
919 1889 1115 1962 magni
1158 1890 1229 1946 de
1260 1907 1322 1945 se
1351 1891 1691 1947 ostenderit.
1743 1891 1915 1947 Porro
1961 1891 2038 1947 si-

386 1974 589 2031 lemsis
621 1992 724 2046 per
753 1993 999 2032 casuum
1052 1977 1408 2033 mutationes
1464 1996 1579 2034 non
1637 1978 1828 2034 solum
1881 1981 2036 2052 apud

385 2063 724 2130 versidicos,
755 2081 957 2119 verum
989 2066 1143 2136 apud
1179 2065 1303 2121 sine
1335 2067 1536 2122 metris
1568 2067 1892 2124 scribentes
1924 2069 2034 2124 fre-

385 2155 631 2223 quenter
660 2151 970 2206 invenitur.
1003 2153 1284 2226 Virgilius
1306 2155 1704 2211 accusativum
1737 2173 1842 2230 pro
1873 2157 2033 2230 geni-

384 2240 500 2294 tivo
531 2244 630 2295 aut
661 2240 910 2296 ablativo
941 2242 1224 2298 miranter
1252 2244 1466 2316 posuit.

444 2346 546 2416 Sed
579 2348 833 2416 Latagum
865 2359 993 2416 saxo
1023 2353 1185 2416 atque
1215 2351 1419 2414 ingenti
1449 2351 1709 2416 fragmine
1740 2355 1938 2404 montis

441 2411 677 2472 Occupat
704 2410 763 2459 es
797 2410 1419 2475 faciemque'adver'sam.
1490 2410 1586 2464 .V.
1655 2453 1667 2465 .
1738 2453 1750 2466 .

449 2507 558 2562 Pro
589 2523 654 2562 eo
685 2507 840 2578 quod
873 2511 962 2564 est
985 2513 1230 2582 occupat
1262 2511 1541 2584 Latagum
1574 2530 1671 2568 ore
1701 2518 1801 2569 aut
1825 2514 2023 2588 Latagi

377 2612 463 2652 os.
492 2597 626 2661 Qua:
659 2597 846 2670 figura
892 2599 1047 2669 apud
1101 2599 1336 2654 Latinos
1384 2600 1682 2668 rarissine,
1729 2605 1881 2674 apud
1917 2604 2026 2659 Ho-

376 2701 603 2740 merum
637 2684 909 2757 frequens
943 2686 959 2758 (
990 2686 1300 2756 invenitur,
1332 2693 1396 2743 ut
1433 2694 1522 2745 est
1568 2689 1711 2746 illud
1753 2693 2018 2750 Ecrousen

373 2772 592 2829 Achille
616 2777 706 2829 ton
732 2773 891 2846 poda,
921 2774 977 2829 id
1011 2780 1101 2830 est
1132 2779 1422 2847 percussit
1451 2779 1736 2834 Achillem
1783 2782 2016 2852 pedem.

371 2861 611 2917 Dicenta
640 2862 818 2934 igitur
850 2863 1117 2934 quazdam
1148 2865 1219 2920 de
1278 2866 1602 2922 mutatione
1644 2885 1910 2938 casuum,
1945 2887 2017 2926 ne

369 2949 669 3021 ignoscere
690 2950 800 3004 sibi
833 2950 1052 3008 stultus
1067 2953 1389 3008 monachus
1410 2955 1694 3010 videatur.
1719 2959 1886 3029 Apud
1908 2959 2014 3015 Te-

370 3039 624 3094 rentium
655 3038 945 3111 genitivus
977 3057 1079 3111 pro
1112 3042 1560 3113 nominativo,ut
1590 3045 1688 3100 hoc
1707 3048 1830 3102 villi
1844 3048 2011 3103 edur-

2155 1862 2315 1932 dicit,
2349 1865 2551 1922 oscula
2571 1865 2771 1924 libavit
2800 1869 2885 1925 illi
2925 1877 3094 1928 natae.
3128 1873 3452 1932 Pronomen
3487 1878 3651 1935 enim
3681 1862 3807 1936 non

2148 1969 2281 2007 cum
2314 1954 2676 2026 pronomine,
2705 1959 2804 2013 sed
2829 1958 2953 2016 loco
2985 1963 3242 2019 nominis
3273 1965 3441 2021 debet
3462 1968 3625 2039 poni.
3661 1971 3802 2024 Cum

2146 2041 2327 2113 igitur
2357 2043 2438 2098 ita
2467 2061 2594 2100 sese
2625 2047 2952 2104 divinarum
2993 2052 3174 2107 series
3217 2053 3429 2110 habeat
3467 2056 3794 2130 Scriptura-

2145 2147 2297 2199 rum,
2333 2131 2467 2204 quis
2497 2137 2618 2189 tam
2647 2137 2912 2207 perditus
2943 2144 3052 2205 est,
3086 2144 3150 2196 ut
3164 2140 3685 2202 taleselocutiones
3701 2153 3800 2203 aut

2143 2219 2564 2290 reprehendere
2621 2225 2833 2280 audeat
2881 2231 2945 2282 ut
2999 2230 3282 2285 mutare?
3332 2230 3501 2288 Falso
3574 2236 3801 2307 putavit

2140 2311 2195 2375 S,
2227 2309 2374 2364 Galli
2412 2312 2736 2368 monachus
2759 2331 2852 2370 me
2873 2322 3163 2373 remotum
3185 2336 3219 2374 a
3240 2320 3486 2377 scientia
3510 2339 3805 2394 gramma~

2140 2396 2265 2450 ticze
2297 2398 2459 2467 artis,
2493 2399 2628 2456 licet
2657 2402 2973 2474 aliquando
3005 2408 3263 2463 retarder
3284 2426 3390 2465 usu
3421 2416 3643 2466 nostra:
3671 2413 3800 2468 vul-

2136 2485 2294 2555 garis
2325 2484 2562 2560 linguae,
2585 2506 2711 2562 quae
2743 2489 3024 2548 latinitati
3072 2495 3264 2552 vicina
3301 2501 3409 2553 est.
3440 2499 3799 2558 Excedimus

2136 2589 2368 2646 quoque
2400 2576 2712 2650 aliquando
2744 2584 2844 2636 aut
2873 2582 3230 2657 negligentia
3260 2591 3363 2642 aut
3394 2587 3802 2647 bumanaim-

2131 2664 2500 2732 perfectione,
2547 2668 2618 2723 de
2666 2685 2784 2740 qua
2831 2670 3208 2742 Priscianus;
3258 2677 3434 2744 Nihil,
3477 2677 3701 2750 inquit,
3737 2683 3796 2736 in

2130 2753 2388 2810 humanis
2419 2757 2821 2838 inventionibus
2849 2777 2920 2816 ea:
2945 2765 3099 2818 omni
3120 2772 3277 2834 parte
3299 2769 3608 2838 perfectum
3639 2769 3793 2826 inec-

2127 2845 2245 2898 niri
2271 2844 2446 2900 credo.
2483 2833 2848 2920 Negligentia
2869 2833 3407 2922 peccamus,sic-ut,'
3426 2856 3498 2911 de
3531 2856 3795 2915 Homero

2188 2958 2519 3024 Quandoque
2547 2961 2723 3012 bonus
2757 2963 3014 3016 dormitat
3042 2968 3324 3029 Homerus,

2122 3065 2180 3119 id
2213 3069 2301 3121 est
2332 3066 2690 3139 negligenter
2717 3071 2938 3128 scribit.
2973 3073 3097 3138 Qua
3123 3075 3433 3148 Virgilium
3459 3079 3641 3136 etiam
3674 3098 3787 3137 no-

339 3123 730 3226 ³’πιίδεαηῑ-Ρῐό
778 3128 886 3226 δοίξ
916 3128 1138 3186 νίῙῙυω·
1162 3131 1708 3226 ΑΡυά-νίςὲίίίυωῖ
1760 3140 1824 3191 Ut
1863 3138 2012 3206 Ωιιοά
2042 3159 2084 3225 C
2116 3159 2236 3210 tare
2259 3123 2573 3226 possumus
2600 3123 2699 3214 ubi
2718 3123 3102 3218 uitii-Strdtus
3132 3123 3290 3220 han-ii
3332 3167 3437 3223 bos.
3471 3167 3788 3226 Pessimus

363 3232 574 3289 cunque
601 3216 699 3272 hoc
726 3218 886 3287 regni
914 3234 1017 3289 pro
1048 3235 1314 3291 regnum.
1338 3220 1576 3277 Dativus
1602 3241 1706 3296 pro
1735 3226 2008 3298 genitivo,

364 3309 430 3360 ut
458 3306 690 3361 immitis
721 3306 926 3361 Achilli
956 3324 1058 3379 pro
1088 3308 1351 3366 Achillis.
1383 3311 1683 3369 Ablativus
1712 3330 1815 3386 pro
1847 3332 2012 3371 accu-

361 3394 571 3462 sativo,
604 3399 670 3450 ut
700 3396 742 3450 it
769 3395 978 3452 clamor
1005 3398 1140 3453 caelo
1167 3415 1269 3470 pro
1291 3399 1348 3455 in
1369 3400 1598 3456 coelum.
1634 3402 1874 3460 Dativus
1904 3422 2007 3477 pro

360 3481 609 3538 ablativo
641 3484 796 3556 apud
828 3484 1172 3542 Juvenalem
1209 3504 1220 3543 :

419 3581 684 3644 Penelope
715 3582 904 3632 melius
934 3582 1104 3633 levius
1135 3587 1400 3649 torquetis
1431 3588 1710 3639 Arachum.

357 3668 588 3727 Persius
615 3671 940 3727 vocativum
971 3689 1075 3744 pro
1106 3674 1460 3734 nominativo
1490 3679 1704 3750 posuit.

417 3767 699 3819 Censorem
728 3772 876 3818 tuum
908 3770 996 3819 vel
1025 3771 1152 3834 quid
1183 3773 1416 3823 trebeatc
1447 3777 1662 3826 salutas.

353 3872 456 3928 pro
488 3857 805 3913 trabeatus.
841 3858 1067 3915 Rursus
1092 3865 1156 3916 ut
1187 3862 1579 3922 nominativus
1608 3884 1713 3939 pro
1741 3869 2000 3926 vocativo

353 3943 702 4012 inveniatur,
723 3947 1086 4017 superﬂuum
1109 3954 1249 4020 puto
1265 3950 1634 4024 inquisitum,
1652 3973 1785 4013 cum
1805 3959 2001 4015 divina

353 4031 652 4089 volumina
680 4033 852 4106 plena
881 4037 1162 4108 exemplis
1193 4039 1584 4098 inveniantur.
1603 4045 1880 4117 Virgilius
1910 4053 1996 4105 ta-

354 4135 489 4175 men
512 4120 705 4192 inquit
737 4139 750 4178 :

410 4210 664 4274 Corniger
693 4212 1032 4276 Hisperidum
1060 4215 1248 4266 ﬂuvius
1277 4223 1529 4283 regnator
1556 4237 1812 4287 aquarum

239 4286 244 4290 ’
349 4315 454 4372 pro
486 4298 681 4357 fluvio.
734 4301 794 4357 Si
858 4302 990 4375 quis
1039 4309 1234 4362 autem
1284 4308 1531 4381 pleniter
1571 4286 1718 4371 seire
1765 4317 1991 4377 deside-

347 4391 457 4455 rat,
488 4387 671 4446 libros
701 4390 984 4448 Prisciani
1029 4394 1100 4450 de
1150 4401 1583 4459 constructione
1633 4403 1803 4476 legat.
1851 4409 1990 4464 Ani-

2119 3260 2321 3299 versus
2352 3248 2440 3300 est
2481 3245 2704 3302 habens
2745 3248 2803 3303 in
2842 3250 2958 3306 fine
3003 3253 3470 3326 monosyllabum
3532 3275 3784 3327 nomen,

2119 3332 2231 3388 nisi
2265 3333 2409 3389 forte
2441 3333 2518 3388 sit
2540 3335 2836 3392 minorum
2878 3340 3246 3409 animalium,
3289 3348 3353 3398 ut
3381 3344 3438 3399 in
3483 3345 3731 3404 Horatio
3766 3367 3782 3406 :

2180 3441 2488 3490 Parturiuot
2515 3446 2746 3504 montes,
2774 3450 3022 3496 nascetur
3049 3448 3303 3499 ridiculus
3331 3465 3468 3501 mus.

2119 3536 2402 3594 Praeterea
2427 3539 2659 3596 Servius
2682 3543 2933 3612 majores
2964 3549 3194 3602 nostros
3225 3547 3361 3604 vitia
3393 3550 3534 3606 dicit
3561 3568 3680 3608 non
3717 3553 3783 3608 in

2115 3625 2273 3681 dictu
2307 3627 2719 3698 esscvoluisse,
2754 3631 2854 3686 sed
2878 3631 2936 3686 in
2960 3633 3401 3707 significatione,
3425 3643 3492 3694 ut
3519 3643 3610 3696 est
3626 3640 3782 3697 illud

2111 3713 2172 3769 in
2202 3715 2475 3772 Sallustio
2511 3733 2523 3772 :
2560 3719 2732 3786 Quam
2761 3723 2991 3794 quisque
3033 3727 3267 3795 pessime
3320 3729 3469 3798 fecit,
3503 3733 3620 3783 tam
3648 3747 3782 3785 ma-

2107 3805 2258 3859 xime
2287 3812 2436 3860 tutus
2465 3810 2559 3860 est.
2613 3807 2853 3880 Regitur
2910 3810 2970 3866 in
3016 3818 3157 3881 arte,
3204 3816 3358 3886 quod
3390 3823 3526 3883 tam,
3565 3821 3775 3890 magis.

2105 3894 2371 3962 maxime,
2404 3896 2870 3966 minus,minime,
2889 3901 3132 3971 positivo
3162 3906 3390 3958 tantum
3407 3905 3710 3977 junguntu
3723 3926 3775 3965 r.

2108 3981 2252 4054 Ergo
2287 3983 2486 4038 sensui
2519 3988 2576 4039 et
2605 3984 3021 4056 signiﬁcationi
3053 3989 3173 4046 haec
3204 3991 3438 4048 Salustii
3473 3999 3776 4053 sententia

2106 4071 2391 4140 convenit,
2425 4075 2482 4128 et
2512 4090 2626 4128 non
2659 4074 2834 4130 dicto.
2887 4076 2992 4132 Cui
3033 4078 3114 4134 rei
3142 4081 3487 4138 Aristoteles
3518 4083 3576 4138 in
3611 4083 3771 4142 libro

2105 4158 2230 4214 Peri
2278 4160 2580 4217 Ermenias
2631 4165 2920 4236 congruit,
2955 4165 3048 4222 his
3091 4169 3281 4226 verbis
3317 4187 3330 4225 :
3360 4170 3496 4228 Sunt
3531 4188 3660 4244 ergo
3699 4192 3770 4230 ea

2105 4263 2229 4319 qua?
2249 4257 2374 4304 sunt
2422 4251 2482 4304 in
2511 4267 2635 4306 voce
2661 4269 2857 4309 earum
2904 4270 3029 4326 qua?
3053 4261 3181 4312 sunt
3234 4260 3294 4313 in
3326 4261 3518 4316 anima
3540 4266 3772 4334 passio-

2100 4353 2236 4392 num
2262 4345 2426 4395 noue.
2475 4339 2661 4396 Omnis
2705 4351 2835 4398 nota
2882 4345 3120 4418 alicujus
3168 4349 3250 4403 rei
3293 4353 3422 4405 nota
3451 4355 3550 4406 est.
3592 4353 3772 4409 Prius

2100 4442 2226 4495 ergo
2267 4443 2351 4481 res
2379 4435 2458 4483 est
2499 4445 2661 4499 quam
2689 4439 2836 4487 nota.
2887 4434 2987 4489 Res
3033 4450 3160 4506 ergo
3200 4437 3358 4508 prius
3398 4438 3772 4510 ponderanda

347 4477 707 4546 madvertite,
741 4496 958 4552 quaeso,
992 4483 1284 4543 insaniam
1324 4489 1521 4546 miseri
1557 4491 1989 4568 homuncionis,

347 4565 442 4595 nn:
472 4567 527 4595 ξ..
560 4570 676 4595 «ιη-νυ.
710 4568 806 4595 ..ξιτ
840 4587 897 4595 -.ι
925 4571 1208 4595 :_1-.______
1261 4594 1282 4595 η
1309 4593 1318 4595 Α
1641 4585 1656 4595 ι
1734 4587 1767 4595 ..
1829 4589 1866 4595 -.

2130 4477 2216 4495 .,,-
2499 4477 2658 4499 ππ..-
2691 4477 2836 4487 μνη..
2887 4477 2985 4489 ..νυ
3033 4477 3157 4506 νυν
3200 4477 3356 4508 μηπυ
3398 4477 3772 4510 θυμω-ηπ...

2124 4519 2173 4571 st
2197 4533 2364 4587 quam
2390 4521 2536 4573 nota.
2571 4518 2768 4575 Solent
2799 4527 3072 4593 praeterea
3095 4523 3331 4581 diversae
3371 4542 3464 4583 res
3501 4545 3621 4585 una
3667 4546 3772 4586 ca-

344 4565 443 4638 qui
472 4567 530 4621 in
560 4570 680 4623 tam
710 4568 810 4624 vili
840 4587 900 4626 re
925 4571 1216 4645 integrum
1258 4593 1404 4648 pene
1437 4585 1775 4654 expenderit
1812 4565 1986 4645 diem;

343 4654 468 4711 Non
499 4656 706 4713 saltem
738 4676 916 4716 unam
940 4663 1426 4732 quaestiunculam
1445 4685 1622 4741 quam
1641 4684 1990 4748 proponeret

343 4742 598 4800 habuit?
637 4747 852 4804 Audiat
897 4749 1110 4808 iterum
1142 4757 1535 4815 accusativum
1568 4742 1672 4834 pro
1706 4742 1896 4823 dativo
1930 4769 1987 4824 in

341 4831 590 4891 Psalmis
624 4853 637 4892 :
673 4837 840 4905 Quasi
863 4843 1181 4909 proximum
1210 4849 1262 4900 et
1290 4849 1452 4918 quasi
1481 4831 1715 4920 fratrem
1744 4865 1990 4913 nostrum

339 4922 418 4976 sic
444 4926 863 4996 complacebam.
891 4927 995 4983 Pro
1016 4932 1277 5002 proximo
1307 4941 1364 4991 et
1389 4937 1715 4997 fratri.Vult
1745 4944 1990 5004 fortasse

337 5012 841 5086 complangebam.
894 5018 1053 5083 Esto,
1108 5019 1169 5075 In
1215 5039 1389 5094 prosa
1430 5029 1583 5098 apud
1644 5031 1988 5092 Sallustium

339 5099 655 5156 ablativum
679 5119 781 5174 pro
812 5106 1377 5178 genitivo.Dubitavit
1406 5118 1524 5172 acie
1546 5135 1680 5190 pars
1700 5138 1802 5192 pro
1821 5125 1982 5180 aciei.

337 5186 481 5242 Item
501 5187 761 5246 dativum
811 5211 913 5264 pro
957 5197 1229 5270 genitivo,
1280 5201 1351 5257 ad
1390 5186 1594 5262 bellum
1633 5186 1792 5266 Persi
1824 5213 1988 5270 Mace-

320 5275 592 5332 donicum
622 5294 724 5350 pro
752 5279 961 5339 Persis.
999 5287 1058 5342 In
1091 5288 1398 5363 Evangelia
1437 5311 1671 5368 quoque
1701 5304 1984 5360 accusati-

334 5381 472 5420 vum
499 5383 602 5438 pro
631 5369 986 5430 nominativo
1007 5380 1330 5436 secundum
1363 5384 1732 5460 artigraphos
1763 5391 1983 5449 inveni-

335 5470 490 5511 mus.
511 5460 703 5514 Jesum
745 5474 904 5532 quem
951 5469 1174 5536 quaeris,
1233 5487 1344 5527 non
1393 5478 1472 5530 est
1500 5476 1608 5548 hic,
1657 5497 1761 5552 pro
1787 5485 1978 5544 Jesus.

332 5543 404 5604 Et
434 5561 448 5604 :
481 5543 786 5606 Sermorem
836 5567 996 5630 quem
1050 5556 1305 5634 audistis,
1359 5580 1471 5623 non
1524 5543 1608 5625 est
1655 5543 1827 5645 meus,
1875 5592 1981 5651 pro

2102 4606 2354 4678 demque
2388 4607 3003 4682 notasignari,ntputa
3033 4612 3122 4669 leo
3144 4613 3442 4671 Christum
3464 4617 3771 4690 signiﬁcat

2098 4698 2155 4750 et
2184 4693 2504 4750 diabolum.
2538 4697 2676 4762 Quis
2705 4699 2945 4755 demens
2989 4701 3200 4758 dixerit
3225 4720 3290 4760 eo
3324 4703 3438 4760 loci
3475 4706 3575 4760 ubi
3607 4706 3758 4780 legi-

2097 4786 2194 4838 tur
2226 4801 2238 4839 :
2278 4786 2414 4841 Vicit
2442 4785 2522 4842 leo
2560 4785 2626 4841 de
2672 4787 2823 4843 tribu
2853 4789 3013 4862 juda,
3068 4791 3367 4848 diabolum
3401 4797 3769 4852 monstrari?

2099 4877 2200 4927 aut
2228 4873 2524 4930 Christum
2557 4875 2656 4930 ubi
2681 4876 2895 4950 legitur
2927 4895 2940 4934 :
2974 4881 3171 4936 Libera
3199 4899 3284 4937 me
3312 4883 3378 4939 de
3417 4900 3510 4940 ore
3539 4885 3719 4942 leonis
3738 4891 3766 4940 .9

2100 4961 2264 5016 Patet
2286 4963 2542 5034 profecto
2567 4964 2704 5036 quia
2757 4985 2870 5022 non
2901 4969 3076 5024 verba
3103 4974 3338 5027 tantum
3367 4973 3762 5030 examinanda

2100 5054 2238 5106 sunt
2270 5057 2557 5122 quantum
2597 5054 2966 5127 signiﬁcatio.
2993 5059 3155 5124 Quod
3187 5059 3246 5114 in
3285 5060 3484 5134 Moyse
3521 5079 3761 5134 quoque

2096 5140 2529 5210 comprobatur,
2565 5143 2665 5214 qui
2697 5145 2856 5199 omni
2904 5147 3193 5219 sapientia
3218 5151 3621 5222 zEgyptiorum
3656 5152 3764 5208 im-

2097 5227 2294 5296 butus,
2345 5245 2492 5301 quos
2535 5229 2865 5288 liberalium
2917 5241 3242 5308 repertores
3297 5239 3515 5294 artium
3574 5240 3760 5296 fuisse

2097 5320 2347 5382 constat,
2383 5318 2628 5375 Domino
2660 5338 2722 5377 se
2753 5323 2825 5377 ad
2857 5323 3218 5381 Pharaonem
3249 5326 3505 5383 mittenti
3536 5328 3758 5386 dixisse

2095 5403 2312 5476 legitur
2345 5422 2356 5460 :
2393 5407 2634 5478 Oosecro,
2672 5411 2920 5479 Domine,
2951 5431 3060 5470 non
3090 5431 3213 5472 sum
3251 5417 3508 5487 eloquens
3537 5417 3604 5473 ab
3641 5418 3761 5474 heri

2089 5501 2143 5549 et
2166 5494 2367 5550 nudius
2393 5497 2605 5566 tertius,
2644 5506 2695 5554 et
2744 5517 2814 5556 ex
2837 5518 2940 5575 quo
2989 5505 3207 5576 ccepisti
3252 5505 3406 5578 loqui
3435 5505 3507 5562 ad
3533 5523 3756 5562 servum

2089 5591 2243 5644 tuum
2271 5585 2635 5662 impeditioris
2663 5592 2715 5649 et
2768 5591 3031 5651 tardioris
3064 5593 3274 5670 lingua
3301 5611 3469 5654 sunt"
3505 5595 3754 5656 Fateba~
