4080 6200
450 332 455 337 ι
510 286 663 349 1291

1542 282 1931 344 GUNZONlS
1976 280 2290 343 DIACONI
2335 278 2881 342 NOVARIENSIS.

3762 282 3911 341 1292

452 472 457 481 ,
505 420 689 475 restat
714 433 747 473 e
778 414 1069 473 contrario
1091 417 1158 472 ut
1178 414 1376 471 omnia
1406 413 1714 471 immunda
1748 415 1868 471 sint
1901 414 2155 469 immun-
2180 417 2235 480 Α
2266 411 2569 468 charitatis
2583 428 2697 466 non
2717 409 3011 466 immerito
3034 409 3747 484 ﬁguratur.Centenarius
3766 430 3920 469 nam-

506 507 620 563 dis.
653 506 905 579 Ideoque
950 504 1012 562 in
1044 503 1240 561 divina
1268 502 1393 577 lege
1406 507 1643 560 cautum
1661 508 1786 559 erat
1804 507 1870 560 ut
1891 519 2160 575 quaecun-

509 607 624 669 que
650 593 962 652 immunda
986 593 1334 666 tetigissent,
1352 593 1659 649 immunda
1676 593 1895 648 fonent.
1913 591 2161 648 Verum-

507 690 707 742 tamen
741 683 881 757 quia
908 683 982 739 ab
1010 681 1427 753 ecclesiastico,
1456 687 1521 738 ut
1562 681 1888 749 videbatur,
1920 681 2042 736 viro
2077 680 2162 735 in-

455 758 470 843 :
502 773 725 846 juriam
756 772 1029 841 tuleram,
1062 771 1319 845 graviter
1340 771 1616 838 ferebam,
1668 772 1928 843 quoniam
1964 772 2015 825 si
2045 771 2160 825 iui-

509 863 689 917 micus
712 861 1091 917 maledixisset
1117 859 1280 927 mihi,
1309 861 1692 916 sustinuissem
1707 861 1896 932 utique
1922 880 1942 927 ;
1967 862 2019 915 et
2047 861 2097 914 si
2115 860 2164 914 is

463 1014 469 1019 ,
513 952 610 1024 qui
636 949 825 1007 oderat
850 966 936 1007 me
964 965 1130 1022 super
1177 965 1264 1005 me
1293 965 1498 1019 magna
1543 949 1750 1005 locutus
1797 951 2012 1020 fuisset,
2042 948 2163 1003 abs-

461 1096 465 1103 ,
511 1039 812 1096 condissem
840 1055 928 1095 me
955 1039 1193 1111 forsitan
1227 1038 1295 1093 ab
1323 1054 1402 1093 eo.
1430 1037 1782 1111 lndignabar
1811 1041 2166 1110 quapropter

509 1126 830 1185 vindictam
862 1143 1130 1199 quaerens
1160 1129 1327 1182 motu
1362 1125 1637 1181 humanm
1670 1124 2037 1199 fragilitatis;
2067 1140 2164 1180 ve-

513 1220 847 1273 rumtamen
881 1216 1138 1273 sciebam
1171 1213 1345 1270 illum
1374 1215 1444 1270 de
1476 1231 1590 1286 quo
1622 1230 1814 1270 sermo
1853 1219 1942 1271 est
1970 1214 2029 1269 in
2059 1232 2166 1271 suo

465 1363 477 1371 ,
514 1303 773 1360 conclavi
804 1308 1138 1371 cornutum,
1160 1305 1228 1358 ut
1245 1301 1408 1358 locus
1423 1303 1567 1357 mihi
1595 1302 1792 1358 nullus
1812 1302 2168 1359 defensionis

516 1392 865 1462 haberetur;
915 1392 1171 1449 novitius
1225 1391 1517 1464 siquidem
1575 1407 1756 1458 eram,
1808 1408 1994 1465 neque
2035 1408 2170 1447 vera

466 1540 477 1549 ,
517 1482 732 1537 dicenti
764 1481 909 1537 mihi
935 1482 1082 1537 fides
1113 1480 1512 1549 adhiberetur,
1545 1480 1776 1536 etiamsi
1821 1481 2170 1537 contendere

470 1640 473 1645 η
523 1569 729 1627 vellem
758 1571 1137 1641 ;retardabar
1168 1586 1399 1643 quoque
1430 1576 1715 1643 praecepto
1737 1570 2027 1643 Sapientis
2056 1588 2170 1642 quo

533 1660 748 1716 dicitur
779 1678 793 1716 :
825 1662 900 1717 Ne
928 1660 1248 1732 respondeas
1276 1661 1439 1715 stulto
1460 1661 1628 1731 juxta
1670 1660 1964 1716 stultitiam
1991 1675 2168 1727 suam,

470 1808 477 1813 ,
525 1765 597 1805 ne
622 1750 886 1821 efﬁciaris
915 1750 969 1805 ei
990 1749 1211 1805 similis.
1244 1748 1354 1804 Sed
1378 1748 1761 1821 quiatempus
1790 1753 1878 1804 est
1896 1747 2171 1820 loquendi

420 1843 426 1849 ”
470 1898 478 1903 ,
520 1841 578 1894 et
605 1841 838 1909 tempus
871 1837 1457 1908 tacendi,respondeo
1481 1852 1655 1902 nunc,
1685 1840 1955 1891 monente
1968 1837 2169 1892 eodem

524 1926 798 1998 Sapiente
831 1943 843 1981 :
877 1925 1152 1998 Responde
1179 1924 1346 1980 stulto
1385 1927 1554 1996 juxta
1598 1926 1893 1980 stultitiam
1919 1942 2076 1980 suam
2103 1943 2173 1980 ne

468 2073 487 2084 δ
525 2014 638 2069 sibi
664 2015 882 2085 sapiens
911 2029 1022 2069 esse
1045 2013 1313 2068 videatur.
1345 2017 1479 2068 Haec
1522 2027 1753 2068 mecum
1792 2012 2042 2068 sollicita
2080 2014 2171 2068 in-

519 2100 779 2157 tentione
808 2101 1153 2173 perquirens
1201 2086 1504 2157 scrutabar
1525 2101 1845 2157 accidentia
1887 2118 2167 2174 personae,

526 2174 657 2261 quae
685 2189 874 2246 fraudi
905 2189 1296 2258 convenirent;
1324 2188 1677 2260 deprehendi
1700 2190 1938 2246 tandem
1962 2191 2017 2245 in
2037 2192 2167 2263 ejus

519 2277 686 2335 vultu
717 2277 969 2337 colorem
996 2278 1128 2335 vilis
1159 2277 1401 2347 metalli,
1437 2295 1549 2351 quo
1591 2277 1780 2335 solent
1810 2280 2062 2350 pretiosa
2090 2281 2172 2335 vi-

479 2427 483 2431 ,
520 2367 675 2424 tiari.
704 2367 939 2425 Persius
971 2384 985 2424 :

583 2456 659 2507 Ne
687 2469 796 2522 qua
822 2457 921 2507 sub
952 2461 1098 2508 arato
1126 2456 1446 2508 mendosum
1474 2457 1668 2508 tinniat
1695 2472 1845 2509 auro.

474 2538 485 2621 ς
521 2543 962 2603 Calamistratos
992 2545 1255 2620 capillos,
1276 2547 1526 2605 nitidum
1558 2547 1714 2603 ultra
1729 2564 1908 2620 quam
1938 2553 2167 2621 oporte-

475 2698 487 2711 ο
523 2624 612 2691 ret
639 2633 958 2705 cucullum,
1009 2636 1185 2708 pedes
1234 2635 1762 2693 calceamentorum
1805 2637 2168 2695 adhaerentes

482 2776 487 2783 .
523 2723 771 2795 pedibus
802 2723 900 2797 (4),
933 2739 1005 2780 ne
1035 2723 1235 2781 follere
1279 2724 1508 2796 possint
1540 2741 1552 2780 :
1584 2726 1801 2798 quibus
1839 2726 2071 2783 indiciis
2100 2727 2166 2783 B.

523 2811 911 2884 Hieronymus
939 2829 1226 2886 sponsum
1261 2814 1575 2870 monstrari
1622 2815 1807 2883 doeet,
1844 2815 2118 2888 inquiens
2151 2834 2165 2873 :

523 2897 663 2955 Sunt
690 2900 915 2971 quidam
960 2903 1072 2957 mei
1107 2901 1319 2957 ordinis
1366 2903 1553 2958 clerici
1596 2904 1792 2975 quibus
1837 2921 1971 2961 cura
1998 2911 2077 2962 est
2103 2907 2171 2963 de

517 2987 759 3044 vestibus
787 2989 839 3044 si
868 2988 1000 3045 bene
1027 2989 1225 3056 oleant,
1262 2991 1314 3044 si
1354 2991 1582 3060 ungula
1610 3008 1670 3045 in
1710 2992 1899 3064 digitis
1926 2995 2167 3068 radient,

518 3076 572 3131 si
605 3076 799 3148 capilli
824 3076 1003 3132 nitida
1030 3079 1809 3151 compositioneeomplaceant,
1834 3083 1886 3137 si
1906 3098 2009 3154 per
2038 3085 2169 3142 laxa

2269 518 2380 573 que
2411 501 2701 572 perfectus
2731 504 2822 556 est
2859 516 3165 566 numerus,
3207 516 3326 556 non
3365 504 3603 557 tantum
3659 502 3806 574 quia
3831 503 3922 559 de-

2269 591 2408 646 cade
2437 588 2744 659 solidatur,
2772 593 3062 661 quantum
3092 589 3231 661 quia
3278 588 3490 646 divinis
3519 589 3917 650 voluminibus

2270 683 2532 735 sacratus
2562 676 2873 745 invenitur,
2906 676 3061 733 sicut
3082 677 3143 732 in
3174 678 3483 750 Evangelio
3518 679 3623 734 ubi
3662 678 3916 753 legitur:

2222 816 2225 817 ν
2270 766 2433 822 Aliud
2476 767 2665 822 cecidit
2712 768 2776 821 in
2823 770 3030 822 terram
3079 766 3295 836 bonam,
3342 775 3395 823 et
3428 770 3616 823 ortum
3663 771 3795 841 fecit
3821 772 3923 840 fru-

2269 860 2420 911 ctum
2465 856 2797 928 centuplum.
2833 855 3027 911 Siclus
3074 872 3329 927 namque
3376 857 3664 929 ponderis
3715 860 3920 931 species

2270 948 2327 1001 et
2376 943 2574 999 omnia
2620 943 2902 1000 charitate
2949 944 3364 1016 ponderantur,
3428 946 3587 1002 sicut
3648 948 3923 1020 scriptum

2273 1035 2363 1089 est
2393 1049 2407 1088 :
2440 1035 2504 1088 In
2532 1034 2616 1088 his
2646 1033 2857 1089 duobus
2900 1033 3178 1090 mandatis
3222 1037 3331 1090 tota
3361 1034 3453 1091 lca:
3494 1036 3701 1108 pendet
3738 1045 3793 1093 et
3816 1055 3928 1110 pro-

2268 1123 2469 1195 phetae.
2504 1121 2610 1185 Qui
2644 1121 2773 1177 sicli
2804 1122 2951 1178 bene
2982 1121 3207 1195 argenti
3256 1123 3440 1179 fuisse
3482 1124 3815 1181 dicuntur:
3854 1144 3934 1183 ar-

2274 1216 2517 1283 gentum
2549 1210 2767 1283 quippe
2798 1210 2858 1266 in
2890 1210 3107 1267 divinis
3157 1210 3562 1268 voluminibus
3612 1214 3693 1269 ad
3723 1214 3931 1287 eloquii

2276 1299 2599 1356 claritatem
2630 1300 2894 1365 refertur,
2930 1305 3079 1356 teste
3127 1299 3441 1357 Psalmista
3491 1301 3597 1373 qui
3640 1304 3729 1358 ait
3764 1323 3780 1359 :
3819 1306 3932 1361 Elo-

2276 1391 2410 1461 quia
2437 1389 2676 1457 Domini,
2704 1390 2923 1461 eloquia
2950 1393 3119 1457 casta,
3168 1393 3457 1461 argentum
3481 1392 3619 1460 igne
3646 1396 3931 1449 examina-

2277 1483 2411 1533 tum.
2445 1481 2865 1533 Verumtamen
2885 1477 3024 1549 quia
3049 1495 3084 1533 a
3108 1479 3372 1551 reprobis
3387 1478 3655 1536 charitas
3670 1483 3932 1539 etanimo

2279 1572 2335 1622 et
2364 1566 2555 1623 verbis
2587 1565 3002 1632 contemnitur,
3024 1566 3232 1624 merito
3260 1567 3453 1624 Achar
3476 1574 3535 1625 et
3559 1570 3768 1627 verbis
3792 1576 3859 1627 ut
3878 1572 3933 1628 in

2281 1660 2539 1729 argento,
2573 1659 2630 1711 et
2658 1659 2851 1711 mente
2882 1659 2947 1710 ut
2975 1655 3034 1710 in
3064 1672 3207 1712 auro
3237 1655 3460 1712 furtum
3491 1656 3714 1715 fecisse
3746 1677 3933 1717 narra-

2281 1749 2412 1812 tur;
2435 1743 2495 1799 in
2527 1760 2688 1811 auro,
2724 1743 2876 1799 sicut
2921 1744 3208 1817 scriptum
3237 1749 3327 1801 est
3357 1756 3374 1802 ξ
3426 1746 3536 1815 Qui
3565 1747 3687 1804 odit
3712 1750 3934 1820 fratrem

2279 1849 2457 1899 suum,
2486 1832 2760 1888 homicida
2805 1841 2920 1893 est;
2959 1832 3019 1887 in
3074 1837 3335 1907 argento,
3368 1839 3435 1890 ut
3464 1839 3559 1892 est
3600 1835 3761 1893 illud
3792 1857 3808 1893 :
3841 1839 3935 1907 Qui

2279 1921 2482 1976 dixerit
2528 1923 2664 1993 frati
2717 1938 2816 1977 suo
2857 1923 3045 1990 Fatue,
3105 1937 3229 1978 reus
3282 1932 3389 1980 erit
3441 1923 3724 1996 gehennae
3780 1930 3931 1998 ignis.

2281 2011 2561 2066 Praeterea
2589 2010 2730 2082 quia
2759 2011 3153 2083 suntquidam
3175 2011 3277 2083 qui
3300 2029 3417 2069 non
3432 2013 3719 2072 solumse
3748 2016 3930 2072 fratri-

2279 2100 2390 2155 bus
2417 2097 2701 2171 impertiri
2730 2098 2962 2164 -nolunt,
3008 2100 3109 2155 sed
3158 2101 3440 2158 exteriora
3491 2119 3745 2176 quoque
3771 2106 3929 2161 dene-

2277 2192 2440 2260 gant,
2465 2187 2680 2244 idcirco
2709 2187 2901 2243 Achar
2951 2204 3085 2243 cum
3133 2204 3312 2245 aurea
3357 2191 3588 2265 regula,
3623 2197 3810 2266 atque
3837 2196 3931 2250 du-

2278 2277 2462 2332 centis
2513 2276 2672 2333 siclis
2718 2276 2963 2351 argenti,
3009 2277 3343 2336 coccineum
3391 2296 3638 2353 quoque
3693 2282 3931 2355 pallium

2277 2364 2592 2422 abstulisse
2621 2370 2998 2423 memoratur.
3029 2370 3247 2424 Coccus
3274 2369 3489 2426 etenim
3522 2369 3688 2444 ignei
3732 2372 3931 2430 coloris

2278 2459 2385 2523 est,
2409 2459 2465 2510 et
2495 2453 2750 2511 Charitas
2775 2455 2978 2511 ardere
3008 2455 3366 2527 perhibetur,
3407 2458 3568 2515 sicut
3597 2460 3659 2515 in
3686 2461 3935 2535 Evange-

2277 2543 2356 2598 lio
2388 2542 2602 2616 legitur
2633 2562 2646 2600 :
2680 2545 2869 2600 Nonne
2895 2560 2988 2600 cor
3027 2552 3272 2615 nostrum
3289 2546 3488 2603 ardens
3511 2556 3640 2605 erat
3670 2552 3733 2605 in
3763 2553 3933 2617 nobis,

2275 2649 2400 2687 cum
2429 2633 2738 2705 loqueretur
2764 2634 2824 2688 in
2862 2634 2974 2702 via,
3004 2638 3055 2689 ct
3101 2635 3337 2707 aperiret
3378 2636 3539 2692 nobis
3589 2640 3937 2710 scripturas!

2277 2721 2424 2786 Quid
2449 2721 2628 2795 igitur
2646 2722 2956 2779 decernitis
2986 2719 3017 2777 ?
3042 2723 3243 2779 Nonne
3254 2724 3463 2780 videtis
3494 2726 3647 2797 quia
3667 2727 3733 2783 in
3748 2730 3935 2784 omni-

2277 2811 2388 2867 bus
2409 2811 2468 2866 in
2501 2811 2716 2883 quibus
2747 2811 3128 2868 circumsisus
3142 2812 3332 2868 Achar
3354 2815 3644 2886 peccavit,
3678 2816 3937 2874 cucullu-

2276 2905 2373 2956 tus
2400 2900 2592 2956 Achar
2620 2898 2931 2973 culpabilis
2961 2901 3254 2957 invenitur
3276 2901 3303 2956 ?
3356 2904 3621 2960 Auream
3675 2905 3936 2980 regulam

2277 2988 2551 3062 sublegit,
2585 2990 2820 3061 quando
2852 2991 3132 3047 adversus
3177 2991 3414 3048 fratrem
3456 2993 3935 3059 malevolentiam

2277 3080 2468 3133 mente
2499 3078 2786 3149 concepit,
2811 3079 3093 3134 ducentos
3122 3080 3346 3152 argenti
3374 3080 3553 3138 siclos
3584 3083 3867 3151 abstulit,
3882 3087 3935 3140 in

490 3246 493 3249 Ι
513 3164 658 3236 pelle
684 3180 796 3222 non
820 3165 1029 3237 folleat.
1055 3167 1160 3222 Hos
1204 3167 1339 3222 tales
1368 3182 1494 3222 cum
1538 3167 1759 3238 videns,
1809 3151 1985 3242 magis
2012 3189 2165 3245 span.
2194 3151 2238 3219 C
2277 3181 2343 3221 eo
2372 3167 2526 3237 quod
2559 3165 3022 3223 malevolentiam
3036 3151 3229 3223 mente
3248 3174 3593 3241 conceptam
3624 3174 3936 3230 verborum

483 3268 602 3328 .sos
627 3254 843 3311 aestima
871 3271 1038 3328 quam
1063 3256 1307 3312 clericos.
1332 3255 1477 3312 Hinc
1507 3256 1630 3328 ipse
1669 3259 2003 3331 generalem
2035 3279 2175 3318 sen-

2284 3253 2517 3310 indiciis
2546 3255 2849 3327 patefecit:
2871 3255 3202 3312 coccineum
3217 3274 3446 3330 quoque
3461 3257 3723 3330 pallium
3743 3261 3939 3318 furtim

518 3341 762 3398 tentiam
793 3343 1111 3416 proferens,
1150 3344 1359 3417 inquit.
1393 3348 1505 3401 Nec
1534 3347 1804 3418 affectatae
1840 3349 2047 3420 sordes,
2075 3368 2175 3408 nec
2283 3344 2495 3415 ταρυίΐ,
2548 3344 2784 3415 quando
2824 3345 2963 3416 jura
3008 3344 3420 3417 hospitalitatis
3456 3347 3516 3403 in
3556 3367 3749 3407 usum
3780 3353 3941 3409 vertit

520 3432 807 3505 exquisitae
834 3433 1124 3490 munditia:
1146 3436 1473 3490 conveniunt
1503 3435 1830 3493 Christiano.
1864 3438 1966 3494 His
1997 3440 2176 3512 igitur
2283 3448 2468 3504 pravas
2501 3432 3018 3506 redargutionis.Si
3057 3434 3515 3508 palingenesiam
3555 3438 3653 3495 vel
3701 3446 3943 3497 metem-

482 3584 493 3592 ,
520 3521 863 3594 perspectis,
895 3522 1123 3579 curiose
1151 3522 1353 3578 rimari
1386 3523 1531 3596 cmpi
1562 3529 1761 3581 utrum
1792 3528 2011 3599 proprii
2035 3545 2156 3601 quo-

2280 3521 2570 3593 psycosim
2589 3522 2922 3595 Pythagorea
2945 3522 3123 3579 stulte
3138 3524 3273 3596 quis
3289 3525 3551 3597 accipere
3595 3528 3799 3597 vellet,
3815 3528 3939 3587 ani-

480 3625 632 3682 .que
685 3611 942 3668 nominis
999 3615 1138 3669 nota
1206 3611 1374 3669 factis
1451 3614 1823 3670 consentiret.
1901 3617 2113 3682 Quidni
2145 3618 2174 3674 εἶ
2280 3626 2438 3665 mam
2482 3609 2812 3666 circumcisi
2863 3610 3054 3667 Achar
3101 3612 3325 3685 corpori
3371 3613 3546 3671 istius
3594 3615 3938 3675 nullatenus

516 3695 594 3770 (5)
636 3697 828 3755 Achar
858 3714 1112 3773 namque
1165 3700 1501 3770 vocabatur,
1549 3702 1717 3773 quasi
1765 3719 1835 3759 ex
1884 3706 2167 3778 praesagio
2234 3705 2243 3712 '
2279 3697 2473 3755 inesse
2504 3699 2825 3756 dubitaret.
2858 3701 3118 3757 Curtavit
3167 3700 3265 3757 ille
3296 3702 3449 3759 furto
3478 3706 3937 3779 rempublicam,

516 3786 664 3844 furis
681 3804 893 3845 nomen
923 3788 1227 3862 acceperit.
1276 3788 1489 3847 Notum
1548 3791 1766 3865 quippe
1799 3797 1887 3848 est
1915 3795 2071 3865 quod
2104 3794 2156 3851 in

2276 3787 2698 3861 rempublicam
2767 3788 2952 3845 multo
3005 3790 3194 3863 magis
3250 3790 3359 3848 iste
3431 3798 3671 3850 curtare
3732 3796 3936 3863 voluit,

515 3875 740 3935 excidio
767 3877 1182 3935 Jerichontinaa
1205 3878 1370 3935 urbis
1390 3878 1582 3935 Achar
1610 3880 1763 3937 furto
1782 3898 2018 3938 auream
2040 3901 2168 3941 sus—
2216 3899 2221 3904 ‘
2275 3878 2508 3949 quando
2540 3883 2776 3950 accepto
2805 3878 3035 3949 itinere,
3055 3896 3147 3936 me
3170 3895 3467 3937 removere
3495 3884 3772 3940 mutavit.
3790 3884 3941 3941 Sciet

512 3964 713 4021 tulerit
742 3966 1025 4039 regulam,
1059 3968 1318 4039 certique
1357 3968 1632 4039 ponderis
1662 3967 1838 4025 siclos
1869 3987 2002 4027 cum
2034 3989 2160 4029 coc-

512 4052 675 4109 cineo
719 4052 917 4127 pallio.
971 4054 1155 4127 Igitur
1193 4056 1293 4126 qui
1337 4057 1686 4131 conveniunt
1737 4059 1996 4130 nomina,
2030 4079 2160 4134 per-

480 4142 761 4221 ,scrutari
793 4140 980 4214 liquet
1011 4144 1303 4216 quomodo
1346 4144 1598 4200 duorum
1621 4153 1951 4219 congruunt
1984 4150 2155 4208 facta.

476 4229 961 4302 ,PrimusAchar,
981 4231 1082 4304 qui
1101 4232 1394 4290 anathema
1423 4232 1859 4307 interpretatur,
1892 4238 2173 4311 regulam

507 4335 745 4377 auream
778 4320 1050 4396 sublegit,
1086 4324 1380 4380 secundus
1401 4323 1711 4380 isteAchar
1731 4326 1991 4398 regulam
2007 4328 2155 4385 bene

502 4409 732 4466 vivendi
762 4411 1641 4486 contempsit,regula,namque
1670 4414 1741 4469 ad
1773 4414 1881 4470 hoc
1912 4416 2153 4474 adhibe-

501 4501 601 4554 tur
629 4502 695 4556 ut
732 4499 1018 4557 rectitude
1048 4502 1624 4574 servetur,Quisquis
1643 4503 1858 4559 etenim
1890 4506 2151 4578 regulam

498 4587 650 4644 bene
687 4588 913 4645 vivendi
946 4590 1433 4662 spernit,auream
1454 4591 1607 4647 furto
1625 4608 1891 4649 normam
1922 4594 2152 4651 subtra-

470 4676 606 4743 ,hit.
631 4677 693 4732 In
735 4693 903 4733 sacra
932 4695 1185 4751 namque
1212 4680 1508 4752 Scriptura
1555 4697 1763 4737 aurum
1801 4681 2145 4757 plerumque

474 4766 571 4845 ad
605 4765 973 4838 splendorem
1025 4769 1325 4841 sapientiae
1355 4770 1620 4826 refertur.
1670 4770 1814 4827 Hinc
1843 4772 1904 4826 B.
1938 4776 2144 4846 Grego-

495 4854 622 4911 rius
653 4856 924 4924 :Aurum,
957 4856 1168 4929 inquit,
1207 4860 1312 4914 Deo
1359 4860 1657 4931 offerimus,
1688 4861 1740 4914 si
1767 4861 1823 4914 in
1855 4870 2141 4933 conspectu

496 4944 654 5000 illius
682 4944 801 5001 luce
828 4946 1109 5018 sapientiae
1150 4947 1569 5019 resplendemus.
1603 4948 1764 5012 Quod
1795 4948 1976 5006 furari
2007 4968 2139 5008 con-

492 5029 742 5089 vincitur
760 5034 1031 5108 quisquis
1048 5039 1351 5108 acceptum
1374 5053 1407 5091 a
1424 5036 1537 5092 Deo
1567 5035 1866 5110 ingenium
1889 5040 2061 5095 vertit
2076 5040 2138 5096 in

468 5133 670 5200 .usum
699 5138 886 5192 prava:
917 5124 1290 5197 operationis.
1335 5124 1627 5182 Ducentos
1684 5143 1915 5200 quoque
1962 5127 2137 5186 siclos

490 5204 647 5264 idem
672 5209 862 5266 Achar
889 5211 1116 5271 furatus
1146 5214 1379 5287 dicitur,
1411 5233 1513 5287 per
1528 5232 1675 5287 quos
1690 5216 1926 5289 gemina
1951 5217 2137 5274 virtus

458 5407 537 5442 -L
661 5348 1250 5442 YifiLettlrlegendum.
1266 5357 1525 5430 pollibus,
1560 5357 1737 5442 idque
1766 5360 1909 5442 satis
1940 5360 2137 5442 innuit

460 5419 1045 5568 ,glcgztsebsequeris
1076 5445 1145 5483 ex
1187 5419 1555 5504 Hieronymo,
1606 5419 1658 5486 si
1688 5448 1787 5503 pes
1838 5431 1967 5487 laxa
1988 5433 2135 5503 pelle

555 5565 637 5644 (ὅ)
668 5564 773 5626 Hic
811 5564 967 5627 haud
1017 5566 1230 5632 obcure
1273 5570 1537 5651 designat
1578 5571 1989 5635 Ekkheardum
2048 5590 2133 5634 se-

2272 3965 2513 4021 forsitan
2534 3965 2728 4039 etipse
2757 3972 3043 4039 quantum
3060 3968 3343 4024 damnum
3361 3970 3436 4026 rei
3446 3970 3700 4044 publica
3721 3973 3936 4030 inferre

2268 4054 2473 4123 voluit,
2507 4071 2640 4110 cum
2671 4059 2984 4128 postquam
3009 4057 3159 4125 veni,
3210 4058 3351 4130 quid
3398 4058 3537 4117 utile
3569 4062 3801 4134 egerim
3841 4080 3940 4119 eo.

2267 4142 2549 4215 gnoverit.
2578 4143 2815 4202 Amalec
2844 4144 2904 4200 in
2934 4145 3029 4201 via
3057 4145 3203 4202 mihi
3234 4147 3509 4215 occurrit,
3535 4154 3927 4225 coeptumque

2265 4232 2376 4287 iter
2404 4232 2793 4289 intercludere
2822 4233 3021 4303 voluit,
3054 4236 3227 4307 cujus
3259 4238 3610 4294 memoriam
3640 4240 3716 4296 de
3745 4241 3923 4297 terris

2264 4336 2326 4375 se
2341 4320 2626 4377 Dominus
2651 4321 2985 4379 ablaturum
3028 4324 3438 4381 comminando
3454 4326 3932 4399 promisit.Ama~

2262 4409 2347 4465 lec
2377 4410 2593 4483 quippe
2635 4411 2878 4466 lambens
2917 4412 3153 4483 populus
3194 4412 3639 4487 interpretatur,
3671 4418 3772 4473 cui
3803 4434 3930 4473 me-

2181 4522 2228 4588 D
2262 4498 2374 4555 rito
2403 4504 2816 4572 comparentur
2855 4500 2954 4573 qui
3015 4500 3345 4558 litterarum
3395 4505 3781 4577 superficiem
3824 4506 3931 4562 lin-

2261 4592 2427 4660 gunt,
2447 4592 2504 4644 et
2523 4589 2595 4644 ad
2613 4593 2822 4661 gustus
2844 4588 3213 4647 dulcedinem
3231 4609 3346 4648 non
3360 4594 3714 4664 perveniunt
3733 4613 3748 4649 :
3775 4613 3924 4669 quos

2255 4677 2601 4751 hyprocritis
2631 4678 3055 4750 comparandos
3089 4678 3291 4736 nullus
3321 4680 3515 4737 fidelis
3543 4682 3806 4747 dubitat,
3820 4685 3921 4757 qui

2253 4767 2393 4822 dum
2427 4768 2557 4823 ficte
2588 4771 2767 4823 Deum
2794 4771 3081 4839 quaerunt,
3138 4767 3399 4824 invenire
3439 4786 3553 4825 non
3583 4777 3922 4840 merentur,

2248 4873 2395 4929 quos
2427 4856 2734 4911 mundanae
2765 4854 3103 4911 litteratura
3141 4856 3454 4929 scriptores
3475 4858 3677 4915 servili
3708 4861 3921 4916 θουάὶ-

2244 4946 2389 5004 tioni
2421 4946 2723 5017 deputant,
2748 4949 2814 5001 ut
2842 4949 2931 5001 est
2954 4943 3097 5000 illud
3127 4945 3425 5002 Juvenalis
3458 4964 3473 5002 :

2307 5036 2413 5085 Nos
2441 5032 2726 5097 colaphum
2756 5033 3045 5083 incutimus
3072 5033 3329 5085 lambenti
3356 5036 3598 5085 crustula
3627 5051 3812 5089 servo.

2247 5124 2579 5180 Mirandum
2606 5128 2801 5179 tamen
2832 5127 2921 5179 est
2949 5140 3053 5178 cur
3088 5123 3455 5181 miserrimus
3485 5124 3775 5183 inviderit
3802 5128 3907 5184 bo-

2246 5229 2388 5268 num
2410 5212 2561 5280 aliis,
2593 5212 2750 5286 quod
2781 5211 3156 5284 profuturum
3205 5213 3316 5268 sibi
3358 5212 3567 5270 noluit.
3611 5215 3770 5272 Proh
3804 5215 3916 5271 do—

2245 5357 2488 5430 niorem,
2540 5355 2640 5429 qui
2674 5355 2747 5430 in
2787 5360 2843 5411 S.
2894 5355 3301 5430 Galliqscholis
3346 5357 3766 5430 magisterium
3799 5356 3910 5413 ali-

2244 5429 2489 5504 quando
2517 5427 2743 5504 _ten_uit_,_
2792 5431 2995 5504 postea
3042 5428 3302 5504 decanus
3342 5427 3609 5504 effectus,
3641 5428 3908 5485 oblatam

2241 5499 2418 5582 etiam
2441 5499 2669 5582 abbatis
2689 5499 3034 5582 dignitatem
3047 5500 3355 5582 recusavit,
3378 5516 3496 5582 non
3513 5500 3740 5575 dignus
3750 5506 3904 5560 certe

2240 5578 2364 5634 tam
2396 5570 2652 5635 mordaci
2679 5573 2736 5630 et
2760 5570 3040 5630 indecora
3068 5571 3540 5650 reprehensione.
