4086 6188
295 300 452 361 1293

1349 294 1598 355 EPIST.
1645 296 1746 354 AD
1792 295 2149 356 FBATRES
2193 296 2659 359 AUGIENSES.

3515 370 3520 372 _
3547 309 3702 368 1294

293 431 417 488 lor!
451 428 756 486 diabolum
787 428 1053 483 imitatus
1075 431 1182 494 est,
1203 427 1300 498 qui
1330 428 1547 483 bonum
1573 428 1729 499 quod
1760 428 1949 500 perdi-
1974 429 2028 496 Î‘
2058 427 2275 500 ingenii
2307 428 2659 501 quihusdam
2682 430 2952 486 litteratis
2983 432 3387 504 praferuntur.
3412 434 3605 494 Ulixes
3625 443 3706 494 vi-

293 521 379 576 dit
429 518 655 574 homini
713 517 938 572 invidit.
973 517 1242 571 Humana
1287 517 1432 571 facie
1493 516 1639 572 tales
1697 515 1952 571 belluina

298 612 495 664 mente
523 610 949 672 monstrantur,
978 605 1049 660 de
1078 604 1295 677 quibus
1325 604 1382 658 in
1416 604 1724 677 Evangelio
1754 604 1950 659 Domi-

295 714 408 752 nus
439 695 702 767 loquitur
729 712 742 750 :
775 697 834 750 In
864 694 1197 749 vestimentis
1218 695 1401 749 ovium
1432 696 1675 760 veniunt,
1700 695 1953 748 intrinse-

299 803 394 841 cus
425 789 608 840 autem
654 787 784 839 sunt
831 784 950 855 lupi
978 799 1220 854 rapaces.
1255 782 1489 838 Utinam
1550 781 1722 838 vellet
1773 783 1823 836 is
1880 782 1950 838 de

297 892 415 947 quo
451 873 658 944 loquor
688 888 917 927 mecum
949 871 1004 926 in
1041 876 1354 942 conspectu
1381 876 1568 926 vestro
1599 870 1946 937 conversari,

291 979 543 1035 quorum
575 961 952 1034 prudentiam
997 961 1068 1015 ab
1115 961 1355 1032 antiquo
1386 963 1704 1032 spectatam
1738 957 1942 1014 audio!

289 1051 440 1106 Nola
480 1054 618 1106 sunt
666 1049 811 1105 mihi
853 1049 1045 1104 Achar
1094 1050 1268 1116 furta,
1321 1053 1460 1103 nota
1509 1049 1625 1103 ficti
1676 1047 1947 1103 monachi

288 1138 718 1206 fraudulentia;
751 1155 929 1210 quam
962 1137 1118 1194 mala
1160 1138 1369 1192 incude
1401 1136 1626 1209 spicula
1655 1139 1783 1208 ejus
1814 1153 1948 1209 pro-

287 1230 579 1284 ducantur
607 1245 722 1284 non
777 1227 1003 1300 ignoro,
1037 1244 1214 1299 quam
1248 1225 1504 1281 invalida
1553 1242 1732 1281 manu
1777 1227 1943 1296 jacu-

285 1317 482 1374 lentur
536 1321 810 1389 expertus
867 1333 1021 1372 sum.
1055 1314 1288 1371 Noverit
1327 1315 1631 1370 Horatium
1691 1332 1794 1386 pro
1854 1330 1946 1369 me

287 1407 632 1462 minantem.
669 1405 730 1460 In
765 1404 952 1460 malos
996 1405 1358 1477 asperrimus
1400 1409 1602 1476 parata
1651 1403 1790 1459 tollo
1821 1421 1944 1459 cor-

289 1511 408 1550 nua
437 1493 628 1566 qualis
653 1493 920 1549 Sicambe
965 1497 1198 1565 spretus
1250 1493 1427 1548 infido
1459 1510 1656 1566 gener,
1688 1498 1789 1548 aut
1818 1510 1948 1548 acer

287 1583 477 1638 hostis
509 1582 750 1655 Bupalo.
783 1585 868 1637 An
902 1581 948 1638 si
982 1582 1117 1653 quis
1143 1587 1268 1637 atro
1300 1583 1471 1637 dente
1521 1599 1614 1638 me
1659 1581 1943 1653 petiverit,

286 1671 514 1728 inultus
563 1677 628 1726 ut
678 1672 824 1727 flebo
856 1672 1042 1744 puer?
1089 1672 1268 1727 Dares
1322 1671 1584 1727 Siculum
1643 1674 1946 1728 attentavit

285 1759 580 1816 Entellum
654 1761 908 1816 lascivus
981 1760 1306 1816 monachus
1373 1762 1708 1816 Guuzouem
1784 1761 2022 1861 Itali-B

291 1863 449 1903 cum.

352 1957 569 2006 Noverit
598 1958 814 2006 incauto
843 1956 1080 2006 Entellus
1109 1957 1386 2005 conanime
1416 1957 1616 2018 lapsus,

350 2019 464 2076 Qua
488 2019 539 2066 vi
570 2019 859 2081 perculerit
887 2022 1210 2081 prostratum
1242 2031 1381 2080 pene
1413 2019 1620 2067 Dareta.

357 2114 608 2173 Causam
664 2115 912 2188 querela:
962 2114 1287 2180 audivistis,
1324 2115 1463 2186 quid
1522 2116 1698 2170 etiam
1745 2118 1948 2171 contra

288 2204 550 2259 studium
583 2203 940 2261 litteratoria:
981 2204 1359 2276 professionis
1402 2204 1590 2259 hostis
1622 2205 1816 2259 nescio
1847 2210 1949 2260 aut

284 2292 497 2364 hospes
529 2293 714 2364 egerit
764 2296 992 2364 oportet
1038 2291 1310 2347 audiatis.
1352 2292 1678 2347 Adveniens
1727 2292 1947 2347 defere-

284 2381 419 2436 bam
448 2398 594 2452 pene
618 2385 856 2437 centum
889 2381 1176 2437 librorum
1201 2379 1521 2447 volumina,
1546 2398 1710 2435 arma
1732 2380 1953 2436 scilicet

288 2470 617 2541 pacis,quaa
637 2470 810 2526 vertit
831 2469 1063 2525 invidus
1090 2469 1278 2524 hostis
1310 2470 1370 2523 in
1401 2469 1660 2524 studium
1696 2469 1946 2546 furoris;

284 2559 436 2614 inter
465 2575 592 2630 quae
621 2561 743 2614 erat
768 2557 1040 2614 Martiani
1071 2558 1129 2612 in
1159 2575 1235 2613 vu
1257 2557 1598 2613 liberalibus
1619 2557 1949 2630 disciplinis

287 2647 585 2702 succincta
645 2647 896 2715 veritas;
961 2664 1140 2718 quam
1197 2647 1685 2702 contemnendam
1743 2650 1952 2718 putant

289 2735 388 2808 qui
422 2735 628 2790 fabulae
652 2735 1028 2792 solummodo
1054 2735 1540 2792 delectationibus
1563 2735 1948 2804 oblectantur,

293 2825 393 2896 qui
425 2842 540 2879 non
563 2825 787 2897 integre
813 2825 1061 2897 capitur,
1086 2825 1136 2880 si
1159 2824 1420 2880 veritatis
1443 2825 1696 2896 qualitas
1724 2825 1953 2896 ignora-

301 2917 417 2968 tur.
449 2913 874 2986 Deportabatur
921 2930 1155 2985 quoque
1201 2912 1457 2968 Platonis
1505 2913 1563 2970 in
1607 2913 1822 2968 Timaeo
1862 2913 1954 2968 vix

287 3001 586 3064 intellecta
616 3002 1006 3074 profunditas,
1041 3001 1383 3057 Aristoteles
1414 3001 1473 3056 in
1518 3002 1666 3056 libro
1700 3001 1823 3057 Peri
1853 3003 1952 3056 Er-

288 3092 535 3157 menias,
559 3095 660 3147 aut
691 3091 910 3146 nostris
935 3091 1030 3146 vix
1059 3090 1424 3163 temporibus
1453 3095 1673 3146 tentata
1694 3095 1796 3146 aut
1828 3107 1942 3146 non

2047 533 2197 590 .gore
2231 517 2450 590 ingenii
2485 519 2760 575 omnibus
2792 519 2891 592 qui
2921 520 3092 576 Ilium
3127 538 3533 595 oppugnavere
3562 543 3705 599 prae-

2061 605 2215 662 latus
2234 611 2340 674 est,
2357 609 2500 664 adeo
2524 612 2586 663 ut
2603 609 2783 664 armis
2801 608 3044 666 Achillis
3065 610 3225 666 solus
3249 613 3520 670 inventus
3538 616 3612 672 sit
3627 617 3709 672 di-

2060 711 2232 768 gnus.
2266 696 2538 768 Legimus
2571 715 2805 769 quoque
2848 699 3219 769 prudentiam
3246 701 3402 769 Adae,
3436 719 3555 775 qua
3583 720 3708 760 om-

2061 784 2235 839 nibus
2256 787 2540 840 creaturis
2563 787 2800 842 nomina
2820 786 3314 858 imposuerit,nou
3337 794 3533 847 tamen
3553 793 3706 864 quod

2059 874 2501 944 grammaticam
2535 875 2788 943 sciverit,
2813 875 2925 931 nisi
2949 877 3094 931 forte
3115 878 3174 932 S.
3201 877 3350 933 Galli
3382 881 3709 938 monachus

2057 961 2139 1016 ita
2168 961 2306 1018 velit
2348 964 2603 1034 primum
2656 963 2956 1020 hominem
3003 970 3264 1022 creatum
3321 972 3388 1023 ut
3441 969 3707 1028 omnium

2059 1050 2360 1106 scientiam
2395 1053 2617 1108 noverit
2638 1054 2875 1121 artium,
2900 1071 3078 1126 quam
3109 1057 3403 1127 peccando
3425 1058 3706 1116 amiserit.

2057 1140 2219 1204 Quod
2251 1140 2300 1195 si
2330 1140 2411 1196 ita
2453 1145 2562 1208 est,
2587 1158 2790 1197 omnes
2821 1141 3089 1198 homines
3132 1143 3437 1200 scientiam
3469 1152 3710 1204 natura-

2056 1225 2189 1283 liter
2208 1229 2473 1284 omnium
2493 1229 2780 1286 habemus
2798 1230 3040 1300 artium;
3062 1237 3404 1305 corruptum
3426 1235 3527 1290 sed
3550 1235 3708 1292 enim

2056 1316 2114 1369 in
2168 1317 2357 1388 primo
2406 1317 2643 1373 homine
2693 1318 3001 1374 arbitrium
3054 1319 3326 1393 legimus,
3355 1339 3471 1378 nou
3519 1324 3708 1380 scien-

2055 1405 2197 1460 tiam
2230 1407 2443 1462 artium
2487 1406 2863 1462 interclusam
2899 1425 2910 1463 :
2946 1409 3155 1464 viderit
3201 1409 3302 1482 qui
3348 1414 3568 1482 potest;
3601 1429 3709 1470 nos

2057 1498 2254 1549 tamen
2280 1495 2338 1550 in
2367 1513 2428 1551 re
2449 1496 2629 1552 dubia
2651 1513 2722 1551 ne
2744 1501 3266 1564 controversemur,
3278 1498 3485 1556 vilium
3511 1516 3710 1559 rerum

2057 1589 2414 1656 quaprOpter
2440 1585 2893 1640 controversiam
2917 1586 3198 1658 pertinaci
3223 1587 3512 1645 cucullato
3538 1589 3712 1646 relin-

2056 1688 2330 1742 quamus,
2359 1691 2531 1745 quem
2555 1675 2835 1745 putabam
2857 1673 3005 1730 velle
3034 1675 3303 1747 stipulari
3325 1694 3360 1732 a
3383 1693 3477 1733 me
3505 1677 3711 1735 funda-

2055 1765 2255 1816 menta
2284 1760 2462 1817 totius
2485 1762 2763 1817 orationis
2788 1779 2800 1817 :
2828 1764 2878 1818 1.
2903 1764 3202 1828 Quomodo
3233 1765 3314 1820 ita
3339 1782 3403 1822 se
3431 1765 3707 1832 habeant,

2057 1852 2122 1902 ut
2153 1866 2340 1920 neque
2377 1850 2624 1916 vocales,
2659 1867 2848 1923 neque
2887 1853 3286 1922 semivocales,
3318 1871 3504 1927 neque
3536 1860 3710 1912 mutae

2055 1937 2230 1992 certis
2259 1938 2467 2008 spatiis
2512 1938 2858 2008 limitentur,
2890 1941 2990 1996 sed
3037 1942 3314 1998 confundi
3361 1943 3446 1999 sic
3473 1943 3712 2000 videan-

2055 2029 2172 2089 tur,
2205 2030 2269 2078 ut
2317 2025 2558 2080 cuilibet
2605 2027 2786 2081 stulto
2827 2044 2965 2083 casu
3024 2030 3222 2100 positae
3279 2031 3474 2102 potius
3532 2048 3712 2102 quam

2057 2113 2279 2168 ratione
2328 2113 2674 2170 habeantur.
2707 2118 2760 2170 2.
2795 2119 2908 2170 Cur
2953 2116 3254 2189 digamma
3299 2122 3433 2190 post
3478 2120 3713 2177 Latinas

2058 2204 2360 2272 acceptum
2402 2200 2628 2256 litteras
2673 2219 2789 2257 non
2834 2207 2968 2274 post
2995 2219 3046 2272 v,
3078 2203 3258 2259 veluti
3285 2221 3346 2271 Ï„Îµ,
3379 2206 3480 2261 sed
3524 2212 3659 2278 post
3685 2222 3716 2262 c

2059 2289 2390 2345 collocetur.
2424 2289 2477 2343 3.
2515 2290 2808 2346 Liberales
2839 2291 3161 2362 disciplina:
3207 2294 3532 2350 secundum
3574 2313 3712 2368 pro-

2059 2378 2248 2450 priam
2279 2379 2397 2432 vim
2430 2395 2502 2433 an
2544 2396 2647 2451 pro
2679 2383 2852 2451 captu
2902 2397 3029 2436 sese
3079 2381 3527 2453 percipientium
3581 2400 3713 2456 per-

2059 2471 2399 2522 noscantur.
2434 2467 2579 2522 Nam
2630 2468 2903 2524 dubitant
2933 2469 3172 2540 quidam
3219 2474 3418 2526 utrum
3458 2470 3543 2526 uti
3574 2477 3715 2528 sunt

2061 2560 2357 2627 prmceptce
2407 2556 2544 2611 sint.
2571 2558 2622 2611 4.
2663 2559 2915 2613 Donatus
2947 2575 3020 2613 an
3071 2558 3403 2615 Priscianus
3433 2559 3713 2617 orationis

2060 2650 2256 2716 partes
2286 2645 2656 2700 ordiuaverit.
2679 2647 2731 2700 5.
2759 2647 2901 2709 Quis
2932 2647 3142 2702 horum
3187 2647 3568 2705 difï¬nitioues
3599 2649 3711 2706 eis-

2061 2733 2194 2788 dem
2227 2733 2493 2805 partibus
2524 2739 2580 2788 et
2609 2733 3010 2790 accidentibus
3038 2735 3122 2791 eis
3161 2735 3397 2808 dignius
3427 2737 3716 2794 attribue-

2062 2820 2138 2875 rit
2171 2839 2183 2876 :
2219 2837 2499 2894 magnum
2529 2822 2820 2893 siquidem
2849 2822 3108 2879 laborem
3134 2825 3538 2896 expenderuut
3567 2825 3714 2883 anti-

2061 2911 2163 2982 qui
2193 2910 2252 2964 in
2285 2911 2624 2966 ordinandis
2655 2916 2712 2967 et
2740 2913 3200 2969 determiuandis
3230 2913 3426 2969 rebus.

2133 3001 2206 3054 De
2232 3001 2611 3070 grammatica.
2636 3000 2807 3055 Putat
2830 3000 3077 3056 fortasse
3098 3001 3362 3057 tumidus
3387 3003 3715 3060 monachus

2063 3088 2510 3160 grammaticam
2541 3104 2644 3143 ceu
2676 3088 2787 3144 vile
2819 3089 3100 3160 quiddam
3130 3089 3359 3146 cucullo
3389 3107 3498 3147 suo
3530 3091 3715 3148 couti-

287 3184 591 3250 perspecta
619 3179 969 3246 obscuritas,
998 3179 1292 3235 Ciceronis
1335 3179 1778 3252 Aristotelisque
1824 3197 1936 3234 non
1971 3157 2012 3224 (á¼¶
2049 3176 2249 3242 tiueri;
2284 3193 2399 3230 non
2448 3181 2647 3231 tamen
2679 3177 2759 3231 ita
2805 3181 2913 3246 est,
2938 3176 3120 3233 semel
3151 3182 3383 3252 tergum
3434 3180 3564 3251 ejus
3615 3197 3710 3236 as-

287 3272 514 3323 contem
525 3269 717 3324 nanda
730 3267 1154 3340 Topicoporum
1173 3267 1449 3339 dignitas.
1471 3267 1531 3322 In
1550 3268 1765 3339 qu1bus
1784 3267 1940 3322 aliis-

289 3373 400 3428 que
429 3374 562 3412 cum
597 3373 690 3412 me
731 3356 1209 3429 interrogandum
1251 3361 1539 3428 putarem,
1564 3372 1936 3428 nequaquam

2050 3265 2226 3336 pexit,
2248 3269 2304 3319 et
2331 3264 2612 3320 festinans
2635 3269 2700 3319 ut
2725 3265 2931 3321 faciem
2963 3267 3014 3321 ei
3030 3271 3326 3334 cerneret,
3350 3268 3706 3339 impactioue

2048 3353 2214 3424 pedis
2244 3352 2470 3418 cecidit,
2502 3357 2559 3407 et
2587 3353 2680 3407 vix
2717 3355 2785 3408 ad
2838 3353 3118 3409 sessionis
3151 3355 3278 3424 ejus
3325 3359 3522 3425 partes
3568 3372 3705 3427 per-

291 3443 493 3500 vilium
528 3462 723 3501 rerum
757 3449 939 3514 motu,
974 3446 1074 3501 sed
1119 3445 1372 3518 desuper
1402 3445 1652 3500 immissi
1686 3446 1940 3516 impetus
2047 3441 2299 3507 venit,ex
2328 3458 2444 3512 quo
2487 3446 2542 3496 et
2587 3443 2868 3513 superbit.
2901 3443 3033 3498 Hazc
3065 3442 3282 3498 femina
3311 3441 3479 3498 aliter
3506 3459 3702 3516 gram-

291 3534 576 3604 gravitate
607 3532 1138 3598 sollicitabar.Quis
1165 3536 1396 3606 putaret
1425 3551 1486 3589 se
1517 3533 1940 3605 reprehenden-

288 3622 428 3677 dum
461 3623 520 3677 iu
552 3623 729 3678 unius
755 3639 929 3677 casus
962 3622 1304 3689 mutatione,
1325 3623 1416 3677 cui
1443 3627 1593 3677 Deus
1620 3621 1787 3694 plura
1810 3638 1942 3675 cou-

287 3711 577 3766 cesserit?
607 3711 731 3766 Non
765 3713 1045 3782 putabam
1077 3710 1266 3766 Achar
1297 3711 1482 3766 furem
1513 3709 1721 3777 vivere,
1756 3725 1942 3781 neque

288 3799 602 3854 transitum
635 3799 967 3854 animarum
1001 3800 1326 3854 secundum
1350 3799 1735 3871 Pythagoram
1768 3799 1826 3852 in
1855 3799 1940 3854 di-

287 3904 455 3943 versa
485 3905 728 3960 corpora
757 3888 912 3956 fieri;
947 3906 1072 3960 quae
1105 3888 1151 3943 si
1187 3889 1524 3959 reciperem,
1548 3888 1808 3943 animam
1841 3889 1942 3944 ho-

294 3976 472 4032 minis
503 3977 727 4048 corpori
761 3977 949 4049 ipsius
981 3975 1252 4032 mouachi
1295 3977 1634 4033 inviderem.
1661 3978 1946 4032 Sordibus

297 4065 397 4136 qui
429 4066 679 4122 fcedatus
709 4082 951 4137 porcum
986 4065 1156 4129 uniit,
1181 4065 1489 4120 fraudibus
1517 4066 1799 4138 gaudens,
1826 4083 1944 4122 me-

305 4153 414 4209 rito
469 4155 666 4210 anima
711 4153 1028 4226 vulpeculae
1073 4154 1413 4210 vivificatur.
1448 4155 1527 4209 Ne
1587 4155 1805 4226 putetis
1857 4171 1949 4209 me

299 4243 431 4298 odio
462 4242 642 4315 loqui.
660 4243 826 4299 Absit
853 4249 915 4298 ut
937 4243 1067 4298 odio
1097 4243 1343 4298 habeam
1370 4243 1525 4315 quod
1551 4243 1812 4299 humana
1833 4244 1954 4300 effi.

299 4330 423 4403 gies
453 4330 737 4386 viventem
771 4331 1068 4386 hominem
1117 4336 1425 4387 monstrat.
1460 4333 1604 4386 Nam
1635 4331 1772 4387 licet
1804 4332 1950 4388 acci-

293 4419 531 4474 dentem
567 4418 790 4474 homini
824 4420 1145 4492 nequitiam
1177 4420 1310 4475 odio
1355 4421 1626 4486 habeam,
1657 4421 1835 4494 diligo
1866 4426 1951 4477 ta-

299 4524 433 4562 men
457 4508 871 4575 substantiam,
888 4509 1155 4580 quamvis
1178 4508 1308 4580 ipsa
1331 4526 1562 4580 quoque
1581 4509 1805 4564 malitia
1824 4527 1955 4566 con-
1981 4529 2028 4594 D

298 4600 391 4651 tra
422 4601 619 4652 votum
667 4613 727 4652 se
775 4597 1130 4668 possidentis
1179 4597 1321 4652 mihi
1370 4598 1668 4669 profuerit.
1702 4599 1847 4654 Nam
1897 4605 1954 4655 et

295 4684 617 4740 multorum
649 4684 885 4741 fraudes
918 4687 1206 4757 patefecit,
1240 4691 1384 4742 teste
1412 4687 1666 4754 Marone,
1692 4687 1792 4759 qui
1823 4688 1902 4743 ait
1934 4707 1947 4743 :

355 4789 554 4898 1Accipe
585 4803 729 4840 nunc
759 4793 1002 4842 Danaum
1036 4793 1257 4841 insidias
1293 4796 1344 4842 et
1373 4793 1592 4842 crimine
1621 4795 1687 4843 ab
1717 4807 1826 4843 uno

403 4864 508 4898 isce
539 4865 746 4898 omnes.

403 4864 508 4900 ISCB
539 4865 746 4903 omnes.

289 4949 480 5019 Atque
511 4949 831 5006 multorum
865 4952 1258 5025 ignorantiam
1293 4954 1554 5022 nudavit,
1580 4956 1950 5026 apertissimo

295 5041 492 5092 autem
521 5037 738 5095 iudicio
772 5057 833 5096 se
861 5042 1015 5113 apud
1047 5041 1313 5097 indoctos
1343 5042 1630 5098 nutritum
1665 5050 1948 5100 monstra-

291 5125 395 5189 vit,
421 5126 521 5196 qui
552 5129 1028 5199 pronuntiatione
1076 5130 1252 5185 unius
1300 5147 1472 5185 casus
1520 5132 1699 5186 animi
1749 5150 1952 5188 conce-

294 5214 526 5286 ptiones
558 5217 954 5288 deprehensas
986 5219 1232 5291 putavit.
1264 5219 1422 5291 Saepe
1455 5221 1786 5276 audivimus
1817 5221 1954 5276 vilia

295 5319 538 5374 quaeque
569 5307 794 5362 ornatis
845 5307 958 5364 dici
991 5308 1204 5377 verbis,
1231 5313 1468 5364 econtra
1497 5309 1675 5380 digna
1721 5309 1949 5381 prolatu

293 5390 395 5446 vili
449 5410 720 5450 sermone
773 5398 984 5462 notari,
1016 5396 1195 5452 veluti
1229 5398 1278 5451 si
1312 5383 1521 5453 nomen
1575 5398 1793 5454 diaboli
1849 5417 1952 5454 au-

294 5479 410 5536 reis
461 5480 675 5539 litteris
724 5485 855 5556 quis
914 5486 1150 5552 scribat,
1197 5486 1296 5542 Dei
1354 5490 1551 5542 autem
1605 5494 1950 5544 atramento.

293 5569 582 5628 Praeterea
625 5573 767 5646 quid
819 5577 889 5631 de
947 5575 1040 5631 his
1097 5574 1442 5631 hominibus
1499 5575 1810 5632 dicendum
1867 5583 1956 5634 est

297 5658 397 5737 qui
430 5660 557 5724 sine
607 5661 817 5737 litteris
847 5663 1089 5726 vivunt?
1129 5665 1333 5726 Nonne
1388 5665 1629 5743 quidam
1686 5666 1956 5739 acumine

2051 3530 2303 3596 maticis,
2354 3530 2521 3586 aliter
2573 3530 2870 3586 Aristoteli
2928 3531 3100 3586 cedit.
3134 3530 3278 3586 Huic
3335 3532 3544 3588 suadet
3601 3549 3706 3604 per

2050 3618 2322 3690 obliquos
2351 3636 2523 3674 casus
2573 3636 2687 3674 nou
2719 3635 2890 3690 posse
2921 3620 3161 3675 nomina
3214 3619 3348 3687 dici,
3381 3618 3498 3676 illis
3528 3619 3705 3676 etiam

2052 3709 2110 3762 in
2141 3707 2397 3779 obliquis
2442 3725 2612 3780 posse
2643 3707 2989 3780 nuncupari.
3023 3707 3153 3762 Haec
3187 3708 3466 3780 figuratas
3511 3707 3705 3765 elocu-

2051 3797 2238 3852 tiones
2296 3797 2608 3868 aliquando
2660 3795 2742 3851 sic
2794 3801 3235 3868 commemorat,
3269 3801 3334 3852 ut
3379 3796 3472 3852 cui
3529 3813 3708 3870 gener

2054 3885 2260 3955 subjici
2296 3885 2543 3940 debeant
2585 3886 2873 3941 ostendat.
2899 3885 3083 3940 Multa
3135 3890 3280 3958 praet
3304 3903 3437 3942 erea
3494 3889 3704 3953 servat,

2055 3975 2115 4030 in
2148 3973 2364 4046 quibus
2393 3974 2707 4030 stultorum
2755 3975 3052 4031 temeritas
3098 3979 3274 4030 errat.
3307 3975 3572 4032 Habeant
3619 3979 3707 4031 ta-

2058 4080 2190 4118 men
2222 4063 2372 4118 hanc
2404 4063 2619 4135 quibus
2652 4063 2896 4136 contigit
2924 4062 3132 4119 saltem
3164 4064 3223 4119 in
3246 4063 3470 4120 somnis
3489 4063 3708 4120 vidisse

2059 4153 2400 4218 Minervam,
2424 4153 2744 4209 dummodo
2776 4153 2846 4208 de
2886 4170 2955 4208 ea
2991 4169 3120 4225 qua:
3151 4153 3534 4226 subsequitur
3563 4153 3688 4208 nihi

2059 4246 2437 4314 prmsumant.
2483 4243 2629 4297 Nam
2678 4241 2996 4297 reluctatur
3042 4246 3101 4296 et
3147 4241 3318 4313 fugit,
3352 4241 3708 4313 quibusdam

2060 4330 2236 4385 etiam
2267 4329 2416 4400 tergi
2453 4329 2645 4384 visum
2679 4334 2868 4401 negat.
2905 4329 3129 4392 Quibus
3162 4333 3358 4383 tamen
3401 4344 3463 4383 se
3503 4327 3713 4383 viden-

2061 4418 2196 4474 dam
2229 4419 2463 4490 praebet,
2487 4434 2603 4472 nou
2635 4434 2754 4472 una
2782 4417 3105 4487 eademque
3127 4415 3271 4472 facie
3299 4418 3560 4488 apparet.
3583 4413 3709 4470 Alio

2063 4507 2278 4563 etenim
2309 4505 2465 4571 huic,
2491 4505 2604 4561 alio
2636 4505 2718 4561 illi
2749 4504 2913 4560 vultu
2945 4509 3324 4561 monstratur.

2133 4597 2205 4651 Dc
2232 4595 2538 4650 dialectica.
2572 4595 2732 4660 Quod
2785 4593 3114 4651 ostenditur
3159 4609 3228 4648 ex
3275 4608 3341 4648 eo
3387 4592 3543 4664 quod
3582 4591 3713 4646 Ari-

2061 4684 2250 4741 stotcli
2293 4701 2500 4756 genus,
2553 4683 2829 4755 speciem,
2862 4683 3273 4751 differentiam,
3324 4679 3624 4752 proprium
3656 4683 3714 4736 et

2061 4773 2350 4837 accidens,
2384 4772 2729 4828 substistcre
2777 4771 3102 4844 denegavit,
3135 4788 3260 4843 qua:
3298 4768 3522 4825 Platoni
3573 4768 3710 4824 sub-

2061 4861 2668 4933 sistentialpersuasit.
2691 4861 2980 4916 Aristoteli
3016 4878 3088 4916 an
3122 4858 3344 4915 Platoni
3376 4856 3568 4928 magis
3597 4873 3715 4912 cre-

2061 4952 2318 5006 dendum
2350 4950 2608 5022 putatis?
2648 4951 2857 5022 Magna
2899 4954 2990 5004 est
3018 4949 3324 5018 utriusque
3371 4945 3710 5013 auctoritas,

2061 5045 2350 5113 quatenus
2381 5040 2475 5094 vix
2506 5039 2718 5094 audeat
2763 5039 2894 5110 quis
2937 5037 3186 5094 alterum
3216 5034 3383 5090 alteri
3429 5032 3715 5106 dignitate

2060 5130 2348 5202 praeferre.
2385 5130 2511 5183 Haec
2542 5128 2622 5183 ita
2670 5127 2982 5199 aliquando
3013 5123 3393 5197 ambiguitate
3443 5122 3713 5178 obfusca-

2062 5224 2177 5280 tur.
2211 5223 2276 5273 ut
2305 5235 2430 5289 quae
2481 5234 2594 5282 res,
2624 5216 2717 5271 cui
2766 5215 2961 5287 generi
3005 5213 3256 5287 subponi
3306 5212 3514 5268 debeat
3559 5210 3713 5266 difï¬-

2063 5307 2170 5363 cile
2219 5307 2404 5378 possit
2453 5305 2719 5360 inveniri.
2748 5305 2917 5360 Verbi
2953 5303 3161 5377 gratia,
3191 5302 3240 5358 si
3273 5301 3408 5375 quis
3454 5301 3534 5355 ita
3581 5314 3714 5370 pro-

2062 5402 2242 5468 ponat
2269 5414 2281 5451 :
2305 5396 2449 5452 Cum
2482 5395 2700 5461 omnia,
2734 5410 3094 5465 quaecunque
3126 5396 3284 5460 sunt,
3310 5394 3412 5448 aut
3442 5388 3713 5444 substan-

2063 5487 2144 5540 tia
2197 5489 2299 5540 aut
2356 5483 2624 5538 accidens
2682 5482 3028 5549 habeantur,
3061 5482 3200 5556 quid
3261 5481 3332 5536 de
3388 5472 3716 5532 ditlâ€˜erentia

2064 5573 2375 5629 dicendum
2409 5575 2492 5626 est
2527 5588 2654 5642 quae
2705 5587 2894 5644 neque
2941 5570 3292 5636 substantia,
3325 5579 3511 5635 neque
3558 5559 3714 5616 acci-

2064 5663 2210 5746 dens
2235 5660 2348 5728 dici
2380 5659 2612 5750 potest?
2642 5660 2984 5746 Substantia
3028 5660 3143 5724 dici
3182 5654 3400 5732 nequit,
3427 5649 3567 5748 quia
3595 5665 3714 5718 non
