4154 6186
423 271 577 331 1295

1448 262 1840 327 GUNZONIS
1885 258 2201 322 DIACONI
2246 256 2798 321 NOVARIENSIS.

3677 253 3838 316 me

420 399 769 475 praedicatur
795 397 856 453 in
899 412 967 453 eo
999 397 1157 470 quod
1201 396 1349 469 quid
1391 395 1490 452 sit.
1521 396 1805 452 Accidens
1851 389 2066 448 idcirco
2096 391 2150 459 Α
2179 390 2240 446 in
2271 390 2504 446 duobus
2532 389 2701 446 libris
2726 391 2954 446 tantum
2975 388 3046 444 de
3074 387 3406 445 inventione
3431 391 3673 447 tractat.
3697 391 3841 449 Cau-

418 488 612 554 vocari
641 503 757 544 non
787 485 1153 560 potest,quia
1183 485 1573 543 substantiam
1601 481 2070 549 informat.Quod

419 577 577 634 enim
609 576 1005 633 substantiam
1051 575 1357 632 constituit
1385 574 1445 630 in
1487 573 1823 631 substantia
1863 570 2072 644 praedi-

421 669 607 722 catur.
637 665 742 724 Est
769 667 968 722 autem
1004 663 1127 720 haec
1174 668 1296 720 tam
1345 663 1580 722 subtilis
1627 660 1974 736 prudentiae,
2005 664 2075 716 ut

419 770 462 812 ε
487 758 546 812 at
570 770 674 810 vui
705 755 1015 811 modorum
1047 751 1528 810 conclusionibus
1555 768 1789 809 omnem
1819 765 1966 822 pene
1994 747 2076 805 lo-

422 843 592 918 gicen
637 842 1070 916 philosophiam
1113 841 1384 900 concludi
1429 843 1746 899 existimet.
1765 842 1900 906 Quae
1947 837 2073 894 Ari-

425 931 621 989 stoteli
649 932 796 988 adeo
843 933 1123 989 obsecuta
1153 932 1431 1000 creditur,
1455 934 1520 986 ut
1548 930 1600 987 ei
1643 929 1843 985 nutrix
1871 929 2074 984 creda-

425 1025 543 1078 tur.
575 1021 702 1078 Scit
745 1021 1067 1094 sophistica
1123 1021 1333 1078 stultos
1378 1019 1744 1077 cavillatione
1789 1018 2074 1090 decipere,

425 1114 718 1168 monstrat
741 1115 942 1168 tamen
973 1111 1227 1183 qualiter
1264 1111 1393 1182 ipsa
1429 1108 1716 1166 cavillatio
1747 1107 1935 1181 possit
1961 1105 2076 1162 evi-

425 1199 558 1255 tari.
590 1198 761 1255 Falsa
788 1200 942 1256 veris
973 1200 1210 1270 quando
1255 1198 1382 1254 vult
1428 1198 1513 1254 sic
1552 1197 1818 1264 farcinat,
1853 1199 1918 1250 ut
1959 1211 2077 1250 uno

425 1288 750 1358 eodemque
799 1287 1424 1359 tempore,codemque
1465 1286 1590 1342 loco
1623 1287 1731 1340 rite
1773 1283 2080 1340 convenire

426 1375 758 1434 videantur.
790 1376 930 1432 Esse
960 1377 1135 1431 etiam
1167 1379 1226 1431 et
1256 1393 1368 1430 non
1409 1393 1536 1431 esse
1584 1391 1795 1429 arcana
1823 1372 2078 1446 quadam

425 1463 656 1520 ratione
673 1463 852 1520 simul
873 1480 1218 1520 concurrere
1251 1464 1438 1536 fingit.
1460 1463 1924 1536 Propositionum
1951 1476 2080 1516 sua-

429 1568 560 1609 rum
611 1552 1032 1625 quadraturam
1064 1570 1130 1609 eo
1171 1554 1344 1609 modo
1395 1553 1741 1626 dispositam
1790 1553 2075 1618 autumat,

425 1644 721 1714 quatenus
751 1639 1126 1714 obliquorum
1175 1641 1427 1697 laterum
1460 1657 1734 1697 recursus
1765 1638 2078 1710 aliquando

426 1729 558 1789 sine
587 1727 893 1786 scontione
925 1731 1140 1799 redeat,
1165 1730 1480 1802 aliquando
1510 1729 1804 1786 coactione
1834 1729 2076 1800 operiat.

423 1818 573 1874 ﬂuis
604 1835 720 1876 non
750 1819 898 1876 satis
944 1822 1035 1875 est
1079 1824 1146 1875 ut
1173 1820 1404 1875 dicatur
1461 1818 1679 1874 malum
1738 1833 1868 1873 esse
1924 1815 2080 1888 quod

425 1911 540 1974 est,
587 1907 689 1964 sed
739 1907 879 1978 quia
924 1907 1145 1963 bonum
1205 1923 1321 1962 non
1367 1911 1473 1962 est.
1517 1906 1709 1962 Verba
1755 1906 2080 1961 secundum

427 2011 492 2052 se
521 1995 761 2052 nomina
797 2011 928 2052 esse
976 2000 1158 2066 putat.
1194 1996 1338 2050 Nam
1372 1999 1428 2050 et
1457 1995 1556 2063 qui
1616 1994 1759 2048 dicit
1815 1991 2080 2048 auditum

425 2081 825 2158 constitutuit,
857 2086 914 2136 et
944 2083 1043 2153 qui
1074 2082 1240 2137 audit
1269 2082 1538 2154 quiescit,
1561 2082 1806 2154 ipsaque
1830 2098 1942 2136 non
1968 2079 2080 2136 nisi

425 2171 489 2226 in
519 2170 763 2232 instanti
793 2175 1063 2242 tempore
1101 2171 1330 2242 judicat
1375 2171 1489 2226 dici
1539 2187 1729 2244 posse.
1765 2170 1988 2242 Ubique
2019 2185 2082 2225 se

426 2258 600 2315 vertit
646 2259 720 2314 ad
769 2259 1055 2331 singulos,
1087 2276 1153 2315 ac
1182 2259 1358 2315 veluti
1397 2259 1608 2316 ludens
1654 2276 1878 2315 venena
1925 2275 2078 2313 mor-

424 2347 724 2412 dacitatis,
756 2363 887 2419 qua:
930 2364 1153 2404 venena
1197 2354 1524 2405 monstrata
1572 2350 1691 2406 cuti
1736 2349 1914 2404 vitam
1963 2363 2079 2404 non

425 2435 847 2494 intercludant.
880 2440 1065 2505 Quam
1107 2440 1296 2495 bonus
1343 2438 1517 2509 Deus,
1552 2440 1650 2512 qui
1683 2438 1946 2495 invidum
1979 2454 2078 2493 cu-

423 2524 711 2581 cullatum
739 2525 959 2582 talibus
1001 2527 1265 2599 privavit,
1292 2528 1507 2600 quibus
1539 2528 1596 2583 in
1629 2529 1864 2583 lraudes
1895 2525 2081 2598 possit

421 2613 710 2670 valentior
738 2613 1015 2671 inveniri!
1050 2617 1202 2672 Bene
1232 2622 1340 2672 est.
1364 2621 1528 2673 Caret
1558 2617 1714 2672 enim
1747 2617 2076 2683 maledicto,

423 2702 498 2758 de
527 2719 644 2775 quo
682 2718 788 2775 per
833 2704 1146 2775 quemdam
1198 2705 1520 2777 sapientem
1569 2706 1787 2762 dicitur
1817 2721 1830 2760 :
1866 2707 1972 2775 Qui
1999 2721 2082 2761 so.

419 2790 651 2863 phisticc
677 2791 941 2863 loquitur,
989 2794 1094 2849 Deo
1139 2785 1361 2850 adibitis
1385 2799 1481 2862 est,
1517 2800 1623 2852 etc.
1648 2796 1856 2852 Grator
1884 2795 2079 2866 itaque

425 2878 584 2946 huic,
618 2880 773 2950 quod
823 2878 933 2935 hac
985 2881 1215 2936 macula
1270 2885 1446 2948 caret,
1480 2882 1616 2939 licet
1672 2900 1788 2939 non
1845 2888 2076 2954 sponte.

426 2965 618 3021 Vellet
644 2965 889 3022 forsitan
919 2968 1190 3024 miserior
1219 2986 1348 3025 esse
1380 2987 1556 3041 quam
1579 2971 1674 3040 sit,
1699 2973 1801 3028 sed
1822 2971 2080 3028 bonitate

427 3053 532 3109 Dei
559 3057 937 3126 temperatur,
963 3072 1152 3128 neque
1181 3057 1471 3131 intelligit.
1493 3059 1712 3115 Sedens
1733 3060 1791 3115 in
1819 3060 2076 3117 conclavi

426 3142 769 3200 monasterii
817 3148 1127 3200 cornutum
1159 3162 1220 3201 se
1259 3149 1425 3218 putat
1468 3149 1794 3205 secundum
1843 3166 2074 3222 prover-
2107 3131 2149 3200 (Σ

425 3229 591 3286 bium
620 3231 954 3290 Aristotelis
983 3249 1100 3305 quo
1129 3233 1211 3322 ait
1242 3253 1255 3291 :

484 3354 667 3423 leimax
697 3355 882 3423 insuo
912 3356 1166 3423 conclavi
1185 3365 1478 3423 cornupeta
1507 3362 1606 3411 sibi
1637 3363 1865 3423 videtur,

442 3442 445 3443 ν
482 3418 655 3482 Seque
685 3421 840 3483 putat
865 3433 1025 3470 cursu
1055 3421 1256 3471 timidis
1285 3418 1609 3475 contendere
1639 3425 1826 3476 dumis.

491 3530 794 3590 Unciolam
841 3537 962 3592 tota
1014 3553 1149 3593 cum
1203 3538 1297 3593 vix
1353 3540 1695 3611 expendere,
1739 3558 1854 3614 quo
1911 3560 2076 3600 caena

416 3619 605 3678 valeat
656 3640 786 3680 sese
843 3623 1142 3698 impertire
1190 3627 1428 3683 sodalis.
1463 3628 1545 3684 Ne
1576 3629 1882 3702 imputetis
1930 3630 2071 3688 vitio

419 3711 576 3784 quod
610 3729 762 3786 saepe
807 3712 963 3769 idem
1013 3719 1228 3787 repeto.
1262 3715 1562 3789 Siquidem
1595 3721 1728 3774 utor
1773 3719 2072 3777 Juvenalis

418 3799 706 3873 exemplo,
737 3802 893 3874 quod
923 3803 994 3874 de
1024 3802 1290 3878 Crispino
1324 3805 1404 3861 ait
1436 3824 1448 3862 :

475 3923 830 4047 Ξὲοὲἐῐξῗέἓω
859 3925 1134 4038 Crispinus
1163 3932 1326 4039 etest
1352 3929 1483 3981 mihi
1513 3946 1656 3996 saepe
1681 3933 1958 3986 vocandus

486 4099 555 4154 Et
573 4098 770 4156 Cicero
793 4100 852 4156 in
873 4101 1134 4160 Verrinis
1157 4121 1306 4176 saepe
1325 4106 1564 4166 Verrem
1585 4111 1810 4182 repetit.
1826 4113 2068 4170 Verum-

411 4188 608 4242 tamen
641 4187 781 4259 quia
817 4189 878 4244 in
908 4188 1248 4248 liberalibus
1288 4194 1618 4268 disciplinis
1647 4200 1835 4256 multa
1865 4201 2064 4274 inqui-

411 4275 529 4331 situ
560 4275 735 4349 digna
793 4279 1185 4351 reperiuntur,
1216 4284 1418 4353 paucis
1457 4301 1526 4341 ex
1568 4291 1954 4360 grammatica
2007 4297 2066 4348 et

410 4363 712 4431 dialectica
749 4367 1088 4439 praelibatis,
1123 4369 1420 4429 rhetoricae
1466 4377 1784 4446 potentiam
1817 4380 2064 4438 breviter

408 4451 466 4508 in
495 4454 756 4510 medium
787 4457 1073 4514 deducere
1102 4461 1355 4516 tentabo.

468 4568 710 4634 Eloquiis
729 4569 844 4620 haec
873 4585 928 4620 se
957 4573 1216 4634 promittit
1243 4575 1450 4625 solvere
1480 4584 1686 4630 mentes

463 4630 776 4705 Quasnvelit,
808 4630 1030 4705 ut‘lzetis
1059 4642 1370 4705 convertere
1403 4641 1574 4705 tristia
1604 4645 1771 4705 possit

464 4692 739 4756 Tristibus,
772 4699 826 4745 et
852 4693 1022 4746 doctae
1053 4699 1305 4749 medicari
1334 4703 1533 4752 famine
1563 4692 1775 4770 linguis.

473 4817 550 4872 De
576 4816 868 4874 rhetorica.
901 4819 1088 4891 Hujus
1134 4825 1376 4880 materia
1408 4826 1598 4884 tribus
1626 4831 1938 4902 generibus
1968 4835 2054 4890 di-

403 4903 530 4960 visa
557 4921 794 4963 causam
827 4910 1263 4968 constitutionis
1301 4913 1598 4972 informat.
1630 4923 1695 4974 In
1730 4919 1838 4976 hac
1869 4923 2057 4980 multa

410 4989 694 5063 inquisitu
727 4997 905 5069 digna
931 4999 1322 5071 reperiuntur,
1357 5008 1461 5058 aut
1498 5005 1635 5076 quia
1665 5025 1820 5065 nunc
1849 5011 1907 5067 in
1939 5030 2053 5070 usu

405 5093 521 5135 non
565 5085 672 5148 est,
705 5089 808 5140 aut
862 5087 1002 5157 quia
1058 5089 1216 5160 apud
1274 5095 1542 5148 auctores
1597 5095 1823 5155 diverso
1879 5103 2051 5158 modo

401 5165 700 5224 variabilis
730 5169 1038 5230 invenitur.
1071 5177 1218 5233 Nam
1258 5179 1418 5235 fuere
1459 5181 1696 5253 quidam
1733 5187 1831 5257 qui
1865 5206 2050 5247 unum

399 5259 639 5346 tantum,
663 5272 847 5346 genus
879 5260 1056 5332 hujus
1102 5267 1245 5322 artis
1275 5285 1403 5325 esse
1432 5269 1671 5341 vellent;
1704 5276 1964 5346 quidam,
1986 5285 2052 5336 ut

399 5345 540 5416 dixi,
571 5345 703 5402 tria.
729 5344 1185 5410 Constitutiones
1212 5373 1345 5412 vero
1391 5355 1589 5429 plures
1625 5344 1744 5417 tres
1792 5381 1921 5422 esse
1949 5344 2049 5423 vo-

396 5434 656 5503 luerunt,
677 5451 814 5527 cum
844 5438 1111 5508 partibus
1136 5444 1454 5514 qualitatis.
1474 5447 1650 5505 Pauci
1683 5455 1876 5510 autem
1911 5471 2049 5527 qua-

394 5527 531 5581 tuor
573 5541 704 5582 esse
745 5525 1038 5582 dixerunt.
1071 5529 1275 5588 Totius
1332 5536 1476 5592 artis
1525 5554 1821 5598 summam
1875 5525 2046 5601 multi

395 5611 933 5696 quinquagertitam
949 5616 1839 5689 essevoluerunt.Verumtamen
1851 5632 2046 5691 Cicero

2181 496 2383 538 sarum
2427 484 2623 552 partes
2667 479 2767 535 alii
2814 483 3064 552 quatuor
3109 477 3428 546 afﬁrmant,
3450 477 3654 537 Cicero
3702 497 3838 540 vero

2181 571 2329 627 duas
2361 569 2543 638 addit,
2581 569 3085 628 conﬁrma-tionem
3116 566 3384 625 videlicet
3419 573 3479 625 et
3515 569 3838 643 reprehen-

2181 660 2429 717 sionem.
2460 659 2523 714 In
2556 657 2842 732 probabili
2873 673 3104 731 quoque
3133 657 3485 728 narratione,
3518 658 3582 715 in
3615 677 3742 732 qua
3770 663 3842 719 ab

2182 747 2313 804 aliis
2340 766 2415 804 vu
2447 747 2920 816 introducuntur,
2954 747 3013 802 in
3061 746 3280 818 quibus
3313 747 3396 802 rei
3424 749 3645 805 veritas
3695 751 3844 807 solet

2183 836 2662 905 inveniri,Cicero
2711 851 3022 893 numerum
3051 835 3256 903 variat,
3289 835 3348 892 in
3379 837 3604 908 quibus
3649 839 3846 896 omni-

2184 927 2297 982 bus
2323 929 2545 998 quanta
2564 926 2882 984 necessitas
2903 924 3305 997 inquisitionis
3325 924 3615 984 habeatur
3644 928 3847 1002 palam

2185 1014 2533 1072 ostenditur.
2567 1014 2694 1070 Haec
2742 1013 2960 1071 femina
2989 1014 3261 1086 prudenti
3305 1018 3786 1089 transgressione
3815 1033 3852 1076 ι

2187 1119 2395 1178 genere
2426 1103 2484 1158 in
2517 1117 2748 1176 genera,
2773 1119 2807 1158 a
2829 1102 3244 1159 constitutione
3274 1104 3333 1159 in
3357 1106 3846 1165 conati-tationem

2185 1193 2499 1248 transitum
2528 1191 2682 1248 facit.
2707 1191 2854 1247 Nam
2878 1190 3120 1264 Virgilio
3150 1207 3286 1247 cum
3316 1192 3391 1249 de
3418 1193 3616 1251 Turno
3646 1193 3851 1269 loque-

2187 1285 2365 1348 retur,
2401 1298 2435 1336 a
2463 1280 2743 1352 qualitate
2771 1280 2829 1335 in
2874 1279 3050 1336 tinem
3080 1282 3561 1340 transmeabilem
3613 1291 3847 1343 motum

2189 1370 2474 1442 permisit.
2497 1369 2625 1424 ΙΙωο
2657 1369 2715 1424 in
2749 1369 3034 1442 principio
3065 1369 3306 1426 alterius
3343 1371 3569 1438 vultus,
3600 1373 3852 1432 alterius

2187 1457 2245 1512 in
2281 1459 2492 1527 medio,
2525 1457 2585 1512 in
2617 1463 2872 1514 extremo
2904 1458 3145 1516 alterius
3167 1477 3230 1516 se
3252 1465 3584 1519 monstrate
3613 1469 3853 1520 conten-

2189 1547 2292 1603 dit.
2328 1549 2389 1604 ln
2449 1563 2765 1621 progressu
2822 1552 3016 1604 autem
3049 1547 3202 1605 etin
3249 1550 3365 1606 fine
3423 1552 3849 1610 mutabilitates

2188 1652 2327 1694 suas
2357 1637 2610 1693 astutius
2657 1636 2868 1710 prodit.
2899 1639 3033 1703 Quae
3082 1636 3329 1710 loquens
3379 1656 3691 1713 nunquam
3723 1643 3851 1700 sine

2189 1728 2437 1801 strepitu
2467 1727 2754 1799 graditur,
2778 1727 2890 1782 nisi
2920 1725 3066 1783 forte
3102 1725 3422 1799 aliquando
3456 1734 3658 1787 tacens
3689 1730 3851 1804 loqui

2189 1821 2476 1875 videatur.
2499 1816 2813 1872 Alumnam
2845 1816 2995 1872 hanc
3031 1815 3325 1873 Ciceronis
3376 1817 3582 1876 nullus
3610 1819 3852 1877 dubita-

2189 1907 2352 1963 verit.
2387 1905 2532 1962 Nam
2591 1905 2862 1977 praesidio
2918 1905 3080 1961 illius
3136 1903 3410 1974 vallatus,
3443 1909 3852 1980 eonjuratores

2190 1996 2249 2051 in
2282 1993 2702 2066 rempublicam
2747 1993 3144 2065 deprehendit.
3176 1995 3265 2050 An
3296 1993 3457 2051 aliud
3491 1997 3771 2054 subvenit
3801 1998 3851 2054 ei

2191 2084 2304 2140 nisi
2338 2084 2478 2151 haec,
2514 2083 2749 2154 quando
2779 2081 3088 2138 Catilinam
3119 2083 3190 2137 de
3217 2089 3427 2139 senatu
3455 2085 3632 2156 ejecit
3663 2087 3850 2158 grati-

2188 2176 2305 2229 tate
2335 2187 2676 2228 sermonum
2706 2176 2763 2225 et
2801 2169 3246 2238 sententiarum,
3281 2172 3500 2242 quibus
3532 2173 3724 2230 Roma
3753 2192 3856 2248 ρει-

2187 2266 2337 2317 trem
2370 2261 2569 2333 patriae
2591 2258 2924 2314 Ciceronem
2957 2257 3141 2316 libera
3166 2259 3354 2315 dixit?
3376 2261 3506 2318 Haec
3528 2279 3650 2320 uno
3671 2265 3852 2320 ductu

2188 2351 2449 2406 diversos
2479 2349 2670 2422 pingit
2700 2347 2944 2419 colores,
2967 2349 3234 2420 reditque
3285 2349 3358 2405 ad
3410 2353 3720 2424 proprium
3753 2371 3851 2410 cu-

2189 2439 2302 2495 bile
2359 2437 2850 2511 quinquepertitis
2908 2435 3156 2505 semitis,
3192 2443 3484 2510 quatenus
3514 2441 3704 2497 ﬂexus
3732 2444 3851 2499 via-

2187 2545 2320 2584 rum
2370 2542 2614 2583 suarum
2672 2526 2830 2582 brevi
2889 2525 3226 2583 reductiona
3281 2525 3541 2602 colligat,
3574 2531 3849 2604 circaque

2187 2616 2484 2690 epilogum
2530 2615 3047 2688 praesumptionem
3096 2615 3376 2688 requirat.
3424 2618 3653 2692 Excipit
3701 2619 3850 2677 hanc

2188 2723 2367 2778 quam
2403 2703 2824 2778 sapientissimi
2871 2705 3023 2777 regis
3053 2721 3312 2761 sororem
3367 2706 3565 2763 ferunt
3612 2709 3850 2766 subtili-

2186 2800 2304 2851 tate
2333 2796 2531 2850 vultus
2575 2798 2631 2850 et
2674 2793 2975 2866 sapientia
3024 2792 3328 2867 dignitate.
3363 2795 3581 2852 Dicunt
3621 2797 3850 2854 Hebraei

2185 2884 2557 2941 Salomonem
2590 2883 2837 2938 minutis
2880 2884 3196 2939 formatum
3228 2886 3490 2957 corporis
3522 2884 3850 2944 lineamen-

2186 2973 2284 3030 tis.
2318 2973 2480 3040 Quod
2511 2988 2579 3028 ex
2607 2971 2798 3028 verbis
2829 2988 3062 3044 quoque
3091 2970 3197 3027 ﬁlii
3227 2973 3357 3044 ejus
3387 2973 3709 3048 colligitur,
3725 2976 3853 3048 qui-

2189 3063 2301 3118 bus
2340 3063 2422 3118 ait
2456 3080 2468 3117 :
2503 3062 2769 3118 Minimus
2812 3061 3019 3131 digitus
3065 3077 3218 3117 meus
3261 3065 3503 3133 grossior
3557 3068 3639 3122 est
3691 3065 3854 3122 dorso

2183 3153 2362 3223 patris
2390 3153 2518 3207 mei.
2551 3151 2630 3205 Ex
2675 3167 2790 3222 quo
2823 3154 3014 3223 potest
3054 3149 3214 3206 aliud
3246 3151 3460 3225 colligi,
3498 3153 3558 3208 in
3589 3170 3658 3210 eo
3689 3155 3851 3211 vide-

2186 3238 2322 3296 licet
2351 3241 2506 3311 quod
2535 3239 2596 3295 in
2616 3239 2781 3296 tenui
2807 3255 3046 3313 corpore
3074 3238 3409 3298 Salomonis
3431 3240 3595 3314 larga
3621 3243 3852 3316 sapien-

2185 3329 2267 3385 tia
2302 3329 2431 3395 fuit,
2462 3329 2636 3385 datur
2677 3327 2944 3401 intelligi,
2979 3329 3132 3400 quod
3178 3328 3236 3384 in
3268 3329 3472 3403 pingui
3522 3331 3618 3387 vix
3670 3335 3846 3405 queat

2185 3419 2483 3474 subtilitas
2515 3417 2815 3491 sapientiae
2845 3417 3114 3474 inveniri.
3146 3417 3295 3474 Hinc
3323 3418 3558 3476 Persius
3592 3437 3608 3478 :

2245 3577 2260 3606 ε
2361 3579 2374 3592 .
2474 3578 2488 3592 .
2589 3578 2639 3606 ._
2699 3541 2924 3606 Nugaris
2954 3555 3074 3592 cum
3103 3541 3198 3591 tibi
3229 3542 3372 3592 calve

2245 3605 2459 3671 Pinguis
2489 3603 2811 3670 aqualiculus
2837 3617 3103 3669 propenso
3132 3604 3461 3669 sexquipede
3491 3611 3683 3658 exstet.

2251 3720 2473 3776 Statius
2505 3737 2736 3793 quoque
2767 3719 3052 3776 virtutum
3082 3719 3340 3792 corporis
3379 3737 3740 3783 enumerans
3771 3725 3843 3782 de

2177 3807 2356 3866 Tideo
2385 3808 2577 3882 inquit
2605 3827 2618 3865 :

2239 3916 2406 3980 Major
2433 3915 2487 3965 in
2519 3915 2709 3980 exiguo
2737 3914 2983 3980 regnavit
3012 3928 3234 3980 corpore
3266 3917 3455 3968 virtus.

2247 4023 2373 4080 Haec
2420 4021 2590 4096 quasi
2643 4039 2745 4096 per
2792 4022 3237 4096 digressionem,
3271 4025 3344 4080 ad
3384 4027 3691 4098 proposita
3747 4043 3836 4084 re-

2175 4130 2427 4170 curram.
2457 4117 2619 4169 Hanc
2649 4112 2778 4168 ideo
2818 4112 3106 4185 virginem
3148 4127 3390 4185 corpore
3434 4118 3680 4171 tenuem
3713 4133 3838 4174 me-

2175 4201 2415 4269 moravi,
2435 4200 2574 4273 quia
2605 4201 2896 4256 abstracta
2927 4217 2961 4256 a
2990 4200 3166 4256 rebus
3195 4202 3493 4273 corporeis
3524 4203 3586 4258 in
3619 4210 3840 4261 natura

2173 4291 2264 4347 sui
2297 4289 2459 4346 nulla
2489 4289 2895 4362 corporalitate
2915 4293 3230 4346 crassatur.
3255 4289 3526 4347 Vindicat
3556 4292 3672 4348 sibi
3696 4310 3841 4366 qua-

2171 4385 2406 4454 propter
2457 4378 2764 4452 collegium
2813 4377 3154 4443 divinitatis,
3190 4396 3305 4434 non
3355 4383 3555 4436 tamen
3589 4386 3656 4437 ut
3683 4383 3838 4438 acci-

2091 4503 2138 4567 D
2170 4471 2315 4526 dens
2347 4467 2548 4524 haberi
2579 4467 2636 4522 in
2681 4467 2794 4523 Deo
2839 4467 3000 4535 velit,
3041 4468 3142 4523 sed
3185 4469 3605 4525 substantiam.
3636 4471 3834 4528 Unum

2168 4575 2423 4630 namque
2462 4557 2522 4612 in
2559 4556 2838 4612 Trinitate
2888 4573 3269 4629 personarum
3324 4557 3533 4624 Patris,
3569 4564 3626 4614 et
3675 4560 3830 4628 Filii,

2167 4654 2223 4704 et
2254 4647 2505 4720 Spiritus
2546 4645 2729 4702 sancti
2779 4645 3112 4701 substantia
3138 4649 3244 4700 est.
3277 4646 3428 4718 Ergo
3471 4647 3736 4704 Trinitas
3765 4649 3830 4705 in

2167 4739 2414 4804 unitate,
2449 4738 2505 4790 et
2548 4734 2744 4790 unitas
2792 4733 2850 4788 in
2895 4733 3182 4789 Trinitate
3230 4734 3566 4790 substantia
3619 4741 3730 4792 est.
3766 4737 3828 4794 In

2165 4825 2448 4882 creaturis
2479 4840 2708 4896 quoque
2740 4823 3064 4878 secundum
3098 4822 3477 4895 phi1030phos
3507 4829 3705 4896 potest
3725 4843 3829 4882 nn-

2165 4933 2364 4972 merus
2395 4929 2628 4986 quoquo
2671 4912 2842 4967 modo
2887 4911 3224 4968 substantia
3265 4911 3474 4979 videri,
3507 4913 3622 4967 nisi
3678 4914 3829 4971 forte

2165 5010 2335 5078 neget
2366 5003 2498 5075 quis
2529 5016 2842 5056 numerum
2879 5017 3028 5056 esse.
3063 4999 3240 5056 Aiunt
3269 5001 3595 5071 prudentes
3625 5000 3824 5058 Unum

2163 5100 2220 5152 et
2248 5096 2350 5150 Est
2398 5091 2555 5146 idem
2585 5106 2734 5159 esse,
2769 5094 2835 5145 ut
2875 5089 3079 5145 tandiu
3137 5088 3214 5145 sit
3269 5088 3493 5161 aliquid
3553 5092 3824 5162 quandiu

2162 5200 2349 5241 unum
2380 5184 2504 5249 est;
2536 5183 2594 5236 et
2641 5195 2776 5234 cum
2806 5177 3046 5234 desierit
3093 5194 3280 5234 unum
3327 5193 3477 5247 esse,
3521 5179 3653 5250 jam
3707 5197 3824 5237 non

2160 5275 2255 5332 sit.
2280 5274 2380 5328 Est
2409 5268 2801 5327 substantiam
2833 5271 3144 5336 monstrat,
3169 5272 3354 5340 atque
3373 5267 3594 5325 idcirco
3641 5284 3678 5324 a
3728 5286 3826 5325 sa-

2160 5361 2456 5437 pientibus
2480 5357 2916 5415 substantivum
2933 5361 3190 5413 vocatur.
3205 5357 3354 5429 Ergo
3369 5360 3430 5412 et
3442 5355 3638 5413 Unum
3658 5355 3818 5430 quod

2155 5453 2312 5508 idem
2362 5449 2556 5512 habet,
2591 5446 2745 5518 quod
2796 5450 2906 5512 est,
2939 5445 3282 5502 substantia
3331 5461 3448 5502 non
3499 5443 3819 5503 irrationa-

2156 5540 2352 5599 biliter
2390 5533 2658 5610 deputari
2707 5537 2917 5607 potest,
2962 5535 3231 5607 quamvis
3278 5549 3574 5592 numerus
3613 5536 3816 5592 omnis

2155 5628 2353 5710 generi
2399 5623 2748 5707 quantitatis
2776 5622 3130 5702 assignetur.
3149 5627 3282 5682 Βωσ
3320 5623 3396 5681 de
3431 5639 3551 5698 quo
3600 5622 3826 5700 loquor
