4154 6186
496 351 654 415 1299
1178 349 1569 416 GUNZONIS
1610 351 1818 413 DIAC.
1853 291 2145 412 NOVAR.

2192 348 2444 412 EPIST.
2490 349 2595 413 AD
2640 350 2999 418 FRATRES
3042 355 3222 420 AUG.
3705 375 3828 441 1300

492 484 563 542 ad
589 482 930 556 Aquilonem,
961 483 1227 540 Lustrum
1257 488 1514 542 universa
1536 502 1638 558 per
1664 487 1955 541 circuitum
1993 482 2144 540 vadit
2171 482 2229 551 Α
2257 482 2554 556 corporale
2600 488 2923 543 mutatione
2951 487 3060 545 loci
3095 506 3304 548 sonum
3348 493 3596 568 efficere;
3626 506 3828 568 cmlestis

491 574 743 646 Spiritus,
774 576 825 630 et
851 573 913 628 in
939 575 1170 630 circulos
1200 590 1322 631 suos
1353 578 1659 631 revertitur.
1693 577 1826 640 Quae
1859 573 2148 630 sententia

493 661 577 718 ita
594 661 739 718 solvi
771 665 998 735 potest;
1033 663 1187 735 quod
1214 663 1343 719 ideo
1369 664 1453 720 sol
1477 665 1720 736 spiritus
1751 664 2147 736 dicatur,quia

495 750 688 808 calore
717 751 847 822 eius
876 751 1074 807 omnia
1091 752 1768 808 nascentiaviviﬁcantur
1787 757 1843 808 et
1855 758 2143 808 crescunt.

496 841 638 898 Inde
666 844 757 896 est
777 840 932 912 quod
964 840 1206 912 quidam
1239 842 1548 913 gentilium
1561 846 1831 897 naturam
1851 841 1961 898 hoc
1974 843 2146 898 modo

497 929 903 986 difﬁniendam
935 931 1455 1002 putarentzNatura
1477 931 1736 1004 estignis
1757 931 1982 998 artifex,
2011 948 2148 1003 qua-

497 1020 634 1075 dam
664 1018 757 1074 via
783 1019 1001 1075 vadens
1027 1018 1085 1073 in
1117 1036 1210 1075 res
1243 1020 1550 1076 sensibiles
1583 1021 1970 1093 procreandas
1998 1039 2010 1088 ;
2045 1022 2144 1077 sed

499 1108 640 1180 quia
668 1107 779 1163 hoc
809 1125 925 1164 non
958 1108 1100 1164 adeo
1122 1107 1421 1180 probabile
1444 1108 2146 1180 est.sententiaApostoli,

499 1213 636 1252 cum
667 1197 727 1251 in
759 1213 875 1252 uno
906 1198 1077 1252 modo
1091 1197 1746 1253 ecclesiastieidoctores
1769 1197 2142 1266 conveniunt,

497 1284 924 1341 consideranda
965 1289 1071 1352 est,
1098 1302 1214 1356 qua
1245 1286 1459 1341 dicitur
1493 1304 1505 1341 :
1539 1288 1751 1342 Scimus
1791 1289 1922 1358 quia
1969 1291 2146 1343 omnis

497 1377 751 1428 creatura
780 1373 1085 1444 ingemiscit
1114 1377 1163 1428 et
1188 1376 1433 1446 parturit
1458 1392 1624 1446 usque
1652 1377 1846 1431 adhuc.
1873 1379 1942 1432 Et
1971 1379 2145 1449 paulo

497 1466 634 1534 post
667 1479 680 1516 :
717 1461 857 1530 Quia
882 1465 933 1517 et
972 1464 1094 1533 ipsa
1143 1466 1392 1518 creatura
1445 1465 1770 1520 liberabitur
1815 1484 1848 1521 a
1892 1469 2147 1523 servitute

497 1551 865 1620 corruptionis
896 1552 958 1605 in
987 1551 1290 1606 libertatem
1320 1553 1516 1623 gloria?
1544 1555 1787 1624 ﬁliorum
1814 1557 1930 1610 Dei.
1944 1555 2146 1612 Nonne

498 1639 714 1694 rectius
743 1637 802 1693 in
833 1637 1052 1696 talibus
1082 1641 1309 1696 deceret
1349 1643 1705 1698 monachum
1725 1646 1997 1716 occupari
2019 1664 2145 1718 quae

499 1728 572 1784 ad
629 1727 1018 1783 eruditionem
1075 1730 1367 1800 pertinent
1413 1731 1756 1787 Christianae
1825 1732 2141 1806 religionis,

500 1831 675 1887 quam
710 1816 988 1872 inservire
1011 1817 1355 1874 fraudibus?
1377 1819 1506 1875 Vile
1527 1824 1696 1893 putat
1716 1821 1775 1877 in
1805 1822 2144 1881 liberalibus

499 1902 716 1966 studiis
745 1904 1070 1976 immorari,
1104 1906 1473 1982 planetarum
1497 1909 1756 1981 absidas,
1773 1913 2144 1985 positionem,

501 1996 811 2052 discursus
833 2013 937 2068 per
966 1997 1290 2066 zodiacum,
1325 1999 1679 2054 circulorum
1705 2001 1857 2056 inter
1886 2020 1947 2058 se
1977 2003 2151 2075 repli-

502 2083 790 2140 cationem
810 2083 1161 2156 inquisitum
1184 2086 1267 2141 ire
1293 2086 1460 2142 nihili
1483 2089 1922 2160 pendit.Saltem
1939 2108 2007 2147 ea
2022 2108 2148 2163 quae

502 2171 562 2227 in
577 2172 792 2230 divinis
815 2171 982 2229 libris
1004 2190 1072 2229 ex
1092 2175 1237 2246 ipsis
1255 2176 1479 2232 artibus
1496 2172 2148 2237 inveniunturconside-

502 2260 898 2329 raredeberet,
921 2266 986 2317 ut
1006 2268 1094 2318 est
1121 2262 1266 2318 illud
1298 2263 1357 2318 in
1391 2264 1586 2321 divina
1615 2266 1881 2336 historia,
1913 2271 2148 2340 quando

498 2348 677 2406 Josue
705 2348 814 2406 soli
843 2354 903 2406 et
932 2349 1083 2406 luna:
1115 2352 1429 2408 stationem
1458 2353 1894 2423 indixit,utrum
1913 2356 2148 2429 reliqua:

500 2437 761 2511 quinque
791 2438 1036 2511 planetae
1083 2445 1140 2496 et
1185 2441 1396 2497 intima
1438 2443 1644 2498 mundi
1690 2445 1880 2500 orbita
1910 2447 2147 2502 stationi

500 2525 905 2596 servierint,an
937 2529 1204 2601 proprios
1234 2547 1442 2586 cursus
1481 2533 1852 2589 servaverint.
1886 2535 2048 2599 Quod
2100 2535 2150 2590 si

498 2612 582 2670 ita
621 2617 714 2670 est
751 2613 1127 2687 diaphoniam
1142 2634 1316 2689 passa
1327 2622 1418 2673 est
1434 2618 1686 2677 cmlestis
1708 2621 1810 2676 illa
1830 2622 2146 2678 harmoniae

500 2703 783 2772 suavitas,
817 2704 1103 2761 mutilatis
1134 2707 1366 2762 duobus
1385 2707 1669 2776 nervis,eo
1692 2712 2012 2783 prasertim
2033 2729 2146 2784 quo

500 2790 761 2864 primum
816 2793 1252 2850 tetrachordum
1281 2795 1690 2867 terminantur,
1725 2803 1782 2854 et
1823 2801 2146 2856 secundum

503 2877 833 2949 auspicium
885 2879 1083 2934 sumit.
1118 2881 1178 2936 Si
1227 2886 1424 2938 autem
1455 2883 1662 2940 ultima
1692 2887 1920 2959 sphmra
1970 2888 2145 2944 simul

503 2981 640 3020 cum
669 2963 922 3037 planetis
952 2967 1474 3042 subsistit,superae
1497 2971 1741 3029 dulcedo
1758 2976 1994 3032 musicae
2017 2993 2148 3032 con-

501 3052 691 3108 ticuit.
724 3053 991 3110 Forsitan
1022 3055 1157 3110 inde
1186 3061 1276 3112 est
1296 3058 1452 3130 quod
1478 3058 1538 3114 in
1567 3059 1676 3116 Job
1705 3061 1920 3134 legitur
1952 3081 1964 3119 :
2009 3066 2143 3121 Con-

501 3144 719 3197 centum
742 3142 867 3198 casti
893 3144 1162 3215 quiescere
1188 3148 1310 3215 quis
1353 3149 1526 3218 facit?
1555 3153 1616 3203 In
1659 3165 1774 3221 qua
1826 3154 2150 3224 quaestione

497 3231 585 3286 tot
612 3234 940 3304 emergunt,
972 3237 1039 3288 ut
1069 3233 1322 3290 Lerneus
1353 3237 1563 3308 anguis
1594 3237 1889 3296 Herculeis
1928 3241 2142 3299 iterum

496 3317 720 3377 viribus
741 3325 1109 3394 compensari
1137 3321 1420 3379 videatur.

566 3409 640 3464 De
665 3410 898 3465 musica.
929 3409 1346 3469 Verumtamen
1370 3412 1510 3484 quia
1526 3415 1762 3471 musicae
1786 3419 2141 3477 mentionem

496 3496 691 3570 intuli,
723 3499 796 3554 de
824 3497 1109 3571 inquisitu
1140 3502 1269 3573 ejus
1299 3519 1486 3573 pauca
1516 3506 1788 3577 narrabo,
1821 3525 1949 3580 quae
1981 3513 2144 3566 tanta

495 3586 778 3660 dignitate
795 3587 971 3660 viget,
1005 3593 1071 3644 ut
1101 3589 1216 3646 Deo
1252 3591 1525 3648 assistere
1543 3594 1679 3664 jure
1709 3597 1997 3653 credatur.
2031 3601 2140 3654 Cu-

487 3674 590 3746 jus
620 3675 702 3731 rei
722 3677 989 3750 exempla
1017 3678 1100 3734 ita
1115 3695 1177 3734 se
1207 3679 1540 3752 frequenter
1569 3683 1840 3755 offerunt,
1873 3690 1939 3740 ut
1968 3687 2139 3743 modo

495 3762 654 3820 dictu
682 3781 1044 3837 supervacua
1076 3770 1373 3839 putentur.
1407 3770 1537 3825 Haec
1580 3787 1715 3827 cum
1764 3776 1928 3831 tanta
1959 3777 2138 3848 maje-

493 3855 641 3908 state
671 3853 978 3926 polleat,ut
1003 3855 1198 3912 divino
1229 3860 1566 3930 conspectui
1599 3861 1999 3932 famuletur,in
2032 3881 2140 3920 coe-

491 3939 736 3997 lestibus
762 3944 1107 4014 corporibus
1139 3944 1220 3999 ita
1267 3945 1378 4001 sibi
1426 3950 1826 4007 monarchiam
1857 3953 2133 4023 vindicat,

494 4029 649 4098 quod
679 4029 738 4082 in
768 4029 1450 4103 hisjugiterconcentum
1474 4040 1745 4105 struat,et
1771 4040 2134 4113 Pythagorici

492 4115 833 4188 dignitatem
862 4118 1079 4174 silentii
1112 4136 1224 4175 non
1258 4123 1506 4190 amittat,
1531 4142 1713 4197 eoque
1744 4129 1809 4182 ﬁt
1851 4133 1915 4184 ut
1941 4147 2136 4201 perso-

491 4206 588 4259 net
616 4207 674 4260 et
700 4205 1118 4264 taciturnitatis
1145 4211 1385 4267 modum
1403 4218 1624 4282 servet;
1651 4215 1851 4288 sicque
1871 4217 1931 4272 in
1954 4219 2138 4277 circu-

489 4291 679 4348 lorum
703 4294 1083 4352 varietatibus
1097 4314 1223 4354 sese
1250 4301 1901 4375 moderatur,quatenus
1933 4314 2135 4365 contra

484 4380 674 4453 legem
697 4382 966 4440 humanae
985 4387 1997 4465 modulationis,juxtafquorumdam
2019 4398 2138 4470 opi-

487 4469 722 4526 nionem
744 4470 1061 4530 laxioribus
1090 4477 1248 4549 gyris
1280 4483 1500 4548 acutos,
1537 4481 1810 4540 brevibus
1839 4469 2133 4557 graviores

484 4556 854 4632 impertiatur
881 4565 1356 4621 sonos.Nascitur
1368 4583 1597 4639 quoque
1611 4556 1879 4642 perplexa
1893 4575 2132 4645 quaestio
2164 4589 2211 4654 D

483 4647 543 4703 in
574 4665 640 4704 eo
671 4650 828 4722 quod
854 4652 1114 4724 quinque
1131 4652 1377 4725 planetae
1405 4655 1719 4729 aliquando
1759 4661 1933 4717 solari
1966 4665 2128 4720 radio

481 4735 1244 4813 impelluntur,quandoque
1277 4744 1514 4800 stationi
1545 4747 1919 4819 deputantur.
1945 4752 2128 4808 Statio

480 4830 645 4882 motu
670 4830 1038 4895 caret,sonus
1068 4833 1262 4886 autem
1287 4832 1413 4888 sine
1434 4838 1596 4890 motu
1626 4853 1753 4892 csse
1775 4854 1889 4893 non
1915 4844 2124 4910 potest:

480 4915 771 4972 stantibus
801 4932 938 4990 ergo
983 4917 1279 4990 aliquibus
1324 4920 1593 4992 planetis,
1649 4941 1762 4980 non
1803 4927 2128 4999 integretur

470 5001 634 5074 jugis
649 5003 968 5061 harmoniae
983 5009 1694 5082 concentus.Quapropter
1707 5013 2123 5086 inquirendum

479 5094 878 5161 est,quantum
900 5095 1174 5160 humanae
1197 5096 1452 5152 scientiae
1475 5101 1813 5157 conceditur
1833 5108 2122 5174 quomodo

479 5176 740 5267 caelestes
762 5181 1126 5251 planetarum
1144 5189 1341 5242 motus
1362 5191 1420 5243 et
1439 5188 1774 5261 impositam
1802 5192 1910 5248 sibi
1935 5193 2121 5267 legem

476 5265 751 5324 continue
810 5278 1038 5328 servent
1095 5277 1455 5343 sonoritatis,
1507 5283 1564 5333 et
1630 5280 1953 5351 injunctam
1998 5265 2122 5340 lsibi

475 5357 826 5430 quandoque
848 5363 1253 5419 necessitatem
1269 5384 1637 5440 nequaquam
1657 5375 1995 5441 praetereant
2011 5378 2125 5428 sta-

471 5446 670 5516 tionis,
703 5447 857 5503 inter
895 5464 1022 5518 quae
1045 5451 1116 5504 de
1137 5454 1340 5508 mundi
1363 5455 1537 5510 etiam
1560 5457 1788 5528 sphzera
1809 5460 2126 5531 inquiritur

471 5537 670 5589 utrum
703 5534 896 5591 sonitu
929 5535 1006 5589 im
1017 5537 1265 5608 pellatur
1285 5557 1358 5596 an
1381 5542 1610 5600 silentio
1629 5547 1899 5619 agitetur.
1920 5549 2125 5604 Dicunt

469 5638 642 5679 omne
673 5624 828 5697 quod
859 5624 916 5680 in
952 5629 1112 5682 motu
1144 5631 1233 5683 est
1255 5626 1446 5685 locum
1468 5638 1714 5702 mutare,
1734 5653 1905 5694 omne
1923 5642 2120 5695 autem

2259 576 2455 628 autem
2489 574 2678 630 orbita
2706 575 2902 633 locum
2934 594 3049 633 non
3081 584 3286 650 mutat,
3339 589 3608 656 quatenus
3654 593 3706 649 in
3732 613 3827 656 sese

2258 663 2745 730 rotatur,nullum
2777 681 2912 738 ergo
2926 683 3034 722 sua
3061 667 3421 728 volubilitate
3450 692 3641 735 sonum
3661 684 3825 756 reddit,

2259 752 2317 804 et
2343 753 2540 806 tamen
2567 752 2788 825 ingenti
2815 755 3057 826 strepitu
3090 757 3305 813 dicitur
3327 752 3827 842 agitari,sicutpaulo

2257 842 2393 893 ante
2422 840 2686 911 exemplo
2715 842 2824 897 Job
2855 843 2982 899 caali
3013 851 3354 903 concentum
3386 840 3734 921 prtemisi.Sed
3754 879 3828 933 po-

2256 930 2374 982 test
2402 927 2645 984 forsitan
2677 929 2822 986 illud
2854 932 2924 986 de
2957 934 3204 1004 planetis
3249 941 3631 1000 tantummodo
3667 927 3829 1021 accipi.

2257 1015 2338 1070 De
2370 1015 2462 1072 his
2484 1021 2679 1073 tamen
2707 1018 2917 1076 viderit
2952 1022 3286 1096 quicunque
3312 1026 3407 1082 ille
3451 1035 3550 1098 est,
3597 1015 3830 1105 quantum

2257 1103 2371 1159 sibi
2397 1105 2594 1162 divina
2622 1110 2812 1180 gratia
2843 1110 3588 1180 ministraverit,dummodo
3614 1103 3667 1177 in
3691 1129 3830 1182 terre-

2258 1192 2395 1250 stris
2445 1196 2776 1267 cognitione
2810 1200 3144 1257 sonoritatis
3189 1203 3605 1275 aliquantulum
3641 1212 3762 1268 mibi
3787 1215 3830 1268 li-

2257 1287 2385 1338 ceat
2417 1283 2717 1341 immorari
2741 1307 2759 1353 ;
2791 1288 2850 1343 in
2885 1288 2993 1344 hac
3023 1308 3277 1364 namque
3308 1295 3489 1352 multa
3525 1301 3834 1370 reperiuntur

2257 1372 2705 1464 quaefrequenti
2737 1375 3012 1449 indagine
3041 1379 3218 1452 digna
3233 1382 3643 1452 judicantur.ln
3661 1387 3834 1464 haege-

2257 1460 2533 1519 neraliter
2561 1463 2749 1536 ipsius
2781 1467 3140 1538 requirendus
3174 1476 3312 1527 sunt
3341 1477 3546 1544 partes,
3577 1492 3704 1548 quas
3739 1460 3834 1535 Vir-

2255 1548 2432 1621 gilius
2460 1568 2539 1607 vu
2571 1569 2698 1609 esse
2728 1561 3037 1626 monstrat,
3073 1558 3350 1632 inquiens
3383 1579 3395 1616 :

2316 1657 2633 1721 Obloquitur
2658 1674 2916 1713 numerus
2939 1668 3140 1728 septem
3169 1666 3474 1719 discrimina
3500 1685 3701 1736 vocum;

2256 1763 2315 1818 in
2347 1765 2519 1835 cujus
2550 1767 2828 1825 brevitate
2850 1771 3126 1827 carminis
3168 1774 3350 1831 totius
3380 1775 3672 1835 harmoniae
3697 1780 3838 1852 gravi-

2177 1855 2226 1920 B
2255 1853 2345 1907 tas
2375 1853 3021 1921 continetur,Quaaritur
3041 1859 3215 1916 etiam
3239 1861 3297 1916 in
3313 1862 3419 1919 hac
3447 1867 3581 1936 quid
3606 1867 3834 1925 inﬁnitate

2261 1940 2536 1998 terminet
2591 1961 2820 2014 vocum,
2882 1948 3014 2019 quis
3067 1954 3262 2007 motus
3319 1953 3396 2008 sit
3435 1954 3704 2022 audiendi,
3731 1963 3837 2030 quot

2261 2033 2622 2103 symphonia:
2654 2039 2711 2090 et
2740 2052 2867 2107 quze
2898 2037 3087 2109 prima
3111 2039 3225 2095 dici
3257 2047 3432 2114 queat
3455 2044 3700 2115 ;qualiter
3714 2045 3835 2101 Plato

2261 2123 2707 2179 consonantiam
2728 2124 2844 2179 dici
2864 2131 3050 2197 putet,
3083 2144 3208 2200 qua;
3256 2147 3425 2187 voces
3456 2136 3659 2190 stantes
3686 2149 3836 2205 quave

2260 2207 2378 2263 sint
2418 2211 2687 2281 mobiles,
2724 2218 2920 2269 utrum
2953 2216 3194 2288 insuper
3222 2221 3604 2290 partientibus
3631 2223 3836 2277 numeris

2260 2300 2654 2355 consonantiae
2685 2303 2915 2374 possint
2944 2304 3216 2376 reperiri;
3241 2324 3494 2380 namque
3513 2309 3644 2366 illud
3664 2316 3841 2384 prater-

2259 2387 2519 2443 eundum
2543 2388 2787 2458 videtur,
2814 2395 3016 2448 utrum
3045 2410 3295 2451 acumen
3327 2402 3385 2452 et
3407 2399 3643 2469 gravitas
3668 2416 3726 2455 ex
3747 2400 3842 2472 qui-

2258 2473 2370 2530 bus
2398 2492 2566 2532 voces
2594 2480 2925 2536 consistunt
2971 2481 3030 2537 in
3071 2483 3355 2555 qualitate
3395 2486 3595 2543 melius
3631 2492 3841 2544 constare

2258 2568 2363 2619 aut
2383 2567 2710 2636 quantitate
2731 2568 3002 2625 dicantur
3025 2573 3338 2640 ;continua3
3357 2580 3547 2632 autem
3559 2577 3839 2650 disgregatae

2256 2668 2426 2708 voces
2472 2654 2789 2713 harmoniae
2829 2660 3040 2715 melius
3091 2663 3459 2733 conveniant,
3494 2669 3673 2720 utrum
3707 2680 3840 2721 omne

2249 2740 2541 2811 judicium
2571 2761 2849 2802 sonorum
2881 2748 3123 2807 auribus
3149 2751 3412 2809 dandum
3459 2753 3533 2809 sit
3561 2772 3628 2810 an
3656 2755 3838 2822 rationi,

2256 2830 2404 2886 ratio
2435 2837 2755 2890 metrorum
2787 2843 3074 2908 quantum
3105 2840 3165 2895 in
3196 2842 3430 2898 musica
3447 2842 3840 2909 valeat,hemito-

2257 2918 2338 2973 nii
2369 2920 2675 2979 diversitas
2707 2925 2956 2996 qualiter
2984 2933 3227 2997 constet,
3263 2933 3553 3003 quomodo
3589 2950 3651 2988 ex
3676 2948 3840 3004 supra-

2256 3008 2432 3066 dictis
2484 3011 2820 3082 quindecim
2867 3019 3171 3088 torporum
3203 3021 3456 3077 varietas
3484 3021 3838 3078 conformetur.

2255 3096 2390 3153 Haec
2422 3099 2670 3156 strictim
2699 3107 3296 3174 commemoravi,non
3319 3126 3437 3182 quo
3468 3111 3667 3167 artium
3694 3110 3844 3183 prima

2257 3189 2662 3258 ponerem,sed
2676 3194 2742 3244 ut
2756 3191 3068 3250 stultitiam
3083 3195 3303 3254 indocti
3315 3199 3580 3256 monachi
3594 3199 3847 3271 reprehen-

2256 3275 2578 3344 derem,cui
2606 3294 2740 3333 cum
2766 3280 3010 3337 scientia
3043 3285 3257 3341 artium
3291 3287 3519 3344 abesset
3545 3287 3840 3352 liberalium,

2255 3364 2467 3420 maluit
2495 3366 2698 3422 fraude
2726 3371 3225 3441 grammaticellus
3275 3376 3480 3444 videri,
3505 3394 3668 3450 quam
3695 3375 3842 3432 scien-

2252 3452 2392 3508 tiam
2423 3454 2640 3510 artium
2671 3456 2878 3513 saltem
2916 3461 3284 3520 extrinsecus
3316 3465 3580 3538 adipisci.
3611 3466 3701 3520 Est
3725 3463 3846 3520 enim

2250 3558 2347 3596 ars
2398 3542 2773 3614 intrinseeus,
2825 3551 2914 3602 est
2961 3553 3017 3604 et
3066 3551 3452 3610 extrinsecus.
3505 3553 3707 3620 Infelix,
3737 3549 3844 3623 quia

2250 3629 2604 3688 intrinsecus
2651 3634 2898 3692 fortasse
2945 3641 3100 3695 artes
3155 3641 3460 3713 acquirere
3516 3659 3625 3699 non
3681 3638 3845 3714 potuit,

2250 3735 2431 3790 quare
2462 3736 2577 3776 non
2610 3721 2815 3779 saltem
2847 3726 3211 3784 extrinsecus
3245 3730 3597 3803 acquisivit?
3618 3731 3749 3796 Esto,
3775 3743 3845 3782 sa-

2247 3808 2506 3880 pientem
2537 3827 2599 3866 se
2629 3813 2872 3883 putavit,
2907 3831 3050 3871 num
3072 3818 3314 3874 tandem
3344 3819 3484 3892 quid
3511 3816 3845 3876 aliisentirent

2249 3896 2543 3968 inquirere
2574 3901 2774 3957 debuit
2795 3903 2823 3956 ?
2853 3903 2917 3958 In
2969 3905 3144 3963 rebus
3187 3908 3347 3963 enim
3398 3909 3733 3964 diversorum
3767 3905 3844 3958 hoc

2249 3986 2478 4041 minum
2511 3988 2742 4045 diversa
2772 3995 2860 4046 est
2889 3993 3105 4065 opinio.
3131 3995 3269 4051 Inde
3299 4002 3391 4052 est
3421 3997 3561 4052 illud
3593 3991 3842 4052 Terentii:

2250 4075 2384 4142 Quot
2413 4075 2677 4143 homines,
2713 4083 2787 4136 tot
2816 4084 3118 4140 seruentur.
3151 4087 3231 4140 De
3282 4102 3400 4157 quo
3449 4090 3505 4142 et
3529 4086 3739 4143 Persius
3781 4082 3844 4135 in-

2247 4163 2375 4234 quit
2408 4181 2421 4219 :

2306 4261 2445 4311 Mille
2475 4261 2755 4314 hominum
2785 4267 2987 4329 species
3016 4271 3068 4318 et
3098 4282 3280 4319 rerum
3302 4271 3534 4321 discolor
3564 4283 3697 4320 usus.

2244 4350 2415 4405 Putat
2444 4368 2506 4406 se
2536 4353 2775 4410 fortrsse
2798 4356 2996 4412 omnia
3023 4357 3358 4430 scire,quod
3390 4377 3626 4417 summae
3651 4359 3840 4412 demen-

2246 4437 2338 4493 tiae
2370 4440 2568 4496 nullus
2599 4442 2846 4514 ignorat.
2880 4445 3075 4500 Nescit
3106 4447 3164 4502 in
3196 4447 3305 4504 hoc
3339 4449 3483 4521 quid
3504 4445 3840 4504 Cicerodicat:

2246 4529 2423 4584 Unum
2451 4531 2548 4584 vim
2572 4533 2739 4601 pauci
2761 4537 3005 4604 possunt,
3023 4538 3318 4607 utrumque
3366 4554 3540 4593 nemo.
3588 4536 3646 4591 Et
3675 4533 3805 4588 Maro
3831 4545 3842 4582 :

2469 4680 2482 4693 .
2549 4647 2666 4695 Non
2687 4647 2865 4697 omnia
2887 4663 3172 4711 possumus
3203 4665 3413 4702 omnes.

2239 4750 2572 4806 Contemnit
2594 4753 2929 4810 testimonia
2951 4756 3257 4828 gentilium
3283 4759 3646 4832 scriptorum,
3667 4753 3840 4810 saltem

2237 4839 2496 4911 Apostoli
2527 4842 2873 4898 sententiam
2901 4845 2973 4899 ad
3007 4847 3357 4902 memoriam
3385 4848 3632 4914 reducat,
3649 4859 3751 4916 qua
3774 4839 3840 4894 di-

2239 4928 2390 4984 citur
2422 4946 2434 4982 :
2466 4929 2630 4985 Alius
2652 4931 2883 5001 judicat
2912 4933 3014 4999 sic,
3049 4933 3199 4990 alius
3229 4935 3345 5004 sic;
3383 4935 3532 4991 alius
3553 4933 3692 4989 diem
3721 4931 3841 4984 inter

2235 5016 2572 5084 diem,alius
2601 5035 2833 5074 omnem
2856 5020 3031 5077 diem.
3065 5023 3209 5079 Item
3243 5040 3256 5078 :
3297 5025 3664 5098 Unusquisque
3689 5022 3740 5075 in
3764 5031 3839 5072 suo

2231 5121 2392 5160 sensu
2420 5107 2679 5162 abundat.
2714 5108 2915 5164 Nonne
2973 5111 3151 5183 igitur
3207 5112 3414 5168 debuit
3455 5113 3739 5185 diligenter
3759 5105 3838 5178 Ein-

2233 5211 2308 5264 qu
2319 5195 2543 5250 isivisse
2557 5213 2629 5251 an
2645 5195 2851 5252 saltem
2869 5200 3230 5271 parvaintelli
3237 5203 3439 5274 gentia
3450 5201 3837 5274 Scripturarum

2234 5283 2380 5338 mihi
2411 5284 2628 5340 inesset
2654 5286 2681 5340 ?
2712 5287 2908 5343 Nimia
2947 5291 3232 5360 jactantia
3260 5290 3454 5347 elatus
3485 5295 3590 5362 est,
3621 5292 3678 5344 ut
3714 5287 3838 5339 inter

2234 5389 2372 5428 suos
2404 5373 2637 5445 sapiens
2654 5375 2837 5430 videri
2861 5379 3482 5448 posset,velutiCinero
3510 5379 3744 5452 poeticus
3771 5373 3838 5427 in-

2232 5464 2322 5515 ter
2352 5478 2492 5516 suos
2518 5462 2670 5517 ultra
2699 5463 2996 5520 hominem
3027 5467 3208 5523 videri
3229 5467 3430 5523 voluit.
3455 5469 3611 5523 Rana
3639 5467 3690 5519 in
3722 5463 3834 5517 limo

2234 5565 2349 5604 non
2377 5551 2608 5606 dubitat
2656 5569 2718 5607 se
2748 5554 3140 5625 magnitudini
3172 5573 3353 5613 vacca:
3408 5554 3734 5629 comparari,
3759 5566 3833 5605 eo-

2234 5654 2346 5709 que
2377 5640 2550 5695 modo
2575 5641 2896 5698 monachus
2927 5660 3040 5699 uno
3073 5661 3211 5703 casu
3241 5644 3363 5701 vult
3393 5645 3594 5702 doctus
3635 5636 3830 5700 haberi;
