4154 6186
484 332 642 396 1307

1201 333 1573 400 BICHARDI
1615 337 1791 401 ABB.
1837 335 2119 401 FLORIA
2162 339 2440 404 CONST.
2487 343 2703 407 ECCL.
2751 345 2854 407 DE
2897 342 3178 411 REGUL.

3683 349 3809 415 1308

483 463 632 522 duos
661 464 847 522 fasces
878 465 1075 540 paleae,
1100 471 1352 526 etunum
1375 487 1585 543 panem
1599 474 1920 528 ettraceam
1953 471 2130 528 boum
2161 476 2217 542 Î‘
2245 475 2366 532 foro
2400 476 2719 550 Regulae,et
2747 479 2808 535 in
2839 479 3201 553 Salargiis,et
3230 495 3330 553 pro
3356 480 3526 538 feodis
3555 483 3810 542 domorum

479 553 541 610 in
572 554 771 628 vigilia
797 555 1019 612 Natalis
1045 558 1300 614 Domini.

552 646 696 700 Item
734 662 937 701 omnes
968 647 1164 702 bailivi
1198 649 1382 704 nostri
1412 653 1469 705 et
1508 651 1648 706 foris
1679 651 1893 706 debent
1923 668 2128 722 procu-

481 733 766 790 rationem
796 735 974 807 priori
1008 736 1184 793 semel
1217 738 1276 792 in
1309 754 1461 794 anno
1511 743 1718 811 prmter
1761 740 2029 794 homines
2062 740 2130 794 de

481 821 640 878 Pins.

552 913 697 967 Item
729 930 934 970 omnes
961 914 1158 970 villani
1190 917 1261 972 de
1294 917 1508 973 bailliis
1540 919 1754 974 nostris
1776 919 1988 974 debent
2006 934 2133 989 pro-

486 1002 847 1058 curationem
881 1004 1058 1076 priori
1091 995 1268 1062 semel
1291 1007 1348 1060 in
1382 1024 1557 1062 anno.

556 1090 774 1147 Boneta
799 1093 870 1148 de
900 1094 1114 1149 Bordes
1146 1099 1201 1150 et
1232 1113 1598 1152 successores
1621 1097 1712 1152 sui
1743 1097 1956 1151 debent
1985 1096 2134 1168 prio-

482 1178 529 1234 ri
562 1183 1027 1252 procurationem
1060 1186 1213 1256 apud
1247 1185 1630 1256 Burdegalam
1657 1196 1791 1240 cum
1823 1185 1915 1240 his
1946 1184 2132 1240 omni-

481 1267 594 1324 bus
626 1287 773 1341 quos
804 1286 1003 1326 secum
1037 1273 1306 1342 habebit;
1341 1279 1397 1329 et
1419 1291 1602 1345 equos
1633 1274 1904 1330 similiter
1928 1291 2132 1345 procu-

485 1356 657 1422 rabit,
683 1361 741 1412 et
768 1357 876 1413 hoc
909 1359 1088 1416 semel
1122 1361 1179 1416 in
1213 1379 1386 1418 anno.

557 1444 770 1501 Milites
801 1447 870 1502 de
901 1449 1115 1504 Bordes
1147 1449 1382 1506 solvunt
1411 1452 1878 1523 procurationem
1903 1451 2134 1523 plenam

485 1534 665 1606 priori
691 1539 749 1590 et
779 1535 952 1592 sociis
984 1538 1130 1602 suis,
1152 1544 1208 1594 et
1237 1541 1513 1596 omnibus
1544 1559 1692 1613 quos
1722 1557 1917 1597 secum
1952 1541 2134 1596 addu-

484 1626 610 1690 cet;
651 1627 709 1680 et
755 1627 1231 1697 supervenientes
1276 1629 1551 1685 similiter
1603 1631 2001 1703 procurabunt
2033 1647 2046 1684 :
2082 1633 2138 1686 et

485 1711 701 1768 debent
729 1716 1098 1770 commodare
1130 1717 1305 1788 priori
1337 1735 1521 1774 unum
1555 1735 1796 1790 equum,
1829 1736 1963 1774 cum
2009 1725 2138 1774 stu-

486 1800 680 1857 riones
709 1802 781 1858 ad
815 1807 1083 1859 sanctum
1117 1806 1492 1862 Benedictum
1524 1807 1769 1863 miserit.
1806 1809 1967 1871 Quod
1999 1808 2048 1863 si
2078 1808 2136 1861 in

483 1888 579 1946 via
606 1906 796 1962 equus
824 1892 1159 1960 decesserit,
1193 1895 1352 1966 prior
1386 1895 1520 1967 equi
1552 1896 1804 1967 pretium
1839 1897 1922 1953 eis
1973 1897 2138 1952 resti-

486 1981 632 2034 tuet.

559 2067 640 2122 De
662 2069 798 2138 jure
829 2069 1040 2140 prioris
1070 2074 1160 2127 est
1187 2077 1244 2127 et
1272 2073 1540 2130 Ecclesiae
1571 2074 1642 2129 de
1659 2072 2136 2145 Regula,utlites,

489 2153 830 2226 discordias,
864 2174 1071 2215 causas
1103 2164 1160 2216 et
1179 2161 1406 2232 judicia
1454 2179 1558 2234 per
1588 2163 1815 2232 iudices
1864 2179 2012 2233 quos
2045 2178 2138 2216 vo-

487 2242 680 2311 luerit,
715 2249 774 2300 et
804 2247 1194 2320 undecunque
1223 2249 1472 2306 voluerit
1509 2251 1670 2306 intus
1717 2250 1806 2307 vel
1838 2255 1999 2306 extra
2030 2254 2141 2305 ter-

489 2331 712 2388 minet:
747 2333 795 2389 si
827 2335 927 2406 qui
975 2353 1109 2393 vero
1157 2339 1509 2395 adventitius
1554 2340 1642 2395 vel
1694 2339 1979 2395 naturalis
2012 2339 2139 2394 sine

488 2419 715 2477 hzerede
770 2422 1030 2496 legitimo
1089 2427 1424 2496 decesserit,
1476 2445 1570 2484 res
1624 2430 1773 2500 ejus,
1809 2428 1856 2484 si
1909 2427 2140 2483 solutus

488 2508 664 2566 fuerit
691 2512 764 2566 ad
796 2513 1047 2584 priorem
1081 2515 1410 2586 pertinent;
1442 2517 1489 2572 si
1522 2519 1890 2590 conjugatus,
1923 2517 2137 2572 medic-

488 2600 600 2655 tas.

560 2689 838 2747 Homines
867 2691 938 2748 de
983 2694 1228 2750 Lavizon
1276 2694 1611 2752 Willelmus
1660 2698 1887 2764 Textor,
1933 2697 2139 2751 Petrus

489 2776 674 2849 Ogau,
704 2779 1048 2838 Willermus
1078 2783 1315 2840 Garsias
1342 2789 1400 2842 et
1440 2785 1649 2842 Vitalis
1677 2785 1897 2841 Juliani
1929 2786 2141 2840 debent

490 2871 722 2938 portare
753 2869 1006 2940 priorem
1038 2889 1140 2944 per
1173 2890 1335 2930 mare
1364 2891 1499 2930 cum
1529 2874 1705 2930 sociis
1737 2875 1861 2930 suis
1893 2875 2137 2928 ubicun-

492 2969 607 3025 que
634 2953 902 3023 voluerit,
935 2963 992 3014 et
1031 2961 1306 3016 reducere
1354 2949 1644 3027 similiter,
1678 2967 1734 3018 et
1782 2963 1996 3018 debent
2041 2962 2138 3016 de-

492 3042 641 3098 ferre
671 3043 944 3102 similiter
966 3047 1228 3104 bladium
1262 3067 1366 3122 per
1409 3067 1568 3106 mare
1597 3067 1945 3123 quacunque
1977 3055 2140 3122 parte

493 3130 703 3187 domus
743 3137 943 3189 nostra
990 3135 1280 3206 habuerit,
1332 3143 1391 3194 et
1445 3143 1610 3195 nocte
1669 3155 1785 3210 qua
1838 3139 2137 3205 redierint,

491 3218 794 3276 habebunt
849 3223 920 3279 de
977 3223 1210 3282 cellario
1265 3231 1589 3298 portatores
1636 3228 1733 3284 isti
1804 3245 2015 3301 panem
2083 3218 2211 3286 etC

490 3305 714 3366 vinum.

562 3397 911 3471 Praepositae
941 3404 1012 3458 de
1043 3403 1350 3479 Lobanaeg
1363 3407 1536 3462 debet
1565 3421 1875 3479 procurare
1888 3405 2137 3480 priorem

491 3488 549 3541 et
575 3488 772 3545 socius
804 3506 943 3548 suos
965 3493 1144 3549 semel
1177 3494 1235 3549 in
1266 3512 1451 3552 anno:
1476 3500 1534 3552 et
1563 3496 1978 3568 omnesilliqui
2000 3498 2142 3551 sunt

491 3575 562 3630 de
592 3579 975 3650 prmpositura
1003 3581 1130 3639 illa:
1166 3583 1342 3640 aliam
1373 3589 1605 3641 tantum
1636 3587 1848 3642 debent
1872 3600 2142 3656 procura-

489 3665 709 3722 tionem
739 3669 920 3741 priori
949 3675 1006 3727 et
1037 3671 1212 3727 sociis
1243 3674 1368 3730 suis
1399 3675 1579 3731 semel
1621 3675 1680 3730 in
1710 3692 1882 3743 anno,
1918 3690 2138 3746 praepo-

491 3755 640 3812 situs
670 3761 883 3813 sanetae
921 3759 1242 3835 Aurelianae
1270 3779 1403 3818 cum
1435 3764 1816 3836 participibus
1862 3763 2007 3834 suis,
2041 3762 2137 3817 de-

490 3843 630 3900 bent
657 3849 1125 3918 procurationem
1148 3851 1325 3923 priori
1357 3853 1539 3908 semel
1571 3854 1628 3908 in
1662 3853 1976 3922 anno,etin
2009 3869 2137 3906 mu-

491 3934 707 3990 tatione
737 3938 1026 4009 cujusque
1065 3939 1276 4009 prioris
1310 3942 1376 3995 14
1405 3941 1623 3998 solidos
1677 3941 2138 4013 Burdegalenses

494 4022 728 4078 nomine
759 4025 1052 4094 sportulae,
1082 4030 1138 4081 et
1165 4027 1497 4098 Aiquilinus
1529 4030 1600 4086 de
1632 4030 1808 4086 Fonte
1838 4047 1938 4086 sex
1968 4030 2141 4085 dena-

493 4107 611 4165 rios
641 4111 932 4182 sportulae.

561 4200 860 4257 Amaneus
891 4202 962 4259 de
993 4202 1258 4276 Lobengs
1288 4209 1345 4260 et
1376 4205 1467 4261 sui
1495 4207 1708 4262 debent
1738 4208 1924 4263 facere
1955 4207 2140 4264 homi-

491 4287 657 4344 nium
688 4289 865 4362 priori
894 4308 999 4364 pro
1033 4296 1191 4350 mota
1228 4310 1336 4350 sua
1381 4299 1437 4350 et
1483 4313 1586 4368 pro
1627 4296 1791 4352 feodo
1823 4297 2054 4368 Regula:
2085 4304 2141 4354 et

491 4394 595 4450 pro
620 4378 855 4450 justitia
878 4379 987 4436 fori
1017 4385 1077 4438 et
1104 4399 1209 4455 pro
1241 4383 1334 4439 his
1364 4400 1490 4456 quae
1522 4387 1679 4440 tenet
1705 4385 1777 4441 ab
1810 4402 1876 4442 eo
1911 4386 2064 4442 intra
2085 4391 2142 4442 et

490 4470 654 4524 extra
684 4485 698 4524 :
731 4472 788 4524 et
817 4474 1093 4541 praeterea
1121 4488 1225 4544 pro
1251 4472 1344 4528 his
1374 4473 1650 4528 omnibus
1679 4474 1903 4529 faciunt
1932 4474 2140 4530 solem-

493 4573 628 4613 nem
658 4556 719 4612 in
751 4557 845 4615 die
871 4559 1106 4617 Paschze
1137 4561 1243 4616 toti
1274 4563 1583 4618 conventui
1615 4563 1686 4618 de
1717 4563 1956 4635 Regula.

563 4646 708 4703 Item
737 4648 1030 4706 Arnaldus
1059 4650 1342 4706 Bernardi
1375 4652 1446 4708 de
1494 4651 1822 4725 Taurignac
1867 4653 2005 4709 facit
2035 4653 2138 4709 ho-

493 4736 746 4792 minium
778 4738 958 4809 priori
995 4755 1100 4812 pro
1150 4739 1412 4796 devalata
1444 4741 1674 4813 pedagii
1707 4742 1898 4798 Mariae
1931 4743 2002 4797 de
2033 4743 2139 4797 Ge-

493 4826 684 4882 runda
729 4830 788 4881 et
834 4832 1112 4898 praeterea
1157 4845 1261 4900 pro
1319 4829 1737 4886 communitate
1787 4831 1968 4887 casati
2008 4847 2142 4886 cum

492 4914 882 4988 participibus
903 4916 1028 4972 suis
1060 4916 1365 4972 annuatim
1394 4915 1454 4973 in
1483 4917 1719 4975 vincula
1749 4920 1965 4975 B.Petri
1994 4921 2030 4975 5
2051 4937 2141 4976 so-

492 5001 644 5060 lidos
672 5003 1154 5077 Burdegalenses.

564 5090 709 5147 Item
740 5091 932 5150 Helias
960 5095 1032 5150 de
1063 5093 1262 5150 Barela
1288 5095 1459 5151 debet
1488 5095 1711 5152 solvere
1741 5098 2047 5153 conventui
2073 5098 2144 5155 de

494 5178 720 5252 Regula
775 5184 1078 5239 annuatim
1123 5185 1194 5239 24
1241 5201 1425 5256 panes
1473 5189 1530 5240 et
1581 5186 1648 5240 12
1706 5185 2041 5258 lampredas
2089 5193 2144 5244 et

494 5284 676 5324 unam
707 5275 1037 5327 saumatam
1063 5272 1184 5328 vini
1215 5274 1274 5328 in
1306 5274 1488 5330 ramis
1518 5273 1876 5330 Palmarum.

567 5359 711 5415 Item
743 5357 1020 5415 dominus
1049 5361 1118 5416 de
1149 5361 1323 5418 Culed
1356 5363 1613 5420 Maviron
1645 5365 1816 5420 debet
1833 5365 2019 5422 facere
2050 5366 2148 5423 ho-

496 5446 958 5522 miniumÂ§priori
996 5466 1098 5521 pro
1147 5451 1312 5509 feodo
1363 5469 1534 5524 quem
1583 5458 1739 5510 tenet
1787 5455 1847 5509 in
1895 5454 2032 5511 villa
2076 5457 2147 5513 de

497 5538 738 5612 Regula.
765 5539 1051 5596 Dominus
1101 5541 1172 5595 de
1220 5541 1510 5599 Landorro
1561 5548 1619 5599 et
1649 5548 1860 5599 sancte:
1890 5545 2146 5601 Basilicas

498 5627 668 5686 debet
697 5630 884 5688 facere
913 5629 1453 5705 hominiumfpriori
1483 5650 1586 5706 pro
1619 5632 1710 5688 his
1742 5650 1868 5706 quae
1903 5637 2058 5691 tenet
2088 5637 2147 5691 in

2240 581 2368 637 quae
2404 572 2543 622 sunt
2596 568 2655 624 in
2689 570 2891 625 eadem
2921 569 3059 626 villa
3090 574 3148 625 et
3177 587 3277 642 pro
3308 570 3397 625 his
3443 571 3692 628 omnibus
3717 591 3810 646 quae

2239 659 2396 710 tenet
2427 674 2459 710 a
2488 655 2607 712 rivo
2638 662 2740 728 qui
2775 657 2989 713 dicitur
3016 659 3326 714 Merdanus
3370 676 3545 730 usque
3572 661 3636 714 ad
3665 661 3814 733 Regu-

2240 741 2378 798 lam.

2316 833 2456 888 Item
2491 835 2749 891 Donatus
2789 837 3001 893 Garsie
3041 836 3130 892 vel
3160 837 3376 892 Berned
3404 841 3458 892 et
3487 838 3602 908 ejus
3631 855 3818 894 succes-

2242 937 2403 978 sores
2434 924 2646 980 debent
2677 925 2951 982 assistere
2995 925 3172 998 priori
3204 925 3262 981 in
3288 925 3519 996 judiciis
3561 943 3653 999 pro
3690 929 3819 982 feodo

2243 1026 2417 1082 quem
2451 1016 2605 1068 tenet
2633 1014 2785 1069 infra
2816 1014 3117 1085 Regulam.

2317 1101 2458 1156 Itcm
2489 1101 2759 1158 homines
2789 1103 2857 1159 de
2886 1104 3210 1177 Taurignac
3239 1109 3295 1159 et
3313 1103 3563 1159 homines
3584 1104 3643 1159 de
3663 1109 3822 1159 sancto

2245 1189 2544 1258 Michaele,
2576 1197 2632 1247 et
2681 1193 2750 1248 de
2784 1193 3059 1250 Guarzac.
3093 1194 3142 1247 si
3195 1193 3339 1249 forte
3387 1192 3538 1265 prior
3581 1194 3824 1265 propriam

2244 1293 2516 1350 guerram
2549 1281 2841 1350 habuerit,
2873 1283 3085 1338 debent
3113 1283 3309 1338 venire
3341 1282 3399 1336 in
3447 1282 3566 1351 ejus
3594 1281 3823 1336 auxilium

2245 1384 2348 1439 pro
2381 1368 2566 1424 feodis
2594 1387 2719 1442 qua:
2746 1375 2946 1426 tenent
2978 1371 3130 1427 intra
3158 1371 3376 1426 villam.

2318 1458 2459 1512 Item
2492 1457 2538 1512 si
2571 1459 2728 1531 prior
2759 1461 3060 1533 proprium
3092 1460 3312 1516 bellum
3344 1459 3602 1514 habuerit
3643 1476 3730 1532 pro
3755 1475 3829 1513 ex-

2246 1545 2636 1604 haeredatione
2669 1550 3233 1615 terrae,medietatem
3266 1563 3635 1620 expensarum
3663 1546 3832 1602 facient

2245 1634 2588 1712 burgenses,
2621 1637 2796 1693 aliam
2829 1639 3204 1694 medietatem
3236 1638 3414 1710 prior.
3448 1637 3549 1692 Pro
3593 1633 3685 1691 tali
3717 1633 3831 1689 bello

2244 1727 2520 1780 tenentur
2551 1742 2612 1781 se
2642 1732 2990 1798 przesentare
3016 1726 3292 1782 dominus
3314 1724 3582 1781 Gerunda;
3611 1726 3660 1778 et
3686 1721 3832 1777 domi-

2247 1831 2359 1869 nus
2391 1815 2462 1869 de
2495 1816 2824 1888 Taurignac
2853 1821 2909 1871 et
2937 1816 3213 1871 dominus
3246 1815 3338 1870 del
3363 1815 3593 1870 Berned.

2319 1903 2461 1959 Item
2494 1904 2543 1960 si
2593 1905 2806 1976 aliquis
2851 1905 3020 1960 miles
3067 1904 3422 1960 feodetarius
3451 1901 3645 1975 prioris
3669 1905 3828 1956 contra

2248 1990 2520 2062 priorem,
2555 1994 2706 2064 quod
2739 1993 2913 2062 absit,
2943 1993 3000 2046 in
3029 1991 3225 2062 aliquo
3256 1988 3578 2062 deliquerit,
3609 2005 3697 2059 per
3721 2002 3836 2040 nun-

2248 2080 2396 2135 tium
2429 2098 2604 2135 suum
2635 2081 2829 2153 ipsum
2866 2081 2921 2135 in
2947 2083 3048 2152 jus
3075 2079 3394 2145 vocabit,et
3419 2078 3476 2132 in
3497 2093 3657 2132 manu
3673 2073 3836 2147 prioris

2248 2170 2318 2225 de
2345 2170 2618 2241 querelis,
2654 2171 2808 2242 quod
2848 2172 3079 2242 justum
3112 2167 3312 2235 fuerit,
3345 2169 3689 2238 exsequetur.
3714 2161 3838 2228 Quod

2248 2258 2297 2312 si
2331 2258 2388 2312 in
2418 2260 2548 2330 ejus
2580 2261 2937 2330 manumjus
2967 2274 3169 2331 parere
3193 2253 3691 2333 noluerit,feodum
3718 2249 3838 2324 prior

2248 2348 2574 2419 occupabit.

2318 2437 2618 2492 Statutum
2651 2440 2739 2492 est
2769 2441 3046 2509 praterea
3064 2435 3222 2507 quod
3241 2435 3291 2490 si
3314 2433 3548 2489 Judaeus
3573 2427 3836 2485 transitum

2247 2525 2448 2581 fecerit
2474 2543 2576 2598 per
2603 2525 2824 2594 villam,
2857 2528 2890 2581 4
2938 2524 3206 2581 denarios
3258 2523 3445 2579 solvat
3487 2518 3754 2591 elavigero.
3774 2513 3840 2570 De

2248 2630 2398 2686 equo
2430 2615 2780 2687 Hispaniam
2801 2615 3099 2682 denarios;
3124 2614 3196 2669 de
3228 2611 3595 2682 tracta(foret
3617 2608 3841 2678 utpostea

2247 2706 2442 2776 carga)
2473 2704 2763 2758 coriorum
2791 2705 2990 2770 boum,
3030 2702 3222 2758 ovium
3255 2701 3346 2756 vel
3379 2712 3688 2772 caprarum,
3718 2695 3744 2748 4
3768 2691 3842 2746 de-

2249 2793 2553 2848 narios.De
2584 2810 2698 2848 uno
2729 2792 2882 2848 corio
2916 2809 3099 2847 unum
3131 2789 3543 2846 denariumzde
3572 2785 3843 2875 carga-staf

2248 2881 2347 2953 gni
2377 2879 2464 2937 vel
2499 2881 2738 2948 metalli,
2771 2883 2804 2936 4
2847 2881 3138 2936 denarios.
3187 2878 3532 2949 Quicunque
3574 2869 3846 2929 vendiderit

2249 2984 2467 3041 equum
2500 2970 2558 3027 in
2593 2971 2714 3025 foro
2746 2969 2994 3042 qualuor
3021 2968 3317 3025 denarios:
3341 2959 3841 3029 extraneusubique.

2249 3057 2645 3115 Constitutum
2673 3063 2761 3115 est
2789 3063 3068 3131 praeterea
3095 3063 3151 3113 et
3171 3055 3556 3128 jurejurando
3599 3052 3845 3142 firmatum

2249 3149 2404 3219 quod
2437 3165 2623 3220 neque
2655 3148 2835 3221 prior,
2867 3165 3058 3220 neque
3087 3147 3342 3218 claviger
3389 3145 3632 3215 aliquem
3659 3136 3733 3194 vel
3759 3134 3847 3190 ali-

2250 3253 2427 3308 quam
2458 3241 2852 3310 supercurrat,
2883 3237 3025 3292 dum
3055 3235 3152 3291 ille
3205 3234 3302 3291 vel
3354 3233 3451 3289 illa
3494 3230 3844 3301 ï¬dejussorem

2251 3325 2429 3397 priori
2461 3330 2693 3398 gratum
2725 3327 2861 3382 dare
2888 3325 3117 3398 poterit.

2321 3415 2463 3469 Item
2497 3431 2667 3471 nemo
2700 3413 3256 3482 cultellum,ensem,
3284 3413 3565 3477 lanceam,
3584 3402 3846 3479 spiculum,

2249 3503 2524 3572 securim,
2556 3503 2884 3575 besogium,
2919 3519 3107 3574 neque
3133 3503 3407 3574 gtadium
3439 3499 3497 3554 in
3534 3491 3848 3552 contentione

2248 3591 2490 3648 trahat:
2547 3593 2699 3664 quod
2763 3591 2813 3646 si
2861 3591 3102 3647 traxerit
3159 3594 3214 3646 et
3278 3606 3396 3646 non
3445 3581 3766 3660 percusserit
3808 3578 3850 3630 et

2249 3680 2498 3738 traxisse
2541 3682 2841 3737 convictus
2893 3681 3085 3745 fuerit,
3139 3696 3237 3736 sex
3291 3678 3510 3735 solidos
3560 3671 3718 3748 priori
3756 3667 3852 3762 sine

2249 3769 2683 3826 intermissione
2715 3769 2894 3825 dabit.
2929 3769 2989 3825 Si
3020 3785 3153 3824 vero
3183 3766 3541 3840 percusserit
3572 3767 3624 3819 et
3651 3771 3850 3828 sangvi-

2252 3877 2385 3914 nem
2418 3858 2706 3925 effuderit,
2735 3859 2805 3913 66
2837 3857 3053 3913 solidos
3099 3855 3381 3913 similiter
3411 3853 3570 3911 dabit
3617 3845 3787 3924 priori,
3811 3843 3854 3896 et

2251 3949 2534 4003 damnum
2563 3965 2840 4019 percusso
2872 3963 2940 4003 ex
2969 3946 3194 4018 integro
3225 3945 3520 4002 restituet.
3541 3944 3647 3997 Aut
3703 3935 3746 3992 si
3771 3933 3853 3987 hoc

2247 4042 2438 4094 totum
2471 4038 2656 4093 facere
2684 4055 2800 4094 non
2833 4035 3067 4108 poterit,
3108 4052 3226 4090 uno
3257 4033 3528 4090 membro
3557 4021 3852 4086 curtabitur.

2249 4129 2308 4184 Si
2341 4143 2656 4200 percussus
2694 4130 2962 4182 mortuus
2995 4124 3188 4190 fuerit,
3222 4122 3324 4179 ille
3358 4122 3459 4196 qui
3501 4113 3762 4193 percussit
3785 4124 3855 4206 ex-

2249 4216 2657 4282 hzeredabitur,
2690 4221 2747 4270 et
2775 4213 3085 4270 hacreditas
3114 4216 3237 4270 tota
3287 4216 3349 4268 et
3399 4206 3682 4284 possessio
3709 4203 3854 4276 perti-

2250 4305 2410 4361 nebit
2441 4305 2514 4360 ad
2545 4304 2817 4376 priorem.

2319 4395 2464 4450 Item
2486 4410 2656 4449 nemo
2687 4397 2849 4448 extra
2870 4390 3071 4447 villam
3102 4390 3189 4446 vel
3220 4390 3379 4445 infra
3419 4387 3664 4460 aliquem
3691 4387 3854 4472 super?

2250 4487 2567 4556 praesumat
2598 4481 2721 4538 sine
2735 4497 2980 4537 assensu
3012 4479 3234 4536 domini
3269 4478 3486 4552 prioris
3505 4470 3856 4556 velCIavigerj.

2168 4589 2216 4656 D
2249 4551 2349 4628 sed
2383 4572 2431 4628 si
2459 4588 2596 4627 casu
2629 4568 3120 4641 centigerit,quod
3144 4551 3287 4623 ante?
3305 4563 3666 4656 prmsentiam
3686 4551 3858 4656 prioris

2249 4660 2337 4716 vel
2370 4658 2640 4732 clavigeri
2670 4675 2804 4714 cum
2835 4662 3003 4730 capto
3032 4673 3093 4712 se
3115 4655 3507 4729 praesentet,si
3539 4656 3716 4708 tamen
3740 4649 3859 4732 tem-

2255 4767 2366 4821 pus
2387 4731 2562 4804 fuerit
2589 4751 3005 4820 Opportunum.
3040 4745 3201 4812 Quod
3252 4745 3303 4800 si
3337 4745 3396 4799 id
3431 4743 3612 4798 facere
3639 4731 3860 4821 uegiexe:

2254 4813 2348 4906 rit,
2379 4840 2416 4894 6
2445 4813 2859 4894 solidos-dabit
2885 4835 3084 4907 priori.
3119 4837 3265 4888 Item
3299 4833 3351 4888 si
3403 4825 3693 4902 contigerit
3734 4813 3860 4892 qUOd

2255 4925 2468 4998 aliquis
2501 4924 2759 4997 aliquem
2791 4927 2924 4979 ante
2952 4921 3326 4995 praesentiam
3349 4919 3580 4977 Domini
3609 4919 3864 5010 percusse-

2252 5016 2348 5082 rit,
2384 5015 2607 5086 absque
2637 5012 2814 5069 dubio
2848 5013 3132 5067 damnum
3165 5010 3440 5067 restituet
3478 5011 3534 5064 et
3584 5001 3744 5078 priori
3784 5009 3863 5051 sa-

2251 5104 2525 5161 tisiâ€˜aciet.

2326 5195 2466 5251 Item
2499 5195 2570 5250 de
2603 5190 2897 5248 mensuris
2928 5192 3334 5263 cujuscunque
3380 5187 3537 5244 modi
3581 5182 3707 5250 sint,
3729 5180 3786 5234 ut
3810 5172 3864 5267 dt?

2253 5281 2512 5348 conchis,
2549 5281 2620 5336 de
2646 5278 2849 5351 virgis,
2876 5278 2947 5334 de
2968 5277 3280 5344 cubitis,de
3314 5277 3478 5332 canis
3500 5271 3700 5346 quibus
3718 5274 3863 5351 panni

2252 5371 2606 5437 venduntur,
2639 5371 2695 5424 et
2725 5350 2796 5423 de
2825 5367 2992 5422 libris
3022 5371 3079 5422 et
3102 5367 3170 5422 de
3206 5365 3446 5422 rasoriis
3478 5362 3683 5436 quibus
3728 5356 3800 5410 sal
3822 5350 3866 5447 et

2256 5462 2479 5532 segetes
2510 5459 2816 5522 raduntur,
2851 5455 3097 5511 firmiter
3143 5454 3253 5510 fuit
3293 5453 3675 5509 constitutum
3706 5450 3868 5534 omnit1

2258 5523 2386 5604 esse
2417 5547 2663 5620 aequalia
2693 5550 2747 5601 et
2771 5546 2955 5616 justa.
2987 5545 3148 5608 Quod
3195 5543 3243 5599 si
3293 5559 3475 5614 penes
3524 5523 3870 5629 aliquemsiâ€œ:

2260 5639 2416 5710 quod
2465 5617 2715 5694 istorum
2765 5633 2981 5690 falsum
3037 5635 3340 5690 inventum
3393 5631 3588 5698 fuerit,
3618 5628 3652 5682 6
3687 5617 3866 5680 solidos
