4086 6188
242 447 398 508 1309
1279 447 1723 512 ADALBERTI
1781 447 1855 510 Ml

2047 447 2124 510 'S.
2171 447 2611 512 PROLOGUS.
3498 450 3656 513 l3l‘0

238 581 420 656 priori
451 580 652 637 solvet.
685 580 846 645 Quod
872 581 918 638 si
938 580 1152 654 aliquis
1175 581 1576 639 reclamaverit
1595 587 1650 638 et
1677 583 1887 655 proba-
1920 584 1974 651 Α
2002 582 2116 638 sibi
2148 582 2397 654 injurias
2426 583 2703 656 irrogare,
2752 585 2808 639 et
2858 581 3005 638 nolit
3041 581 3214 654 juxta
3257 585 3479 639 statuta
3507 581 3653 640 villae

238 670 385 727 verit
413 687 475 726 se
505 671 564 726 in
597 670 936 742 hujusmodi
983 671 1280 727 mensuris
1335 672 1516 728 fuisse
1560 673 1890 744 deceptum,
1993 671 2219 741 judicio
2251 672 3222 745 injuriaspersequi,postprimam
3250 676 3307 727 et
3337 673 3654 728 secnndam

241 761 517 832 deceptor
545 760 830 815 damnum
863 761 1130 817 restituet
1185 765 1241 816 et
1291 761 1470 834 priori
1529 779 1631 817 sex
1675 761 1894 817 solidos
2003 760 2460 817 admonitionem
2494 763 2706 834 prioris
2736 779 2840 834 per
2870 777 2931 817 se
2962 760 3050 817 vel
3096 777 3198 834 per
3244 778 3383 818 snos
3415 762 3651 827 factam,

243 848 449 904 solvet.
2004 849 2098 905 ille
2129 850 2264 906 talis
2295 851 2569 906 omnibus
2602 851 2808 906 diebus
2836 851 2964 906 vita
2989 867 3107 906 suae
3136 868 3204 906 ex
3234 854 3374 906 tunc
3405 850 3567 906 exsul
3597 854 3656 906 et

313 937 592 992 Similiter
619 939 691 993 de
720 937 906 993 hortis
933 939 992 993 in
1022 938 1159 994 villa
1190 940 1528 996 constitutis
1559 944 1615 995 et
1643 939 1896 996 circum-
2004 939 2288 1012 profugus
2320 957 2433 995 non
2467 957 2805 996 reversurus
2825 941 3077 1006 abeat,et
3099 940 3293 995 omnis
3326 941 3453 1011 ejus
3474 940 3656 996 hmre-

235 1026 592 1097 jacentibus,
624 1030 681 1080 et
709 1027 779 1082 de
809 1027 995 1084 vineis
1017 1032 1302 1083 statutum
1327 1034 1414 1083 est
1435 1033 1487 1084 et
1510 1029 1895 1100 jurejurando
2005 1027 2158 1089 ditas
2189 1029 2365 1100 priori
2397 1029 2748 1084 incurratur.

243 1115 540 1170 ﬁrmatum
575 1117 729 1187 quod
764 1132 934 1171 nemo
957 1117 1169 1172 audeat
1191 1118 1248 1171 in
1283 1117 1516 1173 hortum
1548 1118 1635 1173 vel
1667 1118 1895 1173 vineam
2076 1122 2322 1172 Demum
2355 1122 2644 1173 statutum
2675 1123 2764 1174 est
2805 1119 2964 1190 quod
3014 1118 3348 1191 quicunque
3379 1118 3540 1173 intus
3565 1117 3654 1173 vel

243 1203 488 1260 alterius
518 1204 756 1273 intrare,
788 1222 895 1259 nec
959 1205 1178 1277 aliquid
1239 1223 1462 1278 rapere,
1497 1224 1688 1280 neque
1719 1207 1894 1278 olera,
2006 1210 2166 1261 extra
2197 1206 2452 1278 aliquem
2481 1207 2570 1262 vel
2611 1206 2870 1279 aliquam
2905 1207 3280 1276 interfecerit,
3321 1207 3447 1262 sine
3480 1207 3653 1262 mise-

245 1309 434 1366 neque
465 1296 719 1366 portum,
754 1310 942 1365 neque
973 1295 1199 1350 fructus
1227 1295 1275 1350 si
1306 1296 1524 1351 fuerint
1554 1297 1688 1352 sibi.
2008 1294 2258 1350 ricordia
2291 1296 2625 1350 incurratur
2656 1295 2923 1352 Domino.

314 1381 597 1439 Similiter
620 1383 690 1439 de
720 1383 904 1440 vineis
933 1401 1122 1456 neque
1165 1390 1484 1458 agrestam,
1519 1403 1709 1458 neque
1740 1403 1896 1442 race-
2078 1384 2158 1438 De
2188 1384 2450 1439 minimis
2481 1389 2676 1440 autem
2711 1384 3056 1456 querelis,ut
3081 1387 3169 1440 est
3189 1385 3259 1439 de
3281 1383 3656 1456 percussione

245 1487 394 1539 mos,
423 1489 611 1544 neque
642 1473 920 1545 paxellos,
955 1490 1144 1546 neque
1194 1474 1414 1546 aliquid
1473 1491 1698 1530 earum.
1733 1477 1897 1541 Quod
2008 1472 2129 1528 sive
2160 1473 2466 1545 sanguinis
2491 1474 2774 1529 effusione
2801 1474 2952 1529 facta
2973 1479 3028 1528 et
3051 1474 3120 1528 de
3150 1472 3329 1528 illatis
3359 1477 3659 1528 contume-

245 1560 295 1616 si
319 1559 534 1632 aliquis
567 1562 767 1617 fecerit
808 1567 865 1618 et
913 1563 984 1618 de
1043 1564 1192 1618 facto
1250 1565 1665 1636 comprobatus
1699 1564 1892 1633 fuerit,
2007 1558 2122 1626 liis,
2151 1561 2222 1616 de
2263 1561 2491 1634 capillis
2541 1563 2730 1634 ruptis
2780 1566 2836 1618 et
2885 1563 2956 1617 de
3013 1561 3143 1616 aliis
3198 1560 3559 1632 hujusmodi,
3594 1564 3659 1616 ut

247 1649 533 1704 damnum
567 1652 853 1715 restituet,
887 1657 945 1707 et
978 1653 1154 1724 priori
1186 1670 1286 1708 sex
1316 1653 1532 1708 solidos
1565 1653 1832 1720 solvet,et
1849 1653 1912 1725 si.
2009 1654 2354 1706 consuetum
2387 1655 2478 1706 est
2507 1656 2563 1706 et
2593 1655 2878 1706 statutum
2911 1654 3200 1706 teneatur.

248 1734 387 1790 dare
417 1753 532 1792 non
567 1738 773 1808 possit,
806 1739 1128 1794 auriculam
1153 1741 1375 1810 perdet.
2082 1739 2223 1794 Item
2257 1740 2304 1795 si
2348 1739 2482 1812 quis
2518 1739 2803 1814 virginem
2861 1739 3185 1812 corruperit
3207 1738 3301 1794 vi:
3336 1737 3385 1793 si
3446 1737 3658 1793 mulier

321 1822 463 1878 Item
497 1827 782 1880 statutum
815 1831 904 1880 est
933 1843 1003 1882 ne
1029 1827 1244 1898 aliquis
1269 1827 1396 1881 sine
1414 1843 1660 1881 assensu
1684 1827 1897 1897 prioris
2008 1827 2184 1882 fuerit
2207 1827 2376 1883 vilior
2403 1829 2660 1896 eo,dabit
2681 1829 2730 1884 ei
2757 1827 3031 1883 maritum
3056 1827 3300 1883 consilio
3333 1827 3657 1882 amicorum

248 1911 308 1966 in
340 1912 708 1982 expeditione
732 1917 843 1980 eat,
866 1930 968 1968 nec
1002 1931 1188 1984 prece,
1222 1930 1327 1968 nec
1350 1915 1532 1984 pretio
1563 1913 1894 1984 aliquorum
1933 1943 1982 2008 Β
2010 1931 2272 1982 suorum,
2304 1915 2387 1970 vel
2421 1915 2664 1986 accipiet
2689 1933 2816 1971 eam
2851 1916 2912 1970 in
2955 1931 3216 1970 uxorem.
3253 1915 3414 1980 Quod
3448 1915 3498 1970 si
3526 1932 3657 1970 mu-

249 2000 460 2055 ductus
483 2000 790 2056 castellum
821 2001 1182 2072 ingrediatur
1215 2002 1285 2056 ad
1323 2002 1778 2070 defendendum,
1811 2001 1898 2056 vel
1935 2000 1976 2008 ⁷
2007 2000 2116 2056 lier
2144 2003 2317 2056 luerit
2347 2003 2618 2069 nobilior,
2652 2005 2724 2058 ad
2757 2003 3063 2059 arbitrium
3111 2002 3325 2075 prioris
3355 2007 3412 2058 et
3443 2003 3657 2059 amico-

249 2089 402 2144 foras
429 2089 501 2144 ad
530 2089 1006 2161 expugnandum.
1041 2090 1202 2154 Quod
1235 2090 1284 2145 si
1339 2090 1538 2146 fecerit
1595 2095 1651 2145 et
1680 2089 1896 2146 vnlnus
2009 2105 2139 2144 rum
2190 2089 2473 2155 mulieris,
2537 2089 2768 2145 mulieri
2825 2089 3143 2147 satisfaciet
3198 2094 3255 2145 et
3311 2091 3382 2145 66
3438 2091 3656 2146 solidos

248 2175 624 2244 intulerit,66
653 2177 873 2233 solidos
899 2178 1078 2249 priori
1105 2179 1286 2246 dabit,
1319 2184 1376 2234 et
1408 2195 1686 2251 percusso
1731 2180 1897 2234 dam-
2008 2178 2184 2250 priori
2217 2177 2418 2234 solvet.

248 2283 392 2322 num
422 2265 710 2322 restituet.
743 2267 802 2322 Si
850 2267 1127 2324 occiderit
1181 2268 1499 2335 hominem,
1533 2267 1732 2322 omnia
1761 2285 1897 2323 con-
2078 2267 2216 2322 Item
2243 2267 2290 2322 si
2323 2266 2537 2338 aliquis
2569 2265 2892 2336 quamlibet
2919 2265 3096 2322 aliam
3119 2270 3425 2339 stupratus
3459 2266 3651 2334 fuerit,

249 2355 533 2411 ﬁscantur
563 2356 762 2428 priori.
796 2357 857 2412 Si
903 2357 1039 2428 quis
1099 2361 1294 2413 autem
1352 2357 1637 2429 superbiae
1672 2357 1898 2412 facibus
2007 2356 2042 2409 6
2069 2354 2286 2410 solidos
2313 2355 2475 2409 dabit
2500 2354 2676 2426 priori
2709 2358 2766 2410 et
2794 2354 3026 2410 mulieri
3057 2355 3397 2410 satisfaciet.
3429 2355 3488 2411 Si
3523 2355 3672 2426 quis-

249 2461 530 2501 accensus
560 2445 923 2519 negligenter
952 2447 1024 2502 de
1079 2445 1218 2501 villa
1271 2446 1476 2501 exierit
1515 2446 1800 2518 profugus
1832 2462 1901 2500 ea
2009 2445 2381 2515 conjugatam
2416 2443 2674 2514 rapuerit
2702 2447 2758 2498 et
2806 2459 2940 2499 cum
2983 2460 3053 2499 ca
3084 2443 3318 2515 fugerit,
3353 2447 3419 2498 ut
3447 2444 3518 2499 de
3548 2443 3652 2499 ho-

248 2533 571 2602 occasione,
603 2535 760 2605 quod
791 2534 930 2590 dicit
958 2536 1280 2608 burgenses
1309 2533 1399 2589 vel
1429 2534 1624 2606 ipsum
1648 2534 1899 2606 priorem
2014 2532 2249 2587 micidio
2279 2531 2745 2587 stabilimentum
2771 2531 2917 2586 villae
2949 2537 3226 2588 servetur.

251 2688 3642 2732 Μ

1557 2827 1708 2864 ANNO
1748 2824 1950 2864 DOMINI
1991 2823 2329 2863 DCCCCLXXIX
2338 2851 2349 2863 .

1067 2966 2786 3134 'ADALIBERTUS

1489 3229 1841 3285 METENSIS
1879 3225 2422 3284 SCHOLASTICUS.

859 3524 1322 3611 ΝΟΤΙἸἸΑ
1385 3523 2003 3610 HISTORICA
2065 3523 2178 3607 IN
2234 3518 3039 3607 ADALBERTUM.

1405 3699 1652 3770 (Fabric.
1685 3701 1946 3756 Bz'blioth.
1978 3716 2114 3755 mer.
2149 3702 2201 3754 et
2232 3697 2339 3773 inf.
2375 3696 2501 3769 lat.)

314 3963 684 4047 Adalbertus,
719 3965 1065 4047 levita,_sive
1098 3967 1421 4047 monachus
1449 3972 1506 4023 et
1535 3968 1828 4047 sa_cer_dos,
1861 3967 2099 4047 scripsit
2143 3967 2323 4047 flores
2372 3981 2442 4019 ex
2501 3963 2808 4047 Moroa‘lg'ous‘
2832 3965 2910 4047 ‘B.
2965 3962 3223 4047 Gregorii.
3251 3976 3414 4047 pupae
3444 3963 3503 4047 iu
3530 3962 3655 4047 Jobz

244 4051 459 4118 eosque
481 4036 788 4118 dedicavit
806 4039 1161 4118 Herimanno
1196 4040 1550 4118 presbytero.
1586 4039 1896 4118 Prologum
1938 4033 2010 4094 ad
2050 4035 2713 4118 Herimannurnnedidit
2769 4034 3116 4090 Edmundus
3170 4033 3428 4088 Martene
3458 4037 3601 4088 tom.
3637 4033 3659 4088 Ι

243 4107 542 4174 Anecdot.,
569 4125 745 4180 quem
775 4113 1025 4166 testatur
1054 4107 1466 4182 depromptum
1497 4127 1565 4166 ex
1600 4107 1798 4166 codice
1830 4125 2116 4165 annorum
2151 4108 2383 4163 circiter
2411 4109 2537 4162 600.

590 4424 1111 4548 INCIPIT
1173 4423 1848 4549 PROLOGUS
1909 4420 2688 4546 ADALBEBTI
2742 4409 3295 4547 LEVITJE

1351 4654 1446 4709 AD
1484 4653 1972 4709 IIERIMANNUM
2014 4650 2537 4709 PRESBYTERUM

324 4804 397 4864 In
416 4824 530 4887 quo
553 4807 852 4887 promittit
890 4805 1337 4887 subnectendum
1367 4806 1426 4867 ei
1475 4805 1815 4887 opusculum
1852 4813 2196 4887 arcerptum
2233 4827 2263 4887 ᾳ
2319 4803 2496 4884 quasi
2552 4803 2715 4887 lz'h'a_
2739 4800 3052 4887 candentia
3099 4819 3138 4861 α
3164 4797 3497 4862 Moralibus
3525 4817 3653 4878 quae

485 4881 615 4967 qua
641 4887 721 4947 B.
758 4885 1078 4966 Gregorius
1109 4885 1346 4968 Spiritu
1371 4881 1570 4947 sancto
1600 4886 1852 4965 afﬂatus
1883 4881 2346 4945 luculentissi'mo
2368 4902 2630 4944 sermone
2672 4881 2946 4943 disseruit
2971 4881 3084 4961 (1).
3109 4904 3139 4935 ››

1279 5044 1468 5116 (Apud
1500 5045 1767 5111 Martem,
1801 5042 2053 5100 Anecdot.
2085 5045 2230 5098 tom.
2265 5042 2309 5110 Ι,
2341 5057 2472 5114 pag.
2507 5040 2622 5112 84.)

319 5319 711 5376 Dilectissimo
740 5319 800 5374 in
826 5319 1052 5374 Christo
1082 5337 1147 5375 ac
1190 5319 1503 5376 venerabili
1547 5319 1700 5374 Patri
1733 5337 1892 5375 usm-
1919 5322 1962 5390 C
2075 5321 2301 5375 Mecum
2333 5316 2512 5389 saepiu
2578 5318 2843 5378 retraeto,
2877 5312 3183 5367 revcrende
3213 5312 3402 5381 Pater,
3425 5311 3652 5368 creber-

247 5427 407 5466 MANO
437 5411 1157 5483 pPOSbyI-OI‘OADALBERTUS
1179 5408 1548 5464 humillimus
1581 5408 1891 5464 levitarum
2007 5409 2155 5464 rima
2195 5407 2349 5463 circa
2396 5423 2488 5462 me
2549 5401 2928 5476 benignitatis
2984 5400 3406 5474 charitatisque
3453 5403 3650 5454 vestrae

246 5499 662 5571 sempiternam
693 5498 753 5552 in
785 5497 1027 5553 Domino
1059 5496 1417 5554 felicitatem.
2002 5495 2585 5569 impensabeneﬁcia,
2623 5507 2852 5547 necnon
2885 5489 3062 5546 etiam
3091 5491 3292 5546 suavia
3313 5495 3484 5560 atque
3508 5486 3651 5541 satis

316 5633 402 5714 (1)⁸
425 5632 626 5714 Exstat
654 5629 1142 5714 h‘oc‘opusculum
1190 5629 1247 5714 in
1291 5647 1411 5714 .ms.
1443 5629 1658 5714 .codic‘e
1685 5645 1885 5714 mona-
1999 5647 2185 5714 annos
2215 5628 2576 5714 circiter.6().0
2663 5697 2676 5710 ο
2714 5645 2777 5714 ‘aa
2804 5619 3649 5714 lentat.‘ldxe_mserepe‘rifein

245 5692 406 5761 sterii
438 5703 627 5762 sancti
659 5692 847 5759 lllidii‘
878 5701 1328 5773 Claromontani,
1363 5702 1531 5772 cujus
1589 5701 1886 5759 character
1996 5719 2108 5759 ms.
2144 5697 2681 5757 Prmmonstratensi
2711 5702 2958 5757 testatur
2994 5692 3365 5755 Mabillonius
3412 5695 3569 5750 tomo
3630 5692 3652 5750 Ι
