4070 6220
544 295 615 354 ll
1498 295 1944 358 RATHERIUS
1989 293 2482 357 VEBONENSIS
2529 295 2985 359 EPISCOPUS.
3872 297 3951 356 12

498 450 508 457 ·
541 433 887 500 perpetuum
920 444 1036 483 non
1067 428 1265 483 minus
1296 434 1529 483 tuorum
1562 428 1887 483 ofﬁciorum
1921 428 1979 482 in
2013 446 2142 495 nos,
2174 444 2351 500 quam
2384 428 2532 500 grati
2566 428 2746 484 animi
2777 444 2915 503 erga
2941 433 2995 484 te
3018 428 3198 485 nostri
3230 429 3648 485 documentum
3676 433 3956 500 praestan-

548 516 775 585 dum,et
801 516 1018 573 futuris
1050 534 1284 589 quoque
1305 515 1575 572 aetatibus
1591 516 2486 589 relinquendum.Accipeitaque
2512 517 2620 573 hoc
2636 518 3043 591 qualecunque
3062 518 3482 574 munusculum
3496 518 3955 591 nostrum:quod

544 604 593 660 si
625 605 824 660 minus
855 605 1099 679 dignum
1131 604 1359 660 videtur
1388 603 1771 676 amplitudine
1800 610 1925 672 tua,
1958 605 2149 678 ipsam
2178 608 2375 660 tamen
2409 606 2537 677 ejus
2566 605 2937 675 tenuitatem,
2972 611 3036 663 ut
3061 623 3388 679 speramus,
3412 606 3798 662 humanitatis
3818 622 3961 679 erga

543 709 651 748 nos
677 697 789 749 tuae
822 694 1166 766 magnitudo
1196 692 1538 748 sublevabit.
1574 694 1655 748 Te
1685 697 1981 765 postremo
2014 697 2284 766 rogatum
2314 692 2607 762 volumus,
2660 699 2743 763 ut,
2778 695 2828 751 si
2859 712 2968 751 nos
3016 711 3144 751 eam
3180 695 3306 764 tibi,
3361 711 3542 766 quam
3593 694 3879 751 debemus
3904 698 3963 750 et

542 797 882 854 possumus,
916 782 1094 855 hujus
1123 782 1394 839 editionis
1426 783 1863 854 nuncupatione
1894 788 2168 856 praestare
2198 783 2628 839 observantiam
2663 783 2965 856 perspicis;
2996 788 3059 839 tu
3090 801 3196 840 nos
3220 800 3308 853 eo,
3342 800 3456 856 quo
3497 782 3727 855 jamdiu
3781 781 3957 838 insti-

542 871 727 941 tuisti,
762 872 955 930 favore
985 888 1049 927 ac
1078 870 1399 943 patrocinio
1429 873 1703 944 prosequi
1735 888 1808 927 ne
1839 871 2096 928 desinas.

940 1249 1546 1337 PRZEFAT‘IO
1605 1250 1717 1335 IN
1779 1247 2408 1336 EDI'l‘IONEM
2466 1247 2962 1337 OPERUM
3027 1249 3562 1335 RATHERII

612 1580 866 1652 I.[1]Post
893 1580 1212 1638 editionem
1231 1599 1473 1654 operum
1497 1582 1748 1637 duorum
1781 1581 2187 1654 episcoporum
2217 1582 2272 1649 Α
2302 1581 2489 1654 ipsius
2530 1584 2723 1637 autem
2754 1579 3092 1636 celebritate
3140 1580 3212 1636 ob
3262 1580 3555 1652 insiguem
3603 1580 3959 1648 doctrinam,

543 1669 998 1740 Veronensium,
1032 1670 1315 1726 nimirum
1348 1671 1405 1725 S.
1441 1671 1708 1738 Zenonis,
1745 1670 1845 1742 qui
1877 1674 2106 1742 quarto,
2138 1674 2195 1725 et

543 1758 791 1816 Joannis
821 1759 1078 1815 Matthaei
1108 1760 1351 1827 Giberti,
1385 1758 1481 1831 qui
1514 1764 1673 1815 sexto
1706 1760 1930 1815 decimo
1978 1758 2191 1814 saeculo

551 1848 769 1915 ﬂoruit,
802 1852 1036 1906 nostras
1054 1865 1227 1905 curas
1248 1851 1304 1905 et
1318 1848 1699 1921 cogitationes
1716 1849 1912 1921 rapuit
1932 1847 2193 1904 collectio

542 1942 601 1993 et
631 1937 806 1994 editio
838 1937 1098 2011 Operum
1134 1938 1391 1993 Rathcrii
1425 1937 1611 1992 nostri
1652 1937 1792 1992 item
1841 1936 2193 1993 Veronensis

543 2026 823 2099 episcopi,
860 2027 960 2099 qui
989 2027 1096 2083 etsi
1129 2027 1354 2082 decimo
1400 2026 1632 2092 saeculo,
1679 2026 1943 2081 omnium
1994 2043 2193 2081 corru-

541 2114 810 2187 ptissimo
824 2119 881 2171 et
894 2116 1564 2183 obscurissimo,vixerit,
1601 2115 1680 2170 ita
1694 2120 1886 2170 tamen
1907 2115 2195 2186 probitate

542 2199 1132 2277 moruin,disciplinae
1150 2202 1527 2273 zelo,studiis
1558 2203 1883 2259 litterarum
1918 2204 2194 2275 omnique

540 2293 919 2349 scientiarum
955 2309 1165 2364 genere
1196 2292 1424 2359 claruit,
1460 2297 1525 2347 ut
1544 2292 1694 2347 inter
1710 2293 1974 2364 ejusdem
1997 2291 2195 2347 saeculi

541 2380 852 2452 scriptores
891 2381 1303 2436 celeberrimus
1335 2386 1394 2436 et
1422 2380 1869 2436 laudatissimus
1897 2381 2193 2447 sit.Quan-

538 2474 665 2524 tum
677 2470 789 2525 hoc
800 2474 1059 2542 tempore
1072 2474 1336 2542 grassata
1352 2470 2021 2541 lucrintvitia,quantum
2038 2470 2194 2541 igno-

538 2554 980 2619 ranae-mentes
1010 2559 1315 2614 hominum
1341 2559 1657 2631 occuparit,
1682 2559 2055 2614 notissimum
2082 2565 2190 2615 est.

545 2648 689 2703 Hinc
719 2665 836 2703 non
867 2648 1037 2720 pauci
1064 2647 1397 2703 heterodoxi
1423 2647 1785 2703 occasionem
1813 2653 2194 2719 sumpserunt

540 2736 860 2792 insultandi
893 2736 1180 2803 Ecclesia),
1212 2754 1277 2790 ac
1307 2737 1355 2791 si
1391 2753 1491 2808 per
1521 2737 1740 2792 effusas
1770 2737 1948 2807 hujus
1995 2736 2189 2791 saeculi

540 2827 809 2881 tenebras
841 2825 1235 2882 ecclesiastica
1264 2825 1577 2898 disciplina
1604 2826 1855 2880 maxime
1882 2825 2053 2881 fuerit
2074 2842 2192 2880 cor-

539 2914 741 2988 rupta,
767 2920 823 2971 et
842 2915 1085 2987 antiqua
1104 2913 1241 2970 fidei
1274 2915 1502 2986 paritas
1523 2914 1815 2971 defecerit:
1839 2931 1971 2969 cum
1996 2932 2186 2983 nemo,

537 3004 833 3076 inquiunt,
864 3004 1274 3078 grassantibus
1325 3004 1583 3075 undique
1614 3003 1805 3071 malis,
1856 3009 2182 3061 occurreret

535 3093 876 3166 ignorantiae
908 3093 1132 3149 scilicet
1161 3098 1219 3148 et
1247 3092 1742 3149 eti‘renilicentize.
1777 3093 1938 3157 Quod
1970 3095 2179 3166 praaju-

533 3182 754 3238 dicium
785 3180 1051 3239 Ecclesiae
1076 3182 1428 3253 injuriosum
1463 3186 1527 3237 ut
1547 3181 1979 3253 refellatur,etsi
2003 3198 2177 3255 nega-

534 3272 582 3325 ri
611 3288 728 3326 non
758 3270 1079 3343 possit,hoc
1109 3270 1319 3325 saeculo
1347 3271 1498 3325 inter
1519 3270 2178 3343 crassissimas[u]igno-

532 3359 732 3415 rentia:
761 3361 1030 3417 tenebras
1044 3376 1235 3415 mores
1245 3359 1427 3415 fuisse
1444 3376 1610 3415 corru
1619 3359 2176 3432 ptissimos;probari

534 3444 729 3504 tamen
757 3453 949 3521 potest
978 3466 1094 3504 non
1125 3449 1325 3504 omnia
1353 3447 1434 3504 ita
1465 3453 1600 3504 tunc
1634 3448 1813 3504 fuisse
1843 3450 2174 3521 depravata,

532 3542 596 3593 ut
625 3536 916 3594 defuerint
942 3539 1000 3594 in
1034 3536 1287 3595 Ecclesia
1307 3538 1408 3592 viri
1442 3542 1497 3593 et
1520 3556 1748 3593 morum
1772 3539 2098 3607 sanctitate,
2122 3543 2179 3595 et

530 3627 796 3683 doctrina
825 3631 1186 3699 praestantes,
1230 3626 1328 3699 qui
1356 3626 1514 3683 vitiis
1543 3626 2039 3683 debacchantibus
2070 3628 2177 3683 ob-

526 3714 680 3771 viam
710 3715 884 3784 irent,
915 3720 970 3772 et
1004 3712 1209 3788 puram
1250 3715 1380 3771 ﬁdei
1435 3715 1758 3771 doctrinam
1791 3716 1864 3772 ab
1916 3715 2174 3787 antiquis

533 3810 831 3877 acceptam
857 3805 1144 3878 integram
1171 3803 1554 3861 custodierint
1582 3809 1756 3877 atque
1803 3804 2171 3860 tradiderint.

524 3893 644 3949 Hac
676 3894 747 3949 de
774 3909 952 3949 causa
980 3898 1248 3950 auctores
1277 3891 1457 3963 hujus
1502 3893 1699 3949 saeculi
1748 3892 2175 3949 ecclesiasticos

530 3983 590 4037 in
623 3982 815 4039 lucem
845 3982 1121 4054 proferre,
1150 3998 1469 4054 eorumque
1500 3986 1665 4055 gesta
1690 3985 1747 4037 et
1777 3999 1953 4054 opera
1998 3998 2177 4037 accu-

523 4076 648 4127 rate
676 4071 970 4129 illustrare
1012 4072 1257 4145 publicae
1310 4072 1391 4127 rei
1425 4071 1675 4126 maxime
1727 4069 1978 4142 expedit.
2029 4070 2174 4125 Cum

524 4177 660 4217 vero
690 4162 1001 4217 Ratherius
1032 4161 1183 4218 inter
1211 4161 1319 4217 hos
1352 4160 1640 4234 praecipue
1673 4157 1948 4228 floruerit,
1984 4158 2175 4232 pluri-

527 4265 691 4305 mum
711 4244 903 4307 laudis
932 4251 1299 4307 debemusiis
1312 4250 1408 4322 qui
1425 4249 1688 4321 quaedam
1706 4248 1893 4320 ipsius
1914 4265 2165 4321 opuscu-

2306 1686 2423 1742 qua
2453 1669 2704 1725 maxime
2736 1668 3077 1725 nobilitatus
3099 1672 3208 1739 est,
3240 1669 3297 1723 in
3322 1669 3766 1740 prmsentiarum
3788 1685 3963 1741 agen-

2303 1758 2468 1814 dum.
2500 1759 2700 1815 Testes
2750 1758 3113 1831 proferemus
3163 1759 3429 1830 ejusdem
3474 1755 3574 1813 aevi
3618 1758 3958 1831 scriptores,

2302 1847 2402 1919 qui
2434 1846 2679 1920 vulgatis
2710 1847 3006 1918 opinionis
3029 1863 3096 1902 ac
3127 1847 3294 1902 fama:
3317 1846 3492 1902 ﬁdem
3525 1846 3768 1913 faciunt,
3798 1849 3865 1902 ut
3885 1863 3960 1903 ne

2302 1953 2450 2007 opus
2482 1936 2560 1991 sit
2587 1936 2924 1991 testimonio
2949 1935 3362 2008 posteriorum,
3387 1935 3489 2007 qui
3519 1935 3722 1991 eadem
3742 1935 3815 1990 ab
3836 1934 3959 1993 illis

2302 2024 2513 2081 hausta
2544 2028 2832 2096 repetunt.
2884 2024 3225 2080 Audiendus
3271 2024 3330 2079 in
3366 2024 3573 2096 primis
3620 2023 3956 2094 Everaclus,

2306 2113 2672 2188 Leodicensis
2703 2113 3035 2186 episcopus,
3070 2113 3174 2185 qui
3200 2114 3258 2168 in
3291 2112 3538 2186 epistola
3567 2114 3639 2169 ad
3682 2117 3957 2169 nostrum

2304 2202 2663 2267 Ratherium,
2698 2202 2891 2275 ipsum
2925 2203 3018 2257 his
3048 2203 3240 2258 verbis
3271 2202 3608 2274 alloquitur:
3644 2201 3835 2266 «Quis
3867 2205 3962 2258 est

2300 2291 2464 2345 vobis
2492 2294 2591 2346 aut
2623 2291 2929 2363 sapientia,
2965 2295 3067 2346 aut
3096 2291 3406 2364 probitate,
3459 2295 3563 2346 aut
3599 2291 3960 2363 optimarum

2302 2381 2517 2434 artium
2548 2380 2761 2446 studio,
2796 2384 2897 2434 aut
2919 2379 3269 2446 innocentia,
3304 2384 3405 2435 aut
3427 2379 3544 2436 ullo
3569 2379 3761 2435 laudis
3782 2396 3962 2452 gene—

2303 2485 2363 2524 re
2393 2470 2790 2540 praestantior?
2821 2493 2847 2518 υ
2872 2471 2987 2525 Nec
3011 2469 3363 2526 absimiliter
3390 2471 3508 2525 duo
3525 2470 3694 2525 comvi
3719 2486 3960 2542 quoque

2301 2564 2589 2624 auctores,
2621 2560 2904 2630 Ilotgcrus
2934 2558 2993 2613 in
3027 2559 3141 2614 vita
3175 2560 3233 2614 S.
3264 2560 3553 2614 Brunonis
3573 2557 3969 2629 archiepisco-

2302 2647 2357 2718 pi
2392 2647 2774 2714 Coloniensis,
2830 2664 2992 2702 num.
3043 2649 3133 2711 3/1,
3166 2653 3222 2701 et
3284 2647 3600 2701 Fulcuinus
3653 2648 3725 2701 de
3766 2648 3963 2703 Gestis

2303 2737 2579 2790 abbatum
2621 2736 2966 2791 Lobicnsum
3009 2735 3136 2809 [in],
3171 2753 3295 2807 cap.
3330 2737 3419 2789 23.
3474 2735 3677 2790 iisdem
3716 2736 3962 2791 omnino

2299 2825 2512 2893 verbis,
2547 2842 2677 2896 qua:
2709 2824 2856 2879 alter
2884 2825 2956 2879 ab
2979 2824 3161 2880 altero
3192 2827 3495 2879 mutuatus
3519 2828 3628 2879 est:
3655 2845 3683 2873 ‹‹
3716 2823 3964 2896 Propter

2300 2913 2699 2969 abundantem
2731 2913 3056 2969 doctrinam
3088 2918 3146 2968 et
3185 2912 3580 2985 eloquentiam
3629 2913 3957 2985 copiosam,

2294 3019 2411 3074 qua
2441 3002 2593 3057 inter
2616 3002 3086 3075 sapientissimos
3116 3002 3321 3058 ﬂorere
3363 3002 3525 3057 visus
3556 3006 3663 3067 est,
3710 3018 3826 3058 non
3859 3001 3954 3058 ei-

2289 3092 2422 3147 dem
2455 3090 2646 3147 solum
2678 3090 2979 3146 Ecclessiae
3003 3090 3096 3145 cui
3122 3091 3479 3163 praefuit,sed
3505 3094 3562 3146 et
3579 3087 3784 3145 multis
3805 3088 3942 3146 aliis

2289 3180 2747 3252 circumqhaque
2776 3178 2942 3235 valde
2972 3180 3299 3251 proficuum
3323 3179 3443 3236 fore
3472 3182 3740 3251 putatum
3771 3181 3879 3235 est.
3909 3200 3943 3229 ››

2290 3268 2686 3340 Liutprandus
2718 3268 3000 3324 diaconus
3032 3268 3380 3335 Ticinensis,
3416 3272 3617 3339 postea
3643 3267 3777 3324 vero
3806 3267 3944 3323 Cre-

2288 3357 2588 3413 monensis
2644 3356 2979 3429 episcopus,
3029 3356 3305 3412 Ratherio
3356 3357 3495 3413 item
3544 3356 3940 3425 synchronus,

2287 3445 2388 3500 lib.
2424 3460 2484 3501 IIl
2519 3445 2688 3515 Hist.,
2722 3462 2847 3517 cap.
2881 3447 2968 3500 11:
3005 3467 3033 3495 «
3064 3449 3316 3501 Venerat
3346 3450 3541 3500 autem
3574 3444 3652 3518 (in
3685 3444 3943 3515 Italiam)

2286 3551 2420 3590 cum
2452 3534 2826 3608 prmfatoHild
2838 3535 2973 3590 uino
2990 3534 3312 3590 monachus
3334 3534 3597 3606 quidam,
3623 3533 3943 3590 Ratherius

2285 3625 2542 3690 nomine,
2575 3624 2675 3696 qui
2707 3625 2781 3679 ob
2822 3622 3164 3696 religionem
3219 3628 3562 3696 septemque
3609 3622 3944 3679 liberalium

2284 3713 2501 3768 artium
2532 3712 2803 3785 peritiam
2831 3712 3071 3768 Verona;
3117 3712 3429 3784 episcopus
3477 3712 3874 3767 constituitur.
3912 3735 3944 3765 »

2284 3801 2430 3857 Hine
2460 3803 2678 3857 factum
2710 3805 2798 3857 est
2828 3806 2891 3857 ut
2920 3799 3095 3873 vulgo
3117 3800 3507 3873 appellaretur
3530 3800 3803 3855 litteratus
3823 3800 3946 3871 (Iti-

2282 3906 2400 3946 ner.
2435 3907 2494 3944 n.
2519 3893 2598 3959 2),
2658 3906 2783 3955 seu,
2817 3893 2882 3944 ut
2911 3888 3048 3945 alibi
3108 3888 3360 3945 traditur
3416 3888 3680 3960 (Discord.
3730 3905 3788 3943 n.
3819 3890 3854 3942 7
3880 3893 3942 3946 et

2279 3979 2535 4035 Phrenes.
2570 3996 2628 4034 n.
2689 3979 2796 4047 11),
2832 3983 2941 4035 toto
2998 3978 3221 4047 saeculo,
3266 3978 3325 4033 id
3357 3980 3447 4034 est
3500 3977 3738 4049 ubique,
3802 3978 3936 4050 ejus

2281 4069 2553 4140 sapientia
2579 4068 2992 4140 praedicaretur.

2355 4157 2449 4213 IlI'.
2484 4157 2565 4213 Ne
2589 4173 2722 4213 vero
2749 4156 2871 4211 haec
2898 4156 3188 4230 gloriosus
3221 4156 3376 4213 dicta
3406 4156 3721 4212 credantur
3750 4172 3935 4228 quam

2279 4245 2493 4316 verius,
2525 4246 3107 4303 animadvertendum
3141 4251 3231 4302 est
3260 4263 3394 4303 eum
3422 4264 3455 4303 a
3475 4245 3675 4319 pueris
3705 4260 3835 4301 sese
3854 4248 3941 4301 to-

526 4338 624 4394 lae
642 4339 1010 4397 bibliothecis
1030 4340 1087 4395 in
1112 4320 1607 4412 quibus‘latebant
1629 4341 1894 4409 excerpta
1911 4337 2162 4393 edidere.
2197 4320 2240 4388 (ἶ
2277 4340 2405 4391 tum
2435 4335 2760 4392 litterarum
2783 4335 2995 4393 studiis
3016 4336 3332 4392 devovisse.
3356 4336 3480 4391 Non
3505 4333 3698 4389 solum
3729 4337 3934 4390 aucto-

524 4427 693 4484 Nunc
717 4445 850 4484 vero
880 4446 954 4485 ea
983 4446 1111 4501 quae
1143 4428 1237 4483 hic
1268 4432 1325 4483 et
1355 4425 1473 4481 illic
1522 4425 1839 4497 separatim
1882 4426 2172 4499 impressa

521 4521 695 4590 atque
726 4517 991 4590 dispersa
1022 4521 1181 4584 sunt,
1212 4516 1271 4570 in
1304 4532 1484 4570 unum
1532 4531 1743 4586 corpus
1791 4514 2081 4587 colligere,
2113 4518 2171 4571 et

521 4623 880 4680 quaecunque
912 4607 1029 4663 alia
1058 4604 1303 4678 inveniri
1340 4603 1569 4675 possint
1602 4604 1865 4659 nondum
1897 4604 2051 4659 edita
2074 4604 2172 4659 ad-

518 4692 672 4765 dere;
702 4696 901 4752 omnia
928 4699 1122 4751 autem
1153 4693 1407 4749 auctoris
1436 4692 1567 4747 Vita
1598 4696 1653 4746 et
1682 4692 2078 4747 notationibus
2098 4691 2168 4747 il-

517 4784 787 4853 lustrare,
816 4789 882 4841 ut
912 4783 1083 4840 nobis
1134 4782 1464 4839 faciendum
1520 4781 1908 4852 sumpsimus,
1960 4781 2169 4852 majori

517 4873 704 4929 multo
728 4873 964 4929 utilitati
988 4874 1381 4936 futurum,eta
1398 4869 1676 4926 studiosis
1695 4871 1837 4926 viris
1857 4872 2168 4942 probatum

515 4963 585 5018 iri
618 4962 991 5019 confidimus.

1295 5049 1390 5121 ξι.

514 5140 588 5194 De
616 5141 930 5196 celebritate
977 5141 1234 5205 auctoris,
1283 5155 1347 5194 ac
1391 5139 1455 5195 de
1506 5138 1738 5209 Operam
1766 5140 1880 5211 ejus
1926 5139 2169 5195 utilitate

1074 5220 1235 5284 atque
1259 5212 1606 5283 prwstantia.

584 5316 653 5372 ΙΙ.
690 5317 768 5373 De
798 5317 1056 5374 Batherii
1084 5317 1346 5374 moribus
1377 5334 1442 5372 ac
1464 5316 1748 5373 severiore
1771 5317 1896 5371 vitae
1919 5317 2162 5385 ratione,

513 5422 639 5478 qua:
671 5406 743 5460 ad
765 5406 1067 5480 scriptoris
1087 5405 1461 5464 ecclesiastici
1484 5422 1695 5462 nomen
1729 5404 2163 5461 auctoritatem-

2281 4424 2444 4480 ribus
2475 4425 2656 4480 sacris
2687 4426 2949 4481 studium
2981 4425 3285 4497 impendit,
3308 4441 3509 4479 verum
3535 4422 3714 4478 etiam
3739 4422 3935 4494 profa-

2280 4515 2372 4570 nis
2402 4514 2717 4583 historicis,
2750 4513 3497 4586 oratoribus,poetis,atque
3542 4510 3933 4584 philosophis.

2278 4604 2395 4659 Hac
2424 4604 2494 4659 de
2537 4620 2716 4659 causa
2773 4603 3124 4675 quaestiones
3181 4601 3406 4674 aliquot
3454 4601 3566 4674 ipsi
3619 4600 3932 4674 propositae

2279 4693 2512 4748 fuerunt
2544 4692 2797 4763 primum
2829 4709 2862 4745 a
2891 4690 3448 4758 Mediolanensibus,
3480 4690 3690 4746 deinde
3717 4706 3751 4745 a
3792 4689 3938 4744 Rot-

2279 4782 2442 4836 berto
2490 4780 2927 4852 archiepiscopo
2977 4780 3329 4847 Trevirensi,
3378 4796 3505 4852 quae
3553 4796 3623 4835 ex
3679 4778 3941 4850 profanis

2279 4869 2616 4925 auctoribus
2637 4869 2975 4925 dirimendas
2997 4873 3256 4935 erant,ut
3277 4886 3346 4925 ex
3375 4867 3623 4942 epistola
3642 4867 3714 4923 ad
3738 4867 3937 4940 ipsum

2279 4959 2594 5014 Robertum
2621 4956 2914 5030 explorate
2931 4957 3268 5014 didicimus.
3293 4958 3573 5014 Eamdem
3596 4956 3654 5012 in
3681 4954 3942 5028 antiquis

2278 5047 2538 5120 profanis
2565 5047 2948 5120 scriptoribus
2978 5047 3244 5120 peritiam
3269 5063 3446 5120 opera
3466 5063 3593 5119 qua:
3620 5049 3942 5118 supersunt

2277 5139 2420 5194 satis
2452 5138 2877 5203 demonstrant,
2911 5154 3045 5192 cum
3077 5154 3192 5193 non
3239 5135 3432 5194 solum
3463 5152 3564 5193 eos
3613 5132 3936 5190 identidem

2276 5225 2505 5300 alleget,
2538 5243 2737 5282 verum
2772 5226 2948 5282 etiam
2981 5225 3195 5299 saepius
3225 5228 3447 5298 absque
3470 5224 3733 5297 ipsorum
3767 5236 3934 5277 men-

2275 5317 2432 5372 tione
2460 5332 2665 5371 versus
2695 5319 2752 5370 et
2783 5315 3105 5371 sententias
3136 5315 3376 5384 inserat,
3400 5325 3722 5382 eorumque
3747 5308 3931 5366 veluti

2274 5405 2475 5479 lingua
2505 5421 2570 5461 ac
2603 5403 2870 5460 formulis
2898 5408 3119 5461 utatur.
3153 5405 3299 5461 Huic
3321 5407 3519 5460 autem
3538 5398 3735 5458 studio
3764 5415 3929 5455 vaca-

512 5512 625 5567 que
654 5497 1181 5553 commendandam
1206 5495 1526 5568 plurimum
1548 5495 1791 5562 confert,
1806 5494 1865 5549 in
1881 5495 2009 5566 ejus
2029 5493 2162 5550 Vita
2270 5496 2354 5551 vit
2383 5498 2518 5551 ante
2548 5490 2970 5566 episcopatum.
3008 5516 3035 5545 «
3066 5495 3356 5551 Infulatus
3401 5508 3536 5548 vero
3585 5487 3811 5562 (inquit
3865 5487 3928 5544 in

509 5589 644 5662 post
672 5585 822 5644 hanc
851 5585 1247 5661 praefationem
1280 5584 1645 5659 subjicienda
1690 5584 1800 5643 erit
1834 5600 2046 5644 sermo.
2081 5584 2163 5645 De
2271 5583 2512 5643 laudata
2541 5582 2611 5639 ad
2643 5582 2959 5641 Robertum
3008 5582 3299 5662 epistola),
3342 5580 3492 5640 illud
3546 5577 3749 5640 statim
3779 5576 3931 5642 desii
