4070 6470
190 396 264 461 13
1078 398 1686 466 PROLEGOMENA.
1721 437 1801 449 -
1828 403 2248 468 PRIEFATIO
2291 406 2705 471 BALLEBIN.
3524 414 3602 474 14

189 547 378 606 agere,
431 532 763 604 injunctum
825 533 969 589 mihi
1024 534 1131 589 hoc
1187 534 1377 591 ofﬁcio
1434 536 1717 609 cogitans,
1779 539 1835 593 in
1869 538 1920 605 Α
1953 538 2033 593 ris
2065 539 2291 595 critices
2336 545 2457 596 arte
2489 541 2741 611 carebat,
2768 541 3147 599 tribuendum
3179 548 3236 600 et
3265 545 3603 607 condonan-

189 622 289 679 Dei
321 621 519 694 potius
564 621 691 694 lege
735 622 830 679 die
874 639 941 679 ac
998 626 1164 680 nocte
1224 625 1492 681 meditari
1550 627 1840 683 debere.»

190 713 378 777 Quare
408 710 481 766 ad
526 727 825 767 sacrarum
872 711 1331 785 Scripturarum,
1383 714 1456 769 ad
1506 719 1843 771 sanctorum

190 800 428 856 Patrum
458 803 515 854 et
544 816 836 857 canonum
880 801 1142 857 studium
1193 818 1255 858 se
1300 806 1488 859 totum
1540 805 1841 873 convertit,

190 888 553 961 profanaque
583 888 835 944 eruditio
867 907 980 962 qua
1023 889 1245 947 ditatus
1277 895 1419 959 erat,
1452 892 1537 948 uti
1570 892 1845 950 Israelita:

190 994 258 1033 ex
310 977 718 1051 IEgyptiorum
768 979 972 1051 spoliis
1034 981 1420 1051 profecerant,
1489 985 1650 1038 tanto
1730 982 1843 1054 ipsi

190 1065 392 1123 utilior
440 1066 551 1123 fuit
579 1072 799 1139 quanto
856 1084 987 1124 eam
1033 1068 1095 1124 in
1145 1068 1447 1126 meliorem
1500 1087 1676 1127 usum
1724 1075 1842 1126 tra-

190 1154 376 1212 duxit.
1580 1202 1588 1213 .

260 1243 357 1300 ιν.
391 1242 605 1299 Mirum
620 1259 757 1301 vero
770 1244 931 1300 dictu
945 1250 1037 1301 est
1053 1249 1311 1318 quantus
1336 1246 1395 1303 in
1408 1245 1653 1303 lectione
1666 1252 1841 1317 esset,

189 1332 335 1389 adeo
352 1333 499 1389 utde
512 1350 578 1389 eo
594 1332 708 1389 dici
723 1333 910 1406 possit
924 1333 1232 1391 verissime
1243 1334 1516 1407 antiquos
1529 1336 1846 1410 scriptores

189 1426 477 1477 nocturna
494 1438 760 1478 versasse
777 1439 1251 1492 manu,versasse
1262 1423 1645 1481 diurna.Hinc
1656 1425 1839 1482 critici

188 1512 317 1582 ejus
345 1527 620 1568 consores
649 1508 707 1566 id
740 1511 852 1584 ipsi
882 1511 1020 1568 vitio
1049 1512 1270 1569 dabant
1299 1512 1357 1569 in
1386 1514 1687 1585 Qualitatis
1714 1531 1839 1571 con-

178 1598 419 1670 jectura,
474 1615 640 1654 num.
671 1602 746 1654 2:
777 1600 981 1655 Nasum
1027 1616 1237 1673 semper
1280 1606 1424 1658 tenet
1470 1605 1531 1658 in
1580 1604 1759 1669 libro;
1787 1608 1844 1660 et

190 1704 358 1743 num.
388 1689 462 1744 5:
496 1688 609 1756 Quo
657 1687 755 1759 [IV]
778 1689 942 1744 citius
990 1689 1154 1756 valet,
1204 1689 1565 1747 diversorium
1618 1694 1838 1763 repetit,

189 1776 398 1831 librum
424 1780 728 1848 receptat...
760 1775 941 1844 Solus,
987 1779 1040 1833 si
1080 1779 1283 1846 ticeret,
1334 1783 1447 1835 tota
1489 1780 1579 1835 die
1615 1781 1839 1848 sederet,

190 1864 360 1920 libros
389 1872 629 1921 versaret
648 1865 733 1920 vel
761 1866 1452 1940 reversaretQuzecunque
1475 1872 1670 1925 autem
1691 1869 1842 1943 lege-

190 1952 449 2019 ret,adeo
480 1953 766 2010 retinebat
797 1954 1170 2023 memoria,ut
1192 1955 1620 2027 prolixissimos
1650 1961 1841 2015 textus

190 2041 402 2100 iisdem
423 2041 617 2097 verbis
638 2041 697 2097 in
738 2059 846 2098 sua
870 2060 1045 2113 opera
1075 2044 1389 2100 identidem
1424 2044 1737 2104 inseruerit
1761 2047 1839 2103 si-

191 2147 262 2185 ne
291 2131 558 2202 ipsorum
591 2129 875 2186 librorum
906 2132 1193 2187 subsidio.
1229 2134 1289 2188 Id
1321 2134 1491 2189 nobis
1531 2134 1841 2191 manifeste

191 2219 383 2291 patuit
408 2235 478 2274 ex
508 2219 674 2275 libris
695 2221 1021 2292 praesertim
1053 2221 1531 2295 Prteloquiorum.
1548 2224 1668 2278 Etsi
1683 2225 1839 2279 enim

190 2307 296 2364 hoc
323 2308 604 2363 eximium
636 2313 693 2363 et
731 2308 898 2364 valde
925 2309 1213 2382 prolixum
1259 2328 1407 2384 opus
1429 2310 1753 2367 lucubrarit
1774 2329 1839 2368 eo

187 2402 451 2469 tempore
482 2413 598 2470 quo
631 2397 689 2452 in
721 2413 950 2453 carcere
972 2397 1241 2470 Papiensi
1264 2399 1527 2456 inclusus
1558 2398 1723 2457 libris
1745 2418 1839 2457 ca-

186 2486 370 2553 rebat,
401 2484 548 2541 nihil
582 2490 780 2542 tamen
812 2486 872 2541 in
918 2503 986 2543 eo
1037 2487 1149 2543 nisi
1181 2505 1251 2544 ex
1280 2488 1453 2545 dictis
1489 2493 1547 2545 et
1576 2490 1840 2546 doctrina

185 2575 305 2630 Scri
314 2579 623 2647 pturarum
638 2574 1013 2648 potissimum
1039 2593 1106 2632 ac
1126 2580 1464 2633 sanctorum
1490 2577 1725 2634 Patrum
1750 2595 1841 2635 ex-

187 2663 405 2735 plicare
432 2663 661 2732 voluit;
693 2668 751 2720 et
789 2664 1015 2738 integra
1058 2682 1483 2738 nonnunquam
1533 2667 1726 2740 capita
1772 2686 1842 2724 ex

187 2752 319 2809 istis
354 2753 694 2809 memoriter
720 2758 990 2825 excerpta
1016 2754 1483 2828 descripsitlizec
1514 2760 1710 2813 autem
1733 2774 1839 2815 nos

185 2842 553 2897 conferentes
582 2857 718 2897 cum
747 2841 893 2914 ipsis
921 2843 1159 2899 Patrum
1189 2842 1379 2911 libris,
1412 2844 1605 2901 mirati
1632 2863 1839 2903 sumus

184 2931 366 2987 etiam
398 2934 575 3003 atque
612 2931 791 2987 etiam
839 2930 1231 3000 vehementer,
1283 2934 1458 2990 verba
1497 2934 1841 3007 plerumque

188 3019 849 3093 respondere:verhis,ac
865 3019 916 3076 si
937 3037 1006 3076 ex
1026 3021 1223 3077 codice
1251 3038 1320 3077 ea
1346 3022 1836 3096 transcripsisset.

189 3109 470 3165 Fatemur
485 3125 620 3166 vero
643 3108 1091 3182 aliquando,sed
1115 3109 1650 3178 rarius,nonnullas
1671 3100 1840 3168 voces

186 3196 626 3270 aliquantulum
657 3198 881 3254 variare
927 3202 1151 3255 retento
1197 3216 1374 3257 sensu
1409 3219 1422 3257 :
1455 3200 1609 3274 quod
1638 3204 1836 3257 tamen

187 3302 321 3342 eum
355 3303 472 3342 non
505 3302 575 3342 ex
597 3285 769 3355 libro,
797 3287 898 3343 sed
949 3303 982 3342 e
1026 3287 1310 3345 memoria
1357 3294 1581 3345 textum
1616 3289 1840 3347 eruisse

186 3375 590 3433 confirmatJn
621 3374 739 3432 illis
769 3375 1006 3448 quidem
1038 3376 1287 3434 carceris
1329 3379 1641 3452 angustiis,
1683 3396 1749 3435 ac
1779 3378 1839 3435 in

185 3480 257 3520 ea
284 3464 611 3538 praesertim
641 3463 925 3522 librorum
967 3465 1309 3538 privatione,
1334 3484 1513 3540 quam
1542 3468 1666 3524 loco
1698 3467 1842 3525 alle-

181 3556 320 3627 gato
352 3551 537 3609 semel
566 3551 898 3626 iterumque
926 3555 1310 3623 testatur,etsi
1333 3556 1454 3611 ﬁeri
1478 3556 1722 3613 forsitan
1745 3574 1842 3629 po-

186 3641 401 3698 tuisset
428 3645 495 3697 ut
514 3658 702 3698 unum
726 3641 812 3699 vel
846 3642 1096 3700 alterum
1114 3643 1342 3700 librum
1366 3645 1438 3702 ab
1470 3645 1665 3718 aliquo
1688 3663 1843 3702 com-

184 3731 495 3787 modatum
528 3731 847 3804 acciperet;
881 3731 1037 3789 idem
1067 3737 1264 3789 tamen
1289 3734 1358 3789 de
1374 3738 1494 3790 tam
1528 3733 1731 3791 multis
1756 3738 1842 3791 tot

185 3824 497 3876 auctorum
525 3819 947 3890 voluminibus,
972 3837 1226 3893 quorum
1251 3822 1455 3879 recitat
1474 3822 1842 3892 verba,intel.-

185 3908 290 3981 ligi
322 3910 558 3981 penitus
590 3910 810 3982 nequit.

258 3999 327 4054 V.
362 3998 473 4064 Qui
505 4015 619 4056 non
652 3999 845 4073 prima
871 4004 1102 4057 tantum
1136 4005 1323 4069 astate,
1341 4002 1442 4058 sed
1475 4003 1548 4058 ad
1580 4004 1840 4076 decrepi-

186 4093 308 4144 tam
340 4104 531 4161 usque
558 4092 681 4144 tam
713 4089 1259 4146 sedulam-lectioni
1293 4107 1529 4164 operam
1561 4091 1742 4159 dedit,
1775 4110 1843 4150 ea

188 4194 317 4250 quae
346 4181 471 4234 tam
498 4177 704 4234 sedulo
750 4177 987 4252 legerat,
1019 4179 1091 4234 ob
1140 4179 1473 4236 felicitatem
1525 4182 1840 4249 memoriae,

187 4267 656 4341 quotiescunque
685 4283 833 4340 opus
863 4269 1541 4342 esset,semperbabebat
1564 4270 1621 4326 in
1646 4288 1843 4343 prom-

188 4356 402 4429 ptu.De
423 4372 727 4413 sacrorum
750 4355 1033 4413 librorum
1053 4360 1227 4430 atque
1243 4362 1580 4415 sanctorum
1603 4359 1841 4416 Patrum

188 4463 301 4502 usu
317 4444 467 4501 nihil
499 4462 649 4519 opus
674 4450 763 4502 est
791 4445 1144 4518 dicere,cum
1177 4447 1649 4520 frequentissima
1680 4448 1842 4522 ipso-

190 4551 319 4590 rum
369 4534 712 4591 testimonia
760 4533 973 4606 quibus
1027 4535 1157 4607 ejus
1199 4551 1375 4607 opera
1424 4536 1632 4593 referta
1680 4543 1840 4605 sunt,

188 4623 561 4695 apertissime
592 4623 875 4695 prodant;
901 4624 1042 4680 adeo
1080 4628 1144 4680 ut
1173 4624 1467 4697 ambigere
1500 4624 1669 4681 liccat
1699 4643 1840 4683 num
1873 4645 1919 4711 Ι)

187 4711 339 4768 alius
361 4711 558 4785 quivis
578 4711 757 4784 hujus
778 4710 878 4766 mvi
923 4712 1174 4785 scriptor
1200 4712 1311 4768 hac
1340 4713 1398 4768 in
1431 4719 1595 4786 parte
1624 4714 1842 4772 Ruthe-

189 4800 274 4857 rio
304 4804 673 4874 prmetet,aut
691 4815 826 4856 cum
848 4800 1123 4857 Ratherio
1148 4803 1473 4874 comparari
1509 4808 1702 4879 queat.
1732 4805 1840 4865 Ne-

166 4907 299 4962 que
330 4890 533 4945 minus
559 4892 826 4945 versatus
852 4890 1193 4962 agnoscitur
1218 4889 1276 4945 in
1301 4891 1496 4946 studio
1528 4909 1839 4950 canonum.

188 4980 309 5044 Quo
340 4995 400 5034 m
423 4977 535 5051 :gis
565 4994 665 5035 eos
698 4995 807 5033 sua
834 4983 999 5034 aetate
1030 4977 1323 5053 neglectos
1366 4979 1618 5047 videbat,
1653 4981 1843 5037 homi-

188 5083 410 5139 nesque
435 5066 566 5122 sine
597 5064 721 5122 ulla
740 5066 1052 5123 formidine
1075 5071 1251 5139 atque
1281 5067 1558 5139 scrupulo
1580 5068 1844 5142 ipsorum

189 5155 495 5228 praeceptis
554 5154 864 5226 contraire,
895 5171 960 5211 eo
1009 5155 1198 5227 magis
1227 5171 1430 5212 eorum
1470 5156 1848 5215 meditatione

187 5243 508 5302 delectatus
530 5243 849 5310 nitebatur,
876 5247 944 5299 ut
972 5243 1235 5317 ipsorum
1261 5244 1688 5325 observantiam
1720 5247 1843 5303 cul-

187 5336 433 5405 tumque
452 5331 809 5389 restitueret.
862 5333 982 5388 Huo
1025 5331 1196 5406 plura
1246 5333 1376 5405 ejus
1423 5334 1501 5406 [ν]
1552 5351 1730 5409 opera
1775 5355 1846 5394 ex

188 5420 489 5494 proposito
519 5417 880 5493 diriguntur.
913 5421 1076 5485 Quod
1108 5421 1159 5476 si
1188 5421 1550 5494 apocryphos
1582 5427 1843 5497 quando-

190 5524 298 5580 que
327 5523 591 5566 canones
621 5511 726 5564 aut
757 5507 1150 5565 Romanorum
1183 5509 1526 5583 pontiﬁcum
1559 5516 1846 5572 constitu-

191 5598 378 5656 tiones
427 5596 845 5671 snpposititias
893 5595 1117 5669 laudat,
1169 5601 1235 5654 ut
1289 5600 1477 5656 caeteri
1527 5604 1655 5658 tum
1703 5604 1848 5663 sole-

186 5685 344 5758 bant,
377 5687 440 5748 id
490 5684 814 5748 conditioni
871 5688 1000 5762 ejus
1055 5687 1362 5766 temporis,
1411 5690 1568 5769 quod
1607 5694 1844 5770 peritio-

1954 627 2455 781 du‘ﬁflﬁiscopus
2488 713 2649 765 tanto
2680 727 2978 767 sacrarum
3008 712 3461 785 Scripturarum,
3490 714 3605 769 Pa-

1950 800 2108 851 trum
2130 801 2188 853 et
2207 814 2497 854 canonum
2518 799 2712 855 studio
2727 816 2956 872 usuque
2980 799 3602 869 imbutus,doctrinam

1953 901 2018 941 ac
2039 886 2411 958 disciplinam
2430 886 2597 943 valde
2616 905 2825 960 puram
2839 888 3169 963 iisdemque
3186 891 3447 948 fontibus
3469 909 3605 948 con-

1951 979 2257 1047 gruentem
2282 976 3019 1047 profitebatur.0ccurrunt
3046 978 3368 1036 identidem
3391 979 3452 1036 in
3473 982 3603 1054 ejus

1952 1062 2226 1135 operibus
2259 1064 2547 1121 catholica
2587 1066 2881 1139 dogmata,
2914 1068 3238 1140 eademque
3267 1069 3602 1127 traditionis

1953 1152 2149 1208 saeculi
2181 1153 2392 1210 decimi
2443 1153 2799 1227 perillustria
2824 1157 3168 1214 testimonia
3197 1158 3598 1232 suppeditant.

1952 1241 2238 1297 Praeclara
2266 1241 2325 1296 in
2357 1241 2564 1315 primis
2585 1247 2724 1299 sunt
2750 1243 2848 1299 illa
2877 1259 3005 1316 quze
3026 1245 3098 1302 de
3119 1246 3260 1303 reali
3293 1247 3604 1320 praesentia

1953 1331 2211 1403 corporis
2243 1334 2299 1386 et
2329 1331 2636 1405 sanguinis
2665 1331 2898 1388 Domini
2921 1333 2980 1389 in
3004 1333 3380 1391 Eucharistize
3403 1353 3600 1392 sacra-

1952 1423 2150 1476 mento
2192 1419 2422 1477 duobus
2464 1421 2790 1493 praesertim
2839 1421 2900 1476 in
2942 1421 3243 1495 opusculis
3269 1426 3448 1496 (epist.
3483 1427 3510 1481 1
3544 1429 3604 1482 et

1951 1508 2211 1581 Confess.)
2242 1508 2356 1566 late
2384 1509 2710 1578 constituit,
2726 1510 2871 1566 adeo
2902 1514 2968 1566 ut
2999 1511 3128 1583 ejus
3159 1511 3454 1585 dogmatis
3481 1516 3599 1570 tra-

1950 1596 2092 1653 ditio
2117 1598 2370 1653 maxime
2401 1599 2811 1671 comprobetur
2838 1616 2907 1655 ex
2936 1615 3002 1656 eo
3026 1599 3157 1673 ipso
3187 1600 3601 1675 scriptore,qui

1950 1703 1985 1742 a
2004 1686 2301 1743 nonnullis
2321 1686 2909 1744 heterodoxisborum
2928 1705 3169 1762 operum
3187 1689 3408 1763 ignaris
3428 1689 3486 1753 in
3511 1689 3602 1748 sui

1948 1776 2162 1832 erroris
2183 1776 2573 1848 patrocinium
2608 1776 3040 1833 traducebatur.
3056 1777 3183 1834 Non
3213 1795 3402 1851 pauca
3421 1779 3493 1835 de
3522 1778 3602 1834 li-

1951 1866 2173 1920 bertate
2220 1864 2466 1933 arbitrii,
2499 1864 2570 1919 de
2610 1866 2955 1922 necessitate
3001 1869 3057 1922 et
3089 1866 3350 1924 efficacia
3393 1867 3600 1924 divinae

1951 1953 2170 2025 gratiae,
2205 1970 2271 2008 ac
2315 1954 2385 2009 de
2430 1957 2664 2026 peccato
2696 1953 2963 2026 originali
2997 1955 3055 2011 in
3085 1955 3399 2029 Augustini
3428 1957 3601 2029 plane

1952 2041 2301 2098 sententiam
2351 2042 2554 2097 multis
2604 2043 2663 2098 in
2692 2042 2837 2099 locis
2866 2043 3161 2116 inspersit.
3201 2044 3497 2102 Nonnulla
3526 2047 3601 2103 de

1950 2131 2110 2187 cultu
2134 2136 2191 2187 et
2206 2131 2575 2208 invocatione
2598 2133 3036 2202 sanctorum,de
3051 2133 3385 2191 traditionis
3406 2149 3601 2192 neces-

1952 2222 2124 2276 sitate
2154 2225 2211 2275 et
2242 2237 2372 2287 usu,
2407 2222 2476 2275 de
2506 2220 2806 2275 insolubili
2839 2221 3200 2277 matrimonii
3229 2222 3482 2291 vinculo,
3527 2224 3600 2279 de

1951 2314 2320 2381 peccatorum
2350 2310 2683 2365 mortalium
2711 2314 2767 2364 et
2794 2310 3108 2366 venialium
3141 2310 3502 2379 discrimine,
3525 2312 3599 2368 de

1950 2398 2333 2466 confessione,
2359 2399 2429 2454 de
2461 2397 2731 2454 caelibatu
2765 2415 3063 2455 sacrorum
3086 2398 3599 2468 ministrorum,de

1950 2487 2384 2560 purgatorio,de
2406 2488 2700 2560 snll'ragiis
2718 2504 2821 2561 pro
2835 2487 3148 2545 animabus
3163 2488 3597 2557 defunctorum,

1950 2577 2021 2633 de
2050 2577 2370 2632 aeternitate
2402 2593 2705 2647 pcenarum
2747 2576 2810 2632 in
2858 2576 3104 2645 inferno,
3137 2594 3205 2633 ac
3243 2577 3314 2635 de
3343 2575 3475 2636 aliis
3504 2594 3600 2635 ca-

1950 2664 2183 2720 tholicis
2210 2665 2585 2738 dogmatibus
2615 2665 3019 2721 occurruutln
3049 2665 3507 2739 Praeloquiorum
3529 2665 3600 2722 1i-

1948 2752 2072 2809 bris
2093 2752 2379 2825 quidquid
2404 2752 2554 2808 circa
2577 2752 2874 2827 religionis
2906 2753 3182 2827 mysteria
3210 2754 3387 2811 tradit
3405 2755 3599 2827 (tilum

1950 2844 2008 2898 in
2039 2841 2441 2915 ﬁn.),symboli
2474 2852 2676 2899 sancto
2698 2843 3016 2900 Athanasio
3036 2843 3391 2917 inscript1,et
3411 2845 3599 2901 sancti

1949 2930 2260 3003 Augustini
2292 2930 2568 2986 doctrina:
2587 2935 3048 2988 consentaneum
3070 2932 3483 2989 exhibet.Adeo
3502 2948 3599 2990 ve-

1949 3037 2013 3075 ro
2045 3036 2251 3075 sanam
2275 3019 2539 3076 Ecclesiae
2560 3021 2889 3077 doctrinam
2920 3021 3243 3093 przefert,ut
3264 3039 3361 3078 eos
3390 3021 3600 3079 acriter

1949 3108 2276 3182 impugnet,
2310 3108 2407 3181 qui
2456 3107 2619 3165 illam
2669 3109 2896 3183 aliquot
2952 3110 3249 3167 erroribus
3305 3111 3601 3168 infuscare

1950 3203 2052 3254 aut
2079 3198 2358 3270 impetere
2388 3197 2500 3253 nisi
2523 3198 2815 3254 sunt.Duo
2836 3202 3032 3255 autem
3053 3199 3343 3270 ejusmodi
3372 3215 3598 3256 errores

1868 3272 1913 3339 (ἶ
1950 3286 2176 3343 decimo
2204 3286 2417 3343 saeculo
2446 3286 2743 3352 exorti,vel
2775 3287 3045 3356 renati,et
3072 3287 3298 3344 naviter
3325 3305 3360 3344 a
3389 3287 3602 3344 Ratbe-

1949 3376 2034 3431 rio
2066 3376 2885 3449 perstricti,commemorandi
2909 3381 3075 3433 sunt:
3100 3376 3248 3433 alter
3260 3377 3597 3449 cujusdam,

1948 3465 2047 3537 qui
2075 3468 2307 3521 sanctos
2335 3464 2395 3520 in
2430 3463 2572 3520 coelo
2593 3465 2849 3538 gaudere
2869 3465 3108 3538 quidem
3130 3465 3440 3538 fatebatur,
3457 3481 3595 3521 cum

1947 3554 2177 3611 Christo
2208 3570 2341 3609 vero
2374 3570 2478 3610 nec
2508 3570 2882 3628 regnare,nec
2908 3558 3254 3629 regnaturos
3285 3553 3597 3611 contende-

1948 3643 2048 3698 bat
2081 3660 2094 3699 :
2127 3641 2277 3698 alter
2305 3642 2743 3710 nonnullorum,
2777 3643 2878 3716 qui
2911 3642 2971 3698 in
3011 3643 3173 3700 hisce
3203 3642 3494 3717 partibus,
3524 3641 3599 3699 ob

1947 3730 2339 3804 ignorantiam
2361 3732 2554 3804 potius
2577 3747 2756 3804 quam
2777 3732 2850 3788 ob
2868 3729 3175 3800 malitiam,
3197 3735 3451 3788 veterem
3482 3732 3602 3787 An-

1947 3820 2606 3894 thropomorphytarum
2657 3818 2758 3893 [v1]
2812 3820 3081 3878 haeresim
3128 3820 3598 3894 propugnabant.

1948 3909 2092 3966 Vide
2121 3909 2339 3966 librum
2383 3914 2659 3982 quartum
2705 3909 3186 3983 Praeloquiorum,
3221 3926 3386 3967 num.
3422 3908 3513 3978 45,
3544 3911 3605 3967 et

1950 4015 2281 4055 sermonem
2314 3999 2385 4054 de
2416 3998 2877 4073 Quadragesima
2906 3994 3426 4067 secundum,num.
3444 3998 3515 4054 29
3544 4000 3602 4055 et

1950 4104 2111 4161 seqq.
2146 4090 2287 4144 Cum
2312 4087 2409 4144 Dei
2432 4087 2654 4143 cultum
2673 4104 2887 4160 purum
2917 4091 3230 4160 expeteret,
3254 4086 3314 4144 in
3346 4085 3600 4142 nonnul-

1947 4176 2037 4233 las
2067 4175 2512 4250 superstitiones
2534 4193 2661 4250 quae
2683 4177 2994 4249 serpebant
3009 4175 3277 4232 invehere
3297 4191 3412 4231 non
3426 4173 3602 4230 desti-

1947 4265 2037 4320 tit.
2073 4264 2257 4321 Multa
2284 4264 2419 4320 addi
2441 4268 2681 4337 possent
2700 4265 2772 4321 de
2802 4264 2875 4319 iis
2900 4281 3029 4336 quae
3056 4264 3130 4320 ad
3161 4262 3429 4320 notitiam
3459 4279 3597 4319 con-

1949 4354 2189 4409 fuerunt
2215 4370 2444 4409 morum
2476 4353 2654 4425 hujus
2673 4354 2954 4426 temporis
2974 4357 3033 4409 et
3055 4352 3597 4425 disciplinzelnsig-

1950 4459 2054 4499 nos
2074 4441 2257 4498 hocin
2281 4458 2490 4514 genere
2510 4441 2662 4498 inter
2689 4445 2926 4499 caeteros
2952 4447 3092 4499 sunt
3119 4442 3427 4499 memorati
3446 4445 3596 4498 Prte-

1948 4530 2282 4604 loquiorum
2308 4529 2461 4587 libri.
2496 4531 2590 4588 Sic
2619 4531 2775 4588 enim
2801 4531 2862 4588 in
2890 4531 3036 4604 ipsis
3067 4532 3354 4605 cujusque
3385 4530 3595 4599 aetatis,

1951 4634 2123 4677 sexus
2154 4624 2209 4675 et
2222 4619 2389 4676 condi
2398 4619 2574 4676 tionis
2597 4620 2864 4678 homines
2883 4619 3599 4697 instruit,utsingulorum

1948 4709 2091 4764 vitia
2120 4710 2352 4782 detegat
2382 4715 2438 4766 et
2466 4710 2660 4772 ofﬁcia
2701 4711 3057 4783 praescribat.
3085 4710 3288 4767 Plures
3336 4709 3435 4766 alii
3464 4708 3604 4765 libri

1951 4798 2090 4855 cleri
2120 4800 2594 4856 reformationem
2618 4800 3108 4873 respiciunt,adeo
3129 4804 3195 4856 ut
3212 4816 3282 4857 ex
3297 4797 3460 4856 nullo
3483 4798 3600 4855 alio

1954 4889 2142 4960 magis
2176 4905 2354 4961 quam
2382 4906 2449 4944 ex
2479 4894 2679 4946 nostro
2710 4890 2989 4963 scriptore
3020 4887 3457 4962 decimi,sa3culi
3488 4887 3607 4944 dis-

1953 4978 2170 5051 ciplina
2196 4978 2320 5034 erui
2354 4977 2554 5051 possit.
2590 4979 2739 5035 Illud
2771 4978 2947 5036 etiam
2978 4978 3202 5036 accedit
3232 4979 3388 5052 quod
3421 4978 3603 5033 Vero-

1955 5067 2227 5123 nensium
2255 5084 2450 5124 rerum
2478 5067 2725 5124 historia
2751 5069 3017 5141 ejusdem
3047 5065 3260 5125 decimi
3308 5065 3503 5123 saeculi
3536 5080 3607 5122 ex
3648 5130 3653 5143 ι

1956 5156 2070 5212 alio
2102 5157 2259 5212 fonte
2286 5156 2529 5213 derivari
2562 5160 2836 5227 nequeat,
2857 5163 2920 5214 ut
2948 5157 3209 5214 marcbio
3236 5154 3426 5228 Scipio
3459 5153 3603 5211 Maf-

1953 5245 2102 5302 feius
2123 5246 2448 5303 rectissime
2480 5246 2729 5304 monuit.

1951 5400 2029 5455 De
2057 5399 2306 5471 Ratherii
2331 5399 2583 5471 operibus
2611 5327 2773 5455 αηῑὲα
2786 5328 3057 5468 Iddlgatis,
3089 5376 3607 5471 etideeditionibus,

2061 5470 2225 5526 uibus
2254 5467 2614 5528 inveniuntur
2641 5471 2875 5542 sparsim
2899 5467 3207 5526 inserta.De
3232 5467 3611 5596 ineditisjuw

2064 5558 2129 5596 ac
2167 5544 2229 5596 in
2256 5543 2494 5596 editione
2539 5542 2809 5596 accedent.
2837 5543 2914 5596 De
2957 5542 3209 5596 oneribus
3259 5556 3385 5596 uuae
3428 5557 3462 5596 a
3502 5540 3611 5596 huc

2061 5486 2225 5526 uicus
2254 5486 2614 5528 inveniuntur
2641 5486 2875 5542 sparsim
2899 5486 3207 5526 mserum
3232 5486 3457 5525 meatus
3519 5486 3611 5526 πω

2025 5486 2129 5614 iac
2167 5544 2229 5598 in
2256 5543 2494 5599 editione
2539 5542 2809 5614 accedent.
2837 5543 2914 5614 De
2957 5542 3209 5614 operibus
3259 5486 3611 5614 quaeath

2026 5612 2428 5682 desiderantur,
2461 5629 2560 5668 nec
2589 5629 2699 5669 non
2728 5612 2795 5668 de
2821 5612 2952 5670 aliis
2977 5612 3231 5670 Ralhcrio
3260 5612 3561 5670 attributis.

2027 5702 2152 5764 VII.
2177 5703 2303 5763 Non
2318 5718 2508 5783 pauca
2528 5700 2768 5783 quidem
2789 5703 2974 5765 nostri
2993 5702 3297 5785 scriptoris
3314 5718 3495 5781 opera
3512 5702 3612 5765 an-
