  <div class='ocr_page' id='page_1' title='image "/cluster/home/n/w/nwhite01/storage/ocr_20150623/136/umn.31951002477429o/015.png"; bbox 0 0 4070 6376; ppageno 0'>
   <div class='ocr_carea' id='block_1_1' title="bbox 495 315 3902 384">
    <p class='ocr_par' dir='ltr' id='par_1_1' title="bbox 495 315 3902 384">
     <span class='ocr_line' id='line_1_1' title="bbox 495 315 3902 384; baseline 0.001 -7"><span class='ocrx_word' id='word_1_1' title='bbox 495 318 569 377; x_wconf 73' lang='lat'>1&#39;5</span> <span class='ocrx_word' id='word_1_2' title='bbox 1438 315 1893 382; x_wconf 80' lang='lat' dir='ltr'>llATHERlUS</span> <span class='ocrx_word' id='word_1_3' title='bbox 1938 317 2431 379; x_wconf 81' lang='lat' dir='ltr'>VERONENSIS</span> <span class='ocrx_word' id='word_1_4' title='bbox 2479 319 2928 383; x_wconf 86' lang='lat' dir='ltr'>EPISCOPUS.</span> <span class='ocrx_word' id='word_1_5' title='bbox 3821 323 3902 384; x_wconf 85' lang='grc'>16</span> 
     </span>
    </p>
   </div>
   <div class='ocr_carea' id='block_1_2' title="bbox 495 449 3902 527">
    <p class='ocr_par' dir='ltr' id='par_1_2' title="bbox 495 449 3902 527">
     <span class='ocr_line' id='line_1_2' title="bbox 495 449 3902 527; baseline 0.001 -23"><span class='ocrx_word' id='word_1_6' title='bbox 495 449 836 523; x_wconf 87' lang='lat' dir='ltr'>teavulgata</span> <span class='ocrx_word' id='word_1_7' title='bbox 857 451 1140 519; x_wconf 84' lang='lat' dir='ltr'>fuere,sed</span> <span class='ocrx_word' id='word_1_8' title='bbox 1165 453 1476 524; x_wconf 78' lang='lat' dir='ltr'>separatim</span> <span class='ocrx_word' id='word_1_9' title='bbox 1499 453 1553 506; x_wconf 91' lang='lat' dir='ltr'>in</span> <span class='ocrx_word' id='word_1_10' title='bbox 1572 450 2142 507; x_wconf 89' lang='lat' dir='ltr'>variascollectiones</span> <span class='ocrx_word' id='word_1_11' title='bbox 2170 451 2222 518; x_wconf 82' lang='grc' dir='ltr'><strong>Α</strong></span> <span class='ocrx_word' id='word_1_12' title='bbox 2255 450 2512 506; x_wconf 81' lang='lat' dir='ltr'>Batherii</span> <span class='ocrx_word' id='word_1_13' title='bbox 2542 452 2892 509; x_wconf 82' lang='lat' dir='ltr'>Veronensis</span> <span class='ocrx_word' id='word_1_14' title='bbox 2924 454 3159 526; x_wconf 87' lang='lat' dir='ltr'>quidem</span> <span class='ocrx_word' id='word_1_15' title='bbox 3192 454 3456 509; x_wconf 70' lang='lat' dir='ltr'>Ecclesia:</span> <span class='ocrx_word' id='word_1_16' title='bbox 3482 454 3762 527; x_wconf 85' lang='lat' dir='ltr'>episcopi,</span> <span class='ocrx_word' id='word_1_17' title='bbox 3798 456 3902 510; x_wconf 91' lang='lat' dir='ltr'>sed</span> 
     </span>
    </p>
   </div>
   <div class='ocr_carea' id='block_1_3' title="bbox 499 540 2146 613">
    <p class='ocr_par' dir='ltr' id='par_1_3' title="bbox 499 540 2146 613">
     <span class='ocr_line' id='line_1_3' title="bbox 499 540 2146 613; baseline 0 -19"><span class='ocrx_word' id='word_1_18' title='bbox 499 540 716 596; x_wconf 90' lang='lat' dir='ltr'>inserta</span> <span class='ocrx_word' id='word_1_19' title='bbox 749 543 924 612; x_wconf 90' lang='lat' dir='ltr'>atque</span> <span class='ocrx_word' id='word_1_20' title='bbox 950 540 1216 612; x_wconf 89' lang='lat' dir='ltr'>dispersa</span> <span class='ocrx_word' id='word_1_21' title='bbox 1245 560 1256 607; x_wconf 94' lang='lat'><strong>;</strong></span> <span class='ocrx_word' id='word_1_22' title='bbox 1283 543 1431 613; x_wconf 91' lang='lat' dir='ltr'>quod</span> <span class='ocrx_word' id='word_1_23' title='bbox 1459 541 1659 612; x_wconf 87' lang='lat' dir='ltr'>quanti</span> <span class='ocrx_word' id='word_1_24' title='bbox 1690 541 2042 596; x_wconf 89' lang='lat' dir='ltr'>incommodi</span> <span class='ocrx_word' id='word_1_25' title='bbox 2070 540 2146 595; x_wconf 93' lang='lat' dir='ltr'>sit</span> 
     </span>
    </p>
   </div>
   <div class='ocr_carea' id='block_1_4' title="bbox 501 629 2144 701">
    <p class='ocr_par' dir='ltr' id='par_1_4' title="bbox 501 629 2144 701">
     <span class='ocr_line' id='line_1_4' title="bbox 501 629 2144 701; baseline 0.001 -18"><span class='ocrx_word' id='word_1_26' title='bbox 501 645 672 685; x_wconf 91' lang='lat' dir='ltr'>nemo</span> <span class='ocrx_word' id='word_1_27' title='bbox 705 646 821 684; x_wconf 90' lang='lat' dir='ltr'>non</span> <span class='ocrx_word' id='word_1_28' title='bbox 852 629 1025 686; x_wconf 81' lang='lat' dir='ltr'>videt.</span> <span class='ocrx_word' id='word_1_29' title='bbox 1051 630 1109 686; x_wconf 90' lang='lat' dir='ltr'>S.</span> <span class='ocrx_word' id='word_1_30' title='bbox 1142 629 1401 686; x_wconf 90' lang='lat' dir='ltr'>Ursmari</span> <span class='ocrx_word' id='word_1_31' title='bbox 1435 629 1581 697; x_wconf 84' lang='lat' dir='ltr'>Vita,</span> <span class='ocrx_word' id='word_1_32' title='bbox 1615 647 1793 701; x_wconf 87' lang='lat' dir='ltr'>quam</span> <span class='ocrx_word' id='word_1_33' title='bbox 1821 631 1891 685; x_wconf 90' lang='lat' dir='ltr'>ab</span> <span class='ocrx_word' id='word_1_34' title='bbox 1913 632 2144 685; x_wconf 81' lang='lat' dir='ltr'>Ausone</span> 
     </span>
    </p>
   </div>
   <div class='ocr_carea' id='block_1_5' title="bbox 501 718 2144 791">
    <p class='ocr_par' dir='ltr' id='par_1_5' title="bbox 501 718 2144 791">
     <span class='ocr_line' id='line_1_5' title="bbox 501 718 2144 791; baseline 0 -18"><span class='ocrx_word' id='word_1_35' title='bbox 501 718 709 774; x_wconf 85' lang='lat' dir='ltr'>abbate</span> <span class='ocrx_word' id='word_1_36' title='bbox 739 719 1046 775; x_wconf 84' lang='lat' dir='ltr'>obscurius</span> <span class='ocrx_word' id='word_1_37' title='bbox 1077 720 1351 791; x_wconf 88' lang='lat' dir='ltr'>scriptam</span> <span class='ocrx_word' id='word_1_38' title='bbox 1369 719 1681 774; x_wconf 83' lang='lat' dir='ltr'>Ratherius</span> <span class='ocrx_word' id='word_1_39' title='bbox 1713 718 2144 791; x_wconf 84' lang='lat' dir='ltr'>explicatiorem</span> 
     </span>
    </p>
   </div>
   <div class='ocr_carea' id='block_1_6' title="bbox 501 805 2146 880">
    <p class='ocr_par' dir='ltr' id='par_1_6' title="bbox 501 805 2146 880">
     <span class='ocr_line' id='line_1_6' title="bbox 501 805 2146 880; baseline 0 -20"><span class='ocrx_word' id='word_1_40' title='bbox 501 805 774 874; x_wconf 89' lang='lat' dir='ltr'>reddidit,</span> <span class='ocrx_word' id='word_1_41' title='bbox 809 808 1065 879; x_wconf 90' lang='lat' dir='ltr'>primum</span> <span class='ocrx_word' id='word_1_42' title='bbox 1091 863 1100 872; x_wconf 73' lang='grc'><em>,</em></span> <span class='ocrx_word' id='word_1_43' title='bbox 1113 808 1325 880; x_wconf 92' lang='lat' dir='ltr'>prodiit</span> <span class='ocrx_word' id='word_1_44' title='bbox 1356 825 1532 879; x_wconf 91' lang='lat' dir='ltr'>opera</span> <span class='ocrx_word' id='word_1_45' title='bbox 1573 808 1870 864; x_wconf 86' lang='lat' dir='ltr'>Laurentii</span> <span class='ocrx_word' id='word_1_46' title='bbox 1901 806 2056 862; x_wconf 89' lang='lat' dir='ltr'>Surii</span> <span class='ocrx_word' id='word_1_47' title='bbox 2085 807 2146 860; x_wconf 90' lang='lat' dir='ltr'>in</span> 
     </span>
    </p>
   </div>
   <div class='ocr_carea' id='block_1_7' title="bbox 499 883 1536 968">
    <p class='ocr_par' dir='ltr' id='par_1_7' title="bbox 499 883 1536 968">
     <span class='ocr_line' id='line_1_7' title="bbox 499 883 1536 968; baseline 0.004 -20"><span class='ocrx_word' id='word_1_48' title='bbox 499 895 649 952; x_wconf 86' lang='lat' dir='ltr'>Vitis</span> <span class='ocrx_word' id='word_1_49' title='bbox 678 883 1021 952; x_wconf 83' lang='lat' dir='ltr'>Sanctorum</span> <span class='ocrx_word' id='word_1_50' title='bbox 1053 897 1271 952; x_wconf 86' lang='lat' dir='ltr'>mensis</span> <span class='ocrx_word' id='word_1_51' title='bbox 1301 896 1536 968; x_wconf 86' lang='lat' dir='ltr'>Aprilis.</span> 
     </span>
    </p>
   </div>
   <div class='ocr_carea' id='block_1_8' title="bbox 574 984 2145 1059">
    <p class='ocr_par' dir='ltr' id='par_1_8' title="bbox 574 984 2145 1059">
     <span class='ocr_line' id='line_1_8' title="bbox 574 984 2145 1059; baseline 0.003 -23"><span class='ocrx_word' id='word_1_52' title='bbox 574 984 724 1040; x_wconf 81' lang='lat' dir='ltr'>VIII.</span> <span class='ocrx_word' id='word_1_53' title='bbox 756 985 1008 1042; x_wconf 83' lang='lat' dir='ltr'>Joannes</span> <span class='ocrx_word' id='word_1_54' title='bbox 1037 985 1508 1058; x_wconf 87' lang='lat' dir='ltr'>Chapeauvillius</span> <span class='ocrx_word' id='word_1_55' title='bbox 1540 990 1696 1042; x_wconf 88' lang='lat' dir='ltr'>tomo</span> <span class='ocrx_word' id='word_1_56' title='bbox 1725 986 1912 1059; x_wconf 90' lang='lat' dir='ltr'>primo</span> <span class='ocrx_word' id='word_1_57' title='bbox 1945 986 2145 1041; x_wconf 88' lang='lat' dir='ltr'>Gesto-</span> 
     </span>
    </p>
   </div>
   <div class='ocr_carea' id='block_1_9' title="bbox 506 1075 2148 1147">
    <p class='ocr_par' dir='ltr' id='par_1_9' title="bbox 506 1075 2148 1147">
     <span class='ocr_line' id='line_1_9' title="bbox 506 1075 2148 1147; baseline 0.001 -19"><span class='ocrx_word' id='word_1_58' title='bbox 506 1091 638 1128; x_wconf 88' lang='lat' dir='ltr'>rum</span> <span class='ocrx_word' id='word_1_59' title='bbox 669 1075 1009 1146; x_wconf 86' lang='lat' dir='ltr'>pontiﬁcum</span> <span class='ocrx_word' id='word_1_60' title='bbox 1040 1075 1473 1147; x_wconf 88' lang='lat' dir='ltr'>Tungrensium</span> <span class='ocrx_word' id='word_1_61' title='bbox 1507 1093 1659 1131; x_wconf 90' lang='lat' dir='ltr'>anno</span> <span class='ocrx_word' id='word_1_62' title='bbox 1691 1077 1829 1130; x_wconf 83' lang='grc'>1613</span> <span class='ocrx_word' id='word_1_63' title='bbox 1851 1092 1881 1130; x_wconf 93' lang='lat' dir='ltr'>e</span> <span class='ocrx_word' id='word_1_64' title='bbox 1913 1091 2024 1130; x_wconf 88' lang='lat' dir='ltr'>ms.</span> <span class='ocrx_word' id='word_1_65' title='bbox 2059 1091 2148 1131; x_wconf 89' lang='lat' dir='ltr'>co-</span> 
     </span>
    </p>
   </div>
   <div class='ocr_carea' id='block_1_10' title="bbox 507 1163 2149 1238">
    <p class='ocr_par' dir='ltr' id='par_1_10' title="bbox 507 1163 2149 1238">
     <span class='ocr_line' id='line_1_10' title="bbox 507 1163 2149 1238; baseline -0.001 -21"><span class='ocrx_word' id='word_1_66' title='bbox 507 1163 633 1218; x_wconf 89' lang='lat' dir='ltr'>dice</span> <span class='ocrx_word' id='word_1_67' title='bbox 651 1164 990 1219; x_wconf 81' lang='lat' dir='ltr'>monasterii</span> <span class='ocrx_word' id='word_1_68' title='bbox 1013 1164 1317 1220; x_wconf 90' lang='lat' dir='ltr'>Lobiensis</span> <span class='ocrx_word' id='word_1_69' title='bbox 1338 1164 1395 1219; x_wconf 89' lang='lat' dir='ltr'>in</span> <span class='ocrx_word' id='word_1_70' title='bbox 1412 1164 1608 1238; x_wconf 81' lang='lat' dir='ltr'>Belgio</span> <span class='ocrx_word' id='word_1_71' title='bbox 1628 1170 1744 1220; x_wconf 88' lang='lat' dir='ltr'>tres</span> <span class='ocrx_word' id='word_1_72' title='bbox 1759 1164 2013 1220; x_wconf 78' lang='lat' dir='ltr'>Ratherii</span> <span class='ocrx_word' id='word_1_73' title='bbox 2036 1163 2149 1235; x_wconf 85' lang='lat' dir='ltr'>epi-</span> 
     </span>
    </p>
   </div>
   <div class='ocr_carea' id='block_1_11' title="bbox 507 1250 2148 1325">
    <p class='ocr_par' dir='ltr' id='par_1_11' title="bbox 507 1250 2148 1325">
     <span class='ocr_line' id='line_1_11' title="bbox 507 1250 2148 1325; baseline 0 -19"><span class='ocrx_word' id='word_1_74' title='bbox 507 1250 685 1306; x_wconf 85' lang='lat' dir='ltr'>stolas</span> <span class='ocrx_word' id='word_1_75' title='bbox 702 1251 986 1324; x_wconf 84' lang='lat' dir='ltr'>vulgavit:</span> <span class='ocrx_word' id='word_1_76' title='bbox 1005 1269 1184 1308; x_wconf 90' lang='lat' dir='ltr'>unam</span> <span class='ocrx_word' id='word_1_77' title='bbox 1204 1253 1273 1307; x_wconf 88' lang='lat' dir='ltr'>ad</span> <span class='ocrx_word' id='word_1_78' title='bbox 1286 1253 1572 1308; x_wconf 88' lang='lat' dir='ltr'>Joannem</span> <span class='ocrx_word' id='word_1_79' title='bbox 1590 1269 1892 1308; x_wconf 91' lang='lat' dir='ltr'>summum</span> <span class='ocrx_word' id='word_1_80' title='bbox 1915 1252 2148 1325; x_wconf 80' lang='lat' dir='ltr'>pontiﬁ-</span> 
     </span>
    </p>
   </div>
   <div class='ocr_carea' id='block_1_12' title="bbox 504 1340 2149 1409">
    <p class='ocr_par' dir='ltr' id='par_1_12' title="bbox 504 1340 2149 1409">
     <span class='ocr_line' id='line_1_12' title="bbox 504 1340 2149 1409; baseline 0.001 -13"><span class='ocrx_word' id='word_1_81' title='bbox 504 1356 650 1406; x_wconf 89' lang='lat' dir='ltr'>cem,</span> <span class='ocrx_word' id='word_1_82' title='bbox 675 1340 918 1396; x_wconf 84' lang='lat' dir='ltr'>alteram</span> <span class='ocrx_word' id='word_1_83' title='bbox 949 1342 1021 1396; x_wconf 92' lang='lat' dir='ltr'>ad</span> <span class='ocrx_word' id='word_1_84' title='bbox 1054 1358 1257 1397; x_wconf 92' lang='lat' dir='ltr'>omnes</span> <span class='ocrx_word' id='word_1_85' title='bbox 1286 1341 1482 1409; x_wconf 72' lang='lat' dir='ltr'>Italiae,</span> <span class='ocrx_word' id='word_1_86' title='bbox 1516 1342 1837 1397; x_wconf 68' lang='lat' dir='ltr'>Germaniae</span> <span class='ocrx_word' id='word_1_87' title='bbox 1867 1346 1925 1397; x_wconf 90' lang='lat' dir='ltr'>et</span> <span class='ocrx_word' id='word_1_88' title='bbox 1953 1341 2149 1397; x_wconf 80' lang='lat' dir='ltr'>Galliae</span> 
     </span>
    </p>
   </div>
   <div class='ocr_carea' id='block_1_13' title="bbox 502 1430 2150 1504">
    <p class='ocr_par' dir='ltr' id='par_1_13' title="bbox 502 1430 2150 1504">
     <span class='ocr_line' id='line_1_13' title="bbox 502 1430 2150 1504; baseline 0.001 -20"><span class='ocrx_word' id='word_1_89' title='bbox 502 1431 907 1502; x_wconf 89' lang='lat' dir='ltr'>episcopos,ad</span> <span class='ocrx_word' id='word_1_90' title='bbox 942 1431 1272 1486; x_wconf 89' lang='lat' dir='ltr'>Brunonem</span> <span class='ocrx_word' id='word_1_91' title='bbox 1295 1436 1494 1504; x_wconf 88' lang='lat' dir='ltr'>postea</span> <span class='ocrx_word' id='word_1_92' title='bbox 1520 1431 2024 1504; x_wconf 86' lang='lat' dir='ltr'>archiepiscopum</span> <span class='ocrx_word' id='word_1_93' title='bbox 2046 1430 2150 1485; x_wconf 88' lang='lat' dir='ltr'>Co-</span> 
     </span>
    </p>
   </div>
   <div class='ocr_carea' id='block_1_14' title="bbox 503 1518 2148 1593">
    <p class='ocr_par' dir='ltr' id='par_1_14' title="bbox 503 1518 2148 1593">
     <span class='ocr_line' id='line_1_14' title="bbox 503 1518 2148 1593; baseline 0 -20"><span class='ocrx_word' id='word_1_94' title='bbox 503 1518 826 1574; x_wconf 88' lang='lat' dir='ltr'>loniensem</span> <span class='ocrx_word' id='word_1_95' title='bbox 857 1519 1126 1586; x_wconf 82' lang='lat' dir='ltr'>tertiam;</span> <span class='ocrx_word' id='word_1_96' title='bbox 1162 1521 1499 1593; x_wconf 85' lang='lat' dir='ltr'>addiditque</span> <span class='ocrx_word' id='word_1_97' title='bbox 1528 1521 1703 1576; x_wconf 89' lang='lat' dir='ltr'>aliam</span> <span class='ocrx_word' id='word_1_98' title='bbox 1742 1520 1997 1576; x_wconf 87' lang='lat' dir='ltr'>Everacli</span> <span class='ocrx_word' id='word_1_99' title='bbox 2029 1520 2148 1592; x_wconf 90' lang='lat' dir='ltr'>epi-</span> 
     </span>
    </p>
   </div>
   <div class='ocr_carea' id='block_1_15' title="bbox 506 1607 1791 1682">
    <p class='ocr_par' dir='ltr' id='par_1_15' title="bbox 506 1607 1791 1682">
     <span class='ocr_line' id='line_1_15' title="bbox 506 1607 1791 1682; baseline 0.002 -20"><span class='ocrx_word' id='word_1_100' title='bbox 506 1607 661 1679; x_wconf 85' lang='lat' dir='ltr'>scopi</span> <span class='ocrx_word' id='word_1_101' title='bbox 699 1609 1068 1664; x_wconf 88' lang='lat' dir='ltr'>Leodicensis</span> <span class='ocrx_word' id='word_1_102' title='bbox 1097 1610 1170 1664; x_wconf 89' lang='lat' dir='ltr'>ad</span> <span class='ocrx_word' id='word_1_103' title='bbox 1202 1608 1394 1682; x_wconf 89' lang='lat' dir='ltr'>ipsum</span> <span class='ocrx_word' id='word_1_104' title='bbox 1430 1609 1791 1664; x_wconf 79' lang='lat' dir='ltr'>Ratherium.</span> 
     </span>
    </p>
   </div>
   <div class='ocr_carea' id='block_1_16' title="bbox 580 1695 2148 1769">
    <p class='ocr_par' dir='ltr' id='par_1_16' title="bbox 580 1695 2148 1769">
     <span class='ocr_line' id='line_1_16' title="bbox 580 1695 2148 1769; baseline 0.001 -19"><span class='ocrx_word' id='word_1_105' title='bbox 580 1695 666 1754; x_wconf 78' lang='lat' dir='ltr'>IX.</span> <span class='ocrx_word' id='word_1_106' title='bbox 703 1696 844 1752; x_wconf 91' lang='lat' dir='ltr'>Dein</span> <span class='ocrx_word' id='word_1_107' title='bbox 894 1697 953 1752; x_wconf 92' lang='lat' dir='ltr'>P.</span> <span class='ocrx_word' id='word_1_108' title='bbox 980 1697 1165 1752; x_wconf 90' lang='lat' dir='ltr'>Lucas</span> <span class='ocrx_word' id='word_1_109' title='bbox 1215 1697 1513 1769; x_wconf 83' lang='lat' dir='ltr'>d‘Achery,</span> <span class='ocrx_word' id='word_1_110' title='bbox 1547 1699 1646 1768; x_wconf 88' lang='lat' dir='ltr'>qui</span> <span class='ocrx_word' id='word_1_111' title='bbox 1693 1715 1723 1752; x_wconf 92' lang='lat' dir='ltr'>e</span> <span class='ocrx_word' id='word_1_112' title='bbox 1762 1698 2006 1753; x_wconf 80' lang='lat' dir='ltr'>diversis</span> <span class='ocrx_word' id='word_1_113' title='bbox 2039 1715 2148 1753; x_wconf 86' lang='lat' dir='ltr'>ms.</span> 
     </span>
    </p>
   </div>
   <div class='ocr_carea' id='block_1_17' title="bbox 509 1785 2229 1887">
    <p class='ocr_par' dir='ltr' id='par_1_17' title="bbox 509 1785 2229 1887">
     <span class='ocr_line' id='line_1_17' title="bbox 509 1785 2229 1887; baseline 0.001 -48"><span class='ocrx_word' id='word_1_114' title='bbox 509 1785 1250 1858; x_wconf 66' lang='lat' dir='ltr'>exemplaribush&#39;u]plura</span> <span class='ocrx_word' id='word_1_115' title='bbox 1272 1802 1445 1857; x_wconf 82' lang='lat' dir='ltr'>opera</span> <span class='ocrx_word' id='word_1_116' title='bbox 1469 1786 1684 1841; x_wconf 88' lang='lat' dir='ltr'>inedita</span> <span class='ocrx_word' id='word_1_117' title='bbox 1704 1786 2152 1858; x_wconf 87' lang='lat' dir='ltr'>diligentissime</span> <span class='ocrx_word' id='word_1_118' title='bbox 2183 1822 2229 1887; x_wconf 82' lang='lat' dir='ltr'><strong>B</strong></span> 
     </span>
    </p>
   </div>
   <div class='ocr_carea' id='block_1_18' title="bbox 509 1874 2148 1946">
    <p class='ocr_par' dir='ltr' id='par_1_18' title="bbox 509 1874 2148 1946">
     <span class='ocr_line' id='line_1_18' title="bbox 509 1874 2148 1946; baseline 0.001 -17"><span class='ocrx_word' id='word_1_119' title='bbox 509 1875 876 1945; x_wconf 80' lang='lat' dir='ltr'>excerpsit,et</span> <span class='ocrx_word' id='word_1_120' title='bbox 906 1876 964 1928; x_wconf 92' lang='lat' dir='ltr'>in</span> <span class='ocrx_word' id='word_1_121' title='bbox 998 1875 1308 1946; x_wconf 90' lang='lat' dir='ltr'>Spicilegio</span> <span class='ocrx_word' id='word_1_122' title='bbox 1339 1874 1538 1939; x_wconf 85' lang='lat' dir='ltr'>edidit,</span> <span class='ocrx_word' id='word_1_123' title='bbox 1574 1875 2016 1930; x_wconf 87' lang='lat' dir='ltr'>Laudunensem</span> <span class='ocrx_word' id='word_1_124' title='bbox 2050 1892 2148 1930; x_wconf 78' lang='lat' dir='ltr'>co-</span> 
     </span>
    </p>
   </div>
   <div class='ocr_carea' id='block_1_19' title="bbox 509 1963 2147 2036">
    <p class='ocr_par' dir='ltr' id='par_1_19' title="bbox 509 1963 2147 2036">
     <span class='ocr_line' id='line_1_19' title="bbox 509 1963 2147 2036; baseline 0.001 -19"><span class='ocrx_word' id='word_1_125' title='bbox 509 1963 695 2018; x_wconf 90' lang='lat' dir='ltr'>dicem</span> <span class='ocrx_word' id='word_1_126' title='bbox 728 1968 934 2018; x_wconf 88' lang='lat' dir='ltr'>nactus</span> <span class='ocrx_word' id='word_1_127' title='bbox 966 1963 1024 2018; x_wconf 91' lang='lat' dir='ltr'>in</span> <span class='ocrx_word' id='word_1_128' title='bbox 1057 1963 1280 2032; x_wconf 88' lang='lat' dir='ltr'>Galliis,</span> <span class='ocrx_word' id='word_1_129' title='bbox 1304 1964 1401 2036; x_wconf 89' lang='lat' dir='ltr'>qui</span> <span class='ocrx_word' id='word_1_130' title='bbox 1435 1963 1658 2034; x_wconf 85' lang='lat' dir='ltr'>aliquot</span> <span class='ocrx_word' id='word_1_131' title='bbox 1689 1963 1943 2018; x_wconf 82' lang='lat' dir='ltr'>Ratherii</span> <span class='ocrx_word' id='word_1_132' title='bbox 1973 1980 2147 2034; x_wconf 89' lang='lat' dir='ltr'>opus-</span> 
     </span>
    </p>
   </div>
   <div class='ocr_carea' id='block_1_20' title="bbox 507 2050 2146 2123">
    <p class='ocr_par' dir='ltr' id='par_1_20' title="bbox 507 2050 2146 2123">
     <span class='ocr_line' id='line_1_20' title="bbox 507 2050 2146 2123; baseline 0.001 -17"><span class='ocrx_word' id='word_1_133' title='bbox 507 2050 639 2106; x_wconf 89' lang='lat' dir='ltr'>cula</span> <span class='ocrx_word' id='word_1_134' title='bbox 668 2052 928 2106; x_wconf 90' lang='lat' dir='ltr'>nondum</span> <span class='ocrx_word' id='word_1_135' title='bbox 961 2053 1246 2123; x_wconf 87' lang='lat' dir='ltr'>impressa</span> <span class='ocrx_word' id='word_1_136' title='bbox 1278 2053 1628 2119; x_wconf 87' lang='lat' dir='ltr'>continebat,</span> <span class='ocrx_word' id='word_1_137' title='bbox 1666 2053 1784 2106; x_wconf 71' lang='lat' dir='ltr'>haac</span> <span class='ocrx_word' id='word_1_138' title='bbox 1835 2070 1902 2107; x_wconf 81' lang='lat' dir='ltr'>ex</span> <span class='ocrx_word' id='word_1_139' title='bbox 1944 2053 2146 2108; x_wconf 88' lang='lat' dir='ltr'>eodem</span> 
     </span>
    </p>
   </div>
   <div class='ocr_carea' id='block_1_21' title="bbox 505 2141 2150 2214">
    <p class='ocr_par' dir='ltr' id='par_1_21' title="bbox 505 2141 2150 2214">
     <span class='ocr_line' id='line_1_21' title="bbox 505 2141 2150 2214; baseline 0.001 -20"><span class='ocrx_word' id='word_1_140' title='bbox 505 2141 778 2212; x_wconf 84' lang='lat' dir='ltr'>produxit</span> <span class='ocrx_word' id='word_1_141' title='bbox 809 2141 868 2196; x_wconf 89' lang='lat' dir='ltr'>in</span> <span class='ocrx_word' id='word_1_142' title='bbox 893 2141 1081 2196; x_wconf 88' lang='lat' dir='ltr'>lucem</span> <span class='ocrx_word' id='word_1_143' title='bbox 1113 2146 1269 2197; x_wconf 77' lang='lat' dir='ltr'>temo</span> <span class='ocrx_word' id='word_1_144' title='bbox 1299 2142 1562 2211; x_wconf 79' lang='lat' dir='ltr'>ejusdem</span> <span class='ocrx_word' id='word_1_145' title='bbox 1595 2141 1890 2214; x_wconf 84' lang='lat' dir='ltr'>Spicilegii</span> <span class='ocrx_word' id='word_1_146' title='bbox 1939 2141 2150 2213; x_wconf 88' lang='lat' dir='ltr'>prioris</span> 
     </span>
    </p>
   </div>
   <div class='ocr_carea' id='block_1_22' title="bbox 504 2230 2004 2302">
    <p class='ocr_par' dir='ltr' id='par_1_22' title="bbox 504 2230 2004 2302">
     <span class='ocr_line' id='line_1_22' title="bbox 504 2230 2004 2302; baseline -0.001 -18"><span class='ocrx_word' id='word_1_147' title='bbox 504 2230 778 2285; x_wconf 87' lang='lat' dir='ltr'>editionis</span> <span class='ocrx_word' id='word_1_148' title='bbox 801 2231 1211 2302; x_wconf 75' lang='lat' dir='ltr'>secundo,quze</span> <span class='ocrx_word' id='word_1_149' title='bbox 1241 2231 1334 2286; x_wconf 88' lang='lat' dir='ltr'>his</span> <span class='ocrx_word' id='word_1_150' title='bbox 1361 2231 1548 2286; x_wconf 87' lang='lat' dir='ltr'>titulis</span> <span class='ocrx_word' id='word_1_151' title='bbox 1579 2230 2004 2285; x_wconf 88' lang='lat' dir='ltr'>inscribuntur.</span> 
     </span>
    </p>
   </div>
   <div class='ocr_carea' id='block_1_23' title="bbox 651 2320 1817 2392">
    <p class='ocr_par' dir='ltr' id='par_1_23' title="bbox 651 2320 1817 2392">
     <span class='ocr_line' id='line_1_23' title="bbox 651 2320 1817 2392; baseline -0.002 -18"><span class='ocrx_word' id='word_1_152' title='bbox 651 2321 726 2374; x_wconf 89' lang='lat' dir='ltr'>De</span> <span class='ocrx_word' id='word_1_153' title='bbox 756 2324 1089 2391; x_wconf 89' lang='lat' dir='ltr'>contemptu</span> <span class='ocrx_word' id='word_1_154' title='bbox 1124 2336 1412 2375; x_wconf 89' lang='lat' dir='ltr'>canonum</span> <span class='ocrx_word' id='word_1_155' title='bbox 1446 2324 1638 2392; x_wconf 90' lang='lat' dir='ltr'>partes</span> <span class='ocrx_word' id='word_1_156' title='bbox 1670 2320 1817 2373; x_wconf 69' lang='lat' dir='ltr'>dum.</span> 
     </span>
    </p>
   </div>
   <div class='ocr_carea' id='block_1_24' title="bbox 646 2407 1802 2464">
    <p class='ocr_par' dir='ltr' id='par_1_24' title="bbox 646 2407 1802 2464">
     <span class='ocr_line' id='line_1_24' title="bbox 646 2407 1802 2464; baseline 0 -2"><span class='ocrx_word' id='word_1_157' title='bbox 646 2408 954 2464; x_wconf 89' lang='lat' dir='ltr'>Conclusio</span> <span class='ocrx_word' id='word_1_158' title='bbox 986 2407 1360 2463; x_wconf 89' lang='lat' dir='ltr'>deliberativa</span> <span class='ocrx_word' id='word_1_159' title='bbox 1393 2408 1621 2463; x_wconf 91' lang='lat' dir='ltr'>Leodici</span> <span class='ocrx_word' id='word_1_160' title='bbox 1653 2412 1802 2464; x_wconf 90' lang='lat' dir='ltr'>acta.</span> 
     </span>
    </p>
   </div>
   <div class='ocr_carea' id='block_1_25' title="bbox 648 2496 1335 2569">
    <p class='ocr_par' dir='ltr' id='par_1_25' title="bbox 648 2496 1335 2569">
     <span class='ocr_line' id='line_1_25' title="bbox 648 2496 1335 2569; baseline -0.001 -17"><span class='ocrx_word' id='word_1_161' title='bbox 648 2496 954 2563; x_wconf 84' lang='lat' dir='ltr'>Qualitatis</span> <span class='ocrx_word' id='word_1_162' title='bbox 982 2497 1335 2569; x_wconf 81' lang='lat' dir='ltr'>conjectura.</span> 
     </span>
    </p>
   </div>
   <div class='ocr_carea' id='block_1_26' title="bbox 649 2584 1861 2644">
    <p class='ocr_par' dir='ltr' id='par_1_26' title="bbox 649 2584 1861 2644">
     <span class='ocr_line' id='line_1_26' title="bbox 649 2584 1861 2644; baseline 0.001 -5"><span class='ocrx_word' id='word_1_163' title='bbox 649 2585 949 2641; x_wconf 89' lang='lat' dir='ltr'>Discordia</span> <span class='ocrx_word' id='word_1_164' title='bbox 977 2584 1126 2640; x_wconf 87' lang='lat' dir='ltr'>inter</span> <span class='ocrx_word' id='word_1_165' title='bbox 1150 2584 1488 2644; x_wconf 80' lang='lat' dir='ltr'>Ratherium</span> <span class='ocrx_word' id='word_1_166' title='bbox 1523 2591 1579 2641; x_wconf 89' lang='lat' dir='ltr'>et</span> <span class='ocrx_word' id='word_1_167' title='bbox 1604 2585 1861 2643; x_wconf 89' lang='lat' dir='ltr'>clericos.</span> 
     </span>
    </p>
   </div>
   <div class='ocr_carea' id='block_1_27' title="bbox 647 2673 1250 2747">
    <p class='ocr_par' dir='ltr' id='par_1_27' title="bbox 647 2673 1250 2747">
     <span class='ocr_line' id='line_1_27' title="bbox 647 2673 1250 2747; baseline 0.002 -19"><span class='ocrx_word' id='word_1_168' title='bbox 647 2673 1056 2747; x_wconf 87' lang='lat' dir='ltr'>Apologeticus</span> <span class='ocrx_word' id='word_1_169' title='bbox 1084 2673 1250 2729; x_wconf 90' lang='lat' dir='ltr'>liber.</span> 
     </span>
    </p>
   </div>
   <div class='ocr_carea' id='block_1_28' title="bbox 651 2761 1348 2819">
    <p class='ocr_par' dir='ltr' id='par_1_28' title="bbox 651 2761 1348 2819">
     <span class='ocr_line' id='line_1_28' title="bbox 651 2761 1348 2819; baseline 0 -1"><span class='ocrx_word' id='word_1_170' title='bbox 651 2763 731 2818; x_wconf 91' lang='lat' dir='ltr'>De</span> <span class='ocrx_word' id='word_1_171' title='bbox 761 2761 986 2818; x_wconf 88' lang='lat' dir='ltr'>clericis</span> <span class='ocrx_word' id='word_1_172' title='bbox 1015 2762 1348 2819; x_wconf 88' lang='lat' dir='ltr'>rebellibus.</span> 
     </span>
    </p>
   </div>
   <div class='ocr_carea' id='block_1_29' title="bbox 653 2851 2150 2925">
    <p class='ocr_par' dir='ltr' id='par_1_29' title="bbox 653 2851 2150 2925">
     <span class='ocr_line' id='line_1_29' title="bbox 653 2851 2150 2925; baseline 0.002 -18"><span class='ocrx_word' id='word_1_173' title='bbox 653 2853 734 2907; x_wconf 77' lang='lat' dir='ltr'>Ex</span> <span class='ocrx_word' id='word_1_174' title='bbox 764 2851 1059 2908; x_wconf 90' lang='lat' dir='ltr'>abbatiola</span> <span class='ocrx_word' id='word_1_175' title='bbox 1086 2852 1447 2925; x_wconf 85' lang='lat' dir='ltr'>Magonziani</span> <span class='ocrx_word' id='word_1_176' title='bbox 1490 2853 1816 2910; x_wconf 86' lang='lat' dir='ltr'>amandatis</span> <span class='ocrx_word' id='word_1_177' title='bbox 1848 2853 2150 2910; x_wconf 89' lang='lat' dir='ltr'>monachis</span> 
     </span>
    </p>
   </div>
   <div class='ocr_carea' id='block_1_30' title="bbox 723 2941 1360 3013">
    <p class='ocr_par' dir='ltr' id='par_1_30' title="bbox 723 2941 1360 3013">
     <span class='ocr_line' id='line_1_30' title="bbox 723 2941 1360 3013; baseline 0 -17"><span class='ocrx_word' id='word_1_178' title='bbox 723 2941 916 2998; x_wconf 89' lang='lat' dir='ltr'>clerici</span> <span class='ocrx_word' id='word_1_179' title='bbox 947 2942 1360 3013; x_wconf 87' lang='lat' dir='ltr'>subrogantur.</span> 
     </span>
    </p>
   </div>
   <div class='ocr_carea' id='block_1_31' title="bbox 649 3031 1531 3107">
    <p class='ocr_par' dir='ltr' id='par_1_31' title="bbox 649 3031 1531 3107">
     <span class='ocr_line' id='line_1_31' title="bbox 649 3031 1531 3107; baseline -0.003 -18"><span class='ocrx_word' id='word_1_180' title='bbox 649 3033 729 3089; x_wconf 93' lang='lat' dir='ltr'>De</span> <span class='ocrx_word' id='word_1_181' title='bbox 759 3035 945 3103; x_wconf 89' lang='lat' dir='ltr'>nuptn</span> <span class='ocrx_word' id='word_1_182' title='bbox 973 3032 1281 3107; x_wconf 84' lang='lat' dir='ltr'>cujusdam</span> <span class='ocrx_word' id='word_1_183' title='bbox 1314 3031 1531 3088; x_wconf 90' lang='lat' dir='ltr'>illicito.</span> 
     </span>
    </p>
   </div>
   <div class='ocr_carea' id='block_1_32' title="bbox 646 3120 1372 3194">
    <p class='ocr_par' dir='ltr' id='par_1_32' title="bbox 646 3120 1372 3194">
     <span class='ocr_line' id='line_1_32' title="bbox 646 3120 1372 3194; baseline -0.003 -18"><span class='ocrx_word' id='word_1_184' title='bbox 646 3120 907 3194; x_wconf 90' lang='lat' dir='ltr'>Epistola</span> <span class='ocrx_word' id='word_1_185' title='bbox 936 3121 1008 3176; x_wconf 89' lang='lat' dir='ltr'>ad</span> <span class='ocrx_word' id='word_1_186' title='bbox 1037 3120 1372 3176; x_wconf 89' lang='lat' dir='ltr'>Martinum.</span> 
     </span>
    </p>
   </div>
   <div class='ocr_carea' id='block_1_33' title="bbox 642 3210 1594 3267">
    <p class='ocr_par' dir='ltr' id='par_1_33' title="bbox 642 3210 1594 3267">
     <span class='ocr_line' id='line_1_33' title="bbox 642 3210 1594 3267; baseline -0.002 0"><span class='ocrx_word' id='word_1_187' title='bbox 642 3211 768 3267; x_wconf 89' lang='lat' dir='ltr'>Alia</span> <span class='ocrx_word' id='word_1_188' title='bbox 797 3211 868 3266; x_wconf 90' lang='lat' dir='ltr'>ad</span> <span class='ocrx_word' id='word_1_189' title='bbox 903 3210 1224 3266; x_wconf 82' lang='lat' dir='ltr'>Romanam</span> <span class='ocrx_word' id='word_1_190' title='bbox 1257 3210 1594 3267; x_wconf 89' lang='lat' dir='ltr'>Ecclesiam.</span> 
     </span>
    </p>
   </div>
   <div class='ocr_carea' id='block_1_34' title="bbox 643 3300 1579 3372">
    <p class='ocr_par' dir='ltr' id='par_1_34' title="bbox 643 3300 1579 3372">
     <span class='ocr_line' id='line_1_34' title="bbox 643 3300 1579 3372; baseline -0.002 -16"><span class='ocrx_word' id='word_1_191' title='bbox 643 3300 930 3372; x_wconf 88' lang='lat' dir='ltr'>Synodica</span> <span class='ocrx_word' id='word_1_192' title='bbox 960 3300 1030 3354; x_wconf 90' lang='lat' dir='ltr'>ad</span> <span class='ocrx_word' id='word_1_193' title='bbox 1060 3300 1448 3372; x_wconf 79' lang='lat' dir='ltr'>presbyteros,</span> <span class='ocrx_word' id='word_1_194' title='bbox 1473 3306 1579 3355; x_wconf 89' lang='lat' dir='ltr'>etc.</span> 
     </span>
    </p>
   </div>
   <div class='ocr_carea' id='block_1_35' title="bbox 577 3387 1811 3453">
    <p class='ocr_par' dir='ltr' id='par_1_35' title="bbox 577 3387 1811 3453">
     <span class='ocr_line' id='line_1_35' title="bbox 577 3387 1811 3453; baseline -0.001 -10"><span class='ocrx_word' id='word_1_195' title='bbox 577 3449 581 3453; x_wconf 57' lang='grc'><strong><em>,</em></strong></span> <span class='ocrx_word' id='word_1_196' title='bbox 645 3387 1013 3444; x_wconf 89' lang='lat' dir='ltr'>ltinerarium</span> <span class='ocrx_word' id='word_1_197' title='bbox 1045 3387 1300 3442; x_wconf 80' lang='lat' dir='ltr'>Ratherii</span> <span class='ocrx_word' id='word_1_198' title='bbox 1333 3388 1574 3443; x_wconf 83' lang='lat' dir='ltr'>Romam</span> <span class='ocrx_word' id='word_1_199' title='bbox 1599 3390 1811 3445; x_wconf 89' lang='lat' dir='ltr'>euntis.</span> 
     </span>
    </p>
   </div>
   <div class='ocr_carea' id='block_1_36' title="bbox 643 3475 1934 3548">
    <p class='ocr_par' dir='ltr' id='par_1_36' title="bbox 643 3475 1934 3548">
     <span class='ocr_line' id='line_1_36' title="bbox 643 3475 1934 3548; baseline 0 -15"><span class='ocrx_word' id='word_1_200' title='bbox 643 3479 843 3534; x_wconf 89' lang='lat' dir='ltr'>Sermo</span> <span class='ocrx_word' id='word_1_201' title='bbox 874 3477 1036 3532; x_wconf 86' lang='lat' dir='ltr'>valde</span> <span class='ocrx_word' id='word_1_202' title='bbox 1065 3475 1326 3547; x_wconf 79' lang='lat' dir='ltr'>prolixus</span> <span class='ocrx_word' id='word_1_203' title='bbox 1357 3477 1428 3530; x_wconf 89' lang='lat' dir='ltr'>de</span> <span class='ocrx_word' id='word_1_204' title='bbox 1458 3477 1934 3548; x_wconf 68' lang='lat' dir='ltr'>Quadragesima.</span> 
     </span>
    </p>
   </div>
   <div class='ocr_carea' id='block_1_37' title="bbox 642 3565 1964 3637">
    <p class='ocr_par' dir='ltr' id='par_1_37' title="bbox 642 3565 1964 3637">
     <span class='ocr_line' id='line_1_37' title="bbox 642 3565 1964 3637; baseline 0 -16"><span class='ocrx_word' id='word_1_205' title='bbox 642 3566 854 3622; x_wconf 88' lang='lat' dir='ltr'>Contra</span> <span class='ocrx_word' id='word_1_206' title='bbox 884 3565 1331 3637; x_wconf 89' lang='lat' dir='ltr'>reprehensores</span> <span class='ocrx_word' id='word_1_207' title='bbox 1362 3566 1625 3636; x_wconf 90' lang='lat' dir='ltr'>ejusdem</span> <span class='ocrx_word' id='word_1_208' title='bbox 1659 3568 1964 3622; x_wconf 90' lang='lat' dir='ltr'>sermonis.</span> 
     </span>
    </p>
   </div>
   <div class='ocr_carea' id='block_1_38' title="bbox 641 3654 1766 3728">
    <p class='ocr_par' dir='ltr' id='par_1_38' title="bbox 641 3654 1766 3728">
     <span class='ocr_line' id='line_1_38' title="bbox 641 3654 1766 3728; baseline 0.002 -18"><span class='ocrx_word' id='word_1_209' title='bbox 641 3656 842 3711; x_wconf 87' lang='lat' dir='ltr'>Sermo</span> <span class='ocrx_word' id='word_1_210' title='bbox 875 3655 1170 3710; x_wconf 90' lang='lat' dir='ltr'>secundus</span> <span class='ocrx_word' id='word_1_211' title='bbox 1202 3654 1272 3710; x_wconf 91' lang='lat' dir='ltr'>de</span> <span class='ocrx_word' id='word_1_212' title='bbox 1295 3654 1766 3728; x_wconf 85' lang='lat' dir='ltr'>Quadragesima.</span> 
     </span>
    </p>
   </div>
   <div class='ocr_carea' id='block_1_39' title="bbox 638 3743 1537 3798">
    <p class='ocr_par' dir='ltr' id='par_1_39' title="bbox 638 3743 1537 3798">
     <span class='ocr_line' id='line_1_39' title="bbox 638 3743 1537 3798; baseline -0.002 0"><span class='ocrx_word' id='word_1_213' title='bbox 638 3747 950 3798; x_wconf 85' lang='lat' dir='ltr'>Sermones</span> <span class='ocrx_word' id='word_1_214' title='bbox 981 3743 1051 3797; x_wconf 91' lang='lat' dir='ltr'>de</span> <span class='ocrx_word' id='word_1_215' title='bbox 1083 3743 1304 3798; x_wconf 85' lang='lat' dir='ltr'>Pascha</span> <span class='ocrx_word' id='word_1_216' title='bbox 1335 3743 1355 3798; x_wconf 94' lang='grc' dir='ltr'><strong>Ι</strong></span> <span class='ocrx_word' id='word_1_217' title='bbox 1382 3748 1437 3798; x_wconf 92' lang='lat' dir='ltr'>et</span> <span class='ocrx_word' id='word_1_218' title='bbox 1470 3744 1537 3798; x_wconf 90' lang='lat' dir='ltr'>ll.</span> 
     </span>
    </p>
   </div>
   <div class='ocr_carea' id='block_1_40' title="bbox 638 3830 1450 3888">
    <p class='ocr_par' dir='ltr' id='par_1_40' title="bbox 638 3830 1450 3888">
     <span class='ocr_line' id='line_1_40' title="bbox 638 3830 1450 3888; baseline 0 -2"><span class='ocrx_word' id='word_1_219' title='bbox 638 3830 801 3887; x_wconf 86' lang='lat' dir='ltr'>Alius</span> <span class='ocrx_word' id='word_1_220' title='bbox 833 3833 903 3887; x_wconf 90' lang='lat' dir='ltr'>de</span> <span class='ocrx_word' id='word_1_221' title='bbox 934 3833 1164 3888; x_wconf 89' lang='lat' dir='ltr'>Octavis</span> <span class='ocrx_word' id='word_1_222' title='bbox 1197 3833 1450 3888; x_wconf 71' lang='lat' dir='ltr'>Paschze.</span> 
     </span>
    </p>
   </div>
   <div class='ocr_carea' id='block_1_41' title="bbox 637 3921 1234 3995">
    <p class='ocr_par' dir='ltr' id='par_1_41' title="bbox 637 3921 1234 3995">
     <span class='ocr_line' id='line_1_41' title="bbox 637 3921 1234 3995; baseline 0.003 -22"><span class='ocrx_word' id='word_1_223' title='bbox 637 3921 800 3977; x_wconf 88' lang='lat' dir='ltr'>Alius</span> <span class='ocrx_word' id='word_1_224' title='bbox 833 3926 966 3995; x_wconf 90' lang='lat' dir='ltr'>post</span> <span class='ocrx_word' id='word_1_225' title='bbox 993 3922 1234 3976; x_wconf 86' lang='lat' dir='ltr'>Pascha.</span> 
     </span>
    </p>
   </div>
   <div class='ocr_carea' id='block_1_42' title="bbox 639 4011 1266 4068">
    <p class='ocr_par' dir='ltr' id='par_1_42' title="bbox 639 4011 1266 4068">
     <span class='ocr_line' id='line_1_42' title="bbox 639 4011 1266 4068; baseline 0 -2"><span class='ocrx_word' id='word_1_226' title='bbox 639 4011 719 4066; x_wconf 89' lang='lat' dir='ltr'>De</span> <span class='ocrx_word' id='word_1_227' title='bbox 747 4012 1100 4068; x_wconf 87' lang='lat' dir='ltr'>Ascensione</span> <span class='ocrx_word' id='word_1_228' title='bbox 1130 4011 1266 4066; x_wconf 91' lang='lat' dir='ltr'>duo.</span> 
     </span>
    </p>
   </div>
   <div class='ocr_carea' id='block_1_43' title="bbox 493 4099 2144 4179">
    <p class='ocr_par' dir='ltr' id='par_1_43' title="bbox 493 4099 2144 4179">
     <span class='ocr_line' id='line_1_43' title="bbox 493 4099 2144 4179; baseline 0.001 -21"><span class='ocrx_word' id='word_1_229' title='bbox 493 4099 622 4158; x_wconf 75' lang='lat' dir='ltr'>Haec</span> <span class='ocrx_word' id='word_1_230' title='bbox 655 4117 722 4154; x_wconf 84' lang='lat' dir='ltr'>ex</span> <span class='ocrx_word' id='word_1_231' title='bbox 755 4117 871 4155; x_wconf 87' lang='lat' dir='ltr'>uno</span> <span class='ocrx_word' id='word_1_232' title='bbox 904 4101 1275 4156; x_wconf 91' lang='lat' dir='ltr'>Laudunensi</span> <span class='ocrx_word' id='word_1_233' title='bbox 1310 4101 1503 4156; x_wconf 90' lang='lat' dir='ltr'>codice</span> <span class='ocrx_word' id='word_1_234' title='bbox 1554 4101 1612 4155; x_wconf 90' lang='lat' dir='ltr'>P.</span> <span class='ocrx_word' id='word_1_235' title='bbox 1649 4103 1812 4158; x_wconf 79' lang='lat' dir='ltr'>Lucae</span> <span class='ocrx_word' id='word_1_236' title='bbox 1863 4103 2144 4179; x_wconf 69' lang='lat' dir='ltr'>d’Achery</span> 
     </span>
    </p>
   </div>
   <div class='ocr_carea' id='block_1_44' title="bbox 493 4189 2262 4258">
    <p class='ocr_par' dir='ltr' id='par_1_44' title="bbox 493 4189 2262 4258">
     <span class='ocr_line' id='line_1_44' title="bbox 493 4189 2262 4258; baseline 0.002 -15"><span class='ocrx_word' id='word_1_237' title='bbox 493 4195 702 4258; x_wconf 64' lang='lat' dir='ltr'>prmsto</span> <span class='ocrx_word' id='word_1_238' title='bbox 735 4190 987 4245; x_wconf 85' lang='lat' dir='ltr'>fuerunt.</span> <span class='ocrx_word' id='word_1_239' title='bbox 1025 4189 1366 4246; x_wconf 85' lang='lat' dir='ltr'>Interseruit</span> <span class='ocrx_word' id='word_1_240' title='bbox 1414 4196 1609 4245; x_wconf 87' lang='lat' dir='ltr'>autem</span> <span class='ocrx_word' id='word_1_241' title='bbox 1659 4193 1861 4248; x_wconf 89' lang='lat' dir='ltr'>eodem</span> <span class='ocrx_word' id='word_1_242' title='bbox 1897 4193 1952 4248; x_wconf 88' lang='lat' dir='ltr'>in</span> <span class='ocrx_word' id='word_1_243' title='bbox 1987 4198 2142 4254; x_wconf 88' lang='lat' dir='ltr'>temo</span> <span class='ocrx_word' id='word_1_244' title='bbox 2253 4243 2262 4248; x_wconf 87' lang='lat'>..</span> 
     </span>
    </p>
   </div>
   <div class='ocr_carea' id='block_1_45' title="bbox 492 4276 2140 4354">
    <p class='ocr_par' dir='ltr' id='par_1_45' title="bbox 492 4276 2140 4354">
     <span class='ocr_line' id='line_1_45' title="bbox 492 4276 2140 4354; baseline 0.005 -24"><span class='ocrx_word' id='word_1_245' title='bbox 492 4281 610 4332; x_wconf 91' lang='lat' dir='ltr'>tres</span> <span class='ocrx_word' id='word_1_246' title='bbox 642 4276 785 4332; x_wconf 85' lang='lat' dir='ltr'>alias</span> <span class='ocrx_word' id='word_1_247' title='bbox 817 4279 1093 4349; x_wconf 90' lang='lat' dir='ltr'>epistolas</span> <span class='ocrx_word' id='word_1_248' title='bbox 1125 4298 1156 4333; x_wconf 90' lang='lat' dir='ltr'>a</span> <span class='ocrx_word' id='word_1_249' title='bbox 1186 4279 1614 4352; x_wconf 88' lang='lat' dir='ltr'>Chapeauvillio</span> <span class='ocrx_word' id='word_1_250' title='bbox 1663 4279 1948 4352; x_wconf 82' lang='lat' dir='ltr'>vulgatae,</span> <span class='ocrx_word' id='word_1_251' title='bbox 1993 4300 2140 4354; x_wconf 89' lang='lat' dir='ltr'>quas</span> 
     </span>
    </p>
   </div>
   <div class='ocr_carea' id='block_1_46' title="bbox 494 4367 2139 4444">
    <p class='ocr_par' dir='ltr' id='par_1_46' title="bbox 494 4367 2139 4444">
     <span class='ocr_line' id='line_1_46' title="bbox 494 4367 2139 4444; baseline 0.006 -25"><span class='ocrx_word' id='word_1_252' title='bbox 494 4382 609 4420; x_wconf 89' lang='lat' dir='ltr'>non</span> <span class='ocrx_word' id='word_1_253' title='bbox 642 4382 710 4420; x_wconf 81' lang='lat' dir='ltr'>ex</span> <span class='ocrx_word' id='word_1_254' title='bbox 741 4367 1113 4423; x_wconf 89' lang='lat' dir='ltr'>Laudunensi</span> <span class='ocrx_word' id='word_1_255' title='bbox 1146 4369 1361 4440; x_wconf 88' lang='lat' dir='ltr'>codice,</span> <span class='ocrx_word' id='word_1_256' title='bbox 1397 4370 1498 4425; x_wconf 91' lang='lat' dir='ltr'>sed</span> <span class='ocrx_word' id='word_1_257' title='bbox 1522 4385 1589 4424; x_wconf 82' lang='lat' dir='ltr'>ex</span> <span class='ocrx_word' id='word_1_258' title='bbox 1622 4369 1807 4441; x_wconf 90' lang='lat' dir='ltr'>ipsius</span> <span class='ocrx_word' id='word_1_259' title='bbox 1835 4371 2139 4444; x_wconf 82' lang='lat' dir='ltr'>Chapeau~</span> 
     </span>
    </p>
   </div>
   <div class='ocr_carea' id='block_1_47' title="bbox 492 4453 2137 4528">
    <p class='ocr_par' dir='ltr' id='par_1_47' title="bbox 492 4453 2137 4528">
     <span class='ocr_line' id='line_1_47' title="bbox 492 4453 2137 4528; baseline 0.005 -20"><span class='ocrx_word' id='word_1_260' title='bbox 492 4453 636 4508; x_wconf 88' lang='lat' dir='ltr'>villii</span> <span class='ocrx_word' id='word_1_261' title='bbox 686 4454 938 4510; x_wconf 89' lang='lat' dir='ltr'>editione</span> <span class='ocrx_word' id='word_1_262' title='bbox 988 4455 1181 4527; x_wconf 89' lang='lat' dir='ltr'>ipsum</span> <span class='ocrx_word' id='word_1_263' title='bbox 1239 4458 1567 4528; x_wconf 87' lang='lat' dir='ltr'>sumpsisse</span> <span class='ocrx_word' id='word_1_264' title='bbox 1597 4459 1922 4516; x_wconf 83' lang='lat' dir='ltr'>deteximus</span> <span class='ocrx_word' id='word_1_265' title='bbox 1955 4479 1966 4528; x_wconf 91' lang='lat'><strong>;</strong></span> <span class='ocrx_word' id='word_1_266' title='bbox 2003 4479 2137 4518; x_wconf 88' lang='lat' dir='ltr'>cum</span> 
     </span>
    </p>
   </div>
   <div class='ocr_carea' id='block_1_48' title="bbox 497 4542 2215 4630">
    <p class='ocr_par' dir='ltr' id='par_1_48' title="bbox 497 4542 2215 4630">
     <span class='ocr_line' id='line_1_48' title="bbox 497 4542 2215 4630; baseline 0.006 -34"><span class='ocrx_word' id='word_1_267' title='bbox 497 4543 731 4598; x_wconf 90' lang='lat' dir='ltr'>easdem</span> <span class='ocrx_word' id='word_1_268' title='bbox 749 4542 1287 4612; x_wconf 87' lang='lat' dir='ltr'>lectiones,eosdem</span> <span class='ocrx_word' id='word_1_269' title='bbox 1311 4563 1534 4601; x_wconf 89' lang='lat' dir='ltr'>errores</span> <span class='ocrx_word' id='word_1_270' title='bbox 1553 4564 1618 4602; x_wconf 90' lang='lat' dir='ltr'>ac</span> <span class='ocrx_word' id='word_1_271' title='bbox 1641 4547 1883 4605; x_wconf 88' lang='lat' dir='ltr'>lacunas</span> <span class='ocrx_word' id='word_1_272' title='bbox 1904 4551 2136 4606; x_wconf 87' lang='lat' dir='ltr'>easdem</span> <span class='ocrx_word' id='word_1_273' title='bbox 2169 4560 2215 4630; x_wconf 83' lang='lat' dir='ltr'><strong>D</strong></span> 
     </span>
    </p>
   </div>
   <div class='ocr_carea' id='block_1_49' title="bbox 493 4632 2138 4707">
    <p class='ocr_par' dir='ltr' id='par_1_49' title="bbox 493 4632 2138 4707">
     <span class='ocr_line' id='line_1_49' title="bbox 493 4632 2138 4707; baseline 0.005 -22"><span class='ocrx_word' id='word_1_274' title='bbox 493 4632 1156 4704; x_wconf 64' lang='lat' dir='ltr'>przesel‘erantSecundo</span> <span class='ocrx_word' id='word_1_275' title='bbox 1191 4639 1346 4689; x_wconf 89' lang='lat' dir='ltr'>tomo</span> <span class='ocrx_word' id='word_1_276' title='bbox 1371 4636 1496 4706; x_wconf 89' lang='lat' dir='ltr'>jam</span> <span class='ocrx_word' id='word_1_277' title='bbox 1531 4635 1836 4707; x_wconf 89' lang='lat' dir='ltr'>impresso,</span> <span class='ocrx_word' id='word_1_278' title='bbox 1861 4639 1960 4695; x_wconf 90' lang='lat' dir='ltr'>sed</span> <span class='ocrx_word' id='word_1_279' title='bbox 1995 4657 2138 4696; x_wconf 87' lang='lat' dir='ltr'>non-</span> 
     </span>
    </p>
   </div>
   <div class='ocr_carea' id='block_1_50' title="bbox 492 4720 2138 4796">
    <p class='ocr_par' dir='ltr' id='par_1_50' title="bbox 492 4720 2138 4796">
     <span class='ocr_line' id='line_1_50' title="bbox 492 4720 2138 4796; baseline 0.006 -21"><span class='ocrx_word' id='word_1_280' title='bbox 492 4720 633 4775; x_wconf 90' lang='lat' dir='ltr'>dum</span> <span class='ocrx_word' id='word_1_281' title='bbox 667 4720 842 4788; x_wconf 91' lang='lat' dir='ltr'>edito,</span> <span class='ocrx_word' id='word_1_282' title='bbox 879 4721 992 4776; x_wconf 88' lang='lat' dir='ltr'>alia</span> <span class='ocrx_word' id='word_1_283' title='bbox 1025 4721 1280 4777; x_wconf 85' lang='lat' dir='ltr'>Ratherii</span> <span class='ocrx_word' id='word_1_284' title='bbox 1305 4724 1587 4796; x_wconf 87' lang='lat' dir='ltr'>opuscula</span> <span class='ocrx_word' id='word_1_285' title='bbox 1609 4725 1797 4794; x_wconf 68' lang='lat' dir='ltr'>Caroli</span> <span class='ocrx_word' id='word_1_286' title='bbox 1830 4728 2138 4784; x_wconf 88' lang='lat' dir='ltr'>Boesmani</span> 
     </span>
    </p>
   </div>
   <div class='ocr_carea' id='block_1_51' title="bbox 487 4811 2140 4890">
    <p class='ocr_par' dir='ltr' id='par_1_51' title="bbox 487 4811 2140 4890">
     <span class='ocr_line' id='line_1_51' title="bbox 487 4811 2140 4890; baseline 0.007 -26"><span class='ocrx_word' id='word_1_287' title='bbox 487 4814 731 4882; x_wconf 87' lang='lat' dir='ltr'>sumptu</span> <span class='ocrx_word' id='word_1_288' title='bbox 791 4827 819 4865; x_wconf 93' lang='lat' dir='ltr'>e</span> <span class='ocrx_word' id='word_1_289' title='bbox 876 4811 1260 4868; x_wconf 89' lang='lat' dir='ltr'>Lobiensibus</span> <span class='ocrx_word' id='word_1_290' title='bbox 1310 4813 1728 4886; x_wconf 88' lang='lat' dir='ltr'>manuscriptis</span> <span class='ocrx_word' id='word_1_291' title='bbox 1788 4818 2140 4890; x_wconf 85' lang='lat' dir='ltr'>transcripta</span> 
     </span>
    </p>
   </div>
   <div class='ocr_carea' id='block_1_52' title="bbox 488 4899 2137 4973">
    <p class='ocr_par' dir='ltr' id='par_1_52' title="bbox 488 4899 2137 4973">
     <span class='ocr_line' id='line_1_52' title="bbox 488 4899 2137 4973; baseline 0.006 -21"><span class='ocrx_word' id='word_1_292' title='bbox 488 4899 645 4954; x_wconf 91' lang='lat' dir='ltr'>idem</span> <span class='ocrx_word' id='word_1_293' title='bbox 675 4899 956 4955; x_wconf 89' lang='lat' dir='ltr'>Acherius</span> <span class='ocrx_word' id='word_1_294' title='bbox 991 4901 1366 4973; x_wconf 72' lang='lat' dir='ltr'>accepit,qua3</span> <span class='ocrx_word' id='word_1_295' title='bbox 1399 4906 1554 4958; x_wconf 90' lang='lat' dir='ltr'>tomo</span> <span class='ocrx_word' id='word_1_296' title='bbox 1587 4904 1752 4959; x_wconf 88' lang='lat' dir='ltr'>tertio</span> <span class='ocrx_word' id='word_1_297' title='bbox 1781 4922 1907 4962; x_wconf 90' lang='lat' dir='ltr'>sese</span> <span class='ocrx_word' id='word_1_298' title='bbox 1950 4907 2137 4962; x_wconf 87' lang='lat' dir='ltr'>editu-</span> 
     </span>
    </p>
   </div>
   <div class='ocr_carea' id='block_1_53' title="bbox 488 4988 2137 5066">
    <p class='ocr_par' dir='ltr' id='par_1_53' title="bbox 488 4988 2137 5066">
     <span class='ocr_line' id='line_1_53' title="bbox 488 4988 2137 5066; baseline 0.005 -23"><span class='ocrx_word' id='word_1_299' title='bbox 488 5005 619 5044; x_wconf 90' lang='lat' dir='ltr'>rum</span> <span class='ocrx_word' id='word_1_300' title='bbox 653 4988 709 5042; x_wconf 91' lang='lat' dir='ltr'>in</span> <span class='ocrx_word' id='word_1_301' title='bbox 743 4990 1006 5060; x_wconf 86' lang='lat' dir='ltr'>ejusdem</span> <span class='ocrx_word' id='word_1_302' title='bbox 1041 4990 1183 5044; x_wconf 88' lang='lat' dir='ltr'>tomi</span> <span class='ocrx_word' id='word_1_303' title='bbox 1215 4990 1454 5045; x_wconf 88' lang='lat' dir='ltr'>secundi</span> <span class='ocrx_word' id='word_1_304' title='bbox 1479 4993 1812 5062; x_wconf 65' lang='lat' dir='ltr'>praefatione</span> <span class='ocrx_word' id='word_1_305' title='bbox 1844 4994 2137 5066; x_wconf 87' lang='lat' dir='ltr'>pollicitus</span> 
     </span>
    </p>
   </div>
   <div class='ocr_carea' id='block_1_54' title="bbox 488 5075 2136 5153">
    <p class='ocr_par' dir='ltr' id='par_1_54' title="bbox 488 5075 2136 5153">
     <span class='ocr_line' id='line_1_54' title="bbox 488 5075 2136 5153; baseline 0.004 -19"><span class='ocrx_word' id='word_1_306' title='bbox 488 5075 596 5134; x_wconf 87' lang='lat' dir='ltr'>est.</span> <span class='ocrx_word' id='word_1_307' title='bbox 626 5079 901 5142; x_wconf 74' lang='lat' dir='ltr'>Quaenam</span> <span class='ocrx_word' id='word_1_308' title='bbox 933 5095 1066 5134; x_wconf 86' lang='lat' dir='ltr'>vero</span> <span class='ocrx_word' id='word_1_309' title='bbox 1117 5078 1238 5134; x_wconf 70' lang='lat' dir='ltr'>haec</span> <span class='ocrx_word' id='word_1_310' title='bbox 1287 5079 1570 5153; x_wconf 89' lang='lat' dir='ltr'>opuscula</span> <span class='ocrx_word' id='word_1_311' title='bbox 1615 5081 1753 5150; x_wconf 87' lang='lat' dir='ltr'>sint,</span> <span class='ocrx_word' id='word_1_312' title='bbox 1787 5083 1844 5139; x_wconf 89' lang='lat' dir='ltr'>in</span> <span class='ocrx_word' id='word_1_313' title='bbox 1897 5084 2136 5141; x_wconf 89' lang='lat' dir='ltr'>elencho</span> 
     </span>
    </p>
   </div>
   <div class='ocr_carea' id='block_1_55' title="bbox 486 5166 2138 5244">
    <p class='ocr_par' dir='ltr' id='par_1_55' title="bbox 486 5166 2138 5244">
     <span class='ocr_line' id='line_1_55' title="bbox 486 5166 2138 5244; baseline 0.006 -25"><span class='ocrx_word' id='word_1_314' title='bbox 486 5166 672 5238; x_wconf 89' lang='lat' dir='ltr'>ipsius</span> <span class='ocrx_word' id='word_1_315' title='bbox 704 5168 947 5223; x_wconf 90' lang='lat' dir='ltr'>secundi</span> <span class='ocrx_word' id='word_1_316' title='bbox 979 5168 1120 5223; x_wconf 92' lang='lat' dir='ltr'>tomi</span> <span class='ocrx_word' id='word_1_317' title='bbox 1150 5167 1241 5224; x_wconf 88' lang='lat' dir='ltr'>his</span> <span class='ocrx_word' id='word_1_318' title='bbox 1271 5170 1463 5226; x_wconf 84' lang='lat' dir='ltr'>verbis</span> <span class='ocrx_word' id='word_1_319' title='bbox 1495 5169 1639 5243; x_wconf 80' lang='lat' dir='ltr'>[vm]</span> <span class='ocrx_word' id='word_1_320' title='bbox 1662 5173 1915 5244; x_wconf 88' lang='lat' dir='ltr'>exponit:</span> <span class='ocrx_word' id='word_1_321' title='bbox 1952 5198 1972 5224; x_wconf 79' lang='grc' dir='ltr'>ι</span> <span class='ocrx_word' id='word_1_322' title='bbox 2009 5173 2138 5230; x_wconf 88' lang='lat' dir='ltr'>Alia</span> 
     </span>
    </p>
   </div>
   <div class='ocr_carea' id='block_1_56' title="bbox 488 5256 2136 5328">
    <p class='ocr_par' dir='ltr' id='par_1_56' title="bbox 488 5256 2136 5328">
     <span class='ocr_line' id='line_1_56' title="bbox 488 5256 2136 5328; baseline 0.005 -19"><span class='ocrx_word' id='word_1_323' title='bbox 488 5259 627 5310; x_wconf 90' lang='lat' dir='ltr'>sunt</span> <span class='ocrx_word' id='word_1_324' title='bbox 644 5256 902 5312; x_wconf 83' lang='lat' dir='ltr'>Ratherii</span> <span class='ocrx_word' id='word_1_325' title='bbox 927 5257 1999 5328; x_wconf 85' lang='lat' dir='ltr'>opusculainedita,scilicetsermones</span> <span class='ocrx_word' id='word_1_326' title='bbox 2021 5264 2136 5318; x_wconf 92' lang='lat' dir='ltr'>duo</span> 
     </span>
    </p>
   </div>
   <div class='ocr_carea' id='block_1_57' title="bbox 487 5343 2136 5422">
    <p class='ocr_par' dir='ltr' id='par_1_57' title="bbox 487 5343 2136 5422">
     <span class='ocr_line' id='line_1_57' title="bbox 487 5343 2136 5422; baseline 0.005 -26"><span class='ocrx_word' id='word_1_327' title='bbox 487 5343 558 5397; x_wconf 92' lang='lat' dir='ltr'>de</span> <span class='ocrx_word' id='word_1_328' title='bbox 589 5343 1025 5411; x_wconf 88' lang='lat' dir='ltr'>Pentecoste,de</span> <span class='ocrx_word' id='word_1_329' title='bbox 1057 5345 1237 5400; x_wconf 86' lang='lat' dir='ltr'>Maria</span> <span class='ocrx_word' id='word_1_330' title='bbox 1265 5352 1320 5402; x_wconf 85' lang='lat' dir='ltr'>et</span> <span class='ocrx_word' id='word_1_331' title='bbox 1353 5348 1675 5415; x_wconf 88' lang='lat' dir='ltr'>Martha,de</span> <span class='ocrx_word' id='word_1_332' title='bbox 1706 5350 1940 5422; x_wconf 91' lang='lat' dir='ltr'>proprio</span> <span class='ocrx_word' id='word_1_333' title='bbox 1968 5349 2136 5421; x_wconf 88' lang='lat' dir='ltr'>lapsu</span> 
     </span>
    </p>
   </div>
   <div class='ocr_carea' id='block_1_58' title="bbox 486 5430 2133 5510">
    <p class='ocr_par' dir='ltr' id='par_1_58' title="bbox 486 5430 2133 5510">
     <span class='ocr_line' id='line_1_58' title="bbox 486 5430 2133 5510; baseline 0.004 -26"><span class='ocrx_word' id='word_1_334' title='bbox 486 5430 827 5503; x_wconf 88' lang='lat' dir='ltr'>(videndum</span> <span class='ocrx_word' id='word_1_335' title='bbox 858 5450 999 5488; x_wconf 92' lang='lat' dir='ltr'>num</span> <span class='ocrx_word' id='word_1_336' title='bbox 1032 5433 1124 5490; x_wconf 92' lang='lat' dir='ltr'>hic</span> <span class='ocrx_word' id='word_1_337' title='bbox 1159 5435 1421 5492; x_wconf 90' lang='lat' dir='ltr'>diversus</span> <span class='ocrx_word' id='word_1_338' title='bbox 1453 5435 1530 5492; x_wconf 93' lang='lat' dir='ltr'>sit</span> <span class='ocrx_word' id='word_1_339' title='bbox 1552 5438 1622 5493; x_wconf 89' lang='lat' dir='ltr'>ab</span> <span class='ocrx_word' id='word_1_340' title='bbox 1645 5455 1709 5493; x_wconf 90' lang='lat' dir='ltr'>eo</span> <span class='ocrx_word' id='word_1_341' title='bbox 1743 5455 1918 5510; x_wconf 88' lang='lat' dir='ltr'>quem</span> <span class='ocrx_word' id='word_1_342' title='bbox 1949 5437 2133 5493; x_wconf 89' lang='lat' dir='ltr'>edidi-</span> 
     </span>
    </p>
   </div>
   <div class='ocr_carea' id='block_1_59' title="bbox 487 5521 2130 5595">
    <p class='ocr_par' dir='ltr' id='par_1_59' title="bbox 487 5521 2130 5595">
     <span class='ocr_line' id='line_1_59' title="bbox 487 5521 2130 5595; baseline 0.005 -20"><span class='ocrx_word' id='word_1_343' title='bbox 487 5538 620 5576; x_wconf 88' lang='lat' dir='ltr'>mus</span> <span class='ocrx_word' id='word_1_344' title='bbox 651 5521 801 5576; x_wconf 87' lang='lat' dir='ltr'>iuter</span> <span class='ocrx_word' id='word_1_345' title='bbox 833 5539 1131 5580; x_wconf 87' lang='lat' dir='ltr'>sermones</span> <span class='ocrx_word' id='word_1_346' title='bbox 1161 5526 1229 5581; x_wconf 92' lang='lat' dir='ltr'>de</span> <span class='ocrx_word' id='word_1_347' title='bbox 1261 5526 1602 5595; x_wconf 87' lang='lat' dir='ltr'>Pascha),de</span> <span class='ocrx_word' id='word_1_348' title='bbox 1625 5527 1808 5583; x_wconf 91' lang='lat' dir='ltr'>otioso</span> <span class='ocrx_word' id='word_1_349' title='bbox 1842 5544 2130 5595; x_wconf 89' lang='lat' dir='ltr'>sermone,</span> 
     </span>
    </p>
   </div>
   <div class='ocr_carea' id='block_1_60' title="bbox 485 5610 2132 5691">
    <p class='ocr_par' dir='ltr' id='par_1_60' title="bbox 485 5610 2132 5691">
     <span class='ocr_line' id='line_1_60' title="bbox 485 5610 2132 5691; baseline 0.003 -23"><span class='ocrx_word' id='word_1_350' title='bbox 485 5610 765 5668; x_wconf 75' lang='lat' dir='ltr'>Praeterea</span> <span class='ocrx_word' id='word_1_351' title='bbox 795 5611 1198 5672; x_wconf 89' lang='lat' dir='ltr'>Meditationes</span> <span class='ocrx_word' id='word_1_352' title='bbox 1228 5614 1419 5673; x_wconf 90' lang='lat' dir='ltr'>cordis</span> <span class='ocrx_word' id='word_1_353' title='bbox 1465 5615 1526 5672; x_wconf 91' lang='lat' dir='ltr'>in</span> <span class='ocrx_word' id='word_1_354' title='bbox 1567 5615 1769 5673; x_wconf 80' lang='lat' dir='ltr'>exsilio</span> <span class='ocrx_word' id='word_1_355' title='bbox 1819 5616 2132 5691; x_wconf 84' lang='lat' dir='ltr'>cujusdam</span> 
     </span>
    </p>
   </div>
   <div class='ocr_carea' id='block_1_61' title="bbox 2256 540 3906 616">
    <p class='ocr_par' dir='ltr' id='par_1_61' title="bbox 2256 540 3906 616">
     <span class='ocr_line' id='line_1_61' title="bbox 2256 540 3906 616; baseline 0.002 -22"><span class='ocrx_word' id='word_1_356' title='bbox 2256 540 2554 595; x_wconf 89' lang='lat' dir='ltr'>Lobiensis</span> <span class='ocrx_word' id='word_1_357' title='bbox 2587 542 3030 615; x_wconf 87' lang='lat' dir='ltr'>monachi,quas</span> <span class='ocrx_word' id='word_1_358' title='bbox 3062 544 3119 597; x_wconf 90' lang='lat' dir='ltr'>in</span> <span class='ocrx_word' id='word_1_359' title='bbox 3145 560 3238 599; x_wconf 83' lang='lat' dir='ltr'>sex</span> <span class='ocrx_word' id='word_1_360' title='bbox 3271 545 3525 616; x_wconf 85' lang='lat' dir='ltr'>digestas</span> <span class='ocrx_word' id='word_1_361' title='bbox 3555 542 3768 598; x_wconf 89' lang='lat' dir='ltr'>libellis</span> <span class='ocrx_word' id='word_1_362' title='bbox 3799 561 3906 598; x_wconf 84' lang='lat' dir='ltr'>vo-</span> 
     </span>
    </p>
   </div>
   <div class='ocr_carea' id='block_1_62' title="bbox 2253 627 3907 705">
    <p class='ocr_par' dir='ltr' id='par_1_62' title="bbox 2253 627 3907 705">
     <span class='ocr_line' id='line_1_62' title="bbox 2253 627 3907 705; baseline 0.004 -23"><span class='ocrx_word' id='word_1_363' title='bbox 2253 627 2452 683; x_wconf 88' lang='lat' dir='ltr'>lumen</span> <span class='ocrx_word' id='word_1_364' title='bbox 2493 631 2721 686; x_wconf 86' lang='lat' dir='ltr'>censuit</span> <span class='ocrx_word' id='word_1_365' title='bbox 2768 631 3048 703; x_wconf 88' lang='lat' dir='ltr'>appellari</span> <span class='ocrx_word' id='word_1_366' title='bbox 3105 630 3584 704; x_wconf 69' lang='lat' dir='ltr'>Praeloquiorum,</span> <span class='ocrx_word' id='word_1_367' title='bbox 3631 649 3698 690; x_wconf 89' lang='lat' dir='ltr'>eo</span> <span class='ocrx_word' id='word_1_368' title='bbox 3743 633 3907 705; x_wconf 89' lang='lat' dir='ltr'>quod</span> 
     </span>
    </p>
   </div>
   <div class='ocr_carea' id='block_1_63' title="bbox 2255 718 3914 792">
    <p class='ocr_par' dir='ltr' id='par_1_63' title="bbox 2255 718 3914 792">
     <span class='ocr_line' id='line_1_63' title="bbox 2255 718 3914 792; baseline 0.003 -21"><span class='ocrx_word' id='word_1_369' title='bbox 2255 718 2550 789; x_wconf 89' lang='lat' dir='ltr'>quoddam</span> <span class='ocrx_word' id='word_1_370' title='bbox 2593 718 3031 791; x_wconf 70' lang='lat' dir='ltr'>praeloquantur</span> <span class='ocrx_word' id='word_1_371' title='bbox 3075 720 3444 792; x_wconf 91' lang='lat' dir='ltr'>opusculum,</span> <span class='ocrx_word' id='word_1_372' title='bbox 3475 723 3633 792; x_wconf 90' lang='lat' dir='ltr'>quod</span> <span class='ocrx_word' id='word_1_373' title='bbox 3665 727 3914 778; x_wconf 85' lang='lat' dir='ltr'>vocatur</span> 
     </span>
    </p>
   </div>
   <div class='ocr_carea' id='block_1_64' title="bbox 2256 805 3909 883">
    <p class='ocr_par' dir='ltr' id='par_1_64' title="bbox 2256 805 3909 883">
     <span class='ocr_line' id='line_1_64' title="bbox 2256 805 3909 883; baseline 0.004 -24"><span class='ocrx_word' id='word_1_374' title='bbox 2256 805 2654 877; x_wconf 85' lang='lat' dir='ltr'>Agonisticum</span> <span class='ocrx_word' id='word_1_375' title='bbox 2681 807 2980 880; x_wconf 71' lang='lat' dir='ltr'>;Epistolae</span> <span class='ocrx_word' id='word_1_376' title='bbox 2997 809 3124 863; x_wconf 61' lang='lat' dir='ltr'>dure</span> <span class='ocrx_word' id='word_1_377' title='bbox 3150 827 3162 875; x_wconf 88' lang='lat'><strong>;</strong></span> <span class='ocrx_word' id='word_1_378' title='bbox 3183 808 3670 883; x_wconf 80' lang='lat' dir='ltr'>liberDecorpore</span> <span class='ocrx_word' id='word_1_379' title='bbox 3689 815 3746 866; x_wconf 89' lang='lat' dir='ltr'>et</span> <span class='ocrx_word' id='word_1_380' title='bbox 3769 829 3909 867; x_wconf 87' lang='lat' dir='ltr'>san-</span> 
     </span>
    </p>
   </div>
   <div class='ocr_carea' id='block_1_65' title="bbox 2256 894 3906 973">
    <p class='ocr_par' dir='ltr' id='par_1_65' title="bbox 2256 894 3906 973">
     <span class='ocr_line' id='line_1_65' title="bbox 2256 894 3906 973; baseline 0.001 -25"><span class='ocrx_word' id='word_1_381' title='bbox 2256 894 2432 966; x_wconf 83' lang='lat' dir='ltr'>guine</span> <span class='ocrx_word' id='word_1_382' title='bbox 2453 895 2683 950; x_wconf 91' lang='lat' dir='ltr'>Domini</span> <span class='ocrx_word' id='word_1_383' title='bbox 2706 901 2976 954; x_wconf 88' lang='lat' dir='ltr'>constans</span> <span class='ocrx_word' id='word_1_384' title='bbox 3008 898 3326 970; x_wconf 85' lang='lat' dir='ltr'>nonaginta</span> <span class='ocrx_word' id='word_1_385' title='bbox 3346 915 3550 956; x_wconf 89' lang='lat' dir='ltr'>novem</span> <span class='ocrx_word' id='word_1_386' title='bbox 3571 900 3906 973; x_wconf 75' lang='lat' dir='ltr'>capitulis.»</span> 
     </span>
    </p>
   </div>
   <div class='ocr_carea' id='block_1_66' title="bbox 2259 982 3909 1061">
    <p class='ocr_par' dir='ltr' id='par_1_66' title="bbox 2259 982 3909 1061">
     <span class='ocr_line' id='line_1_66' title="bbox 2259 982 3909 1061; baseline 0.005 -25"><span class='ocrx_word' id='word_1_387' title='bbox 2259 982 2387 1037; x_wconf 81' lang='lat' dir='ltr'>Ilaec</span> <span class='ocrx_word' id='word_1_388' title='bbox 2404 999 2536 1038; x_wconf 90' lang='lat' dir='ltr'>cum</span> <span class='ocrx_word' id='word_1_389' title='bbox 2555 983 2791 1056; x_wconf 89' lang='lat' dir='ltr'>scripsit</span> <span class='ocrx_word' id='word_1_390' title='bbox 2820 984 2876 1040; x_wconf 91' lang='lat' dir='ltr'>in</span> <span class='ocrx_word' id='word_1_391' title='bbox 2911 985 3308 1060; x_wconf 88' lang='lat' dir='ltr'>elencho,ipsa</span> <span class='ocrx_word' id='word_1_392' title='bbox 3335 989 3592 1060; x_wconf 81' lang='lat' dir='ltr'>profecto</span> <span class='ocrx_word' id='word_1_393' title='bbox 3618 988 3909 1061; x_wconf 85' lang='lat' dir='ltr'>opuscula</span> 
     </span>
    </p>
   </div>
   <div class='ocr_carea' id='block_1_67' title="bbox 2256 1071 3907 1151">
    <p class='ocr_par' dir='ltr' id='par_1_67' title="bbox 2256 1071 3907 1151">
     <span class='ocr_line' id='line_1_67' title="bbox 2256 1071 3907 1151; baseline 0.005 -27"><span class='ocrx_word' id='word_1_394' title='bbox 2256 1071 2344 1125; x_wconf 92' lang='lat' dir='ltr'>vel</span> <span class='ocrx_word' id='word_1_395' title='bbox 2375 1072 2637 1126; x_wconf 89' lang='lat' dir='ltr'>nondum</span> <span class='ocrx_word' id='word_1_396' title='bbox 2669 1078 2986 1144; x_wconf 88' lang='lat' dir='ltr'>acceperat,</span> <span class='ocrx_word' id='word_1_397' title='bbox 3017 1075 3104 1130; x_wconf 90' lang='lat' dir='ltr'>vel</span> <span class='ocrx_word' id='word_1_398' title='bbox 3133 1093 3247 1131; x_wconf 91' lang='lat' dir='ltr'>non</span> <span class='ocrx_word' id='word_1_399' title='bbox 3280 1078 3632 1148; x_wconf 82' lang='lat' dir='ltr'>expenderat</span> <span class='ocrx_word' id='word_1_400' title='bbox 3657 1096 3669 1146; x_wconf 91' lang='lat'><strong>;</strong></span> <span class='ocrx_word' id='word_1_401' title='bbox 3696 1095 3827 1151; x_wconf 64' lang='lat' dir='ltr'>quae</span> <span class='ocrx_word' id='word_1_402' title='bbox 3854 1078 3907 1134; x_wconf 92' lang='lat' dir='ltr'>si</span> 
     </span>
    </p>
   </div>
   <div class='ocr_carea' id='block_1_68' title="bbox 2260 1159 3910 1237">
    <p class='ocr_par' dir='ltr' id='par_1_68' title="bbox 2260 1159 3910 1237">
     <span class='ocr_line' id='line_1_68' title="bbox 2260 1159 3910 1237; baseline 0.007 -25"><span class='ocrx_word' id='word_1_403' title='bbox 2260 1159 2514 1232; x_wconf 85' lang='lat' dir='ltr'>legisset,</span> <span class='ocrx_word' id='word_1_404' title='bbox 2545 1161 2897 1233; x_wconf 89' lang='lat' dir='ltr'>epusculum</span> <span class='ocrx_word' id='word_1_405' title='bbox 2935 1168 3015 1219; x_wconf 90' lang='lat' dir='ltr'>De</span> <span class='ocrx_word' id='word_1_406' title='bbox 3034 1167 3256 1236; x_wconf 83' lang='lat' dir='ltr'>proprio</span> <span class='ocrx_word' id='word_1_407' title='bbox 3279 1166 3437 1237; x_wconf 81' lang='lat' dir='ltr'>lapsu</span> <span class='ocrx_word' id='word_1_408' title='bbox 3458 1165 3751 1223; x_wconf 89' lang='lat' dir='ltr'>diversum</span> <span class='ocrx_word' id='word_1_409' title='bbox 3775 1184 3910 1224; x_wconf 90' lang='lat' dir='ltr'>esse</span> 
     </span>
    </p>
   </div>
   <div class='ocr_carea' id='block_1_69' title="bbox 2260 1249 3906 1327">
    <p class='ocr_par' dir='ltr' id='par_1_69' title="bbox 2260 1249 3906 1327">
     <span class='ocr_line' id='line_1_69' title="bbox 2260 1249 3906 1327; baseline 0.005 -24"><span class='ocrx_word' id='word_1_410' title='bbox 2260 1265 2293 1303; x_wconf 88' lang='lat' dir='ltr'>a</span> <span class='ocrx_word' id='word_1_411' title='bbox 2315 1249 2783 1305; x_wconf 86' lang='lat' dir='ltr'>sermonibusDe</span> <span class='ocrx_word' id='word_1_412' title='bbox 2796 1251 3058 1308; x_wconf 80' lang='lat' dir='ltr'>Paschate</span> <span class='ocrx_word' id='word_1_413' title='bbox 3077 1254 3382 1326; x_wconf 87' lang='lat' dir='ltr'>perspicue</span> <span class='ocrx_word' id='word_1_414' title='bbox 3403 1255 3906 1327; x_wconf 86' lang='lat' dir='ltr'>deprehendisset.</span> 
     </span>
    </p>
   </div>
   <div class='ocr_carea' id='block_1_70' title="bbox 2261 1337 3910 1416">
    <p class='ocr_par' dir='ltr' id='par_1_70' title="bbox 2261 1337 3910 1416">
     <span class='ocr_line' id='line_1_70' title="bbox 2261 1337 3910 1416; baseline 0.005 -24"><span class='ocrx_word' id='word_1_415' title='bbox 2261 1337 2500 1392; x_wconf 88' lang='lat' dir='ltr'>Librum</span> <span class='ocrx_word' id='word_1_416' title='bbox 2532 1339 2604 1393; x_wconf 88' lang='lat' dir='ltr'>De</span> <span class='ocrx_word' id='word_1_417' title='bbox 2621 1355 2842 1411; x_wconf 87' lang='lat' dir='ltr'>corpore</span> <span class='ocrx_word' id='word_1_418' title='bbox 2859 1349 2910 1395; x_wconf 87' lang='lat' dir='ltr'>et</span> <span class='ocrx_word' id='word_1_419' title='bbox 2938 1344 3210 1411; x_wconf 81' lang='lat' dir='ltr'>sanguine</span> <span class='ocrx_word' id='word_1_420' title='bbox 3239 1344 3460 1398; x_wconf 89' lang='lat' dir='ltr'>Domini</span> <span class='ocrx_word' id='word_1_421' title='bbox 3483 1343 3754 1400; x_wconf 83' lang='lat' dir='ltr'>Ratherio</span> <span class='ocrx_word' id='word_1_422' title='bbox 3779 1362 3910 1416; x_wconf 89' lang='lat' dir='ltr'>per-</span> 
     </span>
    </p>
   </div>
   <div class='ocr_carea' id='block_1_71' title="bbox 2261 1427 3915 1501">
    <p class='ocr_par' dir='ltr' id='par_1_71' title="bbox 2261 1427 3915 1501">
     <span class='ocr_line' id='line_1_71' title="bbox 2261 1427 3915 1501; baseline 0.005 -22"><span class='ocrx_word' id='word_1_423' title='bbox 2261 1443 2457 1496; x_wconf 90' lang='lat' dir='ltr'>peram</span> <span class='ocrx_word' id='word_1_424' title='bbox 2483 1427 2829 1483; x_wconf 86' lang='lat' dir='ltr'>attributum</span> <span class='ocrx_word' id='word_1_425' title='bbox 2847 1430 3017 1501; x_wconf 90' lang='lat' dir='ltr'>paulo</span> <span class='ocrx_word' id='word_1_426' title='bbox 3040 1435 3171 1501; x_wconf 90' lang='lat' dir='ltr'>post</span> <span class='ocrx_word' id='word_1_427' title='bbox 3189 1431 3915 1501; x_wconf 79' lang='lat' dir='ltr'>demonstrabimus,l\&#39;ihil</span> 
     </span>
    </p>
   </div>
   <div class='ocr_carea' id='block_1_72' title="bbox 2261 1515 3915 1594">
    <p class='ocr_par' dir='ltr' id='par_1_72' title="bbox 2261 1515 3915 1594">
     <span class='ocr_line' id='line_1_72' title="bbox 2261 1515 3915 1594; baseline 0.007 -27"><span class='ocrx_word' id='word_1_428' title='bbox 2261 1531 2430 1585; x_wconf 91' lang='lat' dir='ltr'>porro</span> <span class='ocrx_word' id='word_1_429' title='bbox 2452 1531 2519 1569; x_wconf 81' lang='lat' dir='ltr'>ex</span> <span class='ocrx_word' id='word_1_430' title='bbox 2550 1515 2642 1570; x_wconf 91' lang='lat' dir='ltr'>his</span> <span class='ocrx_word' id='word_1_431' title='bbox 2665 1533 2791 1588; x_wconf 68' lang='lat' dir='ltr'>quae</span> <span class='ocrx_word' id='word_1_432' title='bbox 2822 1517 3104 1574; x_wconf 83' lang='lat' dir='ltr'>Acherius</span> <span class='ocrx_word' id='word_1_433' title='bbox 3133 1524 3290 1574; x_wconf 90' lang='lat' dir='ltr'>tomo</span> <span class='ocrx_word' id='word_1_434' title='bbox 3317 1522 3484 1577; x_wconf 88' lang='lat' dir='ltr'>tertio</span> <span class='ocrx_word' id='word_1_435' title='bbox 3517 1521 3915 1594; x_wconf 86' lang='lat' dir='ltr'>imprimenda</span> 
     </span>
    </p>
   </div>
   <div class='ocr_carea' id='block_1_73' title="bbox 2261 1605 3915 1680">
    <p class='ocr_par' dir='ltr' id='par_1_73' title="bbox 2261 1605 3915 1680">
     <span class='ocr_line' id='line_1_73' title="bbox 2261 1605 3915 1680; baseline 0.005 -22"><span class='ocrx_word' id='word_1_436' title='bbox 2261 1605 2626 1674; x_wconf 85' lang='lat' dir='ltr'>promiserat,</span> <span class='ocrx_word' id='word_1_437' title='bbox 2647 1606 2848 1661; x_wconf 91' lang='lat' dir='ltr'>eodem</span> <span class='ocrx_word' id='word_1_438' title='bbox 2881 1611 3038 1662; x_wconf 84' lang='lat' dir='ltr'>torno</span> <span class='ocrx_word' id='word_1_439' title='bbox 3071 1609 3223 1680; x_wconf 87' lang='lat' dir='ltr'>typis</span> <span class='ocrx_word' id='word_1_440' title='bbox 3253 1610 3430 1665; x_wconf 88' lang='lat' dir='ltr'>dedit.</span> <span class='ocrx_word' id='word_1_441' title='bbox 3458 1611 3644 1666; x_wconf 87' lang='lat' dir='ltr'>Unam</span> <span class='ocrx_word' id='word_1_442' title='bbox 3676 1615 3915 1667; x_wconf 88' lang='lat' dir='ltr'>tantum</span> 
     </span>
    </p>
   </div>
   <div class='ocr_carea' id='block_1_74' title="bbox 2264 1692 3920 1770">
    <p class='ocr_par' dir='ltr' id='par_1_74' title="bbox 2264 1692 3920 1770">
     <span class='ocr_line' id='line_1_74' title="bbox 2264 1692 3920 1770; baseline 0.007 -24"><span class='ocrx_word' id='word_1_443' title='bbox 2264 1692 2521 1747; x_wconf 70' lang='lat' dir='ltr'>ltatherii</span> <span class='ocrx_word' id='word_1_444' title='bbox 2553 1693 2856 1764; x_wconf 87' lang='lat' dir='ltr'>epistolam</span> <span class='ocrx_word' id='word_1_445' title='bbox 2891 1697 2959 1750; x_wconf 89' lang='lat' dir='ltr'>ad</span> <span class='ocrx_word' id='word_1_446' title='bbox 2984 1697 3278 1753; x_wconf 87' lang='lat' dir='ltr'>Patricum</span> <span class='ocrx_word' id='word_1_447' title='bbox 3296 1701 3565 1770; x_wconf 83' lang='lat' dir='ltr'>produxit</span> <span class='ocrx_word' id='word_1_448' title='bbox 3596 1706 3752 1756; x_wconf 88' lang='lat' dir='ltr'>temo</span> <span class='ocrx_word' id='word_1_449' title='bbox 3773 1701 3920 1756; x_wconf 87' lang='lat' dir='ltr'>duo-</span> 
     </span>
    </p>
   </div>
   <div class='ocr_carea' id='block_1_75' title="bbox 2262 1780 3915 1860">
    <p class='ocr_par' dir='ltr' id='par_1_75' title="bbox 2262 1780 3915 1860">
     <span class='ocr_line' id='line_1_75' title="bbox 2262 1780 3915 1860; baseline 0.006 -26"><span class='ocrx_word' id='word_1_450' title='bbox 2262 1780 2579 1836; x_wconf 89' lang='lat' dir='ltr'>decimo.ln</span> <span class='ocrx_word' id='word_1_451' title='bbox 2616 1783 2933 1839; x_wconf 87' lang='lat' dir='ltr'>novissima</span> <span class='ocrx_word' id='word_1_452' title='bbox 2953 1791 3146 1841; x_wconf 88' lang='lat' dir='ltr'>autem</span> <span class='ocrx_word' id='word_1_453' title='bbox 3163 1791 3217 1842; x_wconf 90' lang='lat' dir='ltr'>et</span> <span class='ocrx_word' id='word_1_454' title='bbox 3241 1789 3623 1844; x_wconf 84' lang='lat' dir='ltr'>emendatiori</span> <span class='ocrx_word' id='word_1_455' title='bbox 3646 1789 3915 1860; x_wconf 87' lang='lat' dir='ltr'>ejusdem</span> 
     </span>
    </p>
   </div>
   <div class='ocr_carea' id='block_1_76' title="bbox 2261 1870 3911 1945">
    <p class='ocr_par' dir='ltr' id='par_1_76' title="bbox 2261 1870 3911 1945">
     <span class='ocr_line' id='line_1_76' title="bbox 2261 1870 3911 1945; baseline 0.004 -19"><span class='ocrx_word' id='word_1_456' title='bbox 2261 1870 2551 1942; x_wconf 86' lang='lat' dir='ltr'>Spicilegii</span> <span class='ocrx_word' id='word_1_457' title='bbox 2610 1872 2914 1928; x_wconf 88' lang='lat' dir='ltr'>Acheriani</span> <span class='ocrx_word' id='word_1_458' title='bbox 2950 1875 3201 1930; x_wconf 90' lang='lat' dir='ltr'>editione</span> <span class='ocrx_word' id='word_1_459' title='bbox 3231 1875 3542 1933; x_wconf 86' lang='lat' dir='ltr'>Parisiensi</span> <span class='ocrx_word' id='word_1_460' title='bbox 3577 1879 3712 1934; x_wconf 89' lang='lat' dir='ltr'>anni</span> <span class='ocrx_word' id='word_1_461' title='bbox 3749 1880 3911 1945; x_wconf 85' lang='lat'>1723,</span> 
     </span>
    </p>
   </div>
   <div class='ocr_carea' id='block_1_77' title="bbox 2259 1960 3918 2030">
    <p class='ocr_par' dir='ltr' id='par_1_77' title="bbox 2259 1960 3918 2030">
     <span class='ocr_line' id='line_1_77' title="bbox 2259 1960 3918 2030; baseline 0.005 -16"><span class='ocrx_word' id='word_1_462' title='bbox 2259 1975 2326 2014; x_wconf 88' lang='lat' dir='ltr'>ea</span> <span class='ocrx_word' id='word_1_463' title='bbox 2355 1976 2482 2030; x_wconf 83' lang='lat' dir='ltr'>quae</span> <span class='ocrx_word' id='word_1_464' title='bbox 2513 1960 2795 2015; x_wconf 86' lang='lat' dir='ltr'>Acherius</span> <span class='ocrx_word' id='word_1_465' title='bbox 2818 1964 3072 2018; x_wconf 80' lang='lat' dir='ltr'>secundo</span> <span class='ocrx_word' id='word_1_466' title='bbox 3096 1969 3150 2019; x_wconf 90' lang='lat' dir='ltr'>et</span> <span class='ocrx_word' id='word_1_467' title='bbox 3171 1965 3514 2022; x_wconf 88' lang='lat' dir='ltr'>duodecimo</span> <span class='ocrx_word' id='word_1_468' title='bbox 3538 1971 3696 2022; x_wconf 89' lang='lat' dir='ltr'>tomo</span> <span class='ocrx_word' id='word_1_469' title='bbox 3721 1967 3918 2022; x_wconf 87' lang='lat' dir='ltr'>edide-</span> 
     </span>
    </p>
   </div>
   <div class='ocr_carea' id='block_1_78' title="bbox 2259 2050 3912 2123">
    <p class='ocr_par' dir='ltr' id='par_1_78' title="bbox 2259 2050 3912 2123">
     <span class='ocr_line' id='line_1_78' title="bbox 2259 2050 3912 2123; baseline 0.005 -20"><span class='ocrx_word' id='word_1_470' title='bbox 2259 2055 2368 2116; x_wconf 89' lang='lat' dir='ltr'>rat,</span> <span class='ocrx_word' id='word_1_471' title='bbox 2404 2050 2566 2105; x_wconf 89' lang='lat' dir='ltr'>novis</span> <span class='ocrx_word' id='word_1_472' title='bbox 2596 2051 3146 2123; x_wconf 88' lang='lat' dir='ltr'>etdiligentioribus</span> <span class='ocrx_word' id='word_1_473' title='bbox 3178 2055 3333 2111; x_wconf 87' lang='lat' dir='ltr'>curis</span> <span class='ocrx_word' id='word_1_474' title='bbox 3365 2055 3695 2113; x_wconf 88' lang='lat' dir='ltr'>Ludovicus</span> <span class='ocrx_word' id='word_1_475' title='bbox 3729 2058 3912 2112; x_wconf 83' lang='lat' dir='ltr'>Fran-</span> 
     </span>
    </p>
   </div>
   <div class='ocr_carea' id='block_1_79' title="bbox 2258 2139 3914 2217">
    <p class='ocr_par' dir='ltr' id='par_1_79' title="bbox 2258 2139 3914 2217">
     <span class='ocr_line' id='line_1_79' title="bbox 2258 2139 3914 2217; baseline 0.004 -23"><span class='ocrx_word' id='word_1_476' title='bbox 2258 2140 2453 2195; x_wconf 92' lang='lat' dir='ltr'>ciscus</span> <span class='ocrx_word' id='word_1_477' title='bbox 2482 2139 2697 2211; x_wconf 79' lang='lat' dir='ltr'>Josepli</span> <span class='ocrx_word' id='word_1_478' title='bbox 2731 2140 2801 2196; x_wconf 92' lang='lat' dir='ltr'>de</span> <span class='ocrx_word' id='word_1_479' title='bbox 2833 2140 2886 2196; x_wconf 90' lang='lat' dir='ltr'>la</span> <span class='ocrx_word' id='word_1_480' title='bbox 2919 2142 3092 2198; x_wconf 90' lang='lat' dir='ltr'>Barre</span> <span class='ocrx_word' id='word_1_481' title='bbox 3122 2160 3360 2200; x_wconf 86' lang='lat' dir='ltr'>rursum</span> <span class='ocrx_word' id='word_1_482' title='bbox 3411 2145 3758 2217; x_wconf 88' lang='lat' dir='ltr'>producens,</span> <span class='ocrx_word' id='word_1_483' title='bbox 3793 2145 3914 2201; x_wconf 86' lang='lat' dir='ltr'>alia</span> 
     </span>
    </p>
   </div>
   <div class='ocr_carea' id='block_1_80' title="bbox 2259 2228 3910 2306">
    <p class='ocr_par' dir='ltr' id='par_1_80' title="bbox 2259 2228 3910 2306">
     <span class='ocr_line' id='line_1_80' title="bbox 2259 2228 3910 2306; baseline 0.005 -24"><span class='ocrx_word' id='word_1_484' title='bbox 2259 2229 2590 2295; x_wconf 87' lang='lat' dir='ltr'>emendare,</span> <span class='ocrx_word' id='word_1_485' title='bbox 2623 2228 2738 2284; x_wconf 88' lang='lat' dir='ltr'>alia</span> <span class='ocrx_word' id='word_1_486' title='bbox 2769 2229 3064 2287; x_wconf 86' lang='lat' dir='ltr'>illustrare</span> <span class='ocrx_word' id='word_1_487' title='bbox 3095 2233 3320 2288; x_wconf 90' lang='lat' dir='ltr'>studuit</span> <span class='ocrx_word' id='word_1_488' title='bbox 3345 2250 3356 2288; x_wconf 92' lang='lat'><strong>:</strong></span> <span class='ocrx_word' id='word_1_489' title='bbox 3381 2250 3565 2306; x_wconf 89' lang='lat' dir='ltr'>eaque</span> <span class='ocrx_word' id='word_1_490' title='bbox 3597 2249 3802 2290; x_wconf 88' lang='lat' dir='ltr'>recusa</span> <span class='ocrx_word' id='word_1_491' title='bbox 3825 2233 3910 2291; x_wconf 90' lang='lat' dir='ltr'>le-</span> 
     </span>
    </p>
   </div>
   <div class='ocr_carea' id='block_1_81' title="bbox 2257 2316 3481 2394">
    <p class='ocr_par' dir='ltr' id='par_1_81' title="bbox 2257 2316 3481 2394">
     <span class='ocr_line' id='line_1_81' title="bbox 2257 2316 3481 2394; baseline 0.006 -24"><span class='ocrx_word' id='word_1_492' title='bbox 2257 2321 2478 2390; x_wconf 87' lang='lat' dir='ltr'>guntur</span> <span class='ocrx_word' id='word_1_493' title='bbox 2510 2322 2666 2372; x_wconf 91' lang='lat' dir='ltr'>tomo</span> <span class='ocrx_word' id='word_1_494' title='bbox 2697 2316 2904 2388; x_wconf 90' lang='lat' dir='ltr'>primo,</span> <span class='ocrx_word' id='word_1_495' title='bbox 2939 2337 3071 2392; x_wconf 87' lang='lat' dir='ltr'>pag.</span> <span class='ocrx_word' id='word_1_496' title='bbox 3098 2322 3204 2376; x_wconf 81' lang='grc'>345</span> <span class='ocrx_word' id='word_1_497' title='bbox 3233 2326 3289 2376; x_wconf 86' lang='lat' dir='ltr'>et</span> <span class='ocrx_word' id='word_1_498' title='bbox 3317 2337 3481 2394; x_wconf 84' lang='lat' dir='ltr'>seqq.</span> 
     </span>
    </p>
   </div>
   <div class='ocr_carea' id='block_1_82' title="bbox 2329 2405 3912 2484">
    <p class='ocr_par' dir='ltr' id='par_1_82' title="bbox 2329 2405 3912 2484">
     <span class='ocr_line' id='line_1_82' title="bbox 2329 2405 3912 2484; baseline 0.004 -24"><span class='ocrx_word' id='word_1_499' title='bbox 2329 2405 2394 2460; x_wconf 84' lang='lat' dir='ltr'>X.</span> <span class='ocrx_word' id='word_1_500' title='bbox 2427 2405 2886 2463; x_wconf 80' lang='lat' dir='ltr'>Bartholomaeus</span> <span class='ocrx_word' id='word_1_501' title='bbox 2915 2407 3329 2481; x_wconf 85' lang='lat' dir='ltr'>Campagnola,</span> <span class='ocrx_word' id='word_1_502' title='bbox 3353 2410 3821 2484; x_wconf 85' lang='lat' dir='ltr'>archipresbyter</span> <span class='ocrx_word' id='word_1_503' title='bbox 3850 2416 3912 2467; x_wconf 89' lang='lat' dir='ltr'>S.</span> 
     </span>
    </p>
   </div>
   <div class='ocr_carea' id='block_1_83' title="bbox 2259 2493 3911 2572">
    <p class='ocr_par' dir='ltr' id='par_1_83' title="bbox 2259 2493 3911 2572">
     <span class='ocr_line' id='line_1_83' title="bbox 2259 2493 3911 2572; baseline 0.005 -24"><span class='ocrx_word' id='word_1_504' title='bbox 2259 2493 2518 2559; x_wconf 63' lang='lat' dir='ltr'>Caciliae,</span> <span class='ocrx_word' id='word_1_505' title='bbox 2540 2495 2682 2550; x_wconf 88' lang='lat' dir='ltr'>dum</span> <span class='ocrx_word' id='word_1_506' title='bbox 2713 2512 2868 2550; x_wconf 91' lang='lat' dir='ltr'>anno</span> <span class='ocrx_word' id='word_1_507' title='bbox 2901 2498 3039 2552; x_wconf 84' lang='lat'>1728</span> <span class='ocrx_word' id='word_1_508' title='bbox 3068 2497 3304 2554; x_wconf 65' lang='lat' dir='ltr'>Verona;</span> <span class='ocrx_word' id='word_1_509' title='bbox 3331 2498 3637 2572; x_wconf 89' lang='lat' dir='ltr'>impressit</span> <span class='ocrx_word' id='word_1_510' title='bbox 3688 2501 3911 2557; x_wconf 86' lang='lat' dir='ltr'>librum</span> 
     </span>
    </p>
   </div>
   <div class='ocr_carea' id='block_1_84' title="bbox 2257 2584 3914 2656">
    <p class='ocr_par' dir='ltr' id='par_1_84' title="bbox 2257 2584 3914 2656">
     <span class='ocr_line' id='line_1_84' title="bbox 2257 2584 3914 2656; baseline 0.003 -17"><span class='ocrx_word' id='word_1_511' title='bbox 2257 2585 2406 2640; x_wconf 77' lang='lat' dir='ltr'>luris</span> <span class='ocrx_word' id='word_1_512' title='bbox 2433 2584 2613 2638; x_wconf 80' lang='lat' dir='ltr'>civilis</span> <span class='ocrx_word' id='word_1_513' title='bbox 2642 2585 2795 2640; x_wconf 78' lang='lat' dir='ltr'>urbis</span> <span class='ocrx_word' id='word_1_514' title='bbox 2850 2587 3082 2656; x_wconf 53' lang='lat' dir='ltr'>Verona,</span> <span class='ocrx_word' id='word_1_515' title='bbox 3114 2588 3336 2643; x_wconf 88' lang='lat' dir='ltr'>addidit</span> <span class='ocrx_word' id='word_1_516' title='bbox 3382 2589 3440 2644; x_wconf 90' lang='lat' dir='ltr'>in</span> <span class='ocrx_word' id='word_1_517' title='bbox 3483 2589 3597 2645; x_wconf 82' lang='lat' dir='ltr'>fine</span> <span class='ocrx_word' id='word_1_518' title='bbox 3648 2589 3914 2646; x_wconf 84' lang='lat' dir='ltr'>Ratherii</span> 
     </span>
    </p>
   </div>
   <div class='ocr_carea' id='block_1_85' title="bbox 2260 2671 3918 2751">
    <p class='ocr_par' dir='ltr' id='par_1_85' title="bbox 2260 2671 3918 2751">
     <span class='ocr_line' id='line_1_85' title="bbox 2260 2671 3918 2751; baseline 0.004 -24"><span class='ocrx_word' id='word_1_519' title='bbox 2260 2671 2631 2743; x_wconf 90' lang='lat' dir='ltr'>opusculum,</span> <span class='ocrx_word' id='word_1_520' title='bbox 2680 2689 2782 2729; x_wconf 89' lang='lat' dir='ltr'>seu</span> <span class='ocrx_word' id='word_1_521' title='bbox 2830 2673 3022 2746; x_wconf 91' lang='lat' dir='ltr'>potius</span> <span class='ocrx_word' id='word_1_522' title='bbox 3072 2676 3462 2748; x_wconf 84' lang='lat' dir='ltr'>fragmentum</span> <span class='ocrx_word' id='word_1_523' title='bbox 3516 2678 3785 2751; x_wconf 86' lang='lat' dir='ltr'>opusculi</span> <span class='ocrx_word' id='word_1_524' title='bbox 3836 2680 3918 2734; x_wconf 86' lang='lat' dir='ltr'>De</span> 
     </span>
    </p>
   </div>
   <div class='ocr_carea' id='block_1_86' title="bbox 2262 2763 3914 2840">
    <p class='ocr_par' dir='ltr' id='par_1_86' title="bbox 2262 2763 3914 2840">
     <span class='ocr_line' id='line_1_86' title="bbox 2262 2763 3914 2840; baseline 0.005 -24"><span class='ocrx_word' id='word_1_525' title='bbox 2262 2763 2374 2817; x_wconf 79' lang='lat' dir='ltr'>vita</span> <span class='ocrx_word' id='word_1_526' title='bbox 2403 2769 2452 2818; x_wconf 85' lang='lat' dir='ltr'>et</span> <span class='ocrx_word' id='word_1_527' title='bbox 2500 2763 2858 2819; x_wconf 80' lang='lat' dir='ltr'>translatione</span> <span class='ocrx_word' id='word_1_528' title='bbox 2910 2763 2967 2819; x_wconf 93' lang='lat' dir='ltr'>S.</span> <span class='ocrx_word' id='word_1_529' title='bbox 3017 2763 3288 2832; x_wconf 77' lang='lat' dir='ltr'>Metronis,</span> <span class='ocrx_word' id='word_1_530' title='bbox 3325 2783 3428 2822; x_wconf 88' lang='lat' dir='ltr'>nec</span> <span class='ocrx_word' id='word_1_531' title='bbox 3456 2784 3571 2822; x_wconf 90' lang='lat' dir='ltr'>non</span> <span class='ocrx_word' id='word_1_532' title='bbox 3603 2767 3914 2840; x_wconf 87' lang='lat' dir='ltr'>epistolam</span> 
     </span>
    </p>
   </div>
   <div class='ocr_carea' id='block_1_87' title="bbox 2259 2850 3908 2928">
    <p class='ocr_par' dir='ltr' id='par_1_87' title="bbox 2259 2850 3908 2928">
     <span class='ocr_line' id='line_1_87' title="bbox 2259 2850 3908 2928; baseline 0.005 -23"><span class='ocrx_word' id='word_1_533' title='bbox 2259 2851 2522 2922; x_wconf 83' lang='lat' dir='ltr'>ejusdem</span> <span class='ocrx_word' id='word_1_534' title='bbox 2557 2850 2810 2906; x_wconf 80' lang='lat' dir='ltr'>Ratherii</span> <span class='ocrx_word' id='word_1_535' title='bbox 2842 2870 2974 2908; x_wconf 90' lang='lat' dir='ltr'>cum</span> <span class='ocrx_word' id='word_1_536' title='bbox 3009 2851 3248 2914; x_wconf 79' lang='lat' dir='ltr'>alterius</span> <span class='ocrx_word' id='word_1_537' title='bbox 3288 2854 3542 2926; x_wconf 64' lang='lat' dir='ltr'>epistolae</span> <span class='ocrx_word' id='word_1_538' title='bbox 3575 2856 3908 2928; x_wconf 81' lang='lat' dir='ltr'>fragmento</span> 
     </span>
    </p>
   </div>
   <div class='ocr_carea' id='block_1_88' title="bbox 2259 2940 3907 3018">
    <p class='ocr_par' dir='ltr' id='par_1_88' title="bbox 2259 2940 3907 3018">
     <span class='ocr_line' id='line_1_88' title="bbox 2259 2940 3907 3018; baseline 0.004 -24"><span class='ocrx_word' id='word_1_539' title='bbox 2259 2940 2330 2994; x_wconf 92' lang='lat' dir='ltr'>ad</span> <span class='ocrx_word' id='word_1_540' title='bbox 2363 2940 2716 3005; x_wconf 84' lang='lat' dir='ltr'>Manassem,</span> <span class='ocrx_word' id='word_1_541' title='bbox 2749 2945 2813 2995; x_wconf 88' lang='lat' dir='ltr'>ut</span> <span class='ocrx_word' id='word_1_542' title='bbox 2855 2942 3079 3013; x_wconf 89' lang='lat' dir='ltr'>putavit</span> <span class='ocrx_word' id='word_1_543' title='bbox 3105 2944 3417 3014; x_wconf 82' lang='lat' dir='ltr'>(legendum</span> <span class='ocrx_word' id='word_1_544' title='bbox 3462 2945 3535 2999; x_wconf 91' lang='lat' dir='ltr'>ad</span> <span class='ocrx_word' id='word_1_545' title='bbox 3583 2943 3907 3018; x_wconf 89' lang='lat' dir='ltr'>Milonem),</span> 
     </span>
    </p>
   </div>
   <div class='ocr_carea' id='block_1_89' title="bbox 2259 3029 3910 3102">
    <p class='ocr_par' dir='ltr' id='par_1_89' title="bbox 2259 3029 3910 3102">
     <span class='ocr_line' id='line_1_89' title="bbox 2259 3029 3910 3102; baseline 0.004 -18"><span class='ocrx_word' id='word_1_546' title='bbox 2259 3029 2620 3102; x_wconf 88' lang='lat' dir='ltr'>episcopum,</span> <span class='ocrx_word' id='word_1_547' title='bbox 2664 3045 2792 3101; x_wconf 82' lang='lat' dir='ltr'>quae</span> <span class='ocrx_word' id='word_1_548' title='bbox 2841 3030 3030 3101; x_wconf 90' lang='lat' dir='ltr'>ipsius</span> <span class='ocrx_word' id='word_1_549' title='bbox 3061 3033 3317 3089; x_wconf 86' lang='lat' dir='ltr'>auctoris</span> <span class='ocrx_word' id='word_1_550' title='bbox 3361 3049 3539 3090; x_wconf 88' lang='lat' dir='ltr'>manu</span> <span class='ocrx_word' id='word_1_551' title='bbox 3583 3038 3815 3091; x_wconf 80' lang='lat' dir='ltr'>exarata</span> <span class='ocrx_word' id='word_1_552' title='bbox 3849 3035 3910 3090; x_wconf 91' lang='lat' dir='ltr'>in</span> 
     </span>
    </p>
   </div>
   <div class='ocr_carea' id='block_1_90' title="bbox 2258 3117 3908 3190">
    <p class='ocr_par' dir='ltr' id='par_1_90' title="bbox 2258 3117 3908 3190">
     <span class='ocr_line' id='line_1_90' title="bbox 2258 3117 3908 3190; baseline 0.003 -17"><span class='ocrx_word' id='word_1_553' title='bbox 2258 3118 2489 3174; x_wconf 89' lang='lat' dir='ltr'>duobus</span> <span class='ocrx_word' id='word_1_554' title='bbox 2522 3122 2731 3174; x_wconf 79' lang='lat' dir='ltr'>nostrae</span> <span class='ocrx_word' id='word_1_555' title='bbox 2751 3117 3090 3190; x_wconf 88' lang='lat' dir='ltr'>capitularis</span> <span class='ocrx_word' id='word_1_556' title='bbox 3113 3120 3473 3180; x_wconf 62' lang='lat' dir='ltr'>bibliothecae</span> <span class='ocrx_word' id='word_1_557' title='bbox 3495 3123 3794 3179; x_wconf 89' lang='lat' dir='ltr'>codicibus</span> <span class='ocrx_word' id='word_1_558' title='bbox 3817 3139 3908 3178; x_wconf 90' lang='lat' dir='ltr'>re-</span> 
     </span>
    </p>
   </div>
   <div class='ocr_carea' id='block_1_91' title="bbox 2175 3193 2427 3279">
    <p class='ocr_par' dir='ltr' id='par_1_91' title="bbox 2175 3193 2427 3279">
     <span class='ocr_line' id='line_1_91' title="bbox 2175 3193 2427 3279; baseline 0.008 -19"><span class='ocrx_word' id='word_1_559' title='bbox 2175 3193 2220 3260; x_wconf 85' lang='lat' dir='ltr'>C</span> <span class='ocrx_word' id='word_1_560' title='bbox 2259 3207 2427 3279; x_wconf 91' lang='lat' dir='ltr'>perit.</span> 
     </span>
    </p>
   </div>
   <div class='ocr_carea' id='block_1_92' title="bbox 2332 3296 3909 3374">
    <p class='ocr_par' dir='ltr' id='par_1_92' title="bbox 2332 3296 3909 3374">
     <span class='ocr_line' id='line_1_92' title="bbox 2332 3296 3909 3374; baseline 0.006 -25"><span class='ocrx_word' id='word_1_561' title='bbox 2332 3296 2422 3350; x_wconf 87' lang='grc' dir='ltr'>ΧΙ.</span> <span class='ocrx_word' id='word_1_562' title='bbox 2456 3296 2516 3350; x_wconf 89' lang='grc' dir='ltr'>Ρ.</span> <span class='ocrx_word' id='word_1_563' title='bbox 2568 3297 2896 3352; x_wconf 86' lang='lat' dir='ltr'>Bernardus</span> <span class='ocrx_word' id='word_1_564' title='bbox 2929 3299 3033 3354; x_wconf 88' lang='lat' dir='ltr'>Pez</span> <span class='ocrx_word' id='word_1_565' title='bbox 3065 3299 3122 3353; x_wconf 91' lang='lat' dir='ltr'>in</span> <span class='ocrx_word' id='word_1_566' title='bbox 3157 3299 3574 3358; x_wconf 87' lang='lat' dir='ltr'>Dissertatione</span> <span class='ocrx_word' id='word_1_567' title='bbox 3613 3300 3909 3374; x_wconf 83' lang='lat' dir='ltr'>isagogiea</span> 
     </span>
    </p>
   </div>
   <div class='ocr_carea' id='block_1_93' title="bbox 2259 3383 3907 3460">
    <p class='ocr_par' dir='ltr' id='par_1_93' title="bbox 2259 3383 3907 3460">
     <span class='ocr_line' id='line_1_93' title="bbox 2259 3383 3907 3460; baseline 0.005 -23"><span class='ocrx_word' id='word_1_568' title='bbox 2259 3383 2750 3440; x_wconf 87' lang='lat' dir='ltr'>tomolThesauri</span> <span class='ocrx_word' id='word_1_569' title='bbox 2771 3387 3197 3444; x_wconf 88' lang='lat' dir='ltr'>Anecdotorum</span> <span class='ocrx_word' id='word_1_570' title='bbox 3217 3390 3907 3460; x_wconf 82' lang='lat' dir='ltr'>praemissa,mentionem</span> 
     </span>
    </p>
   </div>
   <div class='ocr_carea' id='block_1_94' title="bbox 2259 3471 3906 3550">
    <p class='ocr_par' dir='ltr' id='par_1_94' title="bbox 2259 3471 3906 3550">
     <span class='ocr_line' id='line_1_94' title="bbox 2259 3471 3906 3550; baseline 0.005 -24"><span class='ocrx_word' id='word_1_571' title='bbox 2259 3471 2705 3546; x_wconf 82' lang='lat' dir='ltr'>feceratantiqui</span> <span class='ocrx_word' id='word_1_572' title='bbox 2727 3473 2857 3529; x_wconf 87' lang='lat' dir='ltr'>libri</span> <span class='ocrx_word' id='word_1_573' title='bbox 2884 3476 3121 3548; x_wconf 89' lang='lat' dir='ltr'>capituli</span> <span class='ocrx_word' id='word_1_574' title='bbox 3146 3477 3530 3550; x_wconf 78' lang='lat' dir='ltr'>Frisingensis</span> <span class='ocrx_word' id='word_1_575' title='bbox 3554 3478 3614 3534; x_wconf 90' lang='lat' dir='ltr'>in</span> <span class='ocrx_word' id='word_1_576' title='bbox 3645 3478 3906 3545; x_wconf 87' lang='lat' dir='ltr'>Bavaria,</span> 
     </span>
    </p>
   </div>
   <div class='ocr_carea' id='block_1_95' title="bbox 2257 3561 3909 3640">
    <p class='ocr_par' dir='ltr' id='par_1_95' title="bbox 2257 3561 3909 3640">
     <span class='ocr_line' id='line_1_95' title="bbox 2257 3561 3909 3640; baseline 0.005 -25"><span class='ocrx_word' id='word_1_577' title='bbox 2257 3561 2356 3632; x_wconf 92' lang='lat' dir='ltr'>qui</span> <span class='ocrx_word' id='word_1_578' title='bbox 2389 3579 2502 3617; x_wconf 91' lang='lat' dir='ltr'>non</span> <span class='ocrx_word' id='word_1_579' title='bbox 2537 3579 2721 3634; x_wconf 90' lang='lat' dir='ltr'>pauca</span> <span class='ocrx_word' id='word_1_580' title='bbox 2751 3565 2933 3619; x_wconf 64' lang='lat' dir='ltr'>nostri</span> <span class='ocrx_word' id='word_1_581' title='bbox 2988 3566 3290 3638; x_wconf 90' lang='lat' dir='ltr'>scriptoris</span> <span class='ocrx_word' id='word_1_582' title='bbox 3339 3584 3515 3640; x_wconf 88' lang='lat' dir='ltr'>opera</span> <span class='ocrx_word' id='word_1_583' title='bbox 3539 3574 3598 3623; x_wconf 89' lang='lat' dir='ltr'>et</span> <span class='ocrx_word' id='word_1_584' title='bbox 3626 3567 3909 3640; x_wconf 86' lang='lat' dir='ltr'>epistolas</span> 
     </span>
    </p>
   </div>
   <div class='ocr_carea' id='block_1_96' title="bbox 2256 3650 3906 3726">
    <p class='ocr_par' dir='ltr' id='par_1_96' title="bbox 2256 3650 3906 3726">
     <span class='ocr_line' id='line_1_96' title="bbox 2256 3650 3906 3726; baseline 0.005 -22"><span class='ocrx_word' id='word_1_585' title='bbox 2256 3650 2504 3706; x_wconf 83' lang='lat' dir='ltr'>exhibet.</span> <span class='ocrx_word' id='word_1_586' title='bbox 2542 3652 2697 3707; x_wconf 89' lang='lat' dir='ltr'>Idem</span> <span class='ocrx_word' id='word_1_587' title='bbox 2729 3670 2860 3708; x_wconf 89' lang='lat' dir='ltr'>vero</span> <span class='ocrx_word' id='word_1_588' title='bbox 2913 3656 3178 3726; x_wconf 70' lang='lat' dir='ltr'>quaedam</span> <span class='ocrx_word' id='word_1_589' title='bbox 3213 3659 3439 3711; x_wconf 87' lang='lat' dir='ltr'>tantum</span> <span class='ocrx_word' id='word_1_590' title='bbox 3475 3656 3679 3713; x_wconf 82' lang='lat' dir='ltr'>exinde</span> <span class='ocrx_word' id='word_1_591' title='bbox 3709 3674 3906 3712; x_wconf 77' lang='lat' dir='ltr'>excer-</span> 
     </span>
    </p>
   </div>
   <div class='ocr_carea' id='block_1_97' title="bbox 2255 3739 3907 3815">
    <p class='ocr_par' dir='ltr' id='par_1_97' title="bbox 2255 3739 3907 3815">
     <span class='ocr_line' id='line_1_97' title="bbox 2255 3739 3907 3815; baseline 0.004 -22"><span class='ocrx_word' id='word_1_592' title='bbox 2255 3739 2391 3811; x_wconf 86' lang='lat' dir='ltr'>psit,</span> <span class='ocrx_word' id='word_1_593' title='bbox 2425 3746 2480 3795; x_wconf 91' lang='lat' dir='ltr'>et</span> <span class='ocrx_word' id='word_1_594' title='bbox 2509 3758 2661 3797; x_wconf 90' lang='lat' dir='ltr'>anno</span> <span class='ocrx_word' id='word_1_595' title='bbox 2697 3742 2834 3796; x_wconf 76' lang='lat'>1729</span> <span class='ocrx_word' id='word_1_596' title='bbox 2876 3743 3094 3815; x_wconf 87' lang='lat' dir='ltr'>publici</span> <span class='ocrx_word' id='word_1_597' title='bbox 3119 3744 3271 3814; x_wconf 88' lang='lat' dir='ltr'>juris</span> <span class='ocrx_word' id='word_1_598' title='bbox 3314 3745 3446 3802; x_wconf 79' lang='lat' dir='ltr'>fecit</span> <span class='ocrx_word' id='word_1_599' title='bbox 3476 3751 3617 3801; x_wconf 93' lang='lat' dir='ltr'>tom.</span> <span class='ocrx_word' id='word_1_600' title='bbox 3652 3745 3724 3802; x_wconf 84' lang='lat' dir='ltr'>Vl</span> <span class='ocrx_word' id='word_1_601' title='bbox 3755 3746 3907 3801; x_wconf 81' lang='lat' dir='ltr'>The-</span> 
     </span>
    </p>
   </div>
   <div class='ocr_carea' id='block_1_98' title="bbox 2255 3829 3903 3907">
    <p class='ocr_par' dir='ltr' id='par_1_98' title="bbox 2255 3829 3903 3907">
     <span class='ocr_line' id='line_1_98' title="bbox 2255 3829 3903 3907; baseline 0.005 -25"><span class='ocrx_word' id='word_1_602' title='bbox 2255 3829 2436 3894; x_wconf 90' lang='lat' dir='ltr'>sauri,</span> <span class='ocrx_word' id='word_1_603' title='bbox 2492 3830 2584 3884; x_wconf 93' lang='lat' dir='ltr'>cui</span> <span class='ocrx_word' id='word_1_604' title='bbox 2638 3829 2918 3886; x_wconf 89' lang='lat' dir='ltr'>volumini</span> <span class='ocrx_word' id='word_1_605' title='bbox 2953 3833 3052 3903; x_wconf 78' lang='lat' dir='ltr'>[Ix]</span> <span class='ocrx_word' id='word_1_606' title='bbox 3105 3833 3280 3889; x_wconf 91' lang='lat' dir='ltr'>etiam</span> <span class='ocrx_word' id='word_1_607' title='bbox 3312 3835 3628 3907; x_wconf 85' lang='lat' dir='ltr'>separatim</span> <span class='ocrx_word' id='word_1_608' title='bbox 3665 3833 3903 3906; x_wconf 89' lang='lat' dir='ltr'>vulgato</span> 
     </span>
    </p>
   </div>
   <div class='ocr_carea' id='block_1_99' title="bbox 2257 3916 3900 3996">
    <p class='ocr_par' dir='ltr' id='par_1_99' title="bbox 2257 3916 3900 3996">
     <span class='ocr_line' id='line_1_99' title="bbox 2257 3916 3900 3996; baseline 0.004 -26"><span class='ocrx_word' id='word_1_609' title='bbox 2257 3916 2462 3973; x_wconf 81' lang='lat' dir='ltr'>Codieis</span> <span class='ocrx_word' id='word_1_610' title='bbox 2519 3919 3486 3993; x_wconf 75' lang='lat' dir='ltr'>diplomatico-historico—epistolaris</span> <span class='ocrx_word' id='word_1_611' title='bbox 3517 3923 3900 3996; x_wconf 86' lang='lat' dir='ltr'>epigraphem</span> 
     </span>
    </p>
   </div>
   <div class='ocr_carea' id='block_1_100' title="bbox 2253 4006 3453 4071">
    <p class='ocr_par' dir='ltr' id='par_1_100' title="bbox 2253 4006 3453 4071">
     <span class='ocr_line' id='line_1_100' title="bbox 2253 4006 3453 4071; baseline 0.005 -12"><span class='ocrx_word' id='word_1_612' title='bbox 2253 4006 2482 4062; x_wconf 92' lang='lat' dir='ltr'>indidit.</span> <span class='ocrx_word' id='word_1_613' title='bbox 2519 4009 2650 4071; x_wconf 64' lang='lat' dir='ltr'>Quae</span> <span class='ocrx_word' id='word_1_614' title='bbox 2681 4013 2876 4064; x_wconf 91' lang='lat' dir='ltr'>autem</span> <span class='ocrx_word' id='word_1_615' title='bbox 2909 4010 3093 4066; x_wconf 91' lang='lat' dir='ltr'>edidit</span> <span class='ocrx_word' id='word_1_616' title='bbox 3120 4011 3240 4067; x_wconf 69' lang='lat' dir='ltr'>haec</span> <span class='ocrx_word' id='word_1_617' title='bbox 3269 4016 3407 4069; x_wconf 88' lang='lat' dir='ltr'>sunt</span> <span class='ocrx_word' id='word_1_618' title='bbox 3442 4030 3453 4066; x_wconf 91' lang='lat'>:</span> 
     </span>
    </p>
   </div>
   <div class='ocr_carea' id='block_1_101' title="bbox 2393 4097 3905 4172">
    <p class='ocr_par' dir='ltr' id='par_1_101' title="bbox 2393 4097 3905 4172">
     <span class='ocr_line' id='line_1_101' title="bbox 2393 4097 3905 4172; baseline 0.004 -21"><span class='ocrx_word' id='word_1_619' title='bbox 2393 4097 2476 4151; x_wconf 88' lang='lat' dir='ltr'>Ad</span> <span class='ocrx_word' id='word_1_620' title='bbox 2509 4097 2760 4153; x_wconf 70' lang='lat' dir='ltr'>ecclesiae</span> <span class='ocrx_word' id='word_1_621' title='bbox 2810 4117 2927 4154; x_wconf 81' lang='lat' dir='ltr'>suae</span> <span class='ocrx_word' id='word_1_622' title='bbox 2987 4099 3247 4167; x_wconf 88' lang='lat' dir='ltr'>clericos,</span> <span class='ocrx_word' id='word_1_623' title='bbox 3280 4102 3350 4157; x_wconf 90' lang='lat' dir='ltr'>de</span> <span class='ocrx_word' id='word_1_624' title='bbox 3397 4101 3468 4157; x_wconf 90' lang='lat' dir='ltr'>iis</span> <span class='ocrx_word' id='word_1_625' title='bbox 3518 4101 3615 4172; x_wconf 90' lang='lat' dir='ltr'>qui</span> <span class='ocrx_word' id='word_1_626' title='bbox 3662 4119 3696 4156; x_wconf 86' lang='lat' dir='ltr'>a</span> <span class='ocrx_word' id='word_1_627' title='bbox 3746 4102 3905 4158; x_wconf 90' lang='lat' dir='ltr'>sedis</span> 
     </span>
    </p>
   </div>
   <div class='ocr_carea' id='block_1_102' title="bbox 2463 4187 3342 4246">
    <p class='ocr_par' dir='ltr' id='par_1_102' title="bbox 2463 4187 3342 4246">
     <span class='ocr_line' id='line_1_102' title="bbox 2463 4187 3342 4246; baseline 0.007 -7"><span class='ocrx_word' id='word_1_628' title='bbox 2463 4204 2579 4240; x_wconf 70' lang='lat' dir='ltr'>suae</span> <span class='ocrx_word' id='word_1_629' title='bbox 2612 4187 2874 4244; x_wconf 88' lang='lat' dir='ltr'>invasere</span> <span class='ocrx_word' id='word_1_630' title='bbox 2904 4190 3156 4245; x_wconf 88' lang='lat' dir='ltr'>ordinati</span> <span class='ocrx_word' id='word_1_631' title='bbox 3187 4196 3342 4246; x_wconf 74' lang='lat' dir='ltr'>sunt.</span> 
     </span>
    </p>
   </div>
   <div class='ocr_carea' id='block_1_103' title="bbox 2391 4273 3900 4352">
    <p class='ocr_par' dir='ltr' id='par_1_103' title="bbox 2391 4273 3900 4352">
     <span class='ocr_line' id='line_1_103' title="bbox 2391 4273 3900 4352; baseline 0.003 -23"><span class='ocrx_word' id='word_1_632' title='bbox 2391 4273 2658 4346; x_wconf 69' lang='lat' dir='ltr'>Epistolas</span> <span class='ocrx_word' id='word_1_633' title='bbox 2680 4277 2751 4331; x_wconf 91' lang='lat' dir='ltr'>ad</span> <span class='ocrx_word' id='word_1_634' title='bbox 2782 4279 3180 4344; x_wconf 86' lang='lat' dir='ltr'>Ambrosium,</span> <span class='ocrx_word' id='word_1_635' title='bbox 3214 4279 3286 4334; x_wconf 90' lang='lat' dir='ltr'>ad</span> <span class='ocrx_word' id='word_1_636' title='bbox 3332 4279 3666 4336; x_wconf 89' lang='lat' dir='ltr'>Adeleidem</span> <span class='ocrx_word' id='word_1_637' title='bbox 3699 4281 3900 4352; x_wconf 81' lang='lat' dir='ltr'>Augu-</span> 
     </span>
    </p>
   </div>
   <div class='ocr_carea' id='block_1_104' title="bbox 2461 4367 3219 4432">
    <p class='ocr_par' dir='ltr' id='par_1_104' title="bbox 2461 4367 3219 4432">
     <span class='ocr_line' id='line_1_104' title="bbox 2461 4367 3219 4432; baseline 0.004 -13"><span class='ocrx_word' id='word_1_638' title='bbox 2461 4369 2634 4432; x_wconf 85' lang='lat' dir='ltr'>stam,</span> <span class='ocrx_word' id='word_1_639' title='bbox 2669 4370 2724 4421; x_wconf 92' lang='lat' dir='ltr'>et</span> <span class='ocrx_word' id='word_1_640' title='bbox 2754 4367 2825 4421; x_wconf 88' lang='lat' dir='ltr'>ad</span> <span class='ocrx_word' id='word_1_641' title='bbox 2857 4368 3219 4424; x_wconf 89' lang='lat' dir='ltr'>Nannonem.</span> 
     </span>
    </p>
   </div>
   <div class='ocr_carea' id='block_1_105' title="bbox 2389 4454 3902 4528">
    <p class='ocr_par' dir='ltr' id='par_1_105' title="bbox 2389 4454 3902 4528">
     <span class='ocr_line' id='line_1_105' title="bbox 2389 4454 3902 4528; baseline 0.003 -20"><span class='ocrx_word' id='word_1_642' title='bbox 2389 4454 2851 4522; x_wconf 85' lang='lat' dir='ltr'>Testamentum,</span> <span class='ocrx_word' id='word_1_643' title='bbox 2884 4461 2941 4512; x_wconf 91' lang='lat' dir='ltr'>et</span> <span class='ocrx_word' id='word_1_644' title='bbox 2970 4458 3232 4513; x_wconf 85' lang='lat' dir='ltr'>fundatio</span> <span class='ocrx_word' id='word_1_645' title='bbox 3265 4463 3439 4528; x_wconf 88' lang='lat' dir='ltr'>atque</span> <span class='ocrx_word' id='word_1_646' title='bbox 3480 4457 3699 4512; x_wconf 89' lang='lat' dir='ltr'>dotatio</span> <span class='ocrx_word' id='word_1_647' title='bbox 3732 4457 3902 4513; x_wconf 85' lang='lat' dir='ltr'>cleri-</span> 
     </span>
    </p>
   </div>
   <div class='ocr_carea' id='block_1_106' title="bbox 2461 4545 3906 4617">
    <p class='ocr_par' dir='ltr' id='par_1_106' title="bbox 2461 4545 3906 4617">
     <span class='ocr_line' id='line_1_106' title="bbox 2461 4545 3906 4617; baseline 0.005 -20"><span class='ocrx_word' id='word_1_648' title='bbox 2461 4560 2661 4599; x_wconf 91' lang='lat' dir='ltr'>corum</span> <span class='ocrx_word' id='word_1_649' title='bbox 2709 4545 2962 4600; x_wconf 68' lang='lat' dir='ltr'>ecclesiae</span> <span class='ocrx_word' id='word_1_650' title='bbox 3013 4546 3384 4612; x_wconf 85' lang='lat' dir='ltr'>Veronensis,</span> <span class='ocrx_word' id='word_1_651' title='bbox 3437 4563 3616 4617; x_wconf 90' lang='lat' dir='ltr'>quam</span> <span class='ocrx_word' id='word_1_652' title='bbox 3661 4547 3906 4605; x_wconf 75' lang='lat' dir='ltr'>Judicati</span> 
     </span>
    </p>
   </div>
   <div class='ocr_carea' id='block_1_107' title="bbox 2463 4633 3898 4691">
    <p class='ocr_par' dir='ltr' id='par_1_107' title="bbox 2463 4633 3898 4691">
     <span class='ocr_line' id='line_1_107' title="bbox 2463 4633 3898 4691; baseline 0.003 -5"><span class='ocrx_word' id='word_1_653' title='bbox 2463 4633 2637 4688; x_wconf 90' lang='lat' dir='ltr'>titulo</span> <span class='ocrx_word' id='word_1_654' title='bbox 2667 4633 2721 4688; x_wconf 92' lang='lat' dir='ltr'>in</span> <span class='ocrx_word' id='word_1_655' title='bbox 2759 4639 2956 4689; x_wconf 88' lang='lat' dir='ltr'>nostra</span> <span class='ocrx_word' id='word_1_656' title='bbox 2975 4635 3080 4689; x_wconf 88' lang='lat' dir='ltr'>hac</span> <span class='ocrx_word' id='word_1_657' title='bbox 3098 4634 3352 4690; x_wconf 90' lang='lat' dir='ltr'>editione</span> <span class='ocrx_word' id='word_1_658' title='bbox 3372 4635 3643 4690; x_wconf 89' lang='lat' dir='ltr'>donaturi</span> <span class='ocrx_word' id='word_1_659' title='bbox 3667 4652 3898 4691; x_wconf 90' lang='lat' dir='ltr'>sumus.</span> 
     </span>
    </p>
   </div>
   <div class='ocr_carea' id='block_1_108' title="bbox 2321 4721 3902 4797">
    <p class='ocr_par' dir='ltr' id='par_1_108' title="bbox 2321 4721 3902 4797">
     <span class='ocr_line' id='line_1_108' title="bbox 2321 4721 3902 4797; baseline 0.003 -22"><span class='ocrx_word' id='word_1_660' title='bbox 2321 4721 2439 4776; x_wconf 86' lang='lat' dir='ltr'>Xll.</span> <span class='ocrx_word' id='word_1_661' title='bbox 2476 4721 2846 4776; x_wconf 87' lang='lat' dir='ltr'>Lobiensium</span> <span class='ocrx_word' id='word_1_662' title='bbox 2892 4723 3420 4794; x_wconf 88' lang='lat' dir='ltr'>manuscriptorum</span> <span class='ocrx_word' id='word_1_663' title='bbox 3471 4723 3902 4797; x_wconf 86' lang='lat' dir='ltr'>apographum,</span> 
     </span>
    </p>
   </div>
   <div class='ocr_carea' id='block_1_109' title="bbox 2250 4810 3898 4882">
    <p class='ocr_par' dir='ltr' id='par_1_109' title="bbox 2250 4810 3898 4882">
     <span class='ocr_line' id='line_1_109' title="bbox 2250 4810 3898 4882; baseline 0.002 -16"><span class='ocrx_word' id='word_1_664' title='bbox 2250 4811 2404 4882; x_wconf 86' lang='lat' dir='ltr'>quod</span> <span class='ocrx_word' id='word_1_665' title='bbox 2439 4811 2509 4866; x_wconf 90' lang='lat' dir='ltr'>ad</span> <span class='ocrx_word' id='word_1_666' title='bbox 2544 4810 2854 4865; x_wconf 83' lang='lat' dir='ltr'>Acherium</span> <span class='ocrx_word' id='word_1_667' title='bbox 2882 4810 3129 4866; x_wconf 89' lang='lat' dir='ltr'>missum</span> <span class='ocrx_word' id='word_1_668' title='bbox 3163 4812 3547 4869; x_wconf 86' lang='lat' dir='ltr'>indicavimus</span> <span class='ocrx_word' id='word_1_669' title='bbox 3580 4814 3804 4882; x_wconf 86' lang='lat' dir='ltr'>num.9,</span> <span class='ocrx_word' id='word_1_670' title='bbox 3838 4813 3898 4869; x_wconf 91' lang='lat' dir='ltr'>in</span> 
     </span>
    </p>
   </div>
   <div class='ocr_carea' id='block_1_110' title="bbox 2247 4899 3898 4970">
    <p class='ocr_par' dir='ltr' id='par_1_110' title="bbox 2247 4899 3898 4970">
     <span class='ocr_line' id='line_1_110' title="bbox 2247 4899 3898 4970; baseline 0.002 -15"><span class='ocrx_word' id='word_1_671' title='bbox 2247 4899 2733 4970; x_wconf 82' lang='lat' dir='ltr'>Sangcrmanensi</span> <span class='ocrx_word' id='word_1_672' title='bbox 2767 4899 3140 4956; x_wconf 89' lang='lat' dir='ltr'>bibiliotheca</span> <span class='ocrx_word' id='word_1_673' title='bbox 3169 4902 3241 4956; x_wconf 90' lang='lat' dir='ltr'>ab</span> <span class='ocrx_word' id='word_1_674' title='bbox 3271 4903 3473 4957; x_wconf 89' lang='lat' dir='ltr'>eodem</span> <span class='ocrx_word' id='word_1_675' title='bbox 3496 4903 3898 4970; x_wconf 88' lang='lat' dir='ltr'>relictum,Pa-</span> 
     </span>
    </p>
   </div>
   <div class='ocr_carea' id='block_1_111' title="bbox 2246 4988 3898 5048">
    <p class='ocr_par' dir='ltr' id='par_1_111' title="bbox 2246 4988 3898 5048">
     <span class='ocr_line' id='line_1_111' title="bbox 2246 4988 3898 5048; baseline 0.002 -4"><span class='ocrx_word' id='word_1_676' title='bbox 2246 4990 2437 5044; x_wconf 88' lang='lat' dir='ltr'>tribus</span> <span class='ocrx_word' id='word_1_677' title='bbox 2487 4988 2790 5043; x_wconf 86' lang='lat' dir='ltr'>Edmundo</span> <span class='ocrx_word' id='word_1_678' title='bbox 2843 4989 3100 5046; x_wconf 88' lang='lat' dir='ltr'>Materne</span> <span class='ocrx_word' id='word_1_679' title='bbox 3129 4996 3187 5046; x_wconf 89' lang='lat' dir='ltr'>et</span> <span class='ocrx_word' id='word_1_680' title='bbox 3218 4991 3425 5047; x_wconf 90' lang='lat' dir='ltr'>Ursino</span> <span class='ocrx_word' id='word_1_681' title='bbox 3459 4992 3732 5048; x_wconf 89' lang='lat' dir='ltr'>Durando</span> <span class='ocrx_word' id='word_1_682' title='bbox 3763 4992 3898 5047; x_wconf 88' lang='lat' dir='ltr'>usui</span> 
     </span>
    </p>
   </div>
   <div class='ocr_carea' id='block_1_112' title="bbox 2248 5075 3899 5152">
    <p class='ocr_par' dir='ltr' id='par_1_112' title="bbox 2248 5075 3899 5152">
     <span class='ocr_line' id='line_1_112' title="bbox 2248 5075 3899 5152; baseline 0.003 -21"><span class='ocrx_word' id='word_1_683' title='bbox 2248 5076 2374 5131; x_wconf 85' lang='lat' dir='ltr'>fuit.</span> <span class='ocrx_word' id='word_1_684' title='bbox 2408 5077 2489 5131; x_wconf 84' lang='lat' dir='ltr'>Ex</span> <span class='ocrx_word' id='word_1_685' title='bbox 2511 5077 2637 5148; x_wconf 92' lang='lat' dir='ltr'>ipso</span> <span class='ocrx_word' id='word_1_686' title='bbox 2665 5075 2820 5131; x_wconf 90' lang='lat' dir='ltr'>enim</span> <span class='ocrx_word' id='word_1_687' title='bbox 2865 5077 2946 5132; x_wconf 92' lang='lat' dir='ltr'>illi</span> <span class='ocrx_word' id='word_1_688' title='bbox 2980 5083 3139 5134; x_wconf 92' lang='lat' dir='ltr'>tomo</span> <span class='ocrx_word' id='word_1_689' title='bbox 3172 5081 3242 5136; x_wconf 87' lang='lat' dir='ltr'>lX</span> <span class='ocrx_word' id='word_1_690' title='bbox 3265 5082 3629 5152; x_wconf 72' lang='lat' dir='ltr'>Amplissimaz</span> <span class='ocrx_word' id='word_1_691' title='bbox 3657 5090 3899 5138; x_wconf 74' lang='lat' dir='ltr'>veterum</span> 
     </span>
    </p>
   </div>
   <div class='ocr_carea' id='block_1_113' title="bbox 2243 5166 3896 5240">
    <p class='ocr_par' dir='ltr' id='par_1_113' title="bbox 2243 5166 3896 5240">
     <span class='ocr_line' id='line_1_113' title="bbox 2243 5166 3896 5240; baseline 0.004 -20"><span class='ocrx_word' id='word_1_692' title='bbox 2243 5166 2575 5236; x_wconf 80' lang='lat' dir='ltr'>scriptorum</span> <span class='ocrx_word' id='word_1_693' title='bbox 2604 5169 2659 5220; x_wconf 84' lang='lat' dir='ltr'>et</span> <span class='ocrx_word' id='word_1_694' title='bbox 2705 5175 3183 5224; x_wconf 77' lang='lat' dir='ltr'>monumentorum</span> <span class='ocrx_word' id='word_1_695' title='bbox 3235 5169 3576 5228; x_wconf 76' lang='lat' dir='ltr'>Coliectionis</span> <span class='ocrx_word' id='word_1_696' title='bbox 3625 5188 3720 5240; x_wconf 85' lang='lat' dir='ltr'>an.</span> <span class='ocrx_word' id='word_1_697' title='bbox 3757 5171 3896 5226; x_wconf 90' lang='grc'>1733</span> 
     </span>
    </p>
   </div>
   <div class='ocr_carea' id='block_1_114' title="bbox 2245 5254 3897 5333">
    <p class='ocr_par' dir='ltr' id='par_1_114' title="bbox 2245 5254 3897 5333">
     <span class='ocr_line' id='line_1_114' title="bbox 2245 5254 3897 5333; baseline 0.004 -24"><span class='ocrx_word' id='word_1_698' title='bbox 2245 5254 2829 5326; x_wconf 87' lang='lat' dir='ltr'>edideruntejusdem</span> <span class='ocrx_word' id='word_1_699' title='bbox 2852 5255 3107 5312; x_wconf 77' lang='lat' dir='ltr'>lt&#39;atherii</span> <span class='ocrx_word' id='word_1_700' title='bbox 3129 5275 3228 5314; x_wconf 88' lang='lat' dir='ltr'>sex</span> <span class='ocrx_word' id='word_1_701' title='bbox 3239 5260 3697 5333; x_wconf 71' lang='lat' dir='ltr'>Praaloquiorum</span> <span class='ocrx_word' id='word_1_702' title='bbox 3717 5259 3897 5316; x_wconf 88' lang='lat' dir='ltr'>libros</span> 
     </span>
    </p>
   </div>
   <div class='ocr_carea' id='block_1_115' title="bbox 2245 5341 3898 5414">
    <p class='ocr_par' dir='ltr' id='par_1_115' title="bbox 2245 5341 3898 5414">
     <span class='ocr_line' id='line_1_115' title="bbox 2245 5341 3898 5414; baseline 0.002 -15"><span class='ocrx_word' id='word_1_703' title='bbox 2245 5360 2309 5399; x_wconf 91' lang='lat' dir='ltr'>ac</span> <span class='ocrx_word' id='word_1_704' title='bbox 2340 5341 2618 5414; x_wconf 88' lang='lat' dir='ltr'>epistolas</span> <span class='ocrx_word' id='word_1_705' title='bbox 2650 5348 2790 5414; x_wconf 88' lang='lat' dir='ltr'>tres,</span> <span class='ocrx_word' id='word_1_706' title='bbox 2826 5363 3003 5401; x_wconf 90' lang='lat' dir='ltr'>unam</span> <span class='ocrx_word' id='word_1_707' title='bbox 3039 5347 3266 5405; x_wconf 87' lang='lat' dir='ltr'>Widoni</span> <span class='ocrx_word' id='word_1_708' title='bbox 3291 5365 3358 5406; x_wconf 90' lang='lat' dir='ltr'>ac</span> <span class='ocrx_word' id='word_1_709' title='bbox 3405 5348 3655 5406; x_wconf 87' lang='lat' dir='ltr'>Sobboni</span> <span class='ocrx_word' id='word_1_710' title='bbox 3697 5348 3898 5404; x_wconf 89' lang='lat' dir='ltr'>archi-</span> 
     </span>
    </p>
   </div>
   <div class='ocr_carea' id='block_1_116' title="bbox 2244 5431 3894 5511">
    <p class='ocr_par' dir='ltr' id='par_1_116' title="bbox 2244 5431 3894 5511">
     <span class='ocr_line' id='line_1_116' title="bbox 2244 5431 3894 5511; baseline 0.005 -25"><span class='ocrx_word' id='word_1_711' title='bbox 2244 5431 2942 5504; x_wconf 86' lang='lat' dir='ltr'>episcopis,etc.,alteram</span> <span class='ocrx_word' id='word_1_712' title='bbox 2971 5437 3243 5495; x_wconf 83' lang='lat' dir='ltr'>Rotberto</span> <span class='ocrx_word' id='word_1_713' title='bbox 3269 5439 3409 5495; x_wconf 89' lang='lat' dir='ltr'>item</span> <span class='ocrx_word' id='word_1_714' title='bbox 3434 5439 3894 5511; x_wconf 88' lang='lat' dir='ltr'>archiepiscopo,</span> 
     </span>
    </p>
   </div>
   <div class='ocr_carea' id='block_1_117' title="bbox 2243 5521 3896 5602">
    <p class='ocr_par' dir='ltr' id='par_1_117' title="bbox 2243 5521 3896 5602">
     <span class='ocr_line' id='line_1_117' title="bbox 2243 5521 3896 5602; baseline 0.004 -25"><span class='ocrx_word' id='word_1_715' title='bbox 2243 5538 2310 5577; x_wconf 87' lang='lat' dir='ltr'>ac</span> <span class='ocrx_word' id='word_1_716' title='bbox 2340 5521 2412 5576; x_wconf 88' lang='lat' dir='ltr'>ad</span> <span class='ocrx_word' id='word_1_717' title='bbox 2445 5537 2649 5578; x_wconf 89' lang='lat' dir='ltr'>omnes</span> <span class='ocrx_word' id='word_1_718' title='bbox 2674 5523 2875 5579; x_wconf 87' lang='lat' dir='ltr'>ﬁdeles</span> <span class='ocrx_word' id='word_1_719' title='bbox 2907 5526 3162 5585; x_wconf 87' lang='lat' dir='ltr'>tertiam.</span> <span class='ocrx_word' id='word_1_720' title='bbox 3195 5529 3410 5584; x_wconf 89' lang='lat' dir='ltr'>Eodem</span> <span class='ocrx_word' id='word_1_721' title='bbox 3432 5531 3711 5602; x_wconf 71' lang='lat' dir='ltr'>praeterea</span> <span class='ocrx_word' id='word_1_722' title='bbox 3737 5531 3896 5583; x_wconf 87' lang='lat' dir='ltr'>tome</span> 
     </span>
    </p>
   </div>
   <div class='ocr_carea' id='block_1_118' title="bbox 2241 5608 3893 5694">
    <p class='ocr_par' dir='ltr' id='par_1_118' title="bbox 2241 5608 3893 5694">
     <span class='ocr_line' id='line_1_118' title="bbox 2241 5608 3893 5694; baseline 0.005 -28"><span class='ocrx_word' id='word_1_723' title='bbox 2241 5609 2302 5666; x_wconf 92' lang='lat' dir='ltr'>in</span> <span class='ocrx_word' id='word_1_724' title='bbox 2333 5608 2488 5668; x_wconf 90' lang='lat' dir='ltr'>calce</span> <span class='ocrx_word' id='word_1_725' title='bbox 2520 5611 2712 5686; x_wconf 88' lang='lat' dir='ltr'>operis</span> <span class='ocrx_word' id='word_1_726' title='bbox 2743 5611 3038 5672; x_wconf 87' lang='lat' dir='ltr'>Paschasii</span> <span class='ocrx_word' id='word_1_727' title='bbox 3061 5617 3320 5675; x_wconf 83' lang='lat' dir='ltr'>Ratberti</span> <span class='ocrx_word' id='word_1_728' title='bbox 3348 5621 3432 5675; x_wconf 89' lang='lat' dir='ltr'>De</span> <span class='ocrx_word' id='word_1_729' title='bbox 3451 5632 3672 5694; x_wconf 70' lang='lat' dir='ltr'>corpore</span> <span class='ocrx_word' id='word_1_730' title='bbox 3699 5623 3751 5674; x_wconf 81' lang='lat' dir='ltr'>et</span> <span class='ocrx_word' id='word_1_731' title='bbox 3764 5632 3893 5674; x_wconf 79' lang='lat' dir='ltr'>san-</span> 
     </span>
    </p>
   </div>
  </div>
