4070 6378
156 402 231 468 l7
1048 400 1661 476 PROLEGOMENA.
1693 440 1773 459 --
1800 414 1805 476 ἶ

1917 412 2217 479 arum
2260 394 2685 481 B‘ALLERIN.
3430 481 3443 489 ,
3508 388 3599 479 ιε’

154 542 326 612 quine
357 534 585 600 Domini
614 542 770 616 typis
800 542 1011 601 dedere
1027 544 1324 617 quoddam
1342 520 1810 603 additamentum
1838 550 1896 617 Α
1925 564 1994 605 ex
2006 545 2362 607 Veronensis
2374 549 2889 624 capituliexemplo
2903 549 3257 625 vulgaverat;
3273 547 3581 625 Frisingel-

154 649 220 689 ex
245 631 655 706 manuscripto
686 632 981 702 Lobiensi,
1000 633 1156 706 quod
1181 650 1215 689 a
1246 638 1444 691 nostro
1477 638 1815 705 auctore,ut

157 721 330 777 nobis
362 720 601 794 quidem
631 721 1294 790 videtur,lucubratum,
1313 725 1372 778 in
1406 724 1659 780 editione
1674 724 1817 797 Ope-

157 827 287 866 rum
312 810 505 884 ipsius
537 810 697 868 haud
725 812 1116 869 omittendum
1147 812 1524 870 credidimus.
1549 804 1809 869 Ratherii

158 899 355 972 itaque
388 899 885 973 Opera,hactenus
918 902 1232 975 separatim
1264 903 1681 975 impressa,sex
1711 906 1814 958 aut

156 987 354 1061 potius
385 993 611 1061 septem
643 990 933 1046 editorum
973 990 1274 1064 diligentia
1330 992 1672 1064 prodierunt
1700 1010 1713 1060 ;
1743 1007 1812 1047 ex

156 1094 272 1150 quo
303 1078 371 1132 tit
398 1083 466 1133 ut
495 1078 643 1133 tanti
673 1078 780 1133 viri
812 1079 1095 1136 studiosis
1122 1096 1271 1152 opus
1322 1079 1400 1135 sit
1454 1096 1555 1135 sex
1600 1079 1811 1136 diversi

153 1165 390 1239 generis
420 1166 709 1223 editiones
740 1167 851 1248 sibi
884 1184 1222 1241 comparare
1269 1173 1465 1248 atque
1484 1168 1808 1225 consulere.

116 1256 119 1259 λ
156 1255 301 1311 Hinc
328 1246 964 1313 collectionisomnium
995 1246 1540 1331 ejusmodiOperum
1563 1256 1807 1325 utilitas,

155 1361 226 1400 ne
254 1343 527 1400 dicamus
558 1344 895 1412 necessitas,
913 1345 1081 1402 facile
1102 1347 1470 1419 perspicitur;
1505 1362 1636 1401 cum
1672 1363 1812 1418 pras-

156 1434 364 1490 sertim
390 1434 654 1490 accidere
687 1434 870 1491 soleat
902 1438 965 1490 ut
993 1451 1063 1491 ex
1092 1452 1210 1491 uno
1240 1452 1414 1507 opere
1439 1434 1682 1490 alterius
1715 1434 1810 1489 in-

158 1522 468 1596 dulgentia
487 1524 760 1595 pendeat,
789 1540 857 1579 ac
880 1539 949 1579 ex
977 1522 1283 1581 collatione
1311 1524 1573 1581 omnium
1606 1523 1811 1596 quanti

158 1611 235 1669 sit
260 1615 468 1668 auctor
486 1612 828 1669 aestimetur.
892 1617 902 1623 ’

225 1701 524 1758 XIII.Gum
558 1718 730 1775 porro
761 1702 821 1757 in
851 1701 1186 1759 collectione
1207 1704 1264 1757 et
1291 1700 1545 1759 editione
1566 1717 1807 1774 operum

156 1790 449 1862 cujusque
465 1789 721 1845 auctoris
751 1806 865 1845 non
886 1794 1007 1846 tam
1039 1790 1445 1847 desiderentur
1464 1794 1637 1845 antea
1653 1789 1810 1844 edita

156 1882 211 1933 et
235 1878 296 1932 in
310 1876 491 1935 variis
508 1878 909 1936 voluminibus
926 1879 1192 1951 dispersa
1208 1895 1384 1952 quam
1399 1895 1527 1952 quea
1543 1878 1806 1933 nondum

155 1966 452 2041 impressa
475 1954 733 2036 fuerunt,
767 1966 880 2023 alia
900 1970 1073 2041 atque
1095 1968 1210 2024 alia
1241 1968 1501 2024 Ratherii
1529 1982 1722 2041 opera,
1756 1966 1809 2022 si

159 2073 287 2129 quae
320 2055 573 2113 aliorum
604 2057 909 2131 diligentia
937 2057 1268 2131 ell‘ugerint,
1297 2056 1649 2129 inquirenda
1674 2072 1807 2112 cen-

155 2146 493 2216 suimus.[x]
517 2145 704 2219 Igitur
721 2148 791 2202 de
810 2146 997 2219 ipsius
1019 2146 1273 2202 auctoris
1285 2146 1586 2202 codicibus
1599 2144 1809 2200 sollici—

156 2236 222 2302 ti,
244 2235 304 2291 in
328 2239 587 2308 quatuor
606 2239 835 2292 tantum
870 2236 1239 2293 bibliothecis
1271 2235 1706 2307 manuscriptos
1735 2233 1807 2288 li-

155 2326 310 2393 bros,
340 2324 442 2398 qui
459 2324 660 2398 aliqua
680 2324 936 2381 Ratherii
950 2324 1235 2398 opuscula
1247 2326 1629 2392 continerent,
1653 2322 1810 2379 inve-

156 2414 263 2470 niri
278 2415 452 2478 nobis
466 2413 909 2471 innotuiLUnus
921 2414 1411 2471 custoditurinter
1421 2412 1650 2470 codices
1664 2414 1811 2469 Lau-

156 2503 417 2559 dunenss
448 2502 736 2571 Ecclesia,
767 2503 838 2559 de
870 2518 987 2576 quo
1020 2502 1143 2559 haec
1199 2503 1480 2559 Acberius
1510 2501 1570 2558 in
1602 2502 1805 2574 praefa-

158 2591 315 2648 tione
332 2591 615 2648 tradidit:
650 2615 678 2642 ‹‹
702 2594 982 2648 Caeterum
1006 2593 1077 2648 de
1099 2592 1296 2648 codice
1318 2591 1805 2649 Ratherianorum

158 2694 425 2753 operum,
458 2679 720 2737 Anselmi
771 2681 973 2738 decani
1001 2685 1345 2754 tempestate
1387 2680 1682 2753 eleganter
1710 2696 1805 2737 ex-

159 2774 341 2837 arato,
358 2769 466 2825 sed
487 2768 720 2826 mendis
736 2768 1007 2842 plurimis
1018 2770 1250 2845 foedata,
1276 2769 1375 2842 qui
1394 2770 1533 2827 olim
1554 2788 1585 2827 e
1606 2770 1811 2828 biblim

154 2858 329 2916 theca
360 2859 425 2914 B.
459 2858 656 2914 Mariae
683 2857 1090 2915 Laudunensis
1140 2860 1326 2915 fuerat
1380 2860 1716 2932 subreptus,
1742 2874 1809 2916 ac

161 2947 398 3003 tandem
432 2946 762 3012 restitutus,
792 2947 1010 3019 gratias
1040 2963 1146 3021 ago
1178 2946 1249 3025 cl.
1301 2946 1369 3002 V.
1394 2946 1641 3003 Antonio
1682 2947 1807 3005 Belo

158 3034 317 3092 lotte.
337 3059 367 3085 ››
391 3039 538 3092 Cum
570 3035 885 3093 Eutherius
910 3041 1042 3109 post
1072 3036 1385 3092 dimissum
1414 3034 1809 3094 Veronensem

158 3124 561 3198 episcopatum
595 3124 862 3181 Lauduni
894 3125 1087 3193 fuerit,
1107 3125 1440 3197 ibidemque
1470 3124 1811 3198 aliquandiu

159 3214 529 3281 immoratus,
564 3213 657 3269 die
672 3215 732 3269 S.
769 3213 1048 3287 Stephani
1083 3230 1414 3270 sermonem
1447 3214 1719 3271 habuerit
1749 3215 1808 3272 in

1839 1926 1899 1992 Β.

1922 637 2017 694 lus
2039 642 2260 707 autem,
2283 638 2581 696 nescimus
2609 656 2725 713 quo
2748 657 2890 696 cusu
2916 640 3037 715 [x1],
3061 642 3120 696 in
3143 641 3335 697 codice
3354 641 3576 697 Frisiu-

1921 728 2087 801 gensi
2118 726 2578 802 haudquaquam
2596 729 2897 797 invenerit,
2928 729 3237 802 solumque
3258 729 3572 787 titulumin

1922 818 2258 891 apographo
2289 818 2614 875 exhibuerit
2641 837 2653 886 ;
2689 816 2797 874 nos
2829 823 3129 892 sperantes
3180 812 3298 875 fore
3329 822 3395 874 ut
3425 819 3573 876 inte-

1920 922 2093 978 grum
2110 905 2326 963 ibidem
2348 907 2581 981 reperiri
2602 907 3178 982 possetopusculum,
3195 908 3424 981 egimus
3436 924 3571 964 cum
3596 906 3601 913 ’

1922 994 2290 1052 nobilissimo
2320 995 2560 1067 patricio
2593 1002 2790 1053 nostro
2823 998 3035 1053 comite
3064 998 3287 1054 Joanne
3310 996 3574 1069 Baptista

1921 1081 1991 1142 de
2044 1083 2318 1152 Veritate,
2347 1084 2444 1157 qui
2479 1102 2509 1141 e
2548 1085 2937 1142 serenissima:
2994 1085 3279 1141 Bavaricae
3336 1085 3572 1141 familiae

1921 1172 2055 1230 aula
2069 1173 2357 1231 Veronam
2373 1172 2694 1247 digressus,
2709 1173 2769 1230 in
2785 1174 3049 1230 eamdem
3072 1174 3269 1230 aulam
3292 1178 3414 1230 erat
3427 1172 3575 1230 redi-
3596 1168 3599 1175 ’

1918 1268 2110 1333 turus,
2142 1267 2201 1319 et
2228 1263 2301 1319 ab
2331 1263 2535 1319 eodem
2566 1262 2878 1335 petivimus
2896 1263 3148 1319 efﬁceret
3168 1268 3233 1319 ut
3253 1264 3449 1336 ipsum
3471 1279 3574 1319 co-

1919 1353 2108 1408 dicem
2142 1350 2498 1425 diligentiori
2528 1366 2669 1406 cura
2699 1350 2993 1425 quispiam
3021 1351 3244 1423 peritus
3265 1352 3569 1407 evolveret.

1918 1438 2354 1513 expetitumque
2411 1456 2579 1513 opus,
2640 1438 2687 1495 si
2722 1440 3123 1504 inveniretur,
3196 1440 3565 1496 exseriberet.

1918 1529 2123 1586 Virum
2154 1531 2307 1587 nacti
2333 1546 2541 1586 sumus
2561 1528 2888 1595 litterarum
2912 1528 3439 1595 studiosissimum,
3464 1518 3593 1601 qui'

1823 1652 1829 1658 -
1916 1635 2052 1675 cum
2082 1618 2234 1675 hanc
2278 1617 2535 1675 Ratherii
2592 1617 2905 1675 editionem
2969 1617 3218 1674 maxime
3273 1610 3566 1689 probaret,

1913 1711 2041 1763 tum
2068 1723 2205 1763 vero
2235 1706 2423 1763 eidem
2467 1724 2701 1764 omnem
2733 1722 2900 1779 opem
2959 1709 3358 1779 praestaturus,
3388 1706 3567 1761 Fran-

1915 1796 2069 1852 cisco
2099 1796 2171 1852 de
2202 1796 2604 1852 Werdenstein
2635 1796 2930 1868 eipiscopo
2960 1796 3320 1862 Tenariensi,
3336 1812 3401 1850 ac
3422 1794 3567 1850 emi-

1918 1883 2253 1955 nentissimi
2299 1884 2689 1958 Frisingensis
2720 1883 2975 1958 episcopi
2997 1884 3385 1957 sulfraganeo,
3419 1882 3567 1939 ami-
3640 1892 3649 1897 ‘

1917 1974 2158 2030 cissimo
2176 1990 2302 2047 suo,
2317 1974 2791 2047 optimorumque
2807 1975 3136 2031 studiorum
3158 1972 3566 2029 amantissimo

1915 2061 1974 2118 id
2006 2062 2220 2135 negotii
2243 2063 2691 2131 commendavit,
2706 2062 2765 2117 in
2783 2063 2939 2135 quod
2958 2062 3161 2118 cumis
3182 2077 3416 2117 omnem
3432 2060 3567 2116 dili-

1915 2150 2175 2224 gentiam
2201 2149 2567 2217 contulisset,
2602 2150 2951 2223 opusculum
2983 2151 3279 2224 integrum
3309 2153 3367 2205 et
3398 2164 3570 2205 accu-

1916 2242 2038 2295 rate
2067 2240 2486 2311 transcriptum
2517 2239 2871 2312 accepimus.
2893 2238 3064 2295 Aliud
3090 2239 3373 2311 quiddam
3394 2238 3455 2292 in
3476 2252 3568 2293 eo-

1915 2328 2049 2383 dem
2077 2326 2274 2385 codice
2301 2327 2904 2393 animadvertendum.
2933 2328 3069 2384 Post
3096 2325 3355 2383 Ratherii
3387 2341 3566 2398 opera

1916 2415 2130 2489 pagina
2159 2415 2293 2472 alba
2324 2415 2542 2485 relicta,
2572 2416 2669 2472 hic
2696 2420 2929 2472 tantum
2960 2415 3169 2472 titulus
3210 2415 3513 2488 praefertur
3544 2431 3559 2483 ;

1915 2504 2344 2562 Praedicationes
2392 2508 2452 2560 in
2510 2505 2836 2579 quibusdam
2862 2505 3036 2577 festis.
3069 2504 3305 2576 Aliquot
3364 2504 3561 2558 autem

1916 2609 2214 2649 sermones
2270 2591 2683 2667 subjiciuntur,
2715 2592 2817 2666 qui
2846 2610 2932 2649 ex.
2954 2594 3025 2663 ⁹8.
3059 2591 3315 2665 Gregorii
3367 2590 3581 2647 verbis'

1914 2681 2053 2738 hinc
2083 2680 2219 2738 inde
2250 2683 2533 2756 excerptis
2562 2682 2868 2755 compecti,
2893 2700 2927 2739 a
2951 2681 3300 2738 Ratheriano
3327 2680 3475 2754 style
3507 2682 3564 2736 et

1916 2771 2340 2828 consuetudine
2370 2770 2715 2828 alienissimi
2748 2776 2908 2838 sunt,
2942 2772 3004 2827 In
3032 2772 3124 2827 his
3154 2786 3309 2826 unus
3358 2772 3448 2825 est
3491 2768 3580 2825 de'

1918 2859 2139 2916 sanctis
2163 2860 2355 2916 Firmo
2385 2864 2441 2915 et
2480 2861 2737 2929 Rustico,
2767 2875 2835 2916 ex
2865 2862 2923 2916 S.
2957 2861 3231 2934 Gregorio
3289 2856 3564 2915 similiter

1918 2949 2319 3017 concinnatus,
2346 2965 2519 3021 quem
2539 2946 2786 3024 exempli
2812 2948 2999 3022 gratia
3013 2948 3076 3014 in
3098 2947 3420 3021 Appencice
3437 2947 3567 3003 ede-

1919 3050 2072 3093 mus.
2105 3037 2334 3095 Videsis
2365 3038 2834 3095 Admonitionem
2865 3038 3054 3095 cidem
3086 3036 3339 3095 sermoni
3377 3035 3567 3109 praeﬁ-

1917 3142 2051 3182 xam
2061 3167 2073 3180 .

1990 3213 2106 3270 XV.
2136 3215 2197 3270 In
2230 3231 2374 3271 mss.
2399 3215 2697 3271 codicibus
2722 3215 2961 3288 capituli
2986 3213 3337 3271 Veronensis
3368 3211 3565 3269 Eccle-

157 3302 417 3376 capitulo
446 3301 796 3358 monialium
828 3303 1087 3376 (Praeloq.
1111 3320 1150 3376 ι.
1173 3320 1227 3369 v,
1260 3319 1309 3358 c.
1343 3302 1477 3375 ult.)
1502 3321 1515 3371 ;
1540 3303 1649 3360 hoc
1666 3304 1811 3361 forte
1840 3289 1889 3361 α
1922 3303 2043 3371 βίω,
2076 3302 2136 3359 in
2172 3319 2288 3376 qua
2315 3303 2622 3360 Ratherius
2647 3303 2924 3377 pleraque
2982 3302 3264 3376 opuscula
3305 3302 3563 3375 scripsit,

158 3396 418 3464 tempore
446 3390 604 3447 idem
637 3392 817 3447 codex
835 3408 904 3447 ex
919 3390 1106 3464 ipsius
1119 3390 1375 3448 auctoris
1393 3391 1755 3466 autographa
1772 3410 1806 3449 a

158 3481 354 3537 minus
385 3481 575 3554 perito
604 3480 842 3538 librario
869 3497 984 3536 non
1018 3481 1144 3536 sine
1196 3480 1424 3536 mendis
1481 3481 1806 3555 exscriptus

156 3569 279 3627 fuit.
315 3571 691 3642 Quaecunque
719 3587 895 3642 opera
922 3570 981 3625 in
1013 3569 1122 3625 hoc
1161 3585 1273 3625 ms.
1307 3568 1569 3643 exemplo
1620 3571 1803 3627 conti-

156 3662 386 3728 nentur,
406 3664 541 3732 post
558 3658 786 3715 tertiam
809 3659 1069 3716 Ratherii
1092 3659 1520 3716 restitutionem
1551 3659 1611 3716 in
1634 3677 1805 3717 suam

154 3750 549 3806 Veronensem
582 3748 919 3822 cathedram
952 3746 1259 3805 lucubrata
1287 3748 1801 3822 deprehendimus.

156 3836 305 3893 Nihil
339 3837 401 3893 in
432 3838 544 3894 hoc
563 3836 826 3913 exemplo
849 3837 1140 3894 invenitur
1164 3837 1317 3910 quod
1337 3838 1409 3892 ab
1430 3837 1671 3895 Acherio
1689 3839 1805 3895 edi-

156 3930 274 3981 tum
309 3942 428 3982 non
457 3926 649 3982 fuerit.

220 4014 368 4071 XIV.
400 4015 491 4071 Ad
522 4014 679 4071 idem
706 4031 940 4087 quoque
977 4020 1211 4088 tempus
1263 4017 1554 4089 pertinent
1606 4016 1806 4073 omnia

158 4118 278 4175 quae
309 4104 372 4160 in
404 4119 518 4161 ms.
550 4102 701 4160 libro
735 4102 1090 4177 Frisingensi
1150 4104 1583 4161 describuntur.
1616 4104 1802 4174 Hunc,

158 4209 327 4265 quem
343 4193 847 4266 septingentorum
870 4210 1157 4249 annorum
1170 4210 1298 4250 esse
1318 4194 1654 4251 testatur.P.
1676 4196 1804 4264 Pez,

155 4282 367 4356 Josepb
391 4281 772 4357 Frisingellus
792 4282 1092 4357 presbyter
1119 4282 1542 4350 Roboretanus,
1560 4285 1805 4357 optima-

156 4388 281 4427 rum
306 4371 635 4429 litterarum
660 4370 1155 4440 studiosissimus,
1177 4372 1320 4427 dum
1344 4372 1622 4446 Frisingaz
1646 4373 1801 4446 apud

156 4461 411 4518 amicum
435 4478 613 4518 suum
636 4460 1049 4534 hospitaretur,
1082 4461 1286 4517 eodem
1318 4460 1602 4532 adjutore,
1632 4466 1805 4533 prout

154 4550 305 4608 brevi
338 4551 531 4624 spatio
558 4550 741 4618 licuit,
756 4549 1060 4606 celebriter
1078 4550 1523 4607 exscribendum
1554 4551 1798 4606 curavit.

155 4636 231 4694 Ex
258 4638 985 4732 boc‘autemapographo,
1021 4639 1179 4732 quod
1210 4639 1390 4732 nobis.
1410 4644 1621 4732 praesto
1668 4640 1796 4732 fuit,
1829 4666 1876 4732 D

154 4727 839 4803 cognovimus,pleraque
857 4745 997 4786 sane
1019 4746 1144 4801 quae
1166 4728 1225 4784 in
1249 4726 1603 4802 Frisingcnsi
1623 4729 1799 4787 conti-

153 4820 387 4888 nentur,
417 4818 576 4876 edita
605 4817 787 4876 fuisse
818 4819 1033 4891 partim
1064 4819 1135 4885 ab
1161 4817 1427 4886 Achcrio,
1456 4819 1558 4891 qui
1596 4820 1798 4876 eadem

153 4907 208 4963 in
239 4925 352 4964 ms.
387 4906 763 4964 Laudunensi
796 4912 1004 4964 nactus
1025 4907 1233 4974 fuerat,
1253 4906 1466 4980 partim
1491 4924 1525 4964 a
1561 4907 1799 4966 laudato

152 4995 209 5051 P.
242 4997 372 5054 Pez.
394 5000 469 5052 At
487 4995 751 5070 quinque
772 4993 1075 5069 opuscula,
1096 5012 1224 5069 quae
1248 4997 1511 5053 nondum
1527 4997 1587 5052 in
1606 4997 1797 5053 lucem

150 5086 505 5158 prodierant,
540 5084 759 5143 ibidem
798 5082 1160 5157 invenimus,
1186 5084 1466 5141 nimirum
1520 5087 1799 5143 Decretum

149 5176 209 5232 de
234 5176 453 5233 clerici:
476 5175 545 5231 ab
575 5177 833 5232 invasore
870 5174 1156 5243 ordinatis,
1189 5175 1337 5231 duos
1384 5179 1667 5232 tractatus
1723 5177 1799 5232 De

146 5268 365 5339 proprio
407 5267 591 5337 lapsu,
624 5269 682 5321 et
714 5270 789 5321 De
845 5277 1096 5321 sermone
1150 5266 1321 5322 otioso
1354 5283 1371 5330 ;
1403 5281 1469 5320 ac
1499 5280 1799 5321 sermones

150 5354 311 5424 duos,
350 5368 538 5411 unum
570 5355 645 5410 De
698 5355 1024 5422 Pentecoste,
1058 5353 1239 5409 alium
1270 5355 1344 5409 De
1375 5355 1548 5409 Maria
1577 5362 1629 5409 et
1656 5356 1799 5410 Mar-

151 5443 254 5499 tha.
282 5443 433 5500 Cum
466 5459 641 5517 porro
670 5459 739 5498 ex
769 5442 830 5497 P.
858 5443 1153 5499 Bernardo
1183 5443 1292 5499 Pez
1322 5443 1703 5499 didicerimus
1737 5445 1795 5500 in

148 5530 375 5590 laudato
402 5533 611 5601 codice
631 5531 873 5604 reperiri
891 5531 1069 5587 etiam
1092 5532 1450 5606 opusdulum
1470 5534 1544 5589 De
1564 5535 1800 5591 transla-

146 5624 285 5681 tiune
310 5625 556 5696 corporis
588 5623 645 5680 S.
678 5623 955 5695 Maronis,
983 5622 1155 5693 cujus
1213 5622 1607 5696 fragmentum
1668 5627 1795 5680 tan-

148 5704 1385 5782 tummodo,utmonuimus,Bartholomaeus
1406 5713 1799 5785 Campagnola

1916 3390 2133 3448 mirum
2161 3392 2340 3448 dictu!
2368 3396 2575 3465 praeter
2595 3409 2663 3449 ea
2684 3409 2871 3465 pauca
2897 3409 3024 3465 quae
3045 3390 3302 3463 vulgavit
3315 3390 3561 3446 Bartho-

1913 3481 2154 3537 lommus
2184 3481 2597 3556 Campagnola,
2630 3481 2777 3537 nihil
2807 3481 3059 3554 reperire
3088 3479 3273 3537 licuit.
3307 3479 3419 3535 Sed
3462 3477 3561 3534 ille

1913 3571 2084 3626 tertio
2116 3570 2346 3627 Verona
2373 3572 2680 3637 decedens,
2711 3570 2829 3626 huc
2860 3569 3115 3642 amplius
3144 3584 3259 3623 non
3292 3584 3555 3623 reversu-

1914 3674 2037 3727 rus,
2070 3677 2179 3715 sua
2203 3676 2377 3732 opera
2403 3676 2601 3716 secum
2633 3659 2863 3732 videtur
2884 3657 3184 3715 detulisse.

1984 3748 2124 3804 XVI.
2159 3747 2303 3804 Cum
2336 3764 2470 3804 vero
2501 3749 2561 3803 in
2593 3765 2766 3805 suum
2801 3747 3084 3805 Lobiense
3115 3745 3466 3812 cmnobium,
3502 3745 3561 3800 in
3624 3814 3635 3823 _

1914 3852 2028 3909 quo
2059 3838 2446 3895 monasticam
2478 3837 2656 3893 vitam
2688 3838 2987 3910 professus
3034 3837 3242 3902 fuerat,
3267 3851 3394 3891 sese
3453 3833 3567 3890 ali-

1914 3927 2151 3999 quando
2182 3928 2483 3999 receperit,
2506 3926 2783 4000 pleraque
2811 3925 2999 3999 ipsius
3019 3942 3195 3999 opera
3214 3924 3273 3980 in
3299 3924 3565 3996 ejusdem

1915 4016 2255 4073 monasterii
2289 4015 2588 4073 codicibus
2618 4017 2922 4072 inventum
2954 4015 3025 4070 iri
3056 4014 3462 4088 sperabamus,
3496 4028 3567 4068 ex

1914 4105 2130 4177 quibus
2161 4105 2538 4178 potissimum
2569 4105 2906 4162 eorumdem
2933 4120 3175 4178 operum
3208 4101 3565 4159 mentionem

1913 4195 2136 4251 faciunt
2166 4194 2485 4255 Fulcuinus
2517 4196 2699 4250 abbas
2721 4190 3367 4262 Lobiensis,Anselmus
3391 4206 3567 4246 cano-

1914 4283 2082 4339 uicus
2115 4282 2474 4351 Leodiensis,
2498 4284 2834 4357 Sigebertus
2851 4281 3288 4338 Gemblacensis
3324 4283 3381 4335 et
3412 4279 3564 4352 Egi-

1912 4373 2045 4429 dius
2071 4373 2140 4430 de
2165 4374 2376 4430 Leodio
2401 4375 2543 4446 [xu].
2560 4374 2676 4428 Hac
2699 4388 2801 4445 spe
2824 4370 3053 4427 illectus
3084 4368 3346 4426 marchio
3368 4368 3562 4441 Scipio

1911 4461 2196 4530 Maii‘eius,
2227 4461 2327 4534 qui
2358 4462 2508 4517 hanc
2540 4458 3028 4517 Rutberianorum
3073 4460 3327 4533 Operum
3385 4456 3560 4514 colle-

1911 4549 2161 4608 ctionem
2182 4551 2433 4607 maxime
2453 4552 2775 4623 expetebat,
2806 4549 3101 4606 eruditum
3128 4549 3236 4603 iter
3261 4546 3559 4619 Belgicum

1912 4656 2110 4713 agens,
2142 4656 2175 4696 a
2207 4639 2691 4696 reverendissimo
2749 4637 3070 4697 Theodulfo
3120 4637 3349 4703 abbate,
3383 4652 3559 4708 quem

1912 4727 2115 4785 Laubii
2142 4729 2358 4787 frustra
2387 4730 2694 4802 quaesitum
2719 4726 3003 4785 Bruxellis
3023 4726 3256 4801 reperit,
3281 4725 3457 4782 etiam
3475 4727 3561 4780 at-

1911 4833 2024 4890 que
2055 4817 2228 4874 etiam
2278 4818 2445 4890 petiit
2476 4822 2539 4874 ut
2599 4817 3085 4875 Ratherianorum
3146 4814 3415 4873 codicum
3469 4812 3561 4869 sui

1909 4906 2154 4963 cmnobii
2169 4911 2502 4966 accuratam
2518 4906 2785 4963 notitiam
2806 4906 3098 4967 Veronam
3114 4903 3560 4961 transmitteret.

1907 4992 2135 5052 Maﬂ‘eio
2166 5001 2362 5053 autem
2392 4995 2679 5053 Veronam
2730 5012 2979 5064 reverso,
3013 5011 3147 5051 cum
3203 4993 3560 5049 ineditorum

1907 5083 2239 5157 exemplum
2298 5085 2585 5159 praecipue
2614 5085 3045 5159 desideraretur
3082 5084 3454 5157 vulgatorum
3507 5083 3605 5137 et“

1906 5190 2108 5230 eorum
2140 5191 2266 5247 quae
2299 5193 2368 5231 ex
2397 5174 2756 5249 Frisingensi
2787 5175 2985 5232 codice
3015 5174 3276 5231 nondum
3324 5169 3562 5243 vulgata

1907 5264 2273 5321 habebamus
2304 5264 2363 5321 in
2393 5264 2689 5332 manibus,
2712 5264 2965 5320 indicem
2989 5265 3059 5318 ad
3083 5261 3354 5342 eumdem
3377 5260 3561 5317 abba-

1906 5360 2025 5410 tem
2058 5354 2353 5420 misimus,
2386 5359 2470 5422 ut,
2504 5353 2751 5428 cognitis
2784 5370 2910 5425 quae
2941 5350 3111 5408 nobis
3144 5354 3318 5423 praete
3368 5354 3554 5418 erant,

1906 5461 1974 5500 ea
2005 5460 2133 5517 qum
2188 5445 2459 5500 deessent
2516 5443 2669 5499 facili
2727 5441 2957 5514 negotio
3006 5440 3259 5497 discerni
3291 5442 3552 5513 possent,

1906 5534 2227 5606 eademque
2259 5537 2323 5589 ut
2342 5531 2652 5605 diligenter
2682 5531 3211 5587 transcriberentur
3240 5528 3556 5603 postulavi-

1908 5640 2063 5687 mus.
2085 5624 2301 5680 Verum
2334 5638 2467 5678 eum
2500 5620 2834 5677 incendium
2868 5619 3007 5677 olim
3038 5621 3149 5678 hoc
3179 5620 3402 5676 celebre
3434 5636 3556 5675 mo-

1907 5713 2228 5769 nasterium
2259 5714 2565 5777 vastasset,
2590 5709 2786 5783 plures
2817 5711 3044 5766 codices
3076 5709 3409 5782 consumpti
3445 5726 3457 5763 :
3492 5724 3558 5764 ac
