4070 6372
452 363 529 435 I9

1407 367 1862 439 RATHERIUS
1909 370 2400 438 venosuasxs
2442 342 2897 438 Episcopus.

3782 361 3866 432 20

453 504 699 582 proinde
712 504 881 580 pauci
897 503 1216 564 admodum
1231 505 1514 565 Minoritze
1536 508 1842 581 cujusdam
1860 507 2103 580 diligen-
2131 509 2188 576 Î‘
2216 506 2396 564 stolas
2422 494 2977 575 Ratheriicontinet,
3002 522 3149 579 quas
3171 501 3647 579 Chapeauvillius
3665 500 3869 578 vulga-

452 596 539 653 tia
569 614 599 653 e
629 596 886 653 flammis
917 596 1189 657 subducti
1221 600 1638 669 supersunt,ut
1655 597 1935 654 Antonius
1952 597 2102 652 San-

455 686 637 743 derus
660 684 903 742 tradidit
922 686 1203 757 (Bibiioth.
1228 687 1456 755 Belgic.,
1477 700 1608 758 pag.
1626 684 1776 756 293).
1812 684 1988 741 Plura
2007 684 2105 741 ille

457 774 815 847 transcripta
841 774 1023 841 misit,
1053 775 1203 829 inter
1233 791 1362 845 quae
1392 774 1505 829 duo
1560 778 1791 829 tantum
1843 773 2105 829 Ratherii

457 880 635 938 opera
654 864 916 920 nondum
936 862 1464 936 vulgataexhibuit,
1481 862 1762 919 nimirum
1777 879 2105 919 sermonem

456 955 535 1010 De
580 968 738 1009 caena
792 954 1029 1019 Domini,
1063 954 1121 1007 et
1148 951 1366 1007 librum
1424 952 1790 1022 Confessionis
1839 952 2105 1022 ejusdem

458 1034 720 1100 Ratherii
755 1058 769 1097 :
803 1045 1007 1097 caetera
1035 1055 1188 1109 vero,
1217 1057 1347 1112 quae
1378 1039 1555 1096 simul
1613 1040 1966 1112 accepimus,
1998 1039 2107 1095 etsi

459 1133 632 1186 antea
659 1129 832 1197 edita,
864 1127 1245 1184 emendandis
1278 1132 1471 1184 tamen
1528 1127 1752 1202 aliquot
1781 1128 1925 1184 locis
1976 1145 2106 1201 pro-

460 1219 714 1274 fuerunt.

531 1307 701 1363 XVII.
721 1306 840 1362 Hac
859 1322 993 1362 vero
1015 1305 1319 1378 diligentia
1345 1322 1460 1361 non
1503 1308 1778 1375 contenti,
1813 1323 1947 1362 cum
1978 1305 2110 1363 lau-

465 1396 603 1452 dato
634 1395 846 1451 comite
875 1395 1101 1452 Joanne
1132 1393 1395 1467 Baptista
1423 1396 1495 1450 de
1524 1394 1777 1451 Veritate
1797 1396 2027 1470 egimus
2048 1401 2113 1452 ut

466 1483 1022 1541 reverendissimum
1041 1483 1314 1539 abbatem
1328 1482 1573 1539 Paulum
1590 1485 1666 1539 du
1683 1485 1943 1558 Bois,qui
1960 1485 2111 1541 The-

472 1571 672 1630 odulfo
704 1574 1026 1628 memorato
1048 1571 1352 1640 successit,
1366 1572 1436 1628 ad
1464 1589 1675 1632 navum
1698 1577 1754 1628 et
1773 1572 2114 1646 diligentius

475 1658 857 1716 Lobiensium
878 1659 1147 1716 codicum
1169 1676 1409 1716 examen
1433 1676 1536 1733 per
1565 1660 1789 1717 litteras
1820 1662 2117 1719 excitaret.

477 1748 703 1805 Annuit
733 1748 889 1804 idem
921 1748 1124 1817 abbas,
1152 1752 1211 1804 et
1241 1752 1373 1820 post
1400 1749 1747 1806 exactiorem
1779 1749 2118 1823 inquisitio-

472 1853 608 1894 nem
629 1836 930 1910 rescripsit
951 1836 1064 1893 tria
1087 1854 1244 1894 nunc
1265 1837 1666 1909 manuscripta
1685 1839 2037 1911 exemplaria
2057 1839 2116 1894 in

474 1943 544 1983 ea
574 1926 934 1983 bibliotheca
961 1925 1221 1998 reperiri,
1258 1942 1385 1998 quas
1415 1925 1614 1998 aliqua
1663 1927 1918 1985 Ratherii
1951 1945 2127 2000 opera

477 2014 800 2071 continent.
829 2014 1019 2071 Unum
1052 2013 1111 2070 in
1143 2013 1300 2082 folio,
1323 2030 1391 2070 ex
1412 2030 1527 2086 quo
1549 2016 1661 2071 sub
1690 2016 2011 2072 Theodulfo
2032 2016 2132 2072 ab-

478 2103 617 2159 bate
646 2102 975 2175 exscriptus
1004 2102 1115 2158 fuit
1143 2102 1434 2159 indicatus
1482 2120 1674 2160 sermo
1721 2106 1796 2161 De
1824 2121 1972 2161 omna
2025 2107 2130 2161 Do-

480 2194 644 2248 mini.
678 2191 793 2248 Iste
822 2194 1019 2247 autem
1050 2190 1229 2247 codex
1260 2189 1356 2248 ille
1384 2196 1474 2248 est
1521 2192 1621 2264 qui
1651 2192 1821 2264 plura
1872 2192 2134 2249 continet

482 2284 824 2337 sanctorum
856 2284 1181 2352 martyrum
1214 2284 1361 2346 acta,
1386 2284 1443 2336 et
1473 2280 1587 2336 alia
1612 2281 1896 2337 nonnulla
1920 2281 1990 2338 ad
2021 2281 2136 2337 Ve-

480 2385 688 2426 ronam
715 2368 1102 2441 pertinentia:
1128 2384 1383 2440 cumque
1404 2368 1454 2424 is
1478 2370 1734 2425 Ratherii
1756 2386 1932 2426 manu
1954 2370 2135 2443 scrip-

478 2462 578 2514 tus
591 2457 1063 2524 crederetur,non
1078 2457 1389 2513 defuerunt
1400 2457 1499 2529 qui
1517 2458 1788 2514 Ratheriu
1798 2476 1854 2514 m
1868 2476 2141 2532 quorum-

484 2547 623 2602 dam
664 2545 841 2601 etiam
867 2549 1131 2601 actorum
1179 2547 1619 2618 suspicarentur
1673 2553 1992 2605 auctorem.
2026 2549 2141 2605 Nos

482 2649 627 2690 vero
658 2633 766 2691 etsi
790 2632 984 2706 ipsum
1016 2633 1275 2689 codicem
1307 2635 1611 2707 inspicere,
1632 2634 2143 2709 characteremque

487 2738 624 2779 cum
637 2722 1117 2795 Ratheriano,qui
1139 2722 1198 2778 in
1221 2722 1517 2795 aliquibus
1536 2724 1774 2797 capituli
1794 2725 2143 2782 Veronensis

490 2810 775 2884 exemplis
824 2815 1019 2868 certus
1063 2812 1207 2884 (xm]
1232 2812 1487 2868 Ratherii
1519 2813 1818 2869 character
1862 2818 1972 2881 est,
2007 2830 2143 2870 con-

493 2900 645 2957 ferre
673 2901 1047 2973 nequivimus
1073 2919 1086 2970 ;
1111 2918 1247 2957 eum
1268 2906 1461 2957 tamen
1484 2918 1661 2958 manu
1682 2901 1867 2975 ipsius
1889 2902 2145 2976 episcOpi

495 2992 797 3046 exaratum
827 2989 1290 3062 haudquaquam
1323 2994 1619 3063 putamus.
1654 2993 1797 3046 Acta
1828 2997 1980 3047 certe
2011 3008 2144 3048 san-

496 3081 727 3133 ctorum
756 3077 935 3133 Firmi
965 3082 1023 3134 et
1052 3078 1294 3145 Rustici,
1330 3083 1386 3134 et
1415 3079 1698 3134 nonnulla
1718 3080 1834 3135 alia
1891 3097 2017 3152 quae
2072 3080 2143 3136 ad

496 3166 787 3222 Veronam
819 3170 1104 3238 spectant,
1129 3183 1245 3223 non
1278 3167 1639 3236 Rathorium,
1669 3169 1770 3225 sed
1795 3169 1940 3225 alios
1972 3174 2146 3241 atque

2210 594 2313 662 vit,
2335 610 2441 650 nec
2469 611 2586 650 non
2618 594 2778 651 illam
2801 594 2873 650 ad
2904 594 3193 650 Patricum
3207 594 3280 650 ab
3292 592 3534 649 Acherio
3554 590 3871 657 editam,et

2213 682 2387 739 aliam
2419 683 2490 739 ad
2523 699 2727 738 omnes
2754 682 2974 750 fideles,
3004 698 3182 754 quam
3215 697 3284 738 ex
3311 680 3422 738 hoc
3450 680 3654 736 eodem
3668 679 3870 734 codice

2215 771 2319 828 PP.
2352 773 2610 827 Martene
2640 775 2697 828 et
2726 772 3037 827 Durandus
3068 770 3435 843 impressere.
3454 768 3558 824 H10
3578 785 3751 841 porro
3773 784 3870 823 co-

2215 861 2324 917 dex
2356 866 2563 933 praeter
2594 861 2877 916 ineditum
2910 860 3127 915 librum
3177 859 3566 931 Confessionis,
3599 866 3870 912 reveren-

2215 949 2445 1005 dissimi
2477 948 2662 1005 Patris
2694 949 2923 1005 abbatis
2938 948 3097 1005 Pauli
3114 949 3193 1004 du
3210 947 3344 1005 Bois
3369 945 3690 1019 diligentia,
3706 944 3869 1001 aliud

2218 1038 2503 1094 ineditum
2527 1038 2881 1110 opusculum
2896 1036 3307 1111 suppeditavit,
3326 1035 3606 1091 nimirum
3630 1034 3875 1090 Phrene-

2219 1130 2343 1199 sim,
2376 1143 2501 1199 quae
2529 1126 2672 1182 olim
2705 1144 2739 1182 a
2770 1126 3077 1192 Fulcuino,
3110 1131 3313 1198 postea
3340 1141 3475 1180 vero
3504 1124 3576 1179 ab
3617 1123 3874 1203 Antonio

2218 1216 2477 1272 Sandero
2498 1215 2741 1272 laudata
2771 1216 3055 1289 (Biblioth.
3088 1215 3316 1285 Beigic.,
3342 1230 3399 1286 p.
3422 1214 3574 1281 303),
3616 1211 3675 1267 in
3716 1211 3875 1267 desi-

2218 1305 2376 1362 derio
2423 1309 2564 1360 erat.
2598 1306 2680 1361 Ex
2738 1305 3027 1361 hactenus
3084 1303 3257 1360 dictis
3313 1318 3518 1358 novem
3576 1317 3704 1358 esse
3736 1301 3877 1374 [xiv]

2220 1393 2478 1452 Ratherii
2510 1392 2815 1467 opuscula,
2845 1409 2973 1465 quae
3001 1392 3061 1448 in
3093 1392 3203 1447 hac
3235 1390 3575 1448 collectione
3614 1390 3876 1463 primum

2221 1483 2411 1540 lucem
2436 1482 2738 1555 aspicient,
2760 1480 3123 1554 exploratum
3154 1485 3264 1536 est.

2293 1570 2626 1627 XVIII.Alia
2654 1587 2788 1627 vero
2811 1587 3064 1643 quorum
3096 1568 3358 1642 aliquam
3382 1568 3538 1641 apud
3561 1567 3880 1641 scriptores

2224 1660 2582 1717 mentionem
2611 1660 2968 1730 invenimus,
3001 1674 3353 1732 quacunque
3375 1656 3678 1731 diligentia
3707 1656 3880 1712 adhiâ€”

2225 1749 2348 1806 bita
2377 1747 2586 1805 nullibi
2618 1748 2869 1821 reperire
2898 1747 3083 1804 licuit.
3104 1751 3324 1804 Horum
3337 1750 3533 1804 autem
3548 1744 3881 1804 recensioin

2230 1838 2339 1895 hac
2369 1837 2704 1911 praefatione
2736 1837 2895 1893 haud
2933 1837 3269 1893 omittenda
3298 1840 3404 1893 est.
3421 1838 3553 1908 Ipse
3583 1834 3903 1891 Ratherius

2240 1928 2300 1983 in
2330 1926 2501 2000 epist.
2528 1929 2588 1994 3,
2620 1928 2692 1983 ad
2724 1926 3069 1982 Rotbertum
3103 1923 3630 1998 archiepiscopum,
3653 1939 3821 1979 num.
3847 1924 3903 1991 1,

2241 2016 2599 2089 opusculum
2624 2020 2913 2072 memorat
2942 2016 3046 2072 abs
3061 2031 3124 2070 se
3139 2013 3424 2087 scriptum
3445 2017 3760 2084 antequam
3774 2012 3903 2085 epi-

2242 2123 2459 2180 scopus
2490 2104 2673 2172 fieret,
2700 2121 2815 2177 quo
2838 2102 3365 2160 Mediolanensium
3390 2101 3802 2175 quaetiunculis
3822 2118 3911 2157 re-

2243 2194 2483 2266 spondit
2494 2193 2566 2249 iis
2587 2192 2685 2266 pla
2698 2209 2772 2249 ne
2784 2192 3081 2248 similibus
3095 2208 3242 2265 quas
3256 2192 3570 2247 Rotbertus
3582 2207 3908 2263 proposue-

2244 2287 2356 2339 rat.
2386 2282 2502 2338 Has
2533 2281 2605 2337 ad
2635 2281 2879 2353 profana
2910 2280 3111 2337 studia
3142 2281 3518 2354 pertinuisse,
3552 2278 3719 2352 queis
3771 2283 3914 2351 pcst

2246 2371 2653 2444 episcopatum
2689 2370 3143 2436 renuntiaverat,
3176 2369 3446 2443 colligam
3476 2368 3675 2424 licebit
3704 2385 3773 2424 ex
3802 2384 3910 2423 ea-

2250 2461 2389 2517 dem
2416 2459 2681 2532 cpistola,
2716 2458 2777 2514 in
2809 2476 2986 2531 quam
3018 2460 3148 2515 vide
3178 2459 3506 2515 notationes
3549 2460 3819 2531 quartam
3851 2460 3915 2513 et

2253 2549 2541 2622 quintam.
2574 2549 2738 2604 Aliud
2765 2549 3021 2605 columen
3051 2548 3250 2603 laudat
3278 2547 3426 2602 iibro
3477 2552 3637 2603 sexto
3698 2545 3912 2601 Praele-

2254 2640 2547 2708 quiorum,
2581 2655 2708 2710 cap.
2729 2640 2784 2706 7,
2809 2636 2866 2692 in
2890 2638 3039 2709 qood
3072 2635 3383 2709 cujusdam
3415 2634 3744 2708 philosophi
3771 2652 3910 2691 sen-

2252 2726 2493 2783 tentiam
2526 2726 2869 2782 inseruerat.
2900 2725 3017 2783 Hoc
3048 2729 3243 2781 autem
3280 2741 3423 2783 num
3476 2724 3632 2780 idem
3663 2722 3741 2779 sit
3768 2740 3909 2778 cum

2252 2814 2631 2887 praecedenti,
2661 2831 2734 2871 an
2793 2814 3139 2870 distinctum
3196 2817 3253 2870 et
3302 2829 3464 2884 aeque
3511 2811 3909 2884 deperditum,

2255 2920 2372 2960 non
2404 2902 2615 2977 liquet.
2649 2904 2729 2960 De
2757 2901 3159 2960 voluminibus
3189 2900 3496 2957 duodecim
3524 2917 3650 2973 quae
3704 2904 3915 2957 auctor

2256 2995 2541 3048 memorat
2565 2992 2624 3047 in
2649 2990 2929 3063 prooemio
2942 2992 3012 3046 ad
3038 2990 3397 3058 Phrenesim,
3414 2989 3544 3046 vide
3565 3007 3694 3063 quae
3715 2989 3911 3046 fusius

2257 3080 2790 3138 animadvertemus
2821 3080 2881 3135 in
2910 3079 3043 3135 Vita
3071 3080 3361 3152 ejusdem,
3396 3079 3427 3152 Â§
3459 3080 3543 3147 10,
3578 3095 3718 3134 num
3778 3080 3871 3134 61.

2328 3170 2464 3225 XIX.
2500 3168 2819 3226 Fulcuinus
2850 3170 2921 3225 de
2950 3168 3144 3225 Gestis
3174 3169 3458 3224 abbatum
3507 3168 3912 3237 Lobiensium,

501 3253 647 3310 alios
678 3255 896 3310 habent
925 3260 1212 3311 auctores.
1237 3255 1459 3311 Etenim
1486 3255 1587 3311 illa
1617 3256 1823 3312 actain
1847 3256 1978 3312 aliis
2000 3239 2143 3329 quo-
2176 3239 2221 3305 Î¸
2258 3276 2384 3332 cap.
2416 3261 2505 3321 20,
2541 3258 2797 3315 Ratherii
2831 3276 2980 3330 opus
3013 3258 3092 3313 De
3123 3261 3244 3313 arte
3273 3258 3660 3330 grammatica
3706 3257 3911 3328 Spara-

501 3359 616 3414 que
647 3342 918 3398 Ratherio
951 3344 1364 3399 vetustioribus
1410 3345 1708 3401 codicibus
1757 3346 2143 3417 reperiuntur.

502 3431 563 3487 S.
616 3430 862 3486 Zenonis
918 3431 1270 3497 Veronensis
1320 3432 1576 3505 episcopi
1628 3434 1759 3489 Vita
1788 3450 1822 3489 a
1863 3435 2147 3489 Coronato

505 3518 752 3587 notario,
777 3519 878 3591 qui
912 3517 1252 3576 Ratherium
1274 3520 1503 3575 duobus
1520 3520 1726 3578 saltem
1751 3521 1981 3579 saeculis
2002 3540 2146 3595 prae-

502 3606 697 3674 cessit,
729 3606 949 3679 scripta
976 3606 1104 3661 fuit.
1124 3607 1282 3663 Idem
1305 3608 1618 3664 dicendum
1648 3609 1719 3665 de
1751 3609 2023 3682 rhythmo
2046 3611 2147 3683 qui

499 3694 740 3751 Veronae
770 3692 975 3751 laudes
998 3696 1262 3764 praefert;
1288 3696 1358 3752 ab
1380 3714 1669 3769 anonymo
1690 3697 1866 3762 enim,
1887 3700 1987 3771 qui
2007 3701 2144 3771 Pip-

442 3802 447 3807 Î‡
502 3782 622 3856 pini
644 3782 819 3839 Italiae
842 3782 994 3856 regis
1015 3788 1179 3839 aetate
1203 3784 1719 3850 vixit,lucuâ€˜eratus
1740 3787 1866 3842 fuit.
1882 3790 2145 3859 ejusdem

500 3873 732 3945 generis
759 3876 817 3928 et
845 3873 1030 3928 aetatis
1060 3889 1189 3929 esse
1218 3872 1445 3929 videtur
1476 3874 1855 3948 icnographia
1882 3878 2144 3949 ejusdem

500 3960 685 4028 urbis,
710 3977 837 4032 quae
854 3959 964 4032 ipsi
989 3960 1261 4034 rhythmo
1292 3962 1687 4033 subjicitur,et
1706 3982 1739 4020 a
1758 3965 1924 4024 Joan.
1948 3966 2145 4039 Bapti-

499 4054 593 4107 sta
628 4048 956 4106 Biancolino
979 4066 1048 4106 ex
1078 4050 1279 4105 eodem
1311 4050 1506 4107 codice
1528 4054 1863 4124 nuperrime
1885 4056 2039 4111 edita
2059 4060 2147 4112 est

499 4139 595 4212 (De
623 4140 831 4195 vescovi
859 4154 889 4195 Îµ
916 4142 1266 4208 governatori
1316 4140 1376 4196 di
1438 4142 1700 4211 Vernona,
1734 4160 1865 4215 pag.
1914 4147 2026 4212 55).
2058 4144 2143 4199 Si-

498 4225 719 4281 militer
734 4226 1019 4299 opuscula
1030 4229 1087 4281 et
1107 4231 1237 4282 acta
1256 4227 1435 4299 hujus
1451 4230 1683 4301 generis
1700 4230 1815 4285 alia
1830 4231 1915 4286 vel
1933 4248 2001 4287 ex
2018 4232 2145 4304 ipso

499 4312 652 4386 stylo
682 4331 715 4369 a
741 4314 1014 4371 Ratherio
1045 4314 1321 4385 aliena,et
1340 4317 1398 4371 in
1432 4316 1563 4373 aliis
1583 4318 1841 4392 antiquis
1861 4320 2144 4393 exemplis

498 4401 753 4472 inventa,
789 4406 965 4473 atque
993 4403 1171 4459 etiam
1203 4405 1355 4477 typis
1388 4405 1694 4478 impressa,
1725 4425 2143 4466 amanuensem

499 4489 774 4546 Ratherio
806 4507 1117 4563 supparem
1145 4493 1420 4562 referunt,
1453 4494 1545 4548 cui
1572 4511 1708 4551 cum
1740 4496 1993 4552 Ratherii
2017 4515 2144 4554 ser-

499 4595 672 4635 mone
699 4580 774 4635 De
805 4579 969 4635 Cama
999 4581 1224 4636 Domini
1252 4581 1518 4653 quaedam
1556 4583 1907 4641 Veronensia
1962 4588 2138 4643 docu-

499 4671 698 4724 menta
722 4685 757 4724 a
784 4667 1060 4724 Ratherio
1090 4669 1333 4725 forsitan
1365 4670 1593 4727 Verona
1620 4672 1906 4730 Laubium
1964 4675 2139 4733 allata

496 4756 743 4830 contigit
773 4757 1048 4829 reperire,
1081 4757 1321 4831 haecque
1352 4776 1470 4816 una
1510 4778 1645 4817 cum
1706 4762 1835 4818 aliis
1892 4764 2139 4823 aliorum

495 4844 797 4919 opusculis
821 4846 1085 4918 Vitisque
1116 4851 1451 4903 sanctorum
1483 4849 1541 4905 in
1568 4850 1766 4907 codice
1813 4852 2141 4911 describam

493 4933 1051 5008 placuit.Secundus
1069 4935 1247 4992 codex
1263 4936 1461 4993 formae
1482 4937 1723 4996 minoris
1745 4940 1801 4995 in
1822 4947 2028 5013 quarto
2042 4960 2143 5000 sex

494 5022 838 5095 prolixiores
867 5022 1122 5079 Raiherii
1154 5023 1335 5080 libros
1390 5027 1799 5098 complectitur
1828 5030 2141 5104 inscriptos

494 5113 877 5170 Meditationes
905 5112 1101 5179 cordis,
1133 5117 1263 5181 etc.,
1290 5131 1391 5170 seu
1447 5116 1784 5189 Praeloquia,
1818 5135 1950 5174 cum
1996 5122 2139 5177 dua-

493 5201 606 5257 bus
636 5201 918 5275 epistolis,
940 5219 1058 5258 una
1079 5202 1149 5258 ad
1180 5202 1491 5259 Widonem
1515 5209 1571 5260 et
1593 5205 1941 5263 Sobbonem.
1962 5207 2144 5266 altera

495 5290 567 5345 ad
599 5290 960 5347 Rotbertum.
994 5309 1121 5364 quae
1148 5291 1346 5347 omnia
1374 5309 1442 5348 ex
1469 5294 1806 5365 apographo
1840 5298 1910 5351 ad
1960 5298 2141 5354 Ache-

495 5378 649 5432 rium
680 5378 861 5434 misso
902 5380 1006 5435 PP.
1034 5382 1292 5437 Martene
1314 5384 1371 5436 et
1401 5381 1713 5437 Durandus
1744 5385 1959 5454 publici
1984 5388 2142 5457 juris

493 5466 703 5522 fecisse
732 5468 1193 5526 observavimus.
1221 5469 1462 5525 Librum
1485 5471 1720 5527 tandem
1756 5474 2137 5547 Canicssionis,

493 5573 527 5612 a
562 5558 1046 5615 reverendissimo
1077 5560 1285 5615 abbate
1315 5558 1639 5615 Theodulfo
1662 5566 1985 5633 acceptum,
2008 5580 2141 5621 con-

494 5649 785 5702 servatum
834 5647 1160 5705 deteximus
1187 5648 1247 5703 in
1270 5649 1440 5704 tertio
1467 5649 1682 5715 codice,
1718 5650 1817 5723 qui
1851 5651 1985 5707 item
2018 5652 2137 5727 epi-

2256 3350 2477 3404 dorsum
2508 3348 2855 3419 inscriptum
2878 3348 3135 3419 itemque
3157 3347 3526 3418 deperditum
3551 3363 3910 3402 commemo-

2257 3441 2366 3503 rat,
2400 3437 2568 3507 cujus
2599 3435 2889 3491 scribendi
2917 3435 3109 3491 locum
3129 3439 3186 3491 et
3211 3435 3576 3491 occasionem
3612 3435 3795 3491 refert
3814 3434 3912 3491 his

2254 3524 2447 3580 verbis
2472 3541 2523 3578 Í¾â€¹â€¹
2541 3524 2686 3580 Cum
2710 3524 2768 3579 in
2804 3541 2871 3581 ea
2909 3530 3072 3596 parte
3107 3522 3915 3597 BurgundiaequaaProvincia

2255 3612 2468 3670 dicitur
2497 3613 2859 3680 mansitaret,
2888 3611 3073 3668 ï¬lium
3129 3613 3442 3683 cujusdam
3482 3612 3591 3668 viri
3623 3611 3907 3667 ditissimi

2255 3702 2492 3757 nomine
2524 3701 2917 3773 Roestangum
2952 3701 3022 3755 ad
3055 3700 3440 3756 imbuendum
3460 3700 3671 3757 litteris
3701 3705 3909 3773 postn-

2253 3790 2409 3846 latus
2438 3790 2688 3861 recepit;
2723 3790 2795 3845 ad
2827 3806 3002 3861 quem
3023 3788 3239 3845 librum
3275 3790 3348 3845 de
3376 3793 3500 3845 arte
3522 3790 3911 3861 grammatica

2255 3878 2621 3950 conscripsit,
2656 3895 2828 3951 quem
2859 3877 3074 3932 librum
3107 3876 3407 3950 gentilitio
3438 3877 3715 3950 loquendi
3746 3896 3910 3935 more

2256 3967 2658 4040 Sparadorsum
2688 3965 2928 4023 vocavit.
2960 3983 3063 4038 pro
3093 3982 3159 4023 eo
3191 3967 3343 4039 quod
3374 3966 3474 4040 qui
3532 3966 3747 4024 scholis
3805 3986 3906 4023 as-

2255 4060 2549 4112 suesceret
2581 4054 2886 4128 puerulus,
2919 4055 3160 4110 dorsum
3193 4072 3227 4110 a
3257 4055 3455 4129 flagris
3486 4072 3713 4112 servare
3771 4074 3908 4129 pos-

2254 4149 2359 4201 set.
2396 4167 2424 4194 n
2455 4145 2621 4217 Apud
2664 4142 2975 4200 Acherium
3024 4143 3273 4200 habetur
3330 4145 3727 4216 Speradorsum
3780 4146 3908 4201 Me-

2251 4233 2368 4288 lius
2398 4232 2681 4289 Valerius.
2723 4233 2988 4289 Andreas
3018 4233 3077 4287 in
3110 4232 3469 4289 Bibliotheca
3524 4251 3668 4289 mss.
3724 4232 3910 4306 Belgii

2251 4326 2394 4377 tom.
2422 4324 2474 4389 1,
2503 4337 2635 4395 pag.
2660 4322 2785 4386 303,
2809 4326 2867 4376 et
2897 4322 3185 4378 Aubcrtus
3206 4322 3437 4378 Mirmus
3468 4323 3527 4378 in
3561 4321 3798 4378 scholiis
3832 4323 3906 4378 ad

2252 4416 2427 4483 caput
2480 4411 2580 4466 127
2611 4410 2895 4484 Sigeberti
2944 4410 3004 4467 in
3064 4410 3333 4467 Fulcuini
3382 4411 3580 4467 codice
3635 4408 3911 4481 legerunt

2250 4499 2654 4571 Sparadorsum
2685 4516 2719 4555 a
2741 4516 2880 4556 voce
2903 4500 3147 4573 antiqua
3166 4498 3511 4556 Germanica
3535 4514 3753 4571 sparcn,
3782 4515 3911 4572 quae

2169 4608 2216 4673 D
2249 4587 2540 4662 signiï¬cat
2595 4603 2840 4660 parcere,
2901 4587 3061 4645 Italis
3117 4589 3497 4659 risparmiare,
3547 4590 3613 4643 ut
3671 4588 3907 4644 monuit

2248 4676 2602 4734 Muratorius
2659 4680 2803 4732 tom.
2839 4676 2886 4733 II
2916 4676 3112 4748 Antiq.
3175 4676 3380 4744 Italic.,
3414 4674 3523 4733 col.
3585 4676 3743 4732 1281.
3788 4676 3909 4733 Hoc

2245 4784 2381 4849 vero
2411 4782 2559 4839 opus
2590 4765 2877 4837 scriptum
2910 4766 3092 4822 fuisse
3131 4764 3443 4838 aliquando
3470 4770 3635 4841 ~post
3680 4781 3903 4821 annum

2248 4858 2373 4924 940,
2407 4872 2524 4927 quo
2557 4858 2760 4911 auctor
2788 4855 2862 4910 ab
2893 4854 3098 4911 exsilio
3132 4855 3399 4911 Comensi
3432 4853 3660 4910 solutus
3686 4854 3743 4909 in
3766 4854 3905 4910 Pro-

2249 4942 2500 4999 vinciam
2534 4943 2838 5010 successit,
2866 4943 3086 5015 patebit
3106 4960 3174 4999 ex
3202 4942 3466 4998 dicendis
3487 4941 3546 4997 in
3582 4942 3713 4998 Vita
3743 4942 3904 5014 ejus-

2251 5032 2405 5099 dem,
2439 5032 2468 5104 Î¾
2496 5034 2552 5087 6.

2318 5121 2430 5175 Î§Î§.
2467 5121 2976 5191 (Î™á½´Î½Î¿Î·Î¿ÏÎ½Î±Î¹Î¹á½´á½·Î±Î³Î·
3034 5118 3302 5189 Ratherii,
3331 5135 3448 5190 qua
3502 5123 3627 5175 tum
3661 5138 3743 5191 se,
3775 5124 3904 5177 tum

2253 5208 2397 5264 alios
2418 5208 2971 5280 perstringens[xv],
2995 5206 3279 5291 intactum
3302 5208 3562 5265 deseruit
3582 5211 3902 5279 neminem,

2250 5298 2375 5367 ipse
2406 5302 2607 5352 auctor
2639 5297 2871 5352 duobus
2904 5296 2961 5350 in
2994 5296 3270 5367 operibus
3300 5295 3533 5371 allegat,
3554 5297 3824 5354 videlicet
3844 5299 3903 5355 in

2251 5385 2558 5449 Qualitutis
2589 5388 2923 5456 conjectura
2956 5388 3187 5453 num.2,
3212 5391 3270 5441 et
3298 5386 3358 5441 in
3389 5386 3686 5443 itinerario
3735 5405 3902 5444 num.

2250 5476 2596 5530 8.Aubertus
2624 5473 3547 5549 MiraeushujusChronographiaa
3566 5476 3901 5548 exemplum

2250 5564 2309 5620 in
2340 5561 2639 5618 codicibus
2668 5561 3029 5619 bibliotheca:
3074 5564 3510 5621 Gemblacensis
3567 5581 3627 5621 se
3679 5563 3899 5629 vidisse

2248 5652 2427 5708 tradit
2482 5651 2540 5706 in
2601 5651 2835 5708 scholiis
2867 5653 2936 5708 ad
2973 5658 3145 5725 caput
3178 5655 3277 5709 127
3308 5652 3586 5725 Sigeberti
3636 5654 3716 5711 De
3759 5653 3900 5711 viris
