4070 6378
169 338 245 411 Si

1069 343 1684 414 paetaoousua.
1717 377 1796 395 -
1824 347 2243 431 sacrario
2285 342 2697 415 causam.

3510 344 3609 433 23.

170 473 532 536 illustribus.
562 474 781 536 Verum
809 492 877 537 ea
904 494 1137 553 quoque
1167 442 1522 539 bibliotheca
1558 480 1827 539 incendio
1855 482 1911 551 Α
1939 483 2019 541 De
2049 498 2287 557 corpore
2313 486 2370 540 et
2399 481 2683 555 sanguine
2714 480 2966 549 Domini,
3011 493 3117 537 nec
3160 495 3278 537 non
3322 476 3482 537 aliud
3510 483 3589 538 De

172 572 528 642 consumpta
579 568 761 641 hujus
792 570 1043 643 exempli
1082 570 1441 628 desiderium
1471 571 1728 645 reliquit.
1763 573 1827 629 In

170 657 384 714 itinere
412 658 655 731 quidem
686 658 969 716 litterario
1001 660 1158 732 quo‘d
1186 677 1221 717 a
1249 660 1481 718 duobus
1522 662 1828 719 monachis

173 747 234 804 S.
269 746 461 803 Mauri
493 747 788 815 habitum,
822 736 1061 804 Parisiis
1093 749 1316 805 editum
1363 754 1452 807 est
1482 768 1635 807 anno
1666 753 1826 824 1717,

173 852 309 894 cum
344 839 479 908 post
509 836 866 893 mentionem
918 838 1047 909 ejus
1096 839 1352 894 incendii
1383 841 1539 912 quod
1586 841 1829 913 triginta

174 929 311 982 ante
342 942 529 981 annos
546 942 675 982 eam
698 924 1110 982 bibliothecam
1124 928 1826 1001 absumpserat,quzedam

174 1013 439 1070 Ratherii
471 1030 645 1087 opera
676 1030 742 1070 ex
775 1031 840 1070 eo
868 1022 1068 1088 erepta
1092 1017 1399 1073 tradantur
1427 1022 1575 1089 part.
1608 1036 1669 1088 ιι,
1692 1035 1824 1090 pag.

172 1104 302 1169 202,
340 1120 412 1160 ne
462 1103 553 1159 cui
603 1102 915 1176 diligentiae
963 1121 1355 1176 parceremus,
1391 1106 1828 1164 Gemblacensis

174 1190 427 1248 cmnobii
454 1208 822 1247 oeconomum
853 1193 1179 1265 rogandum
1213 1194 1549 1251 curavimus
1578 1199 1644 1251 ut
1672 1196 1828 1253 vide-

175 1284 265 1336 ret
288 1297 435 1337 num
465 1280 588 1336 haec
619 1280 764 1337 forte
809 1281 1287 1355 Chronographia
1329 1284 1481 1340 inter
1528 1284 1755 1341 codices
1798 1303 1829 1341 e

176 1369 437 1425 ﬂammis
486 1368 752 1426 sublatos
795 1371 1164 1443 reperiretur.
1202 1372 1524 1445 Respondit
1553 1391 1686 1431 vero
1737 1375 1830 1430 die

173 1460 246 1515 20
274 1458 469 1515 Martii
500 1457 637 1516 anni
664 1459 796 1515 1761
832 1459 978 1515 nihil
1009 1461 1298 1531 ejusmodi
1331 1462 1573 1518 inveniri
1603 1465 1827 1535 potuis-

176 1562 260 1603 se.
294 1546 545 1611 Quidam
576 1547 857 1620 suspicati
889 1553 1029 1605 sunt
1060 1549 1209 1606 hanc
1262 1551 1521 1607 Ratherii
1570 1536 1827 1609 Chrono-

137 1686 146 1693 .
174 1634 487 1710 graphiam
509 1653 638 1692 esse
662 1635 925 1694 fortassis
945 1654 1074 1694 eam
1094 1640 1440 1708 Invectivam,
1458 1642 1627 1713 cujus
1640 1641 1831 1714 prima

174 1724 458 1798 periodus
486 1718 958 1798 chronographum
987 1729 1269 1785 nominat.
1302 1730 1414 1785 Sed
1448 1730 1487 1786 ii
1521 1748 1705 1788 unum
1737 1734 1826 1788 In-

173 1815 406 1920 iect‘ivw
431 1814 763 1920 titulum‘aet
792 1815 993 1920 prima:
1024 1817 1246 1889 periodi
1277 1818 1468 1891 prima
1481 1820 1826 1894 verbaapud
1858 1853 1906 1920 Β

175 1902 239 1959 Ρ.
272 1903 637 1959 Bernardum
667 1904 774 1960 Pez
803 1905 1092 1983 viderunt.
1126 1907 1233 1973 Qui
1277 1912 1472 1965 autem
1503 1909 1696 1982 ipsum
1730 1912 1827 1966 ln-

174 1993 403 2048 uectz'vae
432 1991 783 2065 opusculum
812 1991 986 2067 leget,
1002 1996 1159 2067 quod
1190 1995 1485 2070 integrum
1515 2015 1671 2054 nunc
1701 2000 1830 2054 ede-

174 2085 296 2150 tur,
327 2078 439 2136 hoc
469 2080 539 2137 de
571 2082 631 2138 S.
665 2082 926 2140 Matrone
966 2101 1033 2139 ac
1062 2085 1133 2140 de
1179 2085 1311 2155 ejus
1354 2103 1611 2160 corpore,
1643 2087 1825 2144 Vero-

174 2167 480 2239 nensibus,
512 2173 579 2224 ut
607 2170 971 2237 credebatur,
1004 2173 1300 2247 subrepto,
1321 2190 1489 2246 agere
1518 2174 1824 2249 intelliget,

173 2258 330 2330 quod
364 2258 439 2313 ab
469 2257 690 2315 indicta
718 2258 1205 2334 Chronographiaa
1236 2262 1598 2319 Ratherianie
1644 2268 1827 2320 mate-

173 2346 255 2403 rie
287 2349 467 2418 atque
496 2348 721 2403 ratione
753 2348 1003 2405 maxime
1033 2350 1570 2423 discrepat.Confer
1598 2370 1725 2426 quae
1755 2355 1827 2410 de

174 2435 282 2491 hoc
312 2450 487 2508 opere
515 2435 802 2491 addemus
834 2436 889 2491 in
925 2437 1077 2494 notis
1118 2439 1190 2494 ad
1243 2439 1549 2503 Qualitatis
1598 2443 1825 2514 conjec-

178 2528 395 2579 turam.
1236 2594 1243 2601 ο

244 2613 387 2669 XXI.
421 2613 692 2669 Extremo
723 2614 1077 2672 Veronensis
1123 2618 1493 2691 episcopatus
1541 2625 1824 2694 tempore,

178 2718 277 2759 seu
313 2717 469 2757 anno
499 2701 942 2770 968,Ratherius
970 2705 1506 2781 multisexagitatus
1524 2709 1824 2780 mulestiis,

180 2804 314 2847 cum
343 2788 418 2845 ad
448 2790 847 2864 episcopatum
895 2791 1309 2851 dimittendum
1340 2802 1399 2853 et
1423 2798 1492 2853 ad
1546 2799 1825 2855 monasti-

165 2891 309 2936 ὀδω
342 2878 522 2934 vitam
542 2881 916 2952 repetendam
927 2899 1056 2939 sese
1080 2884 1481 2944 vehementius
1493 2888 1828 2945 exstimula-

178 2970 301 3023 tum
335 2967 826 3038 sentiret,librum
859 2971 1067 3026 direxit
1094 2974 1166 3029 ad
1184 2974 1529 3031 Fulcuinum
1552 2978 1826 3034 abbatem

181 3056 552 3126 Lobiensem,
587 3060 824 3129 qucm'cc
857 3059 1229 3132 praetitulavit
1260 3062 1549 3135 Conﬂiclus
1569 3064 1823 3137 duorum,

177 3162 277 3219 pro
307 3162 376 3201 eo
406 3145 563 3218 quod
597 3144 656 3200 in
686 3147 886 3203 eodem
919 3147 1249 3222 disputans,
1284 3155 1481 3209 utrum
1515 3160 1825 3211 revertere-

1937 572 2442 648 przedestinatione
2473 572 2594 628 Dei.
2631 572 2743 628 Sed
2776 593 2804 622 «
2842 587 3063 638 vereor,
3098 571 3293 644 inquit
3318 570 3589 627 Mabillo-

1937 662 2095 731 nius,
2144 666 2211 718 ut
2258 662 2560 718 Ratramni
2609 660 2790 717 libros
2840 659 3113 717 Ratherio
3163 660 3416 733 imputet
3445 659 3585 729 (Act.

1936 751 2032 808 SS.
2068 750 2193 808 0rd.
2226 751 2424 807 Bcncd.
2474 750 2615 807 Suec.
2653 751 2707 816 ν,
2742 749 2801 804 in
2851 749 3151 817 Ratherio,
3192 766 3249 803 n.
3293 749 3405 817 20).
3442 770 3470 797 »
3520 749 3589 803 Et

1929 841 2066 912 jure
2095 839 2504 913 quidem.Cum
2537 839 2692 894 enim
2728 838 2847 892 hrec
2867 839 2982 893 duo
2997 838 3262 909 ejusdem
3281 853 3589 911 argumen-

1938 930 1984 986 ti
2014 946 2188 1002 opera
2215 928 2517 984 Ratramni
2549 933 2701 983 cerla
2734 931 2905 995 sunt;
2929 931 3059 983 tum
3089 943 3223 982 vero
3253 925 3484 982 nullum
3515 927 3589 981 de

1937 1018 2084 1091 ipsis
2113 1020 2179 1073 ut
2208 1035 2241 1073 a
2268 1015 2537 1073 Ratberio
2570 1015 2802 1087 scriptis
2834 1014 3116 1071 indicium
3165 1019 3254 1071 est
3292 1016 3447 1087 apud
3498 1030 3589 1069 co-

1939 1124 2125 1163 aevum
2144 1106 2485 1179 scriptorem
2503 1103 2978 1177 Fulcuinum,qui
2996 1104 3055 1158 in
3069 1103 3331 1176 catalogo
3344 1119 3586 1176 operum

1942 1196 2197 1252 Ratherii
2232 1194 2346 1250 alia
2376 1193 2667 1249 inferioris
2700 1197 2849 1248 notae
2879 1193 3141 1263 ejusdem
3172 1191 3588 1264 opusculame—

1939 1285 2293 1341 morat.Esto
2324 1281 2607 1339 nonnulla
2636 1282 2901 1355 quaedam
2930 1280 3587 1353 brevioraprzetermise—

1938 1374 2034 1439 rit,
2066 1390 2134 1430 ea
2158 1378 2354 1430 tamen
2385 1371 2528 1428 satis
2575 1370 2912 1443 complexus
2959 1369 3047 1425 vel
3097 1370 3157 1424 in
3206 1369 3491 1441 epistolis,
3522 1369 3585 1425 in

1939 1464 2154 1536 quibus
2186 1479 2304 1518 una
2334 1463 2406 1517 ad
2455 1460 2746 1517 Patricum
2779 1460 2849 1515 de
2878 1458 3246 1514 Eucharistia
3278 1475 3347 1514 cx
3374 1475 3587 1531 prope-2

1939 1553 2051 1608 sito
2083 1551 2338 1619 disserit,
2372 1548 2461 1605 vel
2501 1551 2559 1604 in
2594 1550 2680 1603 iis
2731 1547 2921 1604 verbis
2972 1555 3024 1602 et
3067 1547 3184 1602 alia
3228 1548 3580 1620 quamplura.

1938 1641 2217 1714 Nunquid
2245 1655 2378 1696 vero
2409 1654 2477 1695 ex
2502 1638 2616 1693 illis
2646 1637 2875 1693 duobus
2907 1639 2963 1694 et
2992 1626 3404 1708 prolixioribus
3424 1639 3481 1691 et
3494 1635 3584 1691 in-

1937 1729 2298 1803 signioribus
2328 1744 2398 1784 ne
2431 1744 2614 1783 unum
2665 1725 2903 1798 quidem
2935 1723 3245 1798 attigisset,
3280 1724 3329 1780 si
3370 1724 3585 1781 Rathe—

1938 1821 2091 1875 rium
2124 1819 2380 1874 novisset
2407 1815 2898 1873 auctorem?Adde
2929 1815 3085 1887 quod
3117 1813 3585 1886 Ratherius,qui-

1938 1909 2187 1966 busdam
2220 1905 2615 1980 peculiaribus
2635 1910 2692 1960 et
2721 1902 3183 1959 abstrusioribus
3213 1902 3402 1959 titulis
3433 1902 3587 1960 dele-

1936 1998 2363 2066 ctabatur,cum
2395 1996 2510 2051 duo
2539 1993 2625 2049 illi
2657 1992 2955 2066 simplices
2985 1996 3042 2048 et
3070 1991 3221 2048 obvii
3253 1990 3390 2048 sint.
3422 1991 3585 2064 Sige-

1936 2090 2170 2146 bertum
2200 2085 2457 2158 profecto
2487 2084 2597 2139 hac
2626 2082 2685 2138 in
2711 2099 2773 2139 re
2804 2097 2996 2139 errore
3027 2081 3223 2154 aliquo
3272 2080 3583 2153 abreptum

1936 2176 2082 2233 nihil
2114 2173 2489 2247 ambigimus.
2523 2172 2668 2228 Cum
2698 2171 2905 2227 eadem
2935 2170 3051 2226 duo
3082 2185 3257 2241 opera
3287 2168 3475 2240 capite
3513 2168 3586 2224 95

1936 2264 2272 2338 ascripserit
2302 2264 2640 2318 Bertramno
2669 2259 2777 2328 (sic
2808 2258 2966 2314 enim
3016 2259 3284 2329 corrupte
3314 2256 3581 2313 Hatram-

1937 2373 2049 2412 nus
2097 2353 2273 2410 scribi
2322 2354 2611 2422 coeperat),
2661 2348 2822 2404 varia
2870 2346 3136 2403 fortassis
3185 2349 3244 2401 et
3290 2344 3585 2402 abreviata

1936 2434 2227 2517 scriptura
2254 2441 2521 2498 codicum
2553 2434 3273 2510 deceptus{xvn]fuit.Duo
3303 2433 3405 2490 illa
3424 2436 3583 2490 certa

1937 2533 2239 2590 Ratramni
2273 2547 2447 2603 opera
2475 2527 2653 2585 simul
2678 2522 3583 2599 junctaincodicibusdescripta

1935 2621 2332 2686 inveniuntur,
2366 2623 2430 2674 ut
2459 2617 2517 2673 in
2549 2633 2660 2671 ms.
2694 2614 3173 2686 Lobiensi,quem
3208 2609 3582 2668 Mabillonius

1935 2701 2141 2768 laudat
2169 2708 2503 2782 praefatione
2534 2706 2793 2762 secunda
2821 2705 2879 2758 in
2912 2700 3201 2760 Saeculum
3234 2700 3308 2756 IV
3337 2700 3580 2756 ord.Be-

1936 2801 2094 2867 ned.,
2113 2817 2171 2855 n.
2191 2800 2278 2854 83.
2313 2798 2456 2854 Cum
2490 2800 2684 2851 autem
2716 2794 2897 2849 codex
2925 2807 3102 2865 quem
3129 2790 3467 2863 Sigebertus
3495 2787 3580 2843 vi-

1935 2890 2023 2946 dit
2048 2889 2457 2944 Bertramnum
2490 2886 2784 2957 praeferret
2812 2882 2871 2937 in
2903 2881 3176 2949 titulo,ex
3191 2896 3306 2953 quo
3319 2896 3387 2935 ea
3407 2893 3583 2949 opera

1936 2980 2279 3034 Bertramno
2310 2975 2547 3041 tribuit;
2582 2973 2640 3027 in
2673 2971 2785 3027 alio
2814 2987 2948 3026 vero
2978 2969 3195 3036 codice,
3228 2968 3330 3040 qui
3377 2967 3579 3023 eadem

1936 3067 2290 3133 continebat,
2326 3081 2431 3137 pro
2462 3064 2778 3118 Ratramno
2809 3060 3092 3132 scriptum
3125 3056 3389 3114 fortassis
3428 3057 3584 3111 esset

1939 3159 2079 3223 Rat,
2112 3155 2197 3211 uti
2229 3154 2352 3211 ﬁeri
2402 3166 2823 3223 nonnunquam
2874 3148 3116 3217 solebat,
3168 3144 3313 3201 nihil
3360 3144 3459 3199 ille
3512 3144 3584 3198 de

179 3238 268 3289 tur
300 3251 505 3304 necne,
549 3234 757 3291 anxius
812 3236 1117 3293 ﬂuctuaret
1165 3240 1453 3308 (Fulcuin.
1485 3243 1549 3298 de
1589 3243 1727 3300 δεδι.
1760 3245 1827 3300 ab
1858 3226 1902 3291 (ἶ
1937 3246 2148 3302 mendo
2178 3244 2477 3315 scripturae
2510 3239 2844 3311 suspicatus
2872 3239 2931 3293 in
2965 3234 3289 3292 Bertramni
3324 3231 3584 3302 nomine,

174 3323 323 3390 Lob.,
356 3341 407 3379 c.
442 3325 557 3395 28).
593 3346 620 3374 »
653 3326 849 3398 Neque
883 3326 1037 3383 hunc
1068 3327 1283 3385 librum
1318 3332 1546 3403 uspiam
1568 3332 1828 3390 invenire

174 3412 501 3485 potuimus.
1307 3405 1327 3416 ’

241 3500 412 3557 XXII.
437 3501 520 3557 Ex
550 3501 814 3575 epistolis
837 3504 1093 3562 Ratberii
1117 3524 1367 3580 quarum
1392 3509 1590 3583 aliqua
1613 3512 1829 3569 mentio

176 3594 264 3646 est
294 3590 428 3646 duae
459 3591 888 3663 desiderantur,
910 3610 1029 3650 una
1057 3598 1129 3651 ad
1163 3598 1558 3656 Frodoardum
1591 3602 1833 3658 Remen-

178 3696 322 3744 sem,
359 3696 480 3751 qua
510 3680 579 3735 ad
614 3680 810 3753 ipsum
843 3684 1008 3740 misit
1040 3685 1498 3759 Prazloquiorum
1532 3689 1732 3759 libros,
1769 3696 1834 3747 ut

180 3767 461 3824 laudatus
490 3767 810 3827 Fulcuinus
837 3773 1015 3831 tradit
1039 3776 1372 3844 c.20,altera
1393 3779 1463 3833 ad
1495 3780 1832 3837 Evcraclum

184 3857 526 3930 episcopum
562 3862 694 3929 [xw]
727 3861 1351 3937 Leodicensem,cujus
1380 3867 1473 3924 hic
1505 3870 1563 3925 in
1596 3888 1834 3943 respon-

186 3945 347 4002 sione
379 3945 534 4003 inter
562 3947 839 4021 epistolas
866 3952 1160 4009 afferenda
1184 3954 1308 4011 loco
1324 3956 1527 4013 ultimo
1546 3958 1833 4015 meminit.

186 4034 341 4090 Inter
369 4051 439 4090 ea
468 4035 690 4093 inedita
721 4038 977 4096 Ratherii
1029 4043 1314 4115 opuscula
1361 4063 1489 4117 quae
1539 4048 1600 4102 P.
1652 4048 1838 4104 Lucas

188 4122 467 4180 Acberius
506 4124 567 4180 in
619 4124 860 4184 elencho
892 4130 1034 4185 tomi
1070 4134 1308 4189 secundi
1341 4137 1837 4207 commemoravit,

191 4210 418 4268 nullum
452 4214 623 4270 nobis
655 4216 843 4273 defuit
875 4219 989 4275 nisi
1024 4237 1178 4278 unus
1209 4239 1241 4277 e
1271 4223 1502 4280 duobus
1550 4227 1841 4281 sermoni-

188 4300 299 4357 bus
328 4302 400 4358 de
431 4302 795 4375 Pentecoste,
830 4324 1009 4379 quem
1031 4309 1251 4367 frustra
1281 4312 1338 4368 in
1372 4330 1514 4371 mss.
1550 4314 1845 4372 Lobiensi-

193 4389 362 4458 bus,e
393 4391 611 4463 quibus
641 4395 840 4451 omnia
867 4414 935 4453 ea
963 4399 1249 4471 opuscula
1277 4402 1509 4457 videtur
1529 4405 1843 4478 accepisse,

193 4478 613 4551 inquirendum
646 4484 1001 4543 curavimus.

261 4567 457 4626 XXIII.
491 4594 520 4621 ‹‹
561 4569 692 4628 Alia
737 4575 1089 4649 quamplura
1142 4601 1169 4629 »

1939 3354 2044 3391 nec
2075 3337 2146 3390 de
2175 3330 2569 3406 expendendis
2609 3326 3045 3383 conferendisve
3090 3324 3237 3396 ipsis
3278 3320 3587 3393 utriusque

1940 3424 2159 3481 codicis
2205 3420 2481 3495 operibus
2529 3417 2811 3497 cogitans,
2848 3415 3079 3471 incaute
3125 3430 3194 3469 ex
3246 3409 3589 3468 discrimine

1942 3513 2244 3586 scripturae
2275 3510 2334 3565 in
2367 3507 2623 3564 auctoris
2656 3504 2892 3562 nomine
2935 3501 3298 3577 designando
3330 3498 3589 3556 diversos

1943 3608 2209 3659 auctores
2240 3604 2413 3671 atque
2450 3596 2681 3652 diversa
2725 3594 2990 3666 ejusdem
3037 3588 3368 3664 argumenti
3418 3604 3594 3660 opera

1944 3691 2280 3757 credidit;et
2308 3689 2690 3743 Ratramnum
2726 3700 2841 3737 non
2872 3675 3593 3754 agnoscens,Rat.litteras

1945 3782 2016 3838 de
2046 3776 2319 3836 Ratherio
2351 3776 2463 3832 sibi
2517 3773 2752 3829 aliunde
2800 3769 3053 3843 cognito,
3089 3767 3189 3841 qui
3237 3767 3297 3822 in
3346 3769 3595 3837 utroque

1948 3872 2293 3943 argumento
2325 3881 2488 3939 aeque
2521 3881 2585 3919 ac
2613 3854 3597 3927 Beitramnus1aborarit,interpre-

1948 3964 2109 4016 tatus
2132 3957 2382 4012 videtur.

2019 4047 2181 4103 XXV.
2224 4047 2410 4101 Erunt
2456 4041 2722 4097 fortassis
2771 4039 2872 4112 qui
2918 4036 3253 4094 existiment
3295 4032 3597 4106 Sigeberto

1952 4134 2258 4209 suifragari
2290 4151 2423 4190 eum
2446 4131 2709 4186 ‘eodicem
2740 4146 2808 4184 ex
2834 4144 2949 4200 quo
2980 4125 3262 4181 Achcrius
3291 4122 3350 4177 in
3383 4134 3600 4209 memo-

1955 4230 2077 4283 rato
2126 4206 2365 4280 elencho
2414 4220 2556 4276 torni
2608 4216 2847 4275 secundi
2897 4216 3047 4271 inter
3087 4210 3309 4269 inedita
3337 4206 3599 4266 Ratherii

1954 4332 2129 4389 opera
2158 4311 2356 4368 retulit
2381 4310 2598 4365 librum
2625 4308 2704 4362 De
2735 4320 2974 4377 corpore
3004 4295 3602 4389 etsanguineDomini

1955 4384 2318 4461 constantem
2336 4397 2656 4468 nonaginta
2675 4409 2879 4449 novem
2899 4389 3368 4464 capitulis.Hunc
3383 4401 3525 4442 sane
3538 4384 3606 4439 li-

1956 4496 2129 4551 brum
2162 4487 2419 4546 Ratherii
2441 4486 2677 4542 nomine
2691 4482 3038 4554 inscriptum
3052 4479 3284 4536 exhibet
3300 4492 3412 4532 ms.
3428 4475 3606 4531 codex

1217 4581 1490 4637 eumdem
1538 4583 1847 4656 scripsisse
1878 4597 1925 4663 ι)
1958 4580 2283 4647 Lobiensis,
2313 4578 2484 4649 cujus
2516 4574 2762 4631 indicem
2798 4570 3079 4628 Acherius
3119 4568 3437 4641 acceperat,

195 4656 349 4714 idem
381 4659 703 4718 Fulcuinus
732 4666 981 4721 testatur
1004 4684 1055 4723 c.
1097 4670 1187 4724 25.
1221 4670 1367 4726 Cum
1418 4687 1551 4727 vero
1600 4653 1677 4727 is_
1699 4673 1851 4729 inter
1878 4653 1919 4663 ”
1956 4673 2262 4729 laudatum
2293 4666 2600 4725 elenchum
2637 4662 2974 4735 impressit:
3008 4660 3189 4731 hujus
3219 4653 3608 4715 enimcodicis

196 4746 383 4819 ipsius
413 4765 592 4821 opera
619 4766 748 4823 quae
779 4753 1123 4827 singillatim
1157 4758 1758 4826 nominat,duodeeim
1782 4778 1850 4817 ex

199 4834 291 4891 his
319 4852 452 4908 quas
481 4837 653 4894 nobis
685 4846 896 4913 praesto
927 4849 1159 4913 sunt,ac
1170 4847 1366 4921 plures
1385 4849 1558 4906 etiam
1572 4850 1851 4923 epistolas

201 4942 347 4998 quas
378 4925 534 4983 nacti
565 4944 796 5000 sumus,
829 4931 1062 4991 silentio
1108 4937 1465 5009 praeterierit,
1499 4957 1614 4995 non
1660 4940 1850 4997 solum

200 5014 320 5071 haec
348 5017 720 5089 complurium
761 5022 997 5079 nomine
1041 5025 1362 5101 intelligere
1410 5028 1617 5101 potuit,
1651 5046 1853 5085 verum

203 5103 373 5160 etiam
407 5105 527 5161 alia
559 5124 674 5163 non
707 5126 1175 5186 pauca,quorum
1209 5118 1492 5173 memoria
1524 5122 1852 5192 temporum

201 5193 708 5254 vicissitudinibus
746 5199 1055 5259 interierit.
1088 5204 1398 5262 Hominem
1447 5208 1683 5281 quidem
1733 5225 1856 5264 om-

206 5283 366 5340 nium
398 5285 530 5357 ejus
563 5288 752 5344 aetatis
784 5291 1424 5369 studiosissimum,qui
1453 5301 1575 5354 tota
1607 5298 1723 5354 fere
1744 5298 1862 5355 vita

204 5371 259 5427 in
277 5372 447 5430 libris
463 5380 733 5433 versatus
753 5380 982 5447 est,alia
1014 5383 1198 5439 multa
1214 5384 1558 5443 lucubrasse
1581 5387 1726 5442 nihil
1750 5388 1859 5443 du-

206 5460 402 5518 bitand
412 5480 513 5519 um
546 5464 797 5524 videtur.

268 5551 461 5608 XXIV.
516 5553 857 5629 Sigebertus
900 5561 972 5617 de
1020 5563 1231 5636 Script.
1288 5563 1494 5621 eccles.
1546 5582 1595 5621 c.
1633 5568 1760 5633 127,
1792 5583 1862 5623 ex

208 5657 318 5713 quo
350 5640 449 5698 alii
479 5641 638 5700 idem
670 5655 1069 5724 sumpserunt,
1097 5652 1370 5711 Ratherio
1402 5655 1610 5712 tribuit
1645 5655 1861 5713 librum

1961 4759 2366 4836 apographum
2398 4757 2468 4812 ad
2513 4772 2620 4810 nos
2655 4753 2925 4822 missum,
2950 4751 3106 4806 idem
3157 4764 3305 4820 opus
3352 4740 3609 4836 Ratherii

1962 4831 2267 4908 nomenlin
2300 4846 2469 4903 titulo
2496 4842 2893 4918 praeferensﬁn
2917 4840 3161 4897 totidem
3183 4837 3375 4909 capita
3404 4831 3613 4890 distin-

1963 4941 2107 5015 guit.
2142 4940 2342 4996 Exstat
2371 4939 2647 5008 praeterea
2689 4950 2803 4988 ms.
2837 4930 2986 4986 liber
3032 4926 3351 4983 Vaticanus
3400 4921 3611 5015 regium

1965 5011 2304 5095 Succorum,
2339 5026 2606 5099 signatus
2637 5039 2802 5077 num.
2834 5021 2957 5086 498,
2991 5019 3049 5073 in
3079 5033 3193 5090 quo
3242 5011 3609 5076 describitur,

1968 5120 2187 5177 Belatio
2220 5114 2477 5173 Ratherii
2510 5114 2581 5169 de
2609 5112 2864 5185 quodam
2896 5107 2997 5165 Dei
3028 5104 3384 5164 servo.Hanc
3416 5102 3612 5155 autem

1968 5211 2444 5279 relationemque;
2477 5203 2695 5259 ineditu
2707 5219 2761 5257 m
2794 5199 3057 5272 ejusdem
3071 5190 3421 5268 opusculum
3433 5187 3615 5279 videri

1968 5278 2714 5373 poterat,dcpreheudimus
2745 5305 2872 5346 esse
2890 5282 3238 5359 particulam
3248 5278 3471 5373 laudati
3485 5294 3619 5373 ope-

1971 5366 2052 5445 ris
2084 5366 2357 5443 Rathcrio
2390 5382 2625 5454 ascripti
2643 5382 2722 5436 De
2743 5392 2981 5449 corpore
2995 5378 3051 5431 et
3066 5370 3351 5445 sanguine
3367 5366 3616 5434 Domini,

1970 5495 2097 5551 quae
2131 5477 2189 5531 in
2223 5478 2542 5530 memorato
2571 5465 2835 5525 Lobiensi
2862 5457 3618 5538 apographoreferturc.60.

1970 5566 2130 5623 Nihil
2162 5566 2357 5636 itaque
2384 5557 2639 5617 dubitari
2671 5558 2859 5629 potest
2890 5553 3031 5627 quin
3059 5551 3255 5624 aliqua
3283 5562 3625 5636 mss.exem-

1976 5656 2164 5731 plaria
2192 5635 2410 5711 librum
2441 5651 2521 5707 De
2552 5643 3154 5720 corporeetsanguine
3172 5637 3400 5699 Domini
3417 5635 3626 5693 Rathe-
