4070 6374
202 303 300 409 33'
1229 312 1844 382 PROLEGOMENA.
1874 352 1956 367 -
1985 320 2365 391 syrenen
2409 324 2617 393 VITA.
3550 342 3632 414 34

205 446 581 506 Eucharistia
610 465 676 505 ac
708 450 1423 547 transsubstantiationem
1457 455 1628 526 panis
1660 459 1717 509 et
1748 455 1861 509 vini
1895 460 1948 526 Α
2047 461 2318 547 ,ξέζρῃέζηιε
2350 465 2744 547 quas-quidam
2774 468 3192 547 Mediolanemes
3216 483 3630 547 proposuerant.

204 536 267 592 in
288 544 505 611 corpus
522 540 581 593 et
594 538 940 617 sanguinem
963 539 1179 595 Christi
1196 538 1525 598 luculenter
1541 543 1865 600 constituit.

203 621 288 683 De
320 625 548 683 caeteris
577 630 773 689 autem
806 624 1214 687 subtilioribus
1235 633 1293 686 et
1324 630 1571 688 curiosis
1595 632 1868 704 quaestio-

208 714 389 772 nibus
412 731 542 791 quae
561 714 673 773 hac
703 715 763 772 in
786 732 848 774 re
869 717 1083 776 moveri
1110 723 1351 791 queunt,
1372 742 1399 771 ‹‹
1426 737 1496 777 ne
1518 719 1868 789 solliciteris,

205 801 426 877 inquit,
443 805 918 878 quandoquidem
953 806 1295 879 mysterium
1318 824 1448 864 esse
1471 808 1658 875 audis,
1685 813 1743 865 et
1761 809 1871 864 hoc

209 891 369 948 ﬁdei.
386 890 609 950 Namsi
636 895 977 967 mysterium
996 899 1104 967 est,
1121 913 1237 951 non
1253 895 1405 952 valet
1422 896 1835 971 comprehendi
1853 914 1865 964 ;

212 980 262 1039 si
296 980 461 1051 ﬁdei,
493 982 665 1041 debet
693 983 871 1052 credi,
900 1000 1016 1040 non
1046 980 1284 1041 discuti.
1315 1008 1343 1035 ››
1372 986 1534 1052 Quod
1568 985 1869 1061 egregium

207 1073 645 1137 documentum
674 1073 733 1128 in
764 1072 895 1130 aliis
931 1090 1164 1147 quoque
1207 1073 1456 1133 aliorum
1487 1074 1623 1131 ﬁdei
1654 1081 1869 1149 myste-

213 1160 440 1217 riorum
490 1161 936 1234 questionibus,
989 1180 1119 1236 quae
1166 1163 1454 1225 curiosius
1500 1163 1867 1237 ingeruntur,

213 1248 473 1309 maxime
498 1251 929 1308 observandum
958 1257 1067 1309 est.

284 1340 343 1396 9.
367 1338 514 1397 Cum
559 1338 870 1397 Ratherius
913 1341 1023 1398 sub
1069 1341 1248 1398 ﬁnem
1278 1342 1408 1399 libri
1443 1341 1632 1415 quinti
1661 1342 1870 1399 Przelo-

215 1428 697 1501 quiorum,quem
720 1428 778 1484 in
800 1430 1067 1503 Papiensi
1097 1429 1379 1487 turricula
1401 1431 1657 1504 scripsit,
1692 1432 1869 1488 abba-

214 1516 361 1574 tiam
382 1518 441 1573 S.
457 1517 705 1577 Amandi
731 1519 842 1575 sibi
869 1518 1124 1576 oblatam
1148 1525 1206 1576 et
1226 1520 1332 1577 abs
1357 1538 1420 1576 se
1442 1522 1709 1592 rejectam
1737 1539 1872 1576 nar—

217 1610 323 1676 ret,
343 1607 401 1662 id
429 1607 647 1667 factum
671 1606 781 1681 ipsi
800 1607 990 1664 adhuc
1012 1609 1298 1668 monacho
1320 1614 1377 1665 et
1388 1611 1590 1683 juveni
1617 1609 1875 1665 tribuen-

215 1696 361 1753 dum
379 1694 649 1753 nonnulli
672 1697 1027 1765 existimant,
1042 1702 1356 1771 antequam
1378 1699 1449 1755 ad
1469 1698 1870 1774 episcopatum

216 1784 615 1845 Veronensem
638 1792 1090 1860 promoveretur.
1106 1788 1319 1844 Verum
1343 1789 1470 1845 dure
1501 1780 1870 1845 animadver-

218 1876 415 1931 siones
447 1875 627 1933 bocce
662 1880 899 1948 tempus
939 1876 1273 1933 excludunt.
1315 1877 1508 1933 Primo
1548 1877 1781 1933 abbatia
1811 1879 1869 1934 S.

220 1965 469 2022 Amandi
493 1981 598 2038 per
615 1964 738 2021 haec
753 1970 1036 2040 tempora,
1053 1981 1179 2038 quae
1197 1966 1596 2040 episcopatum
1618 1967 1872 2023 Ratberii

221 2053 597 2123 antecedunt,
617 2069 731 2112 non
748 2055 1009 2111 vacabat.
1026 2056 1413 2129 Laici[xxxm]
1429 2056 1585 2113 cnim
1607 2055 1875 2112 homines

218 2158 350 2219 eam
380 2141 745 2210 obtinebant,
772 2144 858 2199 uti
892 2144 1203 2200 Rotbertus
1246 2145 1400 2219 regis
1445 2143 1871 2210 ministerialis,

209 2216 395 2302 cujus
424 2235 616 2289 exstat
642 2233 1060 2289 documentum
1093 2234 1229 2289 anni
1255 2216 1390 2302 92‘1;
1422 2238 1480 2290 et
1508 2233 1642 2290 dein
1672 2234 1873 2307 Rotge-

224 2337 325 2377 rus
359 2337 576 2394 comes,
609 2321 708 2394 qui
743 2322 1017 2378 Rotberto
1044 2323 1344 2389 successit,
1369 2340 1435 2379 ac
1465 2340 1533 2378 ex
1564 2323 1877 2378 documen-

224 2409 301 2466 tis
328 2409 523 2467 eidem
566 2410 812 2471 abbatis:
860 2417 1102 2485 praeerat
1129 2429 1223 2468 an.
1255 2412 1363 2468 925
1390 2417 1448 2468 et
1491 2411 1875 2485 sequentibus

220 2500 295 2559 ad
350 2515 575 2561 annum
632 2517 821 2574 usque
865 2500 991 2567 937.
1031 2500 1167 2559 Vide
1222 2501 1545 2558 Mabillonii
1596 2501 1869 2557 Annales.

222 2588 500 2646 Ratherio
527 2589 708 2664 igitur
736 2589 927 2646 adhuc
955 2590 1241 2647 monacho
1271 2590 1392 2647 haec
1420 2591 1654 2648 abbatia
1683 2591 1873 2646 offerri

219 2695 335 2735 non
362 2677 742 2752 po‘tuiLQuid
765 2679 813 2735 si
837 2679 1055 2737 factum
1077 2679 1272 2752 ipsum
1300 2697 1413 2736 non
1436 2684 1570 2736 ante
1599 2680 1870 2736 lucubra-

216 2770 347 2823 tum
363 2783 396 2823 a
413 2765 689 2824 Ratherio
705 2765 1011 2825 laudatum
1029 2768 1488 2841 Prccloquiorum
1507 2767 1655 2825 libru
1667 2787 1721 2825 m
1740 2785 1874 2826 con-

218 2855 369 2929 tigit,
391 2856 497 2914 sed
528 2855 714 2915 multo
740 2860 895 2930 post,
924 2857 1007 2913 ita
1033 2862 1097 2913 ut
1134 2858 1319 2914 multo
1351 2864 1483 2935 post
1512 2859 1583 2915 ab
1615 2857 1743 2931 ipso
1773 2859 1872 2914 de-

220 2945 513 3017 scriptum
533 2942 841 3019 eidemque
868 2945 1015 3003 libro
1042 2946 1331 3018 posterius
1353 2947 1636 3005 insertum
1659 2948 1873 3002 fuerit?

220 3033 279 3091 Id
306 3033 577 3092 secunda
602 3033 1030 3092 animadversio
1050 3037 1423 3108 perspicuum
1452 3035 1642 3092 faciat.
1666 3037 1870 3093 Enim-

218 3114 352 3181 vero
372 3123 597 3187 factum
620 3122 816 3197 ipsum
840 3140 954 3181 non
978 3123 1164 3181 multo
1190 3129 1344 3192 ante,
1368 3126 1469 3182 sed
1492 3125 1696 3182 eodem
1718 3142 1871 3183 anno

219 3228 335 3284 quo
361 3215 569 3270 auctor
596 3210 742 3271 illud
775 3213 1105 3287 descripsit,
1133 3214 1451 3288 contigisse
1479 3215 1674 3288 palam
1710 3216 1741 3270 (i

219 3299 312 3357 bis
344 3302 476 3374 ejus
503 3302 699 3360 verbis
727 3319 740 3358 :
765 3326 794 3353 «
817 3302 1222 3376 Opportunum
1264 3320 1404 3360 sane
1431 3320 1639 3361 censeo
1672 3321 1871 3361 narra-

219 3389 371 3447 visse
393 3390 536 3463 quid
553 3389 745 3451 horno
767 3392 846 3465 (id
869 3398 957 3449 est
977 3393 1093 3450 bon
1116 3394 1291 3466 anno)
1316 3393 1593 3450 anxietati
1616 3393 1870 3466 contige-

218 3480 290 3537 rit
310 3497 477 3539 meis.
502 3480 772 3541 Lauduni
804 3499 1059 3556 namque
1089 3500 1224 3539 cum
1256 3500 1469 3553 essem,
1489 3506 1508 3532 »
1536 3488 1643 3540 etc.
1669 3483 1727 3539 Si
1751 3483 1874 3539 haec

218 3569 574 3645 scripsisset,
592 3570 734 3633 dum
762 3570 1062 3628 laudatum
1081 3572 1539 3644 Praeloquiorum
1571 3561 1787 3628 librum
1810 3571 1869 3628 in

216 3657 486 3732 Ραρὶθωὶ
509 3659 657 3715 turri
680 3660 956 3730 exaravit,
972 3661 1304 3735 scripsisset
1321 3662 1473 3717 inter
1487 3662 1870 3719 Februarium

216 3749 351 3807 anni
380 3750 494 3806 935
524 3753 584 3806 et
607 3750 939 3822 Augustum
976 3750 1113 3807 anni
1144 3751 1271 3819 937,
1305 3751 1585 3824 quandiu,
1621 3755 1685 3807 ut
1712 3752 1868 3808 vide-

214 3838 436 3908 bimus,
472 3837 692 3895 ibidem
740 3839 802 3894 in
832 3854 1058 3896 carcere
1089 3840 1359 3896 detentus
1398 3839 1525 3897 fuit.
1561 3839 1870 3897 Ratherius

215 3943 349 3984 vero
378 3942 575 4001 neque
600 3926 695 3985 his
726 3928 1146 4005 annis,quibus
1167 3932 1291 3985 erat
1318 3928 1377 3984 in
1401 3946 1649 3998 carcere,
1684 3946 1870 4003 neque

217 4016 705 4089 praecedentibus,
727 4016 941 4089 quibus
963 4016 1201 4074 Verona:
1228 4019 1355 4088 jam
1383 4020 1692 4094 episcopus
1724 4037 1867 4092 prae-

215 4104 346 4175 fuit,
380 4105 653 4165 Lauduni
683 4106 923 4176 exstitit,
960 4107 1060 4164 ubi
1111 4107 1250 4164 illud
1299 4109 1518 4164 factum
1553 4110 1868 4181 contigisse

214 4195 467 4251 traditur
500 4212 514 4251 :
545 4212 611 4251 ac
635 4198 939 4269 propterea
976 4194 1111 4252 huic
1153 4198 1402 4271 tempori
1433 4198 1738 4255 convenire
1769 4216 1868 4254 ne-

215 4289 440 4357 queunt
462 4282 586 4352 illa,
611 4284 744 4356 quid
767 4285 957 4351 horno,
981 4303 1085 4343 seu
1114 4285 1224 4342 hoc
1253 4303 1426 4356 anno,
1450 4289 1720 4344 anxietati
1740 4305 1865 4344 con-

214 4374 398 4446 tigerit
426 4373 851 4430 mete.Laudu1ii
878 4391 1001 4451 cum
1029 4391 1216 4446 essem,
1248 4381 1380 4445 etc.,
1407 4394 1534 4449 quae
1564 4378 1612 4433 si
1645 4394 1865 4433 annum

214 4460 544 4519 indicarent
592 4463 940 4519 anteriorem
991 4464 1324 4537 episcopatu
1358 4465 1697 4534 Veronensi,
1750 4484 1865 4524 non

213 4551 403 4622 Ιιονηο,
437 4552 541 4609 sed
564 4555 694 4609 ante
721 4552 929 4626 aliquot
958 4570 1130 4610 annos
1156 4554 1505 4627 scripsisset.
1523 4558 1665 4612 Cum
1695 4573 1866 4628 porro
1897 4571 1944 4643 D

215 4657 401 4715 neque
423 4646 754 4715 congruant
774 4642 1030 4715 cuipiam
1058 4660 1232 4715 anno,
1256 4662 1371 4716 quo
1400 4644 1489 4700 vel
1512 4644 1769 4713 Veronae,
1784 4656 1877 4712 vel

212 4729 272 4787 in
304 4729 577 4804 Papiensi
622 4747 870 4800 carcere,
896 4748 1011 4788 non
1044 4736 1239 4788 autem
1285 4733 1553 4790 Lauduni
1596 4734 1732 4803 fuit;
1768 4753 1875 4808 pa-

215 4817 334 4877 lam
357 4817 712 4897 sequiturad
738 4820 1028 4892 posterius
1050 4823 1282 4894 tempus
1307 4822 1366 4877 id
1390 4823 1701 4895 pertinere,
1722 4829 1877 4897 post-

216 4923 395 4982 quam
420 4896 521 4966 ille
557 4908 952 4969 Veronensem
985 4910 1383 4983 episcopatum
1417 4896 1746 4982 dimiserat;
1781 4914 1873 4970 cui

215 4998 455 5071 quidem
478 4998 729 5072 tempori
748 4997 894 5055 illud
918 5000 1132 5056 factum
1151 4999 1413 5073 assignat
1435 5000 1871 5071 Fulcuinus,uti

213 5085 483 5161 pluribus
505 5104 614 5144 suo
636 5086 762 5143 loco
779 5087 1221 5161 explicabimus.
1243 5089 1307 5147 In
1324 5089 1489 5147 libris
1508 5094 1703 5147 autem
1725 5092 1870 5149 Prae-

210 5173 548 5249 loquiorum
596 5176 785 5248 Papiae
833 5177 1082 5234 exaratis
1112 5177 1221 5234 hoc
1262 5178 1726 5236 additamentum
1757 5185 1866 5250 est,

213 5265 368 5337 quod
385 5282 522 5323 cum
542 5266 748 5323 eodem
769 5283 922 5323 anno
943 5283 1057 5339 quo
1077 5266 1135 5322 id
1157 5268 1498 5341 contigerat,
1512 5268 1637 5343 ipse
1659 5270 1869 5327 Bethe-

212 5356 336 5411 rius
363 5354 720 5413 inseruisset
740 5355 800 5413 in
822 5354 1039 5413 librum
1063 5355 1355 5431 quintum,
1380 5358 1549 5415 horno
1569 5359 1867 5418 verissime

211 5444 376 5501 dixit.

209 5530 368 5608 §IIl.
392 5566 461 5609 s—
485 5535 781 5593 Ratherius
820 5537 1032 5609 [δίκην]
1068 5539 1320 5597 Hilduini
1367 5537 1702 5596 Leodicensi:
1749 5556 1862 5609 epi-

279 5608 650 5696 δξοηίλέατεεέ,
669 5608 905 5696 παίων
929 5608 1112 5694 ﬁdem
1137 5610 1509 5696 auriﬁcem
1533 5608 1861 5696 δειέεριιίδο»

281 5681 333 5739 et
604 5681 832 5742 Verona
848 5676 1091 5761 episcopo
1111 5684 1361 5747 adhaesit.
1386 5676 1698 5765 Respondet
1710 5676 1876 5768 quae?

2047 531 2306 588 Hilduino
2356 531 2427 590 ad
2474 531 2921 596 Mediolanensem
2959 543 3141 597 sedem
3188 531 3353 602 e'lcct’o
3406 531 3633 603 Romam

2043 603 2449 686 proﬁciscitur;
2497 609 2727 686 indeque
2775 606 3025 668 reversus
3071 616 3181 686 ipsi
3227 619 3289 670 in.
3342 619 3635 674 νενοηεωί

2048 675 2303 730 cathedra
2322 679 2575 734 succedit.
2595 675 2784 737 Annus
2804 685 3070 740 statuitur
3082 675 3362 744 electionis
3378 690 3635 749 Hihtuini

2049 752 2100 799 et
2128 750 2550 809 consecrationis
2575 753 2846 810 Rutheni.

2052 867 2138 922 10.
2167 869 2229 925 In
2264 873 2776 947 monastico,quod
2799 879 3100 950 professus
3128 881 3335 953 fuerat,
3359 883 3629 943 instituto

1979 956 2175 1026 quiete
2202 958 2381 1014 vitam
2410 978 2580 1017 suam
2607 966 2988 1039 tra‘nsegisset
3010 968 3344 1039 Ratherius,
3368 973 3481 1029 nisi
3508 974 3657 1031 Hil-r

1980 1044 2143 1100 duini
2202 1047 2570 1106 Leodicensis
2620 1053 2873 1127 episcopi
2916 1060 2974 1112 et
3026 1058 3253 1115 abbatis
3308 1061 3627 1131 Lebiensis,

1978 1133 2150 1206 cujus
2174 1136 2436 1207 partibus
2465 1139 2703 1209 faverat,
2727 1143 2972 1201 consilia
2992 1161 3126 1201 eum
3156 1146 3294 1204 inde
3319 1150 3632 1208 adbduxis-

1974 1228 2128 1277 sent.
2152 1223 2265 1279 Res
2287 1224 2603 1296 aliquando
2624 1228 2803 1286 altius
2822 1232 3026 1307 paucis
3048 1237 3359 1307 repetenda
3380 1243 3489 1295 est.
3514 1240 3632 1296 Mo-

1978 1312 2301 1368 nasterium
2326 1314 2609 1373 Lobiense
2627 1318 2737 1374 hoc
2757 1324 3036 1393 tempore,
3061 1331 3118 1378 et
3139 1330 3256 1381 toto
3277 1327 3393 1384 fere
3414 1329 3629 1386 saeculo

1980 1402 2350 1471 prmoedenti,
2376 1403 2458 1459 ita
2477 1406 2550 1461 ad
2574 1408 2942 1465 Leodicensis
2963 1412 3218 1486 episc0pi
3243 1414 3345 1485 jus
3374 1418 3628 1488 pertine-

1980 1488 2097 1553 bat,
2134 1495 2198 1544 ut
2234 1491 2331 1563 qui
2373 1503 2497 1548 erat
2536 1495 2906 1553 Lcodicensis
2937 1499 3267 1574 episcopus,
3289 1502 3443 1560 idem
3476 1510 3631 1563 esset

1982 1577 2163 1654 abbas
2195 1579 2517 1637 Lobiensis.
2544 1583 2838 1657 Stephano
2880 1587 3151 1662 episcopo
3197 1596 3375 1663 atque
3422 1594 3631 1652 abbate

1979 1665 2096 1722 vita
2124 1666 2346 1735 functo,
2365 1687 2516 1726 anno
2547 1672 2654 1727 920
2682 1680 2741 1728 et
2770 1677 3038 1747 sequenti
3080 1695 3295 1752 magna
3324 1681 3397 1738 de
3429 1683 3627 1739 Leodi-

1976 1755 2136 1811 censi
2162 1757 2497 1830 episcopatu
2524 1760 2677 1815 inter
2697 1762 3037 1820 Hilduinum
3061 1769 3118 1821 et
3138 1766 3477 1826 Richarlum
3496 1789 3632 1828 con-

1903 1826 1950 1892 Β
1980 1845 2162 1900 tentio
2184 1826 2381 1903 exorta
2403 1853 2490 1903 est
2510 1849 2819 1918 (Faoooxa.
2839 1852 3060 1923 Chron.,
3085 1860 3142 1911 et
3162 1826 3627 1918 UGO‘I“LAVINI';\7(I.

1984 1936 2043 1988 in
2077 1934 2274 1991 Chron.
2305 1935 2552 2009 Virdun.)
2574 1938 2685 1994 Alii
2705 1941 2859 1996 enim
2882 1940 3226 2000 Hilduinum
3250 1947 3513 2018 ejusdem
3539 1965 3630 2007 ec-

1984 2022 2170 2078 clesiae
2215 2024 2489 2081 clericum
2541 2035 2931 2100 poposcerunt
2959 2031 3402 2107 cpiscOpum,ac
3435 2037 3632 2095 faven-

1981 2116 2039 2166 te
2060 2111 2380 2170 Gisleberto
2403 2116 2790 2190 Lotharingiaa
2812 2119 2978 2193 duce,
3004 2123 3104 2193 qui
3129 2128 3328 2182 contra
3358 2126 3630 2184 Car-clum

1982 2199 2176 2257 Gallias
2209 2218 2404 2276 regem
2450 2204 2843 2281 Lotharingici
2876 2210 3039 2284 regni
3086 2212 3200 2267 sibi
3250 2221 3632 2289 usurpaverat

1983 2307 2301 2358 summam,
2321 2292 2380 2347 in
2399 2292 2529 2365 ipsa
2548 2294 2803 2352 Ecclesia
2824 2297 3161 2356 Leodicensi
3179 2302 3252 2358 ab
3272 2303 3630 2363 Herimanno

1982 2378 2309 2436 Coloniensi
2345 2384 2714 2455 metropolita
2742 2392 3116 2445 consecratus
3146 2390 3257 2445 fuit
3287 2409 3435 2450 nova
3459 2399 3515 2450 et
3543 2395 3630 2451 in-

1982 2469 2198 2525 usitata
2224 2469 2468 2540 ratione,
2491 2473 2714 2545 absque
2755 2475 2908 2547 regis
2947 2475 3166 2534 scilicet
3206 2496 3630 2557 procerumque

1981 2573 2293 2614 consensu.
2326 2557 2433 2614 Alii
2466 2577 2497 2616 e
2524 2567 2727 2617 contra
2747 2563 2949 2620 Carolo
2983 2582 3112 2639 rege
3142 2570 3497 2628 assentiente
3527 2572 3631 2628 Iti-

1981 2647 2246 2704 charium
2279 2648 2548 2705 abbatem
2589 2648 2992 2710 Prumiensem
3033 2656 3417 2729 expetierunt.
3440 2660 3631 2718 Causa

1980 2738 2053 2794 ad
2085 2736 2462 2810 apostolicam
2496 2740 2693 2796 sedem
2722 2740 2936 2811 delata,
2963 2760 3029 2799 eo
3058 2745 3371 2805 Hilduinus
3392 2753 3451 2805 et
3472 2749 3633 2807 Heri-

1980 2843 2236 2882 mannus
2265 2827 2393 2898 ejus
2438 2827 2766 2897 ordinator,.
2788 2847 2894 2886 nec
2925 2850 3041 2888 non
3074 2834 3379 2893 Richarius
3423 2857 3458 2894 a
3495 2856 3629 2914 rege

1980 2913 2321 2988 designatus
2350 2920 2681 2974 evocantur.
2706 2918 2980 2978 Hilduino
3005 2928 3202 2980 autem
3218 2926 3511 2997 judicium
3533 2913 3631 2986 de-

1979 3004 2253 3072 clinante,
2274 3005 2533 3062 Joannes
2557 3007 2626 3062 XI
2653 3025 2924 3066 summus
2945 3013 3204 3084 pontifex
3228 3032 3380 3073 anno
3402 3019 3513 3073 922
3536 3035 3629 3074 or-

1981 3092 2202 3153 dinavit
2231 3093 2589 3165 Richarium,
2619 3097 2717 3168 qui
2746 3100 2983 3170 pacifica
3007 3100 3417 3161 Leodicensem
3447 3106 3629 3164 eccle-

1750 3219 1772 3271 t
1803 3180 1871 3271 eg
1900 3197 1944 3266 ρ
1981 3181 2130 3237 siam
2161 3180 2431 3239 obtinuit.

2057 3271 2143 3326 11.
2169 3271 2292 3327 Non
2314 3271 2500 3329 multo
2527 3279 2679 3347 post,
2696 3291 2847 3333 anno
2870 3276 3135 3336 videlicet
3152 3281 3281 3348 926,
3303 3281 3455 3341 circa
3474 3300 3633 3341 men-

1981 3375 2105 3414 sem
2153 3360 2421 3427 Junium,
2453 3362 2617 3435 llugo
2661 3380 2857 3421 comes
2899 3365 3255 3427 Arelatensis
3284 3374 3342 3428 et
3370 3372 3631 3430 marchio

1982 3448 2312 3518 Provinciae,
2331 3451 2431 3523 qui
2460 3469 2593 3508 cum
2640 3452 2912 3511 Hilduino
2945 3457 3226 3515 atllnitate
3249 3460 3629 3534 jungebatur,

1980 3537 2155 3593 Italiae
2184 3555 2429 3613 regnum
2451 3543 2848 3614 consequitur.
2877 3546 2937 3600 In
2972 3546 3197 3604 Italiam
3222 3564 3356 3606 mox
3377 3566 3505 3608 sese
3538 3567 3631 3607 re-

1980 3626 2132 3699 cepit
2153 3628 2488 3696 Hilduinus,
2504 3647 2748 3702 sperans
2770 3632 2890 3690 fore
2912 3638 2975 3689 ut
2994 3636 3066 3691 ab
3089 3652 3156 3692 eo
3179 3636 3352 3694 alicui
3372 3639 3632 3699 ecclesiae

1979 3716 2191 3773 Italicae
2223 3719 2614 3790 praeficeretur
2639 3721 3011 3793 (LIUTPRAND.
3036 3723 3136 3783 lib.
3162 3743 3225 3783 ιιι
3253 3729 3413 3798 Hist,
3437 3745 3488 3785 c.
3518 3730 3627 3801 11).

1981 3804 2324 3862 Ratherium
2348 3806 2713 3883 quoque,qui
2738 3827 2856 3866 suae
2888 3813 3036 3885 parti
3068 3819 3270 3872 contra
3294 3815 3629 3877 Richarium

1978 3894 2214 3961 faverat,
2235 3914 2434 3953 secum
2464 3899 2753 3956 adducere
2777 3901 3022 3958 studuit.
3049 3902 3173 3959 Huc
3194 3904 3503 3962 referimus
3530 3906 3633 3965 illa

1978 3985 2112 4041 libri
2133 3985 2306 4058 primi
2325 3986 2799 4061 Praeloquiorum,
2815 4006 2978 4046 num.
2996 3993 3128 4049 25:a
3152 3994 3415 4052 Invenies
3431 4008 3631 4068 quem-

1977 4073 2117 4130 libet
2146 4075 2431 4132 nobilium
2452 4077 2644 4150 [xxxv]
2675 4080 2952 4146 omnibus
2993 4098 3139 4153 pene
3170 4083 3343 4139 rebus
3378 4084 3622 4142 destitu-

1977 4168 2103 4220 tum
2124 4165 2385 4237 potentia
2404 4169 2459 4222 et
2481 4165 2784 4239 dignitate,
2809 4168 2858 4224 si
2879 4186 3057 4241 quam
3080 4169 3225 4227 forte
3244 4172 3492 4244 adeptus
3512 4177 3622 4241 est,

1973 4252 2302 4323 viduatum,
2325 4254 2675 4327 penitusque
2697 4262 2983 4329 quantum
3011 4259 3082 4314 ad
3108 4259 3187 4328 id,
3211 4261 3367 4332 quod
3399 4260 3625 4337 cupidi-

1975 4343 2057 4397 tia
2085 4342 2285 4414 dictat,
2308 4347 2366 4399 et
2396 4343 2669 4400 nobilitas
2691 4346 3035 4417 expostulat,
3061 4348 3350 4419 dejectum
3377 4350 3625 4424 (Hildui-

1976 4445 2119 4486 num
2142 4447 2173 4486 e
2194 4431 2329 4487 sede
2349 4432 2683 4488 Leodicensi
2705 4434 2996 4507 dejectum
3020 4436 3337 4512 intelligit),
3362 4441 3462 4512 qui
3486 4455 3630 4512 con-3

1975 4523 2065 4574 tra
2084 4526 2205 4574 tam
2225 4520 2433 4575 duram
2449 4521 2754 4577 infortunii
2773 4522 3166 4581 calamitatem
3188 4509 3493 4586 brachium
3516 4509 3629 4586 eri:-

1983 4625 2117 4682 gcre
2158 4608 2373 4677 nitens,
2399 4627 2503 4666 nec
2552 4628 2655 4684 per
2701 4629 2876 4669 se.....
2911 4613 3132 4688 aliquid
3181 4616 3401 4686 valens,
3424 4634 3628 4691 quem-

1985 4698 2143 4771 piam
2167 4699 2380 4771 (ipsum
2415 4698 2636 4757 scllicet
2666 4700 3029 4774 Ratherium)
3060 4704 3159 4776 qui
3192 4706 3425 4778 quietus
3465 4707 3632 4781 copia

1985 4789 2273 4843 arridente
2303 4792 2404 4842 aut
2443 4789 2499 4844 in
2531 4806 2593 4845 se
2638 4791 2957 4848 subsistere
2997 4793 3300 4866 (nimirum
3330 4795 3389 4852 in
3422 4812 3630 4854 mona-

1983 4876 2200 4949 sterio),
2217 4880 2320 4932 aut
2340 4877 2397 4931 in
2419 4878 2625 4950 grandi
2649 4884 2909 4951 quzestus
2931 4882 3324 4940 emolumento
3346 4885 3510 4942 alteri
3530 4902 3628 4941 va-

1980 4964 2125 5021 leret
2150 4965 2362 5021 servire
2383 4965 2667 5039 (videlicet
2688 4967 2955 5026 Richario
2976 4971 3628 5046 episcopo),dulcisonis

1980 5053 2510 5127 blandiloquiorum
2544 5054 2832 5113 illecebris
2871 5059 2943 5115 ad
2997 5076 3059 5117 se
3112 5063 3477 5134 sequendum
3510 5070 3625 5118 non

1978 5145 2204 5201 dubitet
2224 5143 2508 5201 irretire.»
2530 5143 2697 5202 Hisce
2724 5151 2917 5203 autem
2948 5147 3237 5206 illecebris
3262 5165 3391 5206 sese
3415 5150 3628 5208 cessis-

1977 5250 2039 5290 se
2068 5233 2257 5307 ipsius
2287 5232 2548 5290 Hilduini
2579 5250 2775 5291 amore
2822 5236 3065 5308 indicat,
3095 5252 3231 5293 cum
3272 5244 3404 5313 post
3440 5254 3629 5312 pauca

1976 5322 2214 5396 subiicit
2237 5340 2287 5379 εει
2308 5322 2443 5379 Sola
2464 5340 2550 5392 ea,
2567 5340 2695 5396 quae
2726 5324 2894 5381 fortis
2916 5328 3004 5380 est
3024 5328 3090 5380 ut
3110 5343 3288 5397 mors,
3319 5327 3630 5387 dilectione

1977 5430 2040 5472 se
2068 5413 2303 5486 penitus
2330 5412 2592 5486 neglecto
2615 5412 2699 5469 illi
2726 5411 2997 5469 maluerit
3023 5412 3197 5471 etiam
3220 5430 3355 5472 cum
3379 5417 3510 5475 vita;
3538 5418 3628 5475 in-

1977 5502 2241 5560 numeris
2270 5501 2546 5576 periculis
2575 5517 2939 5571 succurrere,
2964 5507 3028 5559 ut
3045 5503 3291 5580 gloriam
3324 5512 3425 5564 aut
3450 5510 3629 5566 amis-

1975 5610 2124 5663 sam,
2149 5596 2249 5649 aut
2280 5590 2561 5664 potiorem
2589 5589 2806 5646 valeret
2834 5607 3199 5666 recuperare,
3216 5606 3394 5669 quam
3415 5597 3632 5655 suimet

1975 5696 2178 5745 curam
2200 5695 2420 5762 gerere,
2437 5682 2494 5740 et
2514 5677 2629 5739 sibi
2658 5681 3008 5755 necessaria,
3024 5699 3160 5745 cum
3183 5686 3385 5746 adesse
3404 5686 3629 5766 potuis~
