4070 6372
447 340 525 407 35
1410 335 1862 400 RATHERIUS
1905 332 2401 397 VERONENSIS
2447 334 2892 399 EPISCOPUS.
3780 331 3871 396 36

450 480 600 545 sent,
625 475 696 532 ad
725 477 857 530 vota
898 477 1149 546 captare.
1176 494 1203 521 ›ι
1229 472 1312 527 Ita
1344 470 1650 527 Ratherius
1680 468 1928 541 partibus
1973 468 2094 523 Hil-
2123 467 2173 534 Α
2208 484 2322 540 quo
2356 467 2664 524 Ratherius
2691 485 2826 523 cum
2859 466 3133 523 Ililduino
3164 466 3222 522 in
3255 464 3479 523 Italiam
3511 467 3688 536 venit,
3719 470 3867 525 tunc

450 567 613 623 duini
630 566 837 637 favens,
850 564 940 618 illi
958 562 1402 633 inseparabiliter
1420 559 1672 625 adhazsit,
1689 564 1753 613 ut
1776 557 2096 613 Fulcuinus

453 654 709 730 prodidit
739 653 898 726 (Gest.
933 652 1001 707 ab
1032 652 1160 706 Lob.
1190 667 1239 705 c.
1276 650 1383 721 19).

525 746 609 801 12.
637 742 875 799 Interim
914 740 1184 797 Notherio
1223 736 1539 793 Veronensi
1579 736 1850 808 episcopo
1889 753 1920 791 e
1951 733 2096 790 vivis

450 833 681 890 sublato
704 850 756 888 IV
782 832 916 886 Idus
933 828 1179 902 Augusti
1199 828 1432 894 an.928,
1460 826 1624 898 Hugo
1657 842 1756 881 rex
1779 823 2097 880 Veronensi

452 922 575 979 sedi
603 921 917 994 praeposuit
938 917 1297 984 llilduinum,
1321 933 1425 971 seu
1452 916 1647 987 potius
1666 932 1736 970 ex
1756 915 1945 971 abusu
1967 915 2096 984 ejus

450 1009 637 1066 astatis
663 1009 774 1082 ipsi
798 1005 1081 1063 concessit
1103 1005 1369 1061 eamdem
1395 1003 1727 1070 ecclesiam,
1742 1005 1872 1076 jure
1889 1004 2094 1074 stipen-

448 1100 648 1166 diario,
678 1101 739 1154 ut
767 1095 969 1151 exinde
1008 1094 1247 1150 haberet
1284 1093 1440 1149 unde
1467 1093 1700 1161 viveret,
1725 1093 1916 1164 quoad
1948 1091 2096 1148 insi-

448 1189 619 1262 gnior
636 1186 803 1243 sedes
828 1188 1054 1239 vacaret
1069 1184 1270 1250 (llam.
1284 1199 1367 1254 ep.
1392 1184 1446 1249 5,
1465 1182 1536 1237 ad
1553 1183 1711 1239 Joan.
1727 1198 1950 1254 papam,
1966 1181 2092 1247 n.3,

448 1281 505 1333 et
534 1277 766 1332 Lwrpn.
800 1272 839 1328 l.
873 1289 956 1341 III,
990 1290 1039 1328 c.
1075 1273 1184 1340 11).
1217 1272 1462 1327 Mortem
1500 1270 1758 1326 Notherii
1798 1286 1953 1325 anno
1990 1271 2097 1325 928

446 1364 763 1430 afﬂximus,
785 1379 899 1419 non
921 1377 1055 1417 vero
1082 1377 1240 1416 unno
1259 1360 1385 1426 929,
1412 1364 1477 1415 ut
1506 1377 1620 1414 non
1652 1358 1872 1414 nemini
1902 1358 2094 1415 visum

445 1457 553 1510 est.
576 1452 677 1509 Ille
697 1451 857 1507 enim
884 1467 1072 1507 annus
1102 1448 1402 1522 perspicue
1424 1447 1657 1504 elicitur
1684 1463 1752 1503 ex
1783 1447 2094 1519 sepulcrali

445 1543 575 1613 ejus
605 1540 923 1613 epitaphio,
957 1538 1109 1611 quod
1141 1538 1333 1594 adhuc
1362 1541 1550 1593 exstat
1578 1537 1635 1591 in
1669 1536 2006 1604 cathedrali,
2038 1541 2097 1592 et

445 1631 519 1687 ab
552 1627 817 1702 Ughellio
848 1628 1070 1683 editum
1100 1630 1189 1682 est
1213 1632 1371 1682 tomo
1392 1626 1440 1680 V
1468 1625 1644 1681 Italiae
1674 1642 1852 1680 sacrae
1884 1626 1942 1681 in
1973 1625 2093 1697 epi-

447 1718 642 1790 scopis
670 1717 1125 1782 Veronensibus,
1145 1714 1390 1782 col.733,
1409 1714 1505 1768 ubi
1539 1731 1808 1787 expresse
1838 1713 2051 1785 legitur
2076 1731 2089 1768 :

447 1831 475 1859 ‹‹
496 1807 655 1864 Obiit
681 1824 734 1862 IV
758 1805 896 1862 Idus
924 1804 1191 1877 Augusti,
1216 1821 1367 1860 anno
1390 1802 2091 1903 Dominicaa'ln‘carnat'io-
2125 1836 2171 1903 Β

448 1896 540 1952 nis
591 1896 718 1961 928,
752 1894 954 1950 indict.
988 1912 1072 1949 ι.»
1099 1893 1262 1959 Quod
1305 1893 1353 1947 si
1395 1891 1643 1948 codicilli
1685 1891 2019 1948 Nothetiani
2060 1909 2093 1947 a

447 1975 806 2042 marchiome
835 1983 1109 2056 Dionysio
1141 1982 1401 2053 ejusdem
1434 1980 1784 2038 cathedralis
1811 1981 2091 2036 canonico

446 2072 779 2147 nuperrime
809 2073 948 2127 editi
983 2072 1197 2127 habent
1229 2072 1321 2139 (De
1356 2070 1563 2125 duobus
1589 2072 1751 2140 episc.
1769 2086 1899 2142 pag.
1923 2070 2045 2138 103)
2075 2087 2087 2125 :

445 2188 472 2215 ι(
494 2164 791 2235 Regnante
812 2162 1025 2217 domno
1044 2159 1240 2232 Ugone
1265 2176 1396 2232 rege
1422 2158 1516 2215 hic
1548 2159 1605 2214 in
1633 2158 1794 2214 Italia
1819 2175 1971 2213 anno
2002 2176 2090 2215 se-

444 2252 633 2307 cundo
662 2251 773 2307 sub
803 2251 897 2305 die
928 2250 1131 2321 quinto
1164 2250 1386 2303 decimo
1420 2248 1490 2302 de
1529 2264 1730 2303 mense
1760 2248 2088 2316 Novembri,

444 2340 763 2395 indictione
796 2339 987 2411 prima
1004 2356 1061 2403 ς»
1090 2354 1159 2391 ne
1180 2337 1237 2391 hi
1270 2336 1544 2400 codicilli,
1564 2338 1620 2390 in
1641 2337 1857 2407 quibus
1879 2336 2092 2391 Nothe-

436 2429 571 2489 rius
603 2429 766 2483 vivus
800 2428 1101 2499 praefertur
1120 2441 1303 2480 mense
1324 2425 1626 2491 Novembri,
1651 2424 1948 2480 indictione
1973 2427 2092 2497 pri-

443 2535 554 2582 ma,
579 2533 715 2571 cum
750 2514 1044 2587 epitapbio
1088 2513 1402 2568 credantur
1429 2513 2091 2586 pugnare,animadver-

444 2606 685 2662 tendum
708 2609 816 2672 est,
836 2604 1084 2675 primam
1116 2602 1488 2658 indictionem
1521 2604 1870 2658 sumendam
1902 2620 2029 2660 esse
2060 2622 2095 2661 a

444 2708 646 2750 mense
675 2692 998 2765 Septembri
1036 2690 1173 2746 anni
1213 2690 1319 2744 927
1356 2707 1543 2762 usque
1580 2691 1651 2746 ad
1693 2692 2090 2763 Septembrem

443 2782 582 2838 anni
600 2782 735 2841 928;
763 2780 916 2835 unde
939 2778 1155 2834 laudati
1180 2778 1426 2834 codicilli
1450 2779 1791 2849 assignandi
1812 2786 1952 2835 sunt
1976 2798 2090 2836 non

444 2888 597 2927 anno
626 2871 751 2936 928,
767 2870 869 2925 sed
892 2870 1139 2940 927,quo
1170 2885 1309 2924 sane
1338 2885 1536 2923 mense
1564 2868 1870 2924 Novembri
1903 2870 2094 2941 prima

444 2959 685 3015 indictio
724 2958 1087 3023 decurrebat,
1130 2963 1186 3013 et
1216 2957 1430 3028 Ugonis
1474 2957 1625 3029 regis
1661 2974 1852 3013 annus
1881 2958 2091 3032 [xxxvi]

442 3048 765 3106 secundus:
782 3047 927 3102 alias
952 3063 1143 3102 annus
1165 3045 1381 3118 Ugonis
1404 3047 1612 3101 tertius
1635 3048 1924 3103 notendus
1947 3048 2089 3104 fuis-

415 3141 547 3208 ,set.
564 3135 829 3193 Concinit
860 3134 1035 3192 etiam
1057 3134 1471 3191 documentum
1504 3152 1573 3191 ex
1599 3134 1832 3192 archivo
1863 3138 2087 3193 monia-

2204 557 2488 612 dicendus
2518 557 2628 613 erit
2658 557 2969 613 Hilduinus
3000 557 3053 613 ei
3083 556 3265 613 fuisse
3296 556 3593 629 pollicitus
3625 574 3688 614 se
3717 574 3867 615 cum

2204 650 2445 719 Hugone
2476 664 2608 719 rege
2648 652 2917 702 acturum
2952 654 3013 703 ut
3041 646 3165 719 ipse
3195 662 3430 719 quoque
3478 647 3550 702 ad
3598 645 3865 720 aliquem

2205 735 2605 808 episcoPatum
2645 739 3103 807 promoveretur.
3136 735 3302 791 Certe
3345 735 3405 791 in
3454 735 3864 813 Confess‘ione‘,

2204 823 2304 878 ubi
2341 824 2761 880 monasterium
2802 829 2857 880 et
2900 825 3290 881 monasticum
3333 824 3697 897 propositum
3729 843 3763 882 a
3792 841 3868 882 se

2204 914 2499 969 desertum
2534 912 2723 979 deflet,
2757 930 2818 970 se
2852 916 2913 969 in
2956 922 3066 970 rete
3090 913 3172 986 (id
3204 918 3293 970 est
3324 914 3382 970 in
3429 913 3863 989 episc0patum)

2206 1003 2499 1058 immisisse
2535 1003 2729 1073 pedem
2774 1019 2954 1070 suum,
2987 1003 3381 1076 eumdemque
3429 1004 3663 1060 ambisse
3710 1006 3865 1061 satis

2206 1095 2403 1163 aperte
2441 1090 2770 1164 signiﬁcare
2817 1090 3048 1147 videtur
3090 1088 3359 1148 scribens
3382 1110 3440 1147 n.
3475 1093 3543 1148 19
3574 1110 3588 1148 :
3622 1094 3865 1149 Immisit

2203 1181 2464 1246 muime,
2499 1181 2750 1249 immisit,
2780 1182 2831 1236 si
2860 1184 2911 1235 et
2936 1180 3184 1237 ambivit.

2279 1270 2363 1324 14.
2384 1269 2725 1341 «Antequam
2774 1268 3023 1326 ulterius
3069 1268 3536 1343 progrediamur,
3573 1270 3679 1333 hoc
3726 1268 3864 1327 loco

2205 1356 2423 1413 mentio
2470 1357 2734 1414 facienda
2781 1362 2872 1415 est
2901 1358 3211 1429 cujusdam
3260 1359 3472 1433 operis,
3498 1359 3861 1432 ceteroquin

2203 1446 2507 1518 deperditi,
2525 1464 2639 1519 quo
2658 1446 2968 1504 Ratherius
2984 1451 3117 1503 ante
3134 1448 3534 1521 episcopatum
3552 1448 3863 1506 nonnullis

2206 1534 2629 1607 quaestionibus
2645 1535 3170 1592 Mediolanensium
3188 1536 3509 1609 respondit.
3523 1537 3711 1611 Hujus
3722 1554 3863 1611 ope-

2203 1623 2283 1678 ris
2316 1623 2597 1679 indicium
2650 1624 2913 1697 suppetit
2958 1641 3027 1681 ex
3072 1624 3241 1697 epist.
3273 1627 3327 1692 3,
3361 1625 3434 1681 ad
3483 1626 3854 1695 Rotbertum,

2204 1729 2367 1767 num.
2395 1715 2417 1767 1
2453 1731 2514 1767 ;‹‹
2541 1713 2604 1767 In
2634 1712 2779 1784 ipsis
2811 1712 3013 1780 initiis,
3037 1713 3246 1785 inquit,
3270 1715 3662 1786 quorumdam
3696 1732 3860 1788 quas-

2203 1801 2513 1856 stiunculis
2555 1800 3078 1858 Mediolanensium
3125 1802 3282 1858 haud
3331 1802 3532 1860 leviter
3559 1803 3856 1877 pulsatus,

2204 1890 2469 1961 quaedam
2493 1906 2560 1945 ex
2581 1890 2675 1946 his
2694 1907 2821 1963 quae
2842 1907 2942 1946 vos
2966 1892 3263 1964 requirere
3284 1903 3397 1947 n0n
3423 1892 3858 1965 ambigo,visus

2202 1995 2334 2033 sum
2369 1977 2704 2050 prmlibasse
2758 1980 3012 2050 [xxxvu].
3036 2002 3063 2029 ››
3101 1980 3249 2035 Dum
3280 1982 3340 2036 in
3378 1982 3510 2053 ipsis
3543 1983 3719 2038 initiis
3750 1983 3856 2056 ait,

2202 2067 2360 2122 istud
2393 2072 2626 2139 tempus
2654 2068 2889 2135 indicat,
2918 2086 3051 2125 cum
3084 2070 3274 2143 primo
3307 2070 3645 2127 llilduinum
3678 2088 3861 2127 secu-

2202 2161 2297 2211 tus
2348 2157 2405 2212 in
2458 2156 2680 2212 Italiam
2710 2158 2886 2225 venit,
2915 2164 2972 2213 et
3002 2159 3261 2214 nondum
3312 2159 3618 2232 episcopus
3661 2160 3859 2216 fuerat

2202 2249 2597 2307 consecratus,
2639 2249 2704 2299 ut
2754 2262 2821 2300 ex
2879 2246 3258 2317 sequentibus
3306 2245 3575 2318 colligere
3632 2245 3854 2303 licebit.

2201 2334 2477 2397 Quaenam
2508 2333 2721 2389 fuerint
2747 2334 3036 2405 ejusmodi
3069 2334 3443 2407 quaestiones,
3465 2334 3623 2391 latet.
3649 2336 3858 2394 Solum

2202 2423 2426 2479 scimus
2448 2440 2545 2479 eas
2567 2425 2639 2479 ad
2666 2424 2908 2495 profana
2929 2424 3123 2479 studia
3142 2424 3514 2496 pertinuisse,
3542 2424 3602 2479 in
3634 2424 3856 2497 quibus

2202 2516 2485 2584 quantum
2508 2511 2744 2578 valeret,
2769 2511 3174 2585 pervulgatum
3201 2517 3345 2568 erat.
3368 2517 3510 2568 Cum
3532 2513 3686 2569 enim
3718 2519 3858 2585 post

2201 2619 2269 2657 ea
2308 2602 2530 2657 similes
2580 2601 2749 2674 plane
2777 2601 3126 2673 quzest.iones
3174 2602 3363 2659 eidem
3401 2602 3527 2674 jam
3576 2602 3853 2676 episcopo

2200 2691 2605 2764 proposuisset
2647 2690 2979 2756 Rotbertus,
3003 2706 3071 2745 ea
3101 2690 3323 2746 ratione
3356 2705 3482 2747 sese
3529 2691 3851 2760 excusavit,

2199 2782 2339 2853 quia
2368 2779 2502 2835 licet
2540 2784 2672 2835 ante
2724 2779 3123 2852 episcopatum
3155 2796 3269 2833 non
3302 2784 3631 2836 recusasset
3678 2797 3854 2853 pares

2200 2867 2725 2925 Mediolanensium
2753 2866 3105 2939 qumstiones
3144 2867 3479 2937 dissolvere,
3503 2884 3620 2924 non
3648 2873 3855 2926 tamen

2199 2958 2441 3013 decebat
2469 2958 2526 3012 in
2556 2956 2629 3012 iis
2659 2955 2875 3013 versari
2904 2956 3262 3029 episcopum,
3283 2956 3383 3029 qui
3414 2974 3529 3013 non
3562 2956 3619 3013 in
3651 2959 3857 3030 profa-

2200 3047 2311 3107 nis.
2340 3047 2439 3103 sed
2473 3047 2533 3101 in
2564 3045 2776 3102 divinis
2800 3050 2857 3103 et
2885 3044 3068 3102 sacris
3112 3045 3325 3102 studiis
3352 3046 3522 3102 debet
3551 3048 3848 3120 occupari.

2198 3136 2343 3192 Huic
2376 3135 2617 3193 forsitan
2656 3135 2811 3208 operi
2853 3134 3072 3191 inserta
3102 3134 3211 3191 fuit
3242 3134 3345 3190 illa
3374 3135 3682 3207 cujusdam
3710 3135 3850 3209 phi-

439 3227 586 3283 lium
618 3226 676 3283 S.
709 3224 998 3282 Zachariae
1030 3224 1189 3280 urbis
1218 3224 1595 3280 Venetiarum
1626 3242 1658 3280 a
1686 3223 1907 3282 Joanne
1937 3226 2084 3299 Bap-
2117 3205 2159 3272 ρ
2198 3225 2428 3298 losophi
2459 3205 2768 3292 sententia,
2796 3225 2965 3296 cujus
3009 3224 3279 3281 meminit
3323 3205 3471 3281 libro
3502 3228 3665 3281 sexto
3697 3205 3850 3281 13m;-

442 3318 581 3371 tista
610 3313 944 3371 Biancolino
976 3312 1274 3385 vulgatum
1306 3314 1418 3384 (De’
1448 3316 1653 3370 veseovi
1681 3314 1742 3369 di
1776 3317 1978 3371 Verona
2028 3333 2084 3389 p.

443 3405 590 3475 120),
619 3418 735 3474 quo
780 3401 1091 3457 Hilduinus
1117 3401 1377 3457 Notherii
1409 3419 1711 3458 successor
1737 3403 2088 3461 Veronensis

442 3492 750 3565 episcopus
770 3490 1026 3545 traditur
1046 3495 1367 3563 «regnante
1387 3491 1601 3547 domno
1624 3491 1819 3564 Ugone
1841 3509 1974 3565 rege
1993 3494 2089 3550 hic

442 3582 502 3637 in
534 3580 701 3637 Italia
730 3597 882 3637 anno
921 3583 1129 3651 quarto
1178 3577 1287 3634 sub
1319 3579 1411 3634 die
1438 3596 1495 3636 χι
1526 3580 1596 3634 de
1628 3597 1826 3637 mense
1870 3581 2084 3651 Julius,

442 3669 759 3725 indictione
809 3669 1131 3725 secunda.»
1156 3668 1305 3724 Sunt
1358 3669 1497 3724 certi
1528 3668 1892 3726 characteres
1948 3672 2087 3728 anni

439 3759 566 3827 929,
601 3774 715 3830 quo
745 3757 963 3830 Ugonis
1002 3758 1153 3831 regis
1190 3774 1382 3813 annus
1415 3762 1659 3830 quartus
1702 3776 1900 3816 mense
1929 3760 2085 3818 Julio

439 3847 535 3904 vix
563 3846 950 3913 inchoaverat,
966 3850 1023 3903 et
1053 3847 1434 3903 concurrebat
1473 3863 1607 3904 cum
1650 3847 1963 3905 indictione
1994 3866 2083 3908 se-

439 3936 726 3993 cunda.Si
754 3940 949 3992 autem
978 3952 1176 3993 mense
1201 3934 1357 3991 Julio
1381 3935 1517 3991 anni
1548 3936 1655 3991 929
1682 3937 2083 4012 episcopatum

442 4024 830 4082 Veronensem
860 4022 1159 4079 obtinebat
1189 4021 1521 4089 Hilduinus,
1554 4039 1713 4079 mors
1743 4025 1943 4096 procul
1974 4027 2083 4083 du-

436 4115 532 4170 bio
557 4113 837 4180 Notherii,
854 4112 952 4185 qui
974 4111 1119 4168 obiit
1143 4128 1194 4168 ιν
1217 4111 1354 4167 Idus
1377 4112 1647 4184 Augusti,
1671 4112 1731 4168 in
1758 4116 2083 4186 Augustum

436 4204 574 4261 anni
608 4202 717 4258 929
763 4201 961 4258 referri
1019 4201 1240 4273 nequit,
1273 4201 1374 4257 sed
1434 4203 1695 4275 Augusto
1726 4204 1862 4258 anni
1892 4205 1997 4260 928
2024 4206 2083 4262 in

436 4292 731 4365 epitaphio
763 4291 980 4363 optime
1010 4289 1340 4346 ascribitur.

508 4381 594 4436 13.
618 4379 735 4435 Hac
755 4380 1078 4448 occasione,
1106 4395 1224 4451 qua
1252 4377 1567 4435 Hilduinus
1589 4380 1660 4435 ad
1689 4379 2080 4439 Veronensem

434 4470 632 4544 sedem
663 4474 966 4541 promotus
998 4468 1485 4534 fuit,Ratherium
1508 4487 1620 4525 non
1654 4468 1794 4526 levis
1824 4488 1959 4543 spes
1991 4472 2080 4527 in-

2196 3314 2552 3387 loquiorum,
2584 3332 2748 3370 num.
2778 3316 2833 3380 7,
2866 3314 3141 3386 inquiens
3167 3330 3181 3369 :
3207 3337 3235 3364 ‹‹
3269 3313 3544 3386 Exemplo
3574 3312 3854 3371 videlicet

2196 3405 2503 3477 cujusdam
2523 3401 2979 3475 philosophi,qui
2996 3419 3131 3459 cum
3149 3403 3221 3458 ad
3245 3401 3631 3473 iracundiam,
3645 3419 3720 3460 UT
3732 3419 3849 3460 JAM

2196 3512 2254 3549 11v
2284 3511 2412 3549 auo
2437 3509 2732 3549 vowmnn
2761 3492 3088 3558 retulimus,
3122 3492 3534 3563 concitaretur,
3566 3493 3778 3562 eidem,
3810 3509 3849 3549 a

2196 3599 2310 3656 quo
2339 3581 2716 3649 incitabatur,
2747 3580 2963 3637 dixisse
2995 3580 3175 3637 fertur
3211 3599 3223 3637 :
3254 3583 3377 3637 Jam
3404 3583 3457 3637 te
3480 3585 3843 3653 percuterem,

2193 3674 2306 3727 nisi
2331 3673 2505 3726 iratus
2534 3686 2724 3726 essem.
2755 3692 2783 3720 »
2814 3671 2975 3736 Quod
3010 3668 3059 3726 si
3090 3670 3149 3724 in
3181 3668 3399 3726 librum
3430 3687 3544 3743 quo
3580 3669 3853 3726 Mediola-

2196 3760 2467 3816 nensium
2501 3758 2923 3831 quaestionibus
2957 3757 3279 3830 respondit,
3303 3758 3594 3830 ejusmodi
3618 3763 3851 3816 senten-

2195 3850 2279 3906 tia
2305 3865 2417 3905 non
2451 3848 2561 3904 fuit
2608 3849 2847 3919 inserta,
2880 3846 3038 3903 aliud
3086 3848 3353 3921 ignotum
3381 3846 3655 3905 volumen
3709 3851 3846 3904 ante

2192 3937 2516 4011 Prmloquia
2535 3936 2818 4010 scriptum
2847 3953 2881 3992 a
2905 3936 3177 3993 Ratherio
3197 3936 3509 3993 dicendum
3531 3940 3703 3994 esset.
3726 3935 3845 3993 Nec

2192 4028 2532 4084 dubitamus
2563 4026 2800 4099 quidem
2832 4026 2977 4098 quin
3024 4025 3199 4082 homo
3229 4025 3409 4098 hujus
3440 4024 3541 4082 aevi
3570 4025 3842 4082 doctissi-

2191 4134 2326 4173 mus
2359 4116 2473 4172 alia
2502 4115 2687 4171 multa
2727 4120 2862 4171 ante
2900 4115 3134 4171 eosdem
3170 4114 3625 4188 Przeloquiorum
3658 4115 3842 4172 libros

2191 4205 2602 4273 lucubraverit,
2627 4221 2878 4277 quorum
2910 4203 3193 4260 memoria
3223 4203 3463 4260 interiit.

2264 4298 2349 4352 15.
2369 4296 2505 4352 Post
2524 4295 2704 4350 ferme
2726 4293 3030 4349 biennium
3052 4309 3168 4366 quo
3189 4292 3502 4349 Hilduinus
3518 4292 3841 4349 Veronensi

2189 4384 2456 4441 Ecclesiae
2474 4383 3050 4457 praeerat,Lamberto
3069 4382 3512 4455 metropolitano
3527 4381 3836 4451 exstincto,

2185 4474 2407 4531 vacavit
2437 4471 2950 4545 archiepiscopalis
2993 4472 3162 4528 sedes
3212 4470 3681 4537 Mediolanensis,
3706 4487 3837 4542 quae

434 4558 611 4615 cessit
652 4556 997 4614 succedendi
1030 4556 1325 4626 Hilduino,
1356 4580 1384 4608 ‹‹
1416 4559 1703 4630 promisso
1754 4560 1906 4633 regis
1953 4579 2077 4617 ma-
2110 4573 2157 4639 D
2186 4581 2321 4619 cum
2352 4562 2433 4617 illi
2468 4562 2881 4635 congruentior
2907 4560 3033 4616 visa
3066 4565 3243 4626 esset,
3263 4561 3464 4617 eodem
3495 4577 3530 4616 a
3559 4559 3695 4616 sede
3725 4552 3839 4616 Ve-

433 4647 798 4719 nente,quod
823 4646 921 4700 ubi
952 4644 1119 4701 illum
1147 4644 1321 4702 altius
1354 4647 1724 4716 promovendi
1757 4656 2080 4723 emergeret

431 4741 687 4808 tempus,
708 4734 1019 4814 Ratherius
1042 4733 1471 4790 Veronensibus
1505 4735 1741 4790 daretur
1768 4737 2079 4812 episcopus

432 4825 629 4899 (FULC.
663 4840 712 4879 c.
746 4824 856 4892 19).
882 4845 908 4872 ››
942 4823 1089 4879 Hinc
1121 4823 1177 4877 in
1218 4824 1510 4891 Qualitatis
1564 4826 1871 4896 conjectura.
1910 4846 2074 4883 num.

432 4915 497 4970 13
523 4932 535 4970 :
560 4937 587 4965 «
616 4913 1012 4984 Quadraginta
1032 4913 1159 4983 jam
1193 4912 1308 4968 fere
1341 4917 1479 4967 sunt
1507 4913 1664 4981 anni,
1701 4916 1892 4987 inquit
1920 4917 2074 4973 idem

431 5002 764 5075 Ratherius,
792 5019 862 5059 ex
913 5017 1027 5073 quo
1080 5000 1300 5056 ambire
1353 5000 1672 5072 potentiam
1702 5004 1876 5075 coepi;
1913 5027 1941 5055 ››
1974 5005 2074 5061 ubi

423 5094 684 5166 polentae
731 5091 968 5148 nomine
1008 5089 1117 5145 hoc
1163 5089 1287 5147 loco
1334 5090 1734 5165 episcopatum
1768 5092 2071 5168 intelligit;

426 5182 581 5237 unde
612 5185 744 5253 post
773 5196 963 5253 pauca
980 5179 1045 5235 de
1062 5179 1447 5235 administrate
1472 5182 1723 5252 nequiter
1750 5182 1966 5240 diutino
1983 5200 2075 5255 po-

424 5275 633 5326 tentatu
660 5286 859 5327 vocem
891 5272 1172 5341 potentatu
1207 5268 1409 5324 eodem
1452 5285 1629 5325 sensu
1664 5270 1891 5342 accipit.
1926 5270 2072 5326 Cum

427 5359 721 5428 Qualitatis
759 5360 1069 5431 conjectura
1116 5358 1335 5430 scripta
1379 5357 1554 5414 fuerit
1600 5376 1752 5415 anne
1778 5360 1904 5427 966,
1935 5377 2071 5431 qua-

422 5449 683 5518 draginta
696 5450 814 5521 fere
826 5446 1168 5512 anni,latius
1185 5447 1426 5520 sumpti,
1441 5465 1556 5504 non
1575 5446 1726 5503 male
1744 5454 2075 5522 congruunt

423 5554 577 5599 anno
606 5536 731 5591 928.
764 5535 927 5600 Quod
976 5535 1026 5592 si
1080 5536 1342 5593 strictius
1384 5536 1704 5610 accipiendi
1734 5538 2068 5609 credantur,

422 5627 504 5703 ita
534 5630 602 5689 ut
625 5642 828 5690 eorum
867 5623 1102 5687 initium
1142 5626 1497 5687 sumendum
1535 5626 1616 5687 sit
1652 5626 1723 5687 ab
1758 5644 1913 5687 anno
1941 5628 2067 5703 926,

2187 4651 2420 4709 ronensi
2451 4653 2521 4707 ad
2555 4650 3045 4706 Mediolanensem
3076 4650 3361 4716 traducto,
3382 4648 3481 4705 ille
3509 4665 3680 4705 casus
3712 4665 3839 4705 eve-

2186 4747 2501 4813 nerat,quo
2536 4738 2846 4795 Ratherius
2876 4756 2946 4795 ex
2977 4738 3193 4811 Ugonis
3237 4739 3390 4812 regis
3422 4737 3730 4811 promissis
3761 4737 3835 4794 ad

2185 4835 2581 4886 Veronensem
2610 4827 2944 4883 cathedram
2986 4828 3415 4900 promovendus
3443 4833 3584 4884 erat.
3615 4825 3835 4884 Verum

2187 4941 2216 4971 (ι
2239 4923 2303 4975 ut
2334 4935 2462 4975 sese
2493 4917 2846 4974 instabilitas
2875 4918 3187 4973 mundanae
3218 4934 3369 4990 sape
3398 4916 3657 4973 continet
3678 4914 3837 4972 volu-

2180 5008 2427 5064 bilitatis
2471 5006 2695 5080 (scribit
2724 5005 2820 5063 hic
2850 5006 3019 5079 epist.
3051 5008 3105 5076 5,
3140 5024 3304 5072 num,
3333 5006 3408 5080 3),
3442 5006 3614 5079 longe
3666 5003 3838 5061 aliter

2183 5114 2248 5153 ac
2278 5096 2648 5170 promiserat,
2672 5094 2793 5168 regi
2816 5094 3057 5168 placuit,
3072 5095 3328 5168 cupienti
3346 5097 3562 5170 potius,
3587 5098 3653 5150 ut
3678 5093 3837 5151 fama

2182 5190 2325 5252 erat,
2345 5202 2530 5241 unum
2552 5202 2582 5241 e
2601 5184 2809 5252 tribus,
2844 5188 2946 5240 aut
2974 5185 3289 5256 quemdam
3320 5184 3704 5258 Aquitanum,
3733 5185 3837 5239 aut

2182 5274 2571 5339 Garafridum,
2595 5278 2696 5330 aut
2738 5274 3066 5329 Manassem
3098 5273 3495 5333 Arelatensem
3548 5272 3840 5345 archiepi-‘

2181 5379 2446 5436 scopum,
2471 5368 2672 5419 contra
2713 5362 2816 5433 jus
2853 5361 2990 5418 licet
3019 5378 3379 5432 canonum,»
3397 5362 3834 5420 Veronensibus

2180 5454 2519 5527 episcopum
2541 5451 2846 5509 dare.Jam
2875 5452 3183 5511 Ratherius
3204 5453 3466 5511 Hilduini
3490 5453 3714 5509 domini
3741 5450 3836 5508 sui

2179 5561 2356 5600 causa
2388 5543 2632 5600 Romam
2673 5540 2988 5614 profectus,
3013 5546 3077 5600 ω
3107 5542 3473 5616 pontificium
3505 5559 3609 5615 pro
3638 5558 3705 5599 eo
3739 5541 3836 5597 di-

2176 5632 2376 5713 ploma
2403 5650 2519 5693 una
2550 5646 2683 5691 cum
2715 5628 3195 5711 archiepiscOpali
3226 5631 3403 5712 pallio
3434 5631 3693 5707 referret,
3724 5629 3839 5695 ibi-
