4070 6394
196 368 270 444 3⁵1
1211 376 1823 441 PROLEGOMENA.
1860 412 1938 426 -
1972 379 2345 441 ltATHEttlI
2390 378 2598 445 VITA.
3526 392 3610 461 '38
3702 406 3709 417 κ

193 518 323 573 dem
338 533 455 572 non
476 520 598 572 tam
613 512 1082 587 Hilduini,quam
1096 529 1263 570 suam
1287 529 1407 569 rem
1422 512 1847 585 agens(Ugonis
1877 512 1933 580 Α
1963 511 2092 568 aliis
2126 513 2346 569 chartis
2380 517 2488 571 sub
2522 516 2728 574 iisdem
2760 520 3123 594 principibus
3149 528 3398 585 exaratis
3427 530 3610 588 adno-

194 604 622 662 volubilitatem
660 603 934 661 fortassis
963 603 1389 675 praesenserat),
1423 601 1648 657 litteras
1678 600 1856 656 simul
1964 605 2202 669 taverat,
2236 620 2369 659 cum
2403 606 2541 660 anni
2572 606 2783 663 Christi
2812 610 2911 681 qui
2958 611 3015 666 in
3046 611 3192 685 ipsis
3224 619 3615 688 praeferuntur

196 693 393 752 retulit
421 694 649 750 domini
682 710 846 767 papae
870 691 1115 748 Joannis
1147 691 1240 758 XI,
1279 713 1308 741 ι(
1339 690 1558 763 quibus
1597 690 1856 746 contine-

200 785 436 853 bantur,
473 805 503 834 »
534 783 729 856 inquit
768 782 985 839 ibidem
1018 797 1183 836 num.
1208 782 1260 848 ll,
1311 802 1339 831 «
1364 796 1564 853 preces
1593 780 1855 852 ejusdem

203 873 503 947 totiusque
533 873 809 931 Romanis
842 871 1099 944 [xxxvm]
1130 869 1416 938 Ecclesiae,
1449 868 1534 925 uti
1564 887 1670 944 ego
1691 870 1859 926 Vero-

206 963 490 1020 nensibus
505 963 678 1019 darer
695 962 1024 1035 episcopus.
1052 959 1361 1033 Displicuit
1377 959 1486 1015 hoc
1511 977 1627 1015 non
1650 975 1858 1031 parum

207 1051 327 1126 regi
381 1053 685 1109 contraria
737 1049 1042 1118 molienti;
1079 1050 1180 1105 sed
1226 1047 1481 1105 obtinuit
1532 1047 1861 1120 deprecatio

211 1141 816 1216 apostolica,instante
840 1139 1101 1213 rogando
1121 1154 1250 1194 meo
1266 1138 1393 1209 jam
1416 1137 1571 1193 dicto
1593 1153 1722 1191 cum
1749 1137 1862 1208 pri-

214 1228 479 1288 moribus
510 1229 674 1304 regni
704 1228 943 1285 domino
974 1227 1272 1283 Hilduino.
1299 1248 1327 1277 »
1352 1224 1480 1282 Alia
1507 1242 1639 1281 vero
1672 1227 1864 1298 potior

213 1321 358 1378 ratio
376 1316 653 1394 'Ugonem
685 1319 756 1374 ad
808 1333 1119 1375 assensum
1147 1315 1391 1372 forsitan
1422 1314 1619 1372 movit.
1655 1314 1865 1370 Subdit

212 1410 370 1466 enim
402 1408 748 1466 Ratherius:
781 1431 810 1458 «
836 1407 957 1481 Ego
980 1404 1299 1462 semivivus
1325 1420 1471 1477 pene
1491 1406 1761 1476 jacebam
1784 1403 1866 1459 in-

208 1500 421 1556 ﬁrmus
451 1498 609 1571 (post
633 1497 965 1553 Romanum
984 1492 1210 1551 scilicet
1230 1493 1377 1567 iter).
1405 1493 1756 1549 Persuasum
1778 1497 1868 1548 est

212 1587 356 1661 regi,
388 1591 558 1661 puto,
591 1603 626 1643 a
657 1602 751 1641 me
782 1584 1182 1658 diligentibus,
1207 1582 1363 1655 quod
1394 1600 1510 1638 non
1541 1582 1863 1638 evaderem.

211 1681 332 1733 Hac
358 1693 468 1750 spe
485 1674 765 1749 pellectus
787 1672 1448 1739 consensit,satisfacere
1465 1672 1725 1744 gestiens
1746 1676 1866 1726 tam

214 1766 456 1822 domino
508 1781 692 1837 papas,
752 1779 933 1836 quam
983 1762 1228 1828 caeteris,
1260 1777 1429 1833 quos-
1457 1760 1869 1816 inconveniens

214 1855 527 1911 videbatur
566 1854 859 1910 offendere
894 1854 1185 1925 rogantes.
1222 1872 1250 1901 »
1277 1851 1561 1923 Sperabat
1587 1850 1866 1905 nimirum

217 1945 343 2003 fore
385 1947 453 2001 ut
476 1944 534 1999 vi
592 1943 781 2000 morbi
836 1957 1152 2014 oppressus
1210 1939 1494 2008 interiret,
1553 1944 1611 1994 et
1666 1936 1871 1994 electio

221 2032 566 2106 hujusmodi
612 2032 821 2089 ell'ectu
850 2034 1092 2087 careret.
1122 2031 1229 2085 Sed
1265 2029 1565 2085 curatione
1612 2027 1874 2083 adhibita

221 2138 358 2179 cum
416 2121 733 2178 Ratherius
787 2119 1088 2185 evasisset,
1130 2119 1442 2190 episcopus
1503 2120 1873 2172 consecratus

224 2210 358 2266 fuit.

294 2301 384 2356 16.
404 2301 613 2357 Annus
628 2299 814 2370 hujus
845 2296 1315 2363 consecrationis,
1348 2297 1447 2370 qui
1481 2298 1654 2353 rebus
1686 2294 1874 2369 pluri-

221 2390 337 2446 bus
389 2388 664 2460 deinceps
696 2386 1123 2444 constituendis
1169 2386 1304 2443 usui
1353 2387 1588 2441 futurus
1617 2392 1725 2453 est,
1759 2401 1874 2441 non

222 2477 466 2533 aliunde
487 2475 701 2532 melius
726 2492 901 2548 quam
924 2492 994 2531 ex
1014 2475 1273 2530 Hilduini
1296 2475 1676 2531 translatione
1697 2476 1769 2530 ad
1792 2491 1878 2531 se-

224 2568 358 2624 dem
389 2565 885 2622 Mediolanensem
911 2565 1039 2620 elici
1063 2569 1273 2637 potest.
1300 2564 1727 2637 Papeprochius
1758 2562 1875 2619 Hil-

229 2655 397 2712 duini
416 2654 839 2726 archiepiscopi
857 2653 1308 2709 Mediolanensis
1326 2653 1495 2708 initia
1512 2653 1710 2707 tribuit
1726 2670 1878 2707 anno

212 2746 339 2800 932.
372 2743 581 2801 Melius
611 2760 742 2801 vero
772 2743 996 2815 Joseph
1047 2744 1337 2798 Antonius
1367 2743 1574 2798 Saxius
1598 2742 1655 2796 in
1689 2743 1877 2797 archi-

223 2834 637 2907 episcoporum
670 2831 1190 2888 Mediolanensium
1216 2833 1375 2888 Serie
1404 2831 1879 2886 historico-chro-

228 2923 518 2996 nologica,
545 2926 686 2976 tom.
717 2922 786 2985 II,
810 2937 943 2993 pag.
967 2922 1072 2976 340
1094 2926 1151 2976 et
1176 2922 1301 2985 341,
1319 2921 1482 2975 illum
1509 2922 1576 2977 ad
1607 2921 1878 2975 eumdem

230 3013 430 3069 sedem
463 3016 808 3084 promotum
840 3010 1045 3065 statuit
1074 3028 1225 3066 anno
1254 3012 1378 3077 931,
1408 3011 1585 3066 Junio
1615 3013 1880 3066 exeunte.

238 3103 296 3158 ld
330 3100 715 3158 manifestum
749 3099 889 3153 facit
912 3099 1127 3170 partim
1152 3114 1221 3154 ex
1242 3100 1732 3171 praedecessorum
1756 3100 1886 3171 ejus

234 3190 406 3257 serie,
438 3187 653 3262 partim
678 3203 748 3242 ex
777 3186 1054 3261 catalogis
1079 3188 1359 3260 antiquis,
1385 3189 1486 3260 qui
1518 3188 1884 3262 singulorum

239 3256 813 3351 archiepiscoporum
842 3256 1240 3333 annosetdies
1263 3256 1765 3350 quib—assederunt
1793 3284 1885 3337 at-
1916 3256 1959 3322 (ἶ

241 3366 660 3442 queobierunt,
687 3367 909 3421 notant.
936 3365 1520 3438 Papeprochiiautem
1536 3369 1887 3427 sententiam

240 3457 605 3530 ingerentem
627 3468 851 3510 annum
876 3454 984 3509 932
1001 3470 1070 3510 ex
1089 3472 1156 3511 eo
1178 3455 1368 3526 rejicit
1389 3457 1530 3528 quia
1557 3457 1608 3513 is
1640 3458 1697 3512 in
1726 3463 1887 3516 ante-

238 3544 574 3603 cessoribus
596 3541 859 3599 Hilduini
874 3547 1003 3616 post
1022 3543 1363 3599 Anselmum
1380 3545 1448 3611 II,
1473 3562 1647 3617 quem
1673 3548 1890 3605 obiisse

237 3634 466 3709 putavit
482 3648 638 3690 anno
649 3633 899 3700 897,uno
913 3649 1064 3690 anno
1076 3633 1478 3690 erravit.Hunc
1492 3653 1622 3692 vero
1633 3652 1887 3693 errorem

216 3729 393 3783 certo
409 3724 782 3787 demonstrat
809 3739 878 3779 ex
905 3720 1118 3795 placito
1146 3738 1517 3796 pergameno,
1537 3727 1692 3797 quod
1715 3726 1774 3782 in
1798 3746 1889 3784 ar-

236 3814 403 3870 chivo
423 3811 849 3868 monachorum
873 3811 1229 3869 S.Ambrosii
1248 3813 1888 3876 custoditur.lloc.enim

238 3903 521 3976 placitum
534 3900 675 3957 anni
687 3901 795 3956 896
807 3900 1312 3973 archiepiscopum
1331 3909 1614 3959 memorat
1631 3906 1889 3961 Landul—

236 3990 383 4060 fum,
404 3991 504 4064 qui
528 3987 809 4046 Ansclmo
821 3988 870 4044 II
896 3989 1390 4063 subrogatusfuit.
1415 3991 1471 4046 Si
1491 3997 1687 4048 autem
1701 4011 1888 4050 emor-

236 4079 413 4137 tualis
429 4096 622 4136 annus
643 4078 825 4151 hujus
849 4078 1117 4135 Anselmi
1132 4079 1408 4136 evehatur
1428 4082 1496 4136 ad
1520 4099 1742 4139 annum
1762 4084 1888 4153 896,

238 4186 303 4226 ac
319 4168 593 4226 similiter
604 4184 724 4223 uno
738 4184 890 4224 anno
905 4167 1792 4243 anticipentursubsequentium
1807 4191 1892 4228 ar-

240 4258 746 4331 chiepiscoporum
767 4255 1214 4330 initia,quorum
1236 4260 1370 4314 anni
1393 4264 1449 4315 et
1469 4260 1593 4316 dies
1612 4261 1890 4335 legitimis

241 4345 608 4402 documentis
640 4345 1047 4418 designantur,
1087 4346 1450 4419 exploratum
1502 4349 1600 4404 ﬁet
1632 4349 1891 4406 Hilduini

239 4435 475 4492 exordia
506 4434 788 4491 incidisse
812 4434 870 4490 in
896 4453 1118 4491 annum
1135 4437 1259 4505 931,
1285 4455 1399 4494 non
1422 4455 1553 4494 vero
1587 4438 1643 4494 in
1667 4456 1889 4496 annum

238 4523 363 4580 932.
388 4524 444 4579 Is
467 4540 639 4597 porro
651 4541 720 4580 ex
737 4524 993 4596 antiquis
1016 4525 1537 4583 Mediolanensium
1556 4529 1889 4586 antistitum

1966 706 2100 745 cum
2131 691 2353 747 caeteris
2378 693 2533 750 notis
2564 712 2679 749 non
2710 705 3052 769 congruant.
3103 703 3408 761 Enimvero
3454 705 3614 763 aliud

1967 779 2383 836 documentum
2416 781 2699 841 Comense
2722 786 2857 840 anni
2885 789 2991 843 937
3010 789 3081 845 ab
3109 790 3367 865 Ughellio
3390 798 3442 850 et
3464 812 3498 851 τι
3520 797 3617 852 Pa-

1967 871 2053 924 tre
2082 869 2222 925 Tato
2253 869 2630 943 impressum,
2655 890 2860 932 omnes
2891 876 3197 936 chronicas
3227 887 3395 939 notas
3424 884 3614 941 eidem

1969 974 2120 1014 anno
2150 964 2535 1031 congruentes
2565 961 2796 1018 exhibet
2826 965 2937 1020 sic:
2979 980 3095 1023 xvn
3121 971 3252 1027 Kal.
3286 973 3399 1028 Jul.
3438 974 3617 1042 Ugone

1968 1064 2025 1101 x1
2056 1056 2107 1102 et
2135 1048 2391 1105 Lothario
2414 1066 2514 1115 vn,
2549 1050 2740 1106 z'ndirt.
2775 1071 2829 1108 x.
2854 1055 3130 1112 Nostrum
3165 1063 3362 1116 autem
3393 1061 3620 1134 privile-

1970 1135 2154 1207 gium,
2180 1137 2332 1208 quod
2367 1154 2485 1193 una
2515 1144 2744 1195 tantum
2773 1141 2864 1197 die
2885 1144 3174 1215 posterius
3197 1153 3617 1224 est,perperam

1971 1224 2179 1280 habet:
2218 1227 2394 1296 Ugone
2429 1245 2458 1281 x
2489 1234 2541 1283 et
2568 1228 2821 1285 Lolharz'o
2851 1249 2904 1296 v,
2937 1233 3125 1290 indicl.
3161 1253 3215 1291 x.
3268 1237 3411 1304 Quis
3458 1256 3618 1295 erro-

1974 1330 2096 1370 rem
2130 1330 2246 1369 non
2275 1314 2433 1370 videt
2464 1316 2889 1374 manifestum?
2939 1321 3364 1380 Documentum
3418 1331 3618 1384 autem

1974 1403 2129 1475 quod
2159 1403 2218 1457 in
2245 1403 2536 1460 chronicis
2568 1406 2721 1461 notis
2746 1410 2864 1462 tam
2893 1415 3087 1481 aperte
3108 1415 3250 1484 erat,
3291 1414 3341 1469 ei
3373 1415 3620 1473 chrono-

1974 1491 2137 1565 logiae
2170 1509 2346 1564 quam
2384 1493 2592 1550 Saxius
2622 1499 2740 1550 tam
2773 1503 2970 1554 exacte
3000 1500 3321 1574 constituit,
3354 1505 3625 1577 praejudi-

1975 1579 2129 1636 cium
2162 1581 2364 1637 afferre
2396 1599 2510 1638 non
2545 1588 2752 1655 potest.

2050 1671 2116 1724 16
2141 1670 2239 1726 bis.
2273 1671 2471 1743 Neque
2510 1670 2723 1729 idcirco
2757 1673 3142 1732 Veronensem
3196 1678 3451 1736 Ratherii
3501 1681 3625 1754 epi-

1978 1765 2215 1830 scopatu
2228 1777 2280 1814 m
2305 1760 2492 1816 eidem
2507 1779 2660 1816 anno
2672 1765 2765 1817 93!
2792 1765 3150 1837 alligandum
3168 1768 3628 1827 credimus.Post

1980 1847 2237 1903 Hilduini
2268 1850 2425 1905 enim
2443 1849 2783 1907 electionem
2810 1851 2907 1909 ille
2930 1855 3174 1912 Romam
3196 1857 3494 1929 profectus
3514 1863 3624 1930 est;

1981 1937 2118 1993 inde
2146 1942 2342 1994 autem
2399 1957 2665 1997 reversus
2693 1942 2852 2013 gravi
2884 1944 3087 2000 morbo
3145 1945 3452 2016 laboravit,
3511 1966 3627 2022 quo

1983 2026 2305 2082 moriturus
2350 2029 2710 2085 credebatur.
2755 2030 2876 2103 Ugo
2909 2039 3183 2103 praeterea
3212 2053 3245 2089 a
3274 2036 3452 2109 priori
3494 2055 3626 2094 sen-

1982 2114 2163 2170 tentia
2193 2115 2509 2183 deciscens,
2545 2116 2641 2171 alii
2671 2119 3071 2191 episcopatum
3100 2123 3331 2180 volebat
3358 2126 3627 2182 commit-

1980 2207 2122 2270 tere,
2146 2220 2249 2259 nec
2282 2204 2394 2279 nisi
2424 2205 2755 2277 apostolicis
2786 2206 2996 2265 litteris
3026 2213 3082 2265 et
3112 2211 3372 2268 Hilduini
3402 2230 3469 2270 ac
3503 2215 3629 2287 pri-

1986 2309 2214 2349 morum
2246 2294 2407 2366 regni
2434 2295 2927 2366 postulationibus
2957 2299 3188 2368 cedens,
3214 2301 3407 2373 ipsum
3435 2302 3629 2359 adhuc

1984 2381 2285 2437 inﬁrmum
2303 2387 2360 2437 et
2370 2384 2486 2439 vita
2500 2384 2922 2455 periclitantem
2938 2383 3275 2461 episcopum
3294 2391 3626 2449 destinavit.

1987 2472 2049 2525 Id
2081 2488 2214 2526 cum
2248 2470 2644 2540 deliberassct,
2682 2478 2745 2529 ut
2795 2474 2932 2529 cleri
2966 2481 3022 2530 et
3052 2477 3251 2549 populi
3280 2478 3632 2536 Veronensis

1988 2561 2192 2614 electio
2225 2577 2293 2615 ex
2319 2578 2479 2616 more
2510 2562 2837 2631 haberetur,
2864 2563 3056 2636 ipsum
3079 2582 3316 2622 curasse
3338 2567 3484 2624 satis
3506 2586 3633 2641 pro-

1988 2648 2181 2704 babile
2214 2654 2322 2704 est.
2358 2650 2515 2705 Hanc
2536 2651 2692 2706 enim
2718 2651 2894 2723 hujus
2927 2654 3207 2727 temporis
3225 2656 3631 2730 episcoporum

1989 2739 2389 2809 eligendorum
2426 2740 2762 2796 methodum
2798 2740 2998 2811 fuisse,
3042 2748 3105 2798 ut
3153 2762 3325 2817 quem
3364 2745 3636 2820 princeps

1991 2828 2178 2893 vellet,
2208 2828 2399 2881 clerus
2430 2834 2487 2883 et
2518 2831 2768 2901 populus
2816 2830 3072 2903 eligeret,
3116 2832 3512 2907 principisque
3540 2854 3635 2892 as-

1993 2935 2202 2972 sensus
2232 2921 2569 2989 postularet,
2604 2919 2871 2990 pluribus
2902 2922 3108 2976 decimi
3138 2923 3334 2979 saeculi
3355 2926 3635 2998 exemplis

1993 3008 2381 3063 demonstrari
2412 3013 2627 3079 posset.
2657 3010 2741 3064 Ad
2774 3009 2893 3065 haec
2913 3010 3225 3068 Ratherius
3255 3020 3389 3086 post
3412 3015 3640 3072 electio-

1995 3114 2128 3152 nem
2146 3113 2179 3151 a
2205 3097 2408 3152 morbo
2429 3103 2485 3152 et
2510 3096 2766 3170 periculo
2782 3099 3179 3156 convalescere
3200 3102 3491 3172 debuit,ut
3505 3121 3638 3160 con-

1996 3190 2338 3242 secraretur.
2374 3185 2574 3258 Neque
2621 3204 2752 3243 vero
2783 3189 2856 3243 ab
2906 3187 3181 3245 Hilduino
3218 3191 3636 3250 Mediolanensi

1998 3275 2302 3332 ordinatus
2328 3273 2438 3329 dici
2465 3279 2673 3348 potest,
2701 3292 2835 3332 cum
2856 3269 3086 3333 Verona
3104 3278 3175 3333 ad
3206 3280 3637 3353 metropolitam

2000 3363 2489 3421 Mediolanensem
2518 3382 2631 3421 non
2665 3365 2999 3438 pertineret.
3032 3367 3150 3424 Hac
3177 3368 3335 3425 enim
3361 3370 3432 3425 de
3460 3387 3639 3427 causa

2000 3454 2310 3511 Ratherius
2340 3452 2398 3509 in
2448 3454 2693 3526 epistola
2740 3456 2794 3523 5,
2827 3456 2899 3511 ad
2937 3455 3224 3513 Joannem
3277 3457 3635 3530 pontificem,

1998 3560 2163 3597 num.
2213 3544 2268 3609 6,
2331 3542 2703 3614 reprehendit
2753 3544 3106 3601 Manassem'
3135 3544 3639 3620 archiepiscopum
3746 3612 3747 3615 η

1996 3632 2414 3699 Arelatensem,
2439 3632 2654 3704 quippe
2675 3633 2773 3704 qui
2798 3638 2959 3689 extra
2979 3635 3223 3707 prepriaz
3244 3634 3549 3707 provincia:
3569 3635 3639 3691 li-

2000 3722 2170 3779 mites
2203 3745 2231 3772 «
2266 3723 2625 3777 consecravit
2653 3720 2992 3795 episcopum
3026 3724 3340 3795 quemdam
3372 3741 3493 3782 suae
3508 3724 3643 3781 dioe-

1998 3812 2149 3868 cesis
2198 3812 2255 3866 in
2303 3811 2474 3867 titulo
2511 3812 2767 3868 ecclesia:
2798 3812 3171 3869 Veronensis.
3204 3835 3233 3864 »
3281 3815 3644 3888 Quapropter

2003 3903 2113 3975 [xc]
2146 3901 2243 3957 ille
2274 3901 2374 3974 qui
2421 3901 2843 3957 ecclesiasticos
2892 3918 3144 3958 canones
3173 3919 3239 3958 ac
3269 3901 3641 3976 disciplinam

2001 3991 2252 4047 maxime
2311 3987 2638 4054 eustodivit,
2700 3990 3004 4046 ordinatus
3035 3989 3317 4046 dicendus
3354 3994 3443 4047 est
3473 4008 3507 4047 a
3534 4007 3644 4063 pa-

1998 4079 2255 4136 triarcha
2277 4077 2655 4151 Aquileiensi,
2688 4080 2781 4135 cui
2801 4079 3029 4135 Verona
3049 4079 3304 4135 suberat.
3326 4079 3429 4134 His
3446 4082 3641 4135 autem

1999 4169 2277 4225 omnibus
2332 4168 2678 4242 peragendis
2733 4172 2866 4241 post
2906 4167 3163 4223 Hilduini
3211 4167 3548 4229 electionem
3578 4171 3645 4224 ut

1999 4275 2322 4331 congruum
2335 4262 2568 4330 tempus
2583 4256 2840 4313 tribuatu
2850 4256 3080 4322 r,unius
3100 4260 3203 4313 aut
3220 4256 3470 4312 duorum
3485 4273 3645 4313 men-

2001 4347 2153 4403 sium
2187 4347 2444 4419 spatium
2473 4363 2586 4401 non
2619 4345 2853 4401 sufﬁcit.
2887 4345 3063 4401 Porro
3094 4344 3434 4401 Ratherium
3463 4343 3643 4402 Vero-

1999 4453 2239 4492 nensem
2272 4437 2469 4491 sedem
2503 4434 2716 4491 adiisse
2759 4450 2960 4490 mense
2987 4436 3252 4509 Augusto
3298 4452 3367 4492 ex
3412 4435 3645 4491 duobus

1999 4525 2423 4598 colligimusln
2446 4523 2899 4596 Praeloquiorum
2921 4523 3071 4580 libro
3091 4523 3367 4592 secundo,
3400 4520 3564 4580 num.
3590 4525 3642 4592 1,

238 4611 522 4686 catalogis
551 4630 585 4668 a
616 4613 935 4669 Muratorio
978 4614 1152 4670 editis
1175 4616 1314 4682 (Rer.
1342 4615 1470 4671 Ilal.
1495 4619 1535 4672 t.
1570 4618 1612 4683 Ι,
1641 4622 1792 4690 part.
1825 4618 1888 4691 ιι)
1920 4629 1965 4693 D
1997 4632 2163 4671 suam
2193 4614 2444 4687 primam
2477 4614 2873 4687 captivitatem
2896 4613 2955 4669 in
2979 4613 3358 4670 Februarium
3381 4629 3645 4670 mensem

236 4701 736 4758 Mediolanensem
770 4702 965 4758 sedem
996 4703 1184 4759 tenuit
1203 4705 1375 4760 annis
1396 4706 1655 4779 quinque
1684 4711 1742 4762 et
1765 4707 1889 4762 dies

236 4790 600 4863 quindecim,
630 4789 745 4858 vel,
775 4795 839 4846 ut
869 4809 1022 4849 unus
1058 4792 1358 4866 catalogus
1385 4795 1634 4867 praefert,
1686 4795 1889 4867 viginti

236 4880 545 4953 quinque;
578 4879 724 4936 obiit
771 4886 967 4937 autem
1011 4899 1070 4938 ιν
1102 4882 1229 4939 Kal.
1263 4884 1338 4938 al.
1395 4901 1453 4939 1x
1495 4885 1613 4941 Kal.
1642 4885 1889 4955 Augusti.

232 4969 480 5025 Initium
502 4985 641 5042 ergo
654 4969 1024 5043 episcopatus
1039 4971 1225 5044 ipsius
1242 4971 1302 5028 in
1317 4973 1452 5029 sede
1474 4973 1891 5032 Mediolanensi

235 5057 458 5131 optime
488 5057 705 5132 [χχχιχ]
737 5059 1014 5116 statuitur
1041 5066 1284 5117 exeunte
1332 5061 1506 5119 Junio
1554 5064 1691 5119 anni
1743 5066 1843 5122 931
1874 5082 1887 5121 :

239 5163 398 5203 mors
428 5163 568 5205 vero
595 5164 653 5204 IV
680 5146 770 5204 vel
813 5164 870 5205 1x
914 5150 1032 5206 Kal.
1066 5151 1318 5224 Augusti
1350 5151 1486 5208 anni
1516 5153 1641 5209 936.
1697 5153 1889 5212 Unum

236 5239 569 5309 opponatur
598 5234 970 5311 privilegium
1004 5238 1220 5313 Ugonis
1242 5240 1395 5314 regis
1424 5246 1481 5298 et
1500 5241 1886 5310 Lotharii,da-

236 5327 363 5381 tum
389 5343 547 5383 anno
579 5324 707 5403 937,
732 5343 820 5384 XVI
848 5328 974 5384 Kal.
997 5328 1140 5385 Julii
1171 5331 1327 5403 apud
1358 5329 1664 5387 laudatum
1692 5332 1887 5389 Mura-

232 5414 449 5470 torium
482 5415 549 5487 (t.
584 5402 641 5471 ΙῘ
662 5418 845 5490 Antiq.
886 5419 1062 5475 Italic.
1104 5402 1238 5492 pag.
1282 5419 1395 5491 57),
1427 5418 1487 5474 in
1520 5438 1634 5494 quo
1665 5437 1886 5478 memo-

230 5508 393 5560 ratur
440 5494 743 5562 Ililduinus
790 5508 1221 5582 archiepiscopus
1267 5509 1701 5567 Mediolanensis.
1776 5512 1886 5569 Sed

224 5592 437 5650 vitium
470 5590 710 5668 aliquod
730 5596 789 5652 in
812 5597 1104 5656 chronicis
1125 5598 1306 5671 hujus
1327 5598 1612 5673 privilegii
1630 5601 1783 5658 notis
1804 5602 1889 5658 in-

220 5697 350 5750 esse
368 5683 528 5745 idem
546 5684 904 5761 Muratorius
927 5687 1070 5750 scite
1112 5688 1536 5761 monuit,.sicut
1560 5688 1620 5748 in
1647 5691 1881 5756 duabus

1999 4705 2206 4761 refert.
2249 4703 2323 4759 Se
2372 4706 2564 4759 autem
2599 4708 2835 4775 captum
2890 4702 3099 4759 duobus
3145 4704 3309 4760 annis
3335 4707 3389 4759 et
3415 4702 3645 4760 dimidio

2002 4799 2131 4866 post
2163 4793 2377 4848 initum
2436 4792 2836 4865 episcOpatum
2896 4792 3311 4862 Veronensem,
3341 4792 3645 4865 perspicue

2001 4884 2256 4939 affirmat
2282 4882 2339 4938 in
2374 4885 2694 4937 memorata
2740 4880 2988 4953 epistola
3015 4883 3070 4950 5,
3104 4898 3266 4938 num.
3299 4883 3353 4938 5.
3406 4880 3645 4937 Initium

2000 4989 2135 5047 ergo
2165 4971 2536 5044 episcopatus
2585 4972 2714 5043 ejus
2742 4971 2801 5026 in
2831 4973 3161 5044 Augustum
3210 4970 3439 5026 circiter
3466 4969 3641 5025 cadit.

1997 5067 2141 5118 Cum
2170 5078 2304 5118 vero
2335 5078 2403 5117 ex
2450 5060 2522 5116 iis
2554 5077 2679 5132 quae
2711 5059 3103 5133 praemisimus
3134 5060 3242 5116 hoc
3270 5058 3506 5115 initium
3538 5074 3644 5113 ne-

1999 5155 2177 5225 queat
2208 5149 2498 5223 assignari
2529 5149 2716 5206 mensi
2746 5151 3011 5223 Augusto
3033 5149 3167 5207 anni
3189 5149 3316 5215 931,
3344 5147 3538 5221 palam
3560 5161 3647 5203 se-

1996 5240 2198 5314 quitur
2225 5256 2354 5298 esse
2383 5240 2741 5313 affigendum
2773 5241 3033 5312 Augusto
3059 5238 3196 5295 anni
3225 5237 3348 5293 932.
3381 5236 3643 5310 Idipsum

1996 5330 2304 5388 conﬁrmat
2339 5346 2529 5385 annus
2571 5328 2821 5384 laudatae
2849 5327 3222 5398 captivitatis,
3255 5342 3431 5400 quem
3462 5326 3643 5383 fuisse

1993 5419 2326 5477 videbimus
2357 5435 2577 5476 annum
2597 5418 2774 5473 935A
2800 5414 3112 5472 Februario
3134 5421 3331 5473 autem
3354 5416 3489 5473 anni
3511 5417 3641 5484 935,

1997 5500 2112 5583 quo
2144 5507 2454 5566 Ratherius
2476 5510 2682 5579 captus
2712 5504 2841 5574 fuit,
2862 5505 2911 5561 si
2943 5522 3046 5579 per
3068 5505 3371 5563 biennium
3393 5511 3451 5563 et
3471 5506 3642 5562 dimi-

1998 5600 2162 5657 dium
2195 5598 2331 5655 anni
2358 5596 2657 5662 ascendas,
2690 5595 2989 5667 pervenies
3034 5596 3105 5652 ad
3137 5597 3469 5670 Augustum
3503 5596 3644 5652 anni

1997 5691 2122 5752 932.
2146 5688 2227 5749 Ex
2253 5687 2346 5748 his
2377 5700 2569 5747 errare
2596 5682 2781 5761 liquet
2807 5687 2935 5746 tum
2967 5684 3356 5766 Sigebertum,
3390 5685 3492 5765 qui
3524 5684 3643 5746 Ra-
