4070 6380
440 336 520 398 39
1400 321 1850 389 RATHERIUS
1893 314 2389 383 VERONENSIS
2437 312 2892 382 EPISCOPUS.

3766 312 3860 389 ω

442 467 615 526 therii
646 464 1047 539 episcopatum
1070 461 1329 535 assignat
1351 476 1503 515 anno
1523 458 1779 525 928,tum
1803 455 1946 511 alios
1969 470 2083 508 non
2116 454 2167 520 Α
2200 452 2389 507 fuerat
2430 450 2743 516 enutritus,
2774 451 2976 506 eodem
3010 449 3359 522 imperatore
3387 448 3624 508 Veronae
3655 451 3855 507 occiso

441 573 661 637 paucos
693 553 1061 621 recentiores,
1095 550 1194 625 qui
1246 550 1409 606 illum
1443 547 1746 605 ascribunt
1776 562 1928 602 anno
1960 543 2085 599 931.

437 676 470 745 ἕ
497 672 601 745 IV-.
625 702 695 715 -ο
723 671 897 745 Initia
912 670 1264 745 episcopatus
1281 665 1543 745 Βανιθνξί,
1560 678 1725 745 qua?
1743 658 2085 745 samem!“

512 728 820 803 thaercns
849 728 1040 797 Miloni
1094 728 1290 795 comiti
1342 728 1640 793 Arnoldii":
1665 732 1948 803 Bajoarztz
1986 728 2086 785 du-

512 802 628 889 eem
661 814 875 889 Veroque
905 812 1100 889 recepit
1126 817 1313 889 εοῃινρ
1351 808 1582 889 Ugonem
1609 802 1809 873 regem.
1842 802 2087 889 lib-Ugo-

512 888 602 942 nis
634 885 908 942 militibus
933 873 1141 954 captus,
1175 881 1235 934 in
1264 873 1588 951 Papiensem
1616 890 1889 931 carcerem
1910 873 2091 928 detru-

514 958 686 1016 ditur.

512 1075 602 1129 17.
632 1072 776 1129 Cum
810 1087 907 1125 rex
932 1067 1053 1141 Ugo
1086 1083 1202 1122 non
1236 1069 1462 1138 sponte,
1487 1063 1589 1120 sed
1618 1061 1870 1118 aliorum
1893 1064 2089 1132 postu-

437 1152 756 1221 lationibus
783 1158 972 1213 victus
1003 1160 1247 1212 eatenus
1279 1152 1621 1209 Ratherium
1661 1149 1930 1224 elegisset
1960 1148 2089 1221 epi—

441 1247 850 1328 scopum,quia
873 1262 1006 1303 eum
1031 1243 1192 1319 gravi
1213 1242 1416 1299 morbo
1448 1240 1808 1297 laborantem
1841 1237 2087 1328 moritu-

434 1324 568 1398 rum
598 1337 904 1415 sperabat;
938 1339 1007 1391 ut
1053 1334 1250 1406 ipsum
1282 1348 1312 1388 e
1345 1335 1530 1388 morte
1568 1334 1832 1402 ereptum
1864 1331 1919 1385 et
1967 1324 2085 1399 epi-

436 1445 681 1502 scopum
704 1428 1105 1483 consecratum
1137 1421 1301 1488 vidit,
1326 1442 1353 1471 ‹‹
1386 1418 1741 1475 iratissimus
1766 1416 2083 1478 redditur,»

432 1519 632 1593 inquit
644 1518 712 1572 in
732 1515 965 1587 epist.5,
991 1529 1155 1567 num.
1182 1510 1392 1575 4,idem
1418 1507 1809 1576 Ratherius,et
1829 1504 2088 1573 «juravit

438 1624 539 1681 per
559 1607 744 1664 Deum
771 1604 899 1677 (nec
930 1606 1019 1658 est
1046 1598 1349 1669 mentitus)
1381 1598 1533 1670 quod
1567 1596 1775 1652 diebus
1805 1594 1933 1651 vitae
1965 1610 2083 1650 suae

439 1697 511 1753 de
540 1695 671 1767 ipsa
690 1691 1054 1749 ordinatione
1072 1705 1185 1745 non
1209 1704 1396 1745 essem
1416 1685 1791 1759 gavisurus.»
1818 1683 1962 1747 Quid
1989 1699 2084 1739 au-

432 1789 557 1841 tem
588 1782 845 1855 primum
876 1779 997 1852 Ugo
1028 1778 1327 1852 egerit,his
1349 1775 1539 1831 verbis
1564 1771 1858 1830 describit:
1889 1772 2085 1827 «Misit

435 1873 498 1928 in
531 1871 797 1945 pitaciolo
831 1873 1048 1925 certam
1082 1865 1464 1940 quantitatem
1496 1863 1789 1936 stipendii,
1816 1863 1969 1937 quod
1995 1866 2080 1916 te-

434 1978 636 2019 nerem
667 1961 738 2017 de
768 1959 945 2015 rebus
977 1956 1251 2021 ecclesiae,
1277 1955 1347 2010 de
1370 1952 1591 2009 caeteris
1621 1952 1858 2024 exigens
1882 1950 2079 2023 jusju-

436 2052 784 2118 randum,ut
812 2047 1017 2103 diebus
1037 2044 1197 2101 illius
1220 2044 1440 2116 filiique
1462 2043 1552 2099 sui
1577 2041 1828 2115 amplius
1852 2057 1964 2096 non
1990 2057 2076 2096 re-

438 2140 752 2212 quirerem.
785 2137 901 2209 Ego
944 2133 1277 2208 intelligens
1309 2131 1444 2206 [xu]
1475 2134 1695 2203 quanta
1742 2130 2077 2186 absurditas

431 2228 545 2284 hoc
574 2229 1044 2299 consequeretur,
1079 2239 1193 2279 non
1226 2222 1513 2279 consensi.
1549 2244 1575 2270 ››
1620 2220 1777 2275 Ilanc
1826 2217 2075 2290 primam

433 2316 617 2374 aversi
648 2332 682 2372 a
710 2332 772 2372 se
803 2313 958 2387 regis
999 2312 1177 2378 animi
1229 2327 1466 2367 causam
1513 2308 1733 2364 notavit
1760 2307 1820 2362 in
1869 2307 2075 2363 Praele-

432 2405 705 2479 quiorum
725 2404 875 2459 libro
896 2419 972 2469 ιν,
1006 2419 1170 2456 num.
1200 2403 1304 2455 20:
1341 2423 1368 2449 «
1393 2399 1543 2465 Haec,
1567 2403 1633 2453 ut
1651 2396 1877 2470 opinor,
1900 2413 2079 2454 causa

430 2492 812 2558 fuitdissidii,
842 2490 962 2543 haec
993 2494 1129 2543 nota
1159 2488 1312 2560 quod
1338 2487 1554 2559 ingeris
1585 2484 1885 2542 criminis:
1920 2484 2071 2555 quod

430 2580 699 2640 videlicet
718 2585 782 2635 tu
814 2579 1091 2652 (Ugonem
1126 2577 1463 2649 alloquitur)
1496 2592 1586 2630 res
1608 2592 1812 2631 omnes
1844 2574 2076 2631 volebas

432 2676 633 2728 tenere
662 2669 936 2735 ecclesiae,
969 2684 1100 2723 eum
1132 2683 1265 2721 vero
1298 2667 1377 2735 (id
1409 2669 1497 2721 est
1523 2664 1886 2735 Ilathcrium)
1918 2680 2073 2718 mer-

433 2759 732 2815 cenarium
764 2758 873 2824 tui,
907 2774 1020 2810 non
1072 2760 1361 2828 pastorem
1396 2752 1588 2826 gregis
1619 2770 1748 2808 esse
1777 2751 2009 2806 Christi.
2036 2768 2073 2799 ἰι

430 2852 554 2903 Hoc
584 2848 772 2919 primo
804 2845 1105 2901 molimine
1148 2846 1447 2909 frustrato,
1478 2859 1576 2897 rex
1607 2840 1783 2896 aliam
1832 2842 2073 2897 vexandi

431 2935 689 3010 episcopi
716 2934 847 2990 iniit
873 2934 1047 2989 viam.
1096 2956 1123 2983 ‹‹
1150 2932 1422 2989 Adhibuit
1448 2929 1711 3002 undique
1741 2936 2073 3003 persecutu-

431 3038 526 3083 res
555 3029 614 3082 et
642 3023 1026 3091 adversarios,
1061 3022 1159 3096 qui
1192 3025 1294 3078 aut
1324 3022 1678 3078 deterrerent
1708 3036 1821 3089 me,
1854 3024 1918 3074 ut
1937 3021 2076 3075 effu-

431 3126 627 3190 gerem
651 3134 681 3165 ι)
728 3112 925 3187 (verba
957 3116 1094 3168 sunt
1137 3110 1391 3167 auctoris
1434 3110 1493 3165 in
1526 3108 1763 3167 laudata
1812 3109 1980 3182 epist.
2013 3110 2069 3183 5)

430 3225 458 3256 κ
487 3208 591 3260 aut
619 3202 932 3270 irritarent,
958 3205 1097 3257 etut
1126 3198 1444 3273 expellendi
1480 3215 1573 3259 me
1603 3197 1929 3256 invenirent
1978 3216 2070 3255 oc-
2100 3191 2144 3258 C

431 3292 748 3349 casionem.
785 3313 812 3341 »
848 3291 1092 3346 Duobus
1121 3289 1291 3345 annis
1335 3292 1391 3344 et
1434 3288 1679 3344 dimidio
1735 3289 2075 3360 bujusmodi

431 3380 896 3455 persecutionem
917 3380 1226 3451 episcopus
1248 3376 1506 3457 pertulit.

504 3471 594 3526 18.
629 3467 783 3524 Inter
810 3466 931 3522 bac
958 3466 1079 3539 Ugo
1112 3471 1518 3537 opportunam,
1549 3481 1724 3537 quam
1759 3466 2073 3537 quaerebat,

431 3554 760 3631 expellendi
791 3555 1047 3628 episcopi
1065 3559 1121 3611 et
1141 3555 1198 3609 in
1217 3570 1503 3610 carcerem
1537 3554 1880 3611 detrudendi
1912 3572 2075 3611 occa-

431 3647 656 3705 sionem
693 3648 900 3701 nactus
928 3649 1039 3699 est.-
1071 3642 1270 3699 Plures
1306 3644 1366 3699 in
1398 3643 1557 3698 [talia
1586 3649 1786 3699 contra
1816 3643 2073 3717 Ugonem

431 3737 587 3793 male
635 3740 801 3791 erant
854 3731 1116 3789 animati.
1159 3732 1301 3788 Hinc
1363 3734 1746 3789 revocandum
1797 3740 2078 3806 putarunt

431 3820 750 3881 Rodulfum
779 3823 830 3879 Il
859 3838 1055 3895 regem
1086 3822 1453 3895 Burgundios,
1487 3823 1585 3897 qui
1618 3821 1916 3895 aliquanto
1942 3828 2075 3880 ante

431 3912 631 3971 Italico
661 3929 837 3985 regno
857 3911 1119 3985 privatus
1140 3912 1327 3967 fuerat
1352 3912 1680 3985 (Lw'rraau.
1715 3912 1751 3967 ι.
1788 3928 1923 3979 m,c.
1959 3913 1982 3969 Ι
1995 3917 2069 3982 3).

430 4003 497 4059 Id
522 4017 663 4058 cum
685 4001 1087 4075 praesensisset
1112 3998 1254 4074 Ugo,
1289 4000 1522 4057 directis
1555 4001 1623 4057 ad
1649 4001 1961 4058 Rodulfum
1994 4002 2074 4058 1e-

431 4092 604 4168 gatis,
636 4096 692 4147 et
720 4090 1020 4148 nonnullis
1056 4089 1394 4158 ditionibus,
1420 4105 1568 4162 quas
1598 4090 1830 4146 tenebat
1850 4091 1905 4147 in
1939 4092 2075 4148 Pro-

429 4183 640 4248 vincia,
673 4181 861 4238 eidem
914 4178 1204 4245 dimissis,
1246 4178 1358 4235 sibi
1389 4179 1461 4235 ab
1511 4194 1576 4234 eo
1608 4180 1750 4236 satis
1796 4180 1867 4236 de
1899 4199 2075 4255 regno

430 4269 627 4327 Italico
659 4269 825 4326 cavit.
860 4270 1038 4325 Paulo
1070 4274 1203 4341 post
1236 4268 1601 4325 Veronenses
1629 4268 1813 4343 Ugoni
1864 4270 2075 4327 infensi

432 4357 777 4423 Arnoldum,
794 4374 917 4425 seu,
935 4363 998 4413 ut
1020 4357 1116 4413 alii
1137 4357 1452 4430 appellant,
1476 4356 1779 4414 Arnolfum
1799 4359 2074 4432 Bajoariae

433 4451 492 4504 et
518 4445 830 4503 Corinthia:
863 4447 1070 4501 ducem
1122 4450 1452 4502 evocarunt.
1496 4446 1656 4504 lianc
1701 4447 2073 4507 rebellionem

434 4535 683 4592 factione
713 4533 950 4607 quidem
1000 4534 1391 4590 archidiaconi
1432 4540 1489 4590 et
1518 4535 1652 4591 cleri
1701 4536 2073 4608 Veronensis,
2110 4562 2154 4631 Β

434 4629 611 4696 atque
638 4623 1028 4696 quorumdam
1053 4624 1464 4696 primariorum
1495 4623 1743 4681 civitatis
1767 4626 2073 4684 conﬂatam

433 4712 617 4785 liquet
645 4729 713 4769 ex
758 4709 1016 4768 Ratherii
1049 4710 1294 4784 epistola
1326 4712 1394 4766 ad
1430 4711 1706 4768 Ursoncm
1741 4713 2077 4786 diaconum,

434 4801 715 4859 insertam
740 4800 901 4857 libro
922 4799 1373 4872 Praeloquiorum
1400 4802 1756 4870 tertio,num.
1788 4807 1875 4859 27.
1910 4805 2076 4864 Milo-

433 4909 568 4949 nem
588 4895 781 4947 autem
805 4890 1078 4947 comitem
1096 4894 1153 4945 et
1176 4888 1514 4945 Ratherium
1537 4891 1875 4964 episcopum
1901 4895 2078 4950 rebel-

433 4981 608 5038 lionis
639 4978 829 5055 capita
858 4996 891 5035 a
925 4980 1281 5052 Liutprando
1323 4979 1652 5048 traduntur;
1688 4984 1891 5038 scribit
1920 4986 2075 5042 enim

431 5071 751 5128 Arnoldum
785 5068 1061 5141 Bajoariaa
1093 5069 1323 5135 ducem,
1356 5067 1457 5139 qui
1488 5084 1624 5124 eum
1666 5071 1917 5127 exercitu
1946 5074 2075 5130 Tri-

432 5161 732 5218 dentinam
757 5157 1080 5215 marchiam
1112 5157 1546 5230 pertransierat,
1569 5158 1859 5217 Veronam
1892 5179 2077 5236 usque

432 5250 765 5323 pervenisse
823 5250 1080 5317 (Lw'rpn.
1132 5248 1232 5313 ib.,
1263 5264 1310 5304 θ.
1347 5247 1455 5320 It).
1509 5272 1537 5300 ‹‹
1575 5248 1633 5304 in
1683 5266 1801 5323 qua
1830 5268 1864 5307 a
1908 5251 2075 5309 Milo-

432 5353 505 5395 ne
560 5339 770 5394 comite
832 5342 1007 5410 atque
1062 5355 1096 5393 a
1152 5336 1421 5394 Ratherio
1478 5339 1748 5413 episcopo
1804 5339 2073 5414 libenter,

432 5430 498 5484 ut
527 5428 626 5500 qui
658 5443 792 5483 eum
824 5426 1157 5493 invitarent,
1205 5427 1544 5499 suscipitur.
1572 5449 1602 5479 »
1654 5427 1788 5484 Milo
1818 5446 1848 5487 θ
1898 5430 2076 5486 Fran-

432 5532 631 5573 corum
665 5532 875 5588 genere
906 5513 1148 5572 celebris
1179 5516 1289 5571 sub
1336 5508 1687 5590 impératore
1730 5517 2074 5592 Berengario

431 5605 561 5681 (10.,
587 5604 625 5658 ι.
658 5620 720 5672 u,
751 5598 799 5660 c.
820 5602 934 5675 20),
967 5620 1001 5659 a
1029 5616 1143 5677 quo
1161 5605 1396 5677 juvenis
1416 5604 1779 5661 familiariter
1806 5605 2077 5682 lautaque

2200 556 2350 596 anno
2362 540 2467 595 924
2480 538 2673 612 aliqua
2699 556 2932 595 summa
2946 541 3232 611 potestate
3252 539 3637 615 fungebatur;
3659 539 3856 599 Flam-

2198 629 2430 689 bertum
2463 628 2623 689 enim
2667 628 2740 701 (1)
2774 627 3171 693 sculdascium
3228 628 3358 701 qius
3410 627 3852 699 interfectaer

2194 716 2412 790 (Ibid),
2452 717 2667 791 «eique
2696 721 2817 775 tam
2849 716 2910 773 in
2942 716 3164 774 nefario
3193 716 3409 781 scelere
3428 717 3848 793 conmeantes,

2198 807 2249 863 vi
2282 811 2482 879 captos
2531 806 2849 881 suspendio
2889 807 3073 863 vitam
3103 806 3272 865 finire
3317 805 3609 880 praecepit.
3643 827 3674 860 ιι
3725 807 3853 864 Hoc

2196 907 2457 978 tempore
2486 903 2643 962 idem
2686 902 2821 960 Milo
2851 904 3005 977 [xm]
3038 920 3235 965 comes
3258 903 3613 973 Veronensis
3656 904 3852 975 fuisse

2196 991 2377 1051 videri
2430 997 2622 1065 potest
2662 993 2923 1063 (DLONYS.
2953 993 3019 1050 de
3046 993 3253 1053 duobus
3275 1010 3363 1067 sp.
3390 1010 3453 1067 ι).
3494 994 3644 1067 107).
3675 994 3850 1053 Codi—

2197 1080 2346 1137 cillis
2374 1098 2510 1137 vero
2539 1080 2802 1139 Notberii
2832 1081 3089 1155 episcopi
3108 1098 3207 1141 an.
3230 1083 3339 1139 927
3356 1081 3487 1147 sipo
3514 1082 3634 1143 ulla
3664 1082 3851 1147 comi-.-

2196 1168 2273 1226 tis
2304 1166 2494 1241 titulo,
2512 1171 2614 1227 sed
2632 1174 2766 1227 ante
2795 1170 3098 1228 scavinum
3121 1169 3453 1244 etjudieem
3466 1170 3846 1245 subscripsit;

2194 1284 2262 1323 ac
2288 1272 2570 1340 praeterea
2596 1267 2750 1331 inter
2777 1272 2959 1331 testes
2993 1268 3244 1333 refertur
3271 1267 3610 1342 Sigibaldus
3644 1286 3849 1331 ναίω

2194 1355 2432 1425 Milonis,
2459 1356 2610 1421 sicut
2637 1357 2698 1413 in
2729 1357 2994 1429 ejusdem
3026 1357 3289 1417 Notherii
3320 1361 3672 1421 testamento
3700 1358 3848 1419 anni

2190 1444 2302 1500 922
2340 1450 2473 1517 post
2504 1445 2897 1517 Ingellredum
2927 1452 3066 1511 tunc
3094 1446 3332 1509 Verona
3356 1445 3636 1509 comitem
3687 1448 3848 1507 inter

2192 1536 2371 1591 testes
2418 1533 2722 1608 ληθαρεὰ
2749 1549 2933 1601 easeas
2985 1532 3344 1595 nominatur.
3378 1534 3442 1592 In
3489 1535 3844 1601 documento

2191 1631 2332 1693 anni
2360 1630 2467 1689 929
2498 1630 2623 1704 ipse
2651 1631 2791 1693 Milo
2814 1631 2932 1690 etsi
2961 1630 3133 1690 titulo
3159 1632 3392 1691 comitis
3413 1632 3633 1705 paritu-
3657 1636 3840 1701 eamut,

2191 1723 2387 1777 tamen
2418 1736 2608 1778 vassu
2632 1722 2814 1792 regius
2843 1719 3058 1779 dicitur
3085 1721 3371 1793 (Βωωοι.
3400 1722 3477 1779 De
3492 1736 3634 1781 me.
3656 1737 3693 1777 ε
3710 1737 3838 1792 που.

2110 1823 2159 1891 Β
2189 1808 2250 1864 di
2280 1809 2507 1874 Verona.
2538 1826 2595 1881 p.
2628 1810 2774 1882 120):
2804 1810 2960 1883 quod
2986 1809 3345 1883 praecipuam
3375 1810 3437 1867 in
3466 1809 3838 1868 amabilita—

2187 1900 2306 1953 tem
2337 1897 2613 1959 declarat.
2646 1898 2792 1957 Cum
2815 1910 2991 1970 porro
3006 1896 3329 1957 Arnoldum
3348 1903 3558 1957 contra
3575 1898 3840 1973 Ugonem

2186 1985 2427 2055 vocavit,
2452 1987 2581 2058 jam
2628 1986 2970 2059 dignitatem
3001 1986 3230 2045 comitis
3281 1985 3634 2047 Vemnessis
3680 1991 3838 2046 certe

2186 2074 2405 2130 certius
2433 2073 2757 2141 obtinebat,
2804 2090 2923 2146 quo
2953 2074 3190 2131 nomine
3244 2074 3399 2131 inter
3454 2077 3681 2148 primos
3702 2081 3841 2135 cui

2188 2162 2369 2218 Italici
2404 2163 2589 2235 regni,
2616 2168 2674 2218 et
2698 2163 2988 2219 civitatem
3019 2179 3254 2220 summa
3273 2168 3557 2236 potestate
3586 2163 3839 2221 admini-

2187 2259 2579 2317 strabat.Huic
2599 2276 2771 2333 porro
2797 2261 2937 2334 quid
2958 2259 3019 2316 in
3041 2277 3112 2317 ea
3130 2265 3331 2317 contra
3353 2260 3611 2334 Ugonem
3639 2260 3835 2320 rebel-

2186 2346 2342 2406 lione
2358 2348 2653 2418 acciderit,
2677 2349 3077 2424 Liutpmndus
3097 2349 3390 2407 memorias
3400 2346 3835 2423 prodiditﬁum'

2186 2437 2343 2494 idem
2376 2455 2491 2506 rex,
2512 2439 2614 2511 qui
2637 2439 2826 2513 Papiae
2846 2440 3045 2496 sedem
3072 2439 3349 2508 habebat,
3378 2438 3644 2497 audisset
3662 2439 3842 2497 Vero-

2185 2543 2271 2582 na:
2302 2526 2623 2583 A'rnoldum
2654 2528 2837 2584 fuisse
2865 2532 3161 2599 receptum
3188 2545 3202 2595 ;
3236 2549 3265 2578 (ι
3288 2525 3531 2584 collecto
3548 2527 3835 2595 exercitu,

2184 2615 2377 2688 inquit.
2398 2616 2519 2679 ille,
2550 2617 2599 2671 ei
2632 2616 2859 2672 obviam
2892 2616 3099 2673 tendit.
3120 2616 3387 2689 Cumque
3414 2617 3618 2672 eodem
3641 2632 3840 2689 perue-

2186 2714 2389 2780 nisset,
2422 2719 2478 2768 et
2504 2714 2900 2782 caballicatas,
2927 2719 2991 2769 ut
3018 2714 3190 2786 vulgo
3221 2715 3407 2781 aiunt,
3429 2714 3648 2770 circum
3674 2716 3840 2771 circa

2183 2803 2481 2875 dirigeret,
2504 2804 2899 2875 Bajoariorum
2916 2806 3185 2876 quaedam
3209 2822 3346 2878 pars
3364 2821 3481 2860 non
3494 2803 3839 2861 minitando

2184 2897 2374 2949 castro
2402 2892 2685 2949 vocabulo
2706 2893 3077 2967 Gauseningo
3097 2893 3422 2975 egrediens,
3443 2906 3581 2949 cum
3603 2892 3838 2951 ltalieno

2182 2981 2349 3037 sibus
2366 2997 2627 3055 pugnare
2642 2981 2833 3056 erepit.
2854 3004 2884 3032 »
2909 2983 3234 3051 Gauselingo
3249 2981 3493 3038 forsitan
3512 2982 3835 3056 legendum

2182 3086 2287 3143 pro
2318 3087 2385 3128 eo
2412 3069 2560 3142 loco,
2590 3071 2692 3143 qui
2722 3070 2784 3126 in
2810 3071 3186 3128 cbartaanni
3206 3072 3314 3127 825
3335 3066 3655 3141 Gusilingus
3679 3071 3833 3128 dicid-

2183 3163 2300 3227 tur,
2331 3164 2390 3215 et
2417 3176 2575 3216 nunc
2606 3159 2930 3231 Gussotengo
2956 3159 3287 3233 appellatur
3314 3159 3572 3233 (DIONYS.
3604 3160 3830 3233 Αρθιοσ.

2186 3250 2379 3319 riﬂess.
2409 3266 2464 3321 p.
2498 3248 2609 3321 33):
2642 3248 2780 3304 hinc
2806 3250 2964 3306 enim
2992 3249 3158 3306 facile
3186 3254 3391 3306 contra
3419 3249 3636 3323 Ugonis
3663 3265 3835 3306 exet.

2184 3346 2367 3403 citum
2383 3363 2416 3403 e
2444 3346 2621 3419 Papia
2650 3346 2900 3419 aliisque
2929 3346 3142 3404 Italicis
3159 3348 3410 3404 urbibus
3424 3347 3832 3417 advenientem

2182 3436 2573 3504 contenditur,
2606 3451 2722 3492 non
2772 3453 2907 3493 vero
2936 3453 3005 3493 ex
3028 3454 3099 3493 eo
3136 3441 3348 3505 castro,
3380 3438 3537 3510 quod
3590 3440 3836 3494 vocatur

2184 3523 2463 3594 Ossem'go,
2488 3528 2550 3579 et
2578 3523 2638 3579 in
2688 3525 3029 3581 memoratis
3057 3525 3314 3582 Notberli
3362 3524 3645 3582 codicillis
3692 3525 3833 3582 anni

2184 3610 2289 3667 927
2321 3629 2436 3669 non
2470 3612 2810 3685 Gauscningo
2839 3614 3136 3683 scribitur,
3170 3615 3272 3671 sed
3328 3615 3627 3685 Ursanico;
3675 3614 3834 3687 quod

2184 3707 2443 3760 castrum
2473 3721 2608 3761 cum
2638 3709 2805 3761 trans
2832 3704 3096 3763 Athesim
3136 3704 3320 3761 situm
3369 3705 3467 3773 sit,
3497 3709 3556 3761 et
3598 3705 3673 3761 ad
3702 3702 3831 3761 Tris

2185 3794 2427 3850 dentum
2457 3798 2679 3867 vergat,
2702 3793 2918 3851 istbinc
2938 3794 3010 3850 ad
3019 3811 3220 3851 versus
3240 3794 3559 3850 exercitum
3590 3806 3659 3851 ex
3674 3793 3834 3851 Itali-

2185 3890 2268 3947 cis
2289 3892 2539 3948 urbibus
2557 3892 2844 3949 Veronam
2865 3892 2950 3950 eis
2970 3892 3232 3949 Athesim
3255 3893 3621 3949 accedentem
3645 3893 3716 3949 ab
3740 3908 3829 3964 eo,

2185 3981 2285 4053 qui
2310 3979 2910 4055 Veronaeimperabat,
2936 3981 3154 4038 milites
3185 3981 3485 4038 immissos
3508 3996 3681 4038 nemo
3706 3998 3830 4039 cre-

2184 4070 2415 4127 diderit.
2431 4071 2634 4146 Pugna
2648 4088 2781 4128 vero
2800 4071 3200 4144 Bajoariorum
3218 4088 3349 4127 cum
3369 4071 3519 4128 male
3535 4071 3827 4140 cessisset,

2185 4182 2213 4212 «
2245 4159 2537 4217 Arnoldus
2565 4161 2683 4216 dux
2714 4178 2830 4217 non
2861 4178 3039 4235 parva
3055 4167 3145 4218 est
3171 4160 3512 4218 confusione
3541 4159 3825 4234 repletus:

2184 4250 2340 4306 unde
2371 4251 2591 4306 factum
2612 4255 2722 4317 est,
2750 4254 2814 4306 ut
2839 4250 3083 4307 consilio
3105 4255 3339 4323 accepto
3363 4249 3638 4306 Milonem
3657 4250 3833 4306 comi-

2183 4342 2301 4395 tem
2339 4340 2514 4397 vellet
2553 4357 2775 4412 capere,
2809 4345 2982 4413 atque
3011 4339 3177 4395 Italia
3227 4339 3505 4399 derelicta
3552 4339 3718 4397 illum
3766 4339 3829 4395 in

2185 4439 2511 4511 Bajoariam
2542 4440 2773 4506 ducere,
2807 4443 3099 4511 quatenus
3122 4441 3389 4511 reparato
3409 4437 3661 4494 exercitu
3694 4453 3832 4496 cum

2186 4544 2252 4583 eo
2283 4528 2497 4584 iterum
2529 4527 2714 4583 redire
2745 4531 2973 4600 posset;
3007 4528 3161 4601 quod
3197 4526 3471 4583 Milonem
3494 4544 3607 4583 non
3634 4525 3828 4585 latuit:

2187 4618 2285 4690 qui
2312 4618 2556 4673 diversis
2578 4616 3028 4691 cogitationibus
3049 4621 3324 4684 aestuans,
3351 4617 3492 4691 quid
3515 4619 3709 4691 ageret
3731 4633 3831 4690 pe-

2140 4713 2147 4723 ‘
2188 4707 2349 4761 nitus
2380 4706 2701 4778 ignorabat.
2724 4704 2979 4779 Ugonem
3001 4722 3192 4779 regem
3213 4706 3403 4778 plane,
3429 4708 3494 4762 ut
3514 4709 3828 4776 meruerat,

2188 4796 2346 4852 adire
2369 4796 2628 4850 timebat:
2655 4811 2788 4850 cum
2810 4793 3063 4851 Arnoldo
3093 4812 3225 4851 vero
3251 4795 3311 4851 in
3340 4790 3667 4867 Bajoariam
3695 4793 3830 4851 duci

2187 4901 2302 4939 non
2335 4881 2527 4938 solum
2573 4888 2840 4950 mortem,
2890 4885 2991 4940 sed
3039 4883 3337 4941 infernum
3388 4884 3653 4958 putabat.
3716 4884 3832 4941 [lac

2185 4981 2384 5053 itaque
2414 4981 2473 5035 in
2503 4980 2905 5054 ambiguitate,
2936 4982 3116 5055 [xum]
3150 4981 3428 5056 quoniam
3459 4998 3654 5057 regem
3684 4980 3833 5055 Ugo-

2185 5084 2321 5126 nem
2344 5068 2455 5129 eito
2487 5069 2887 5127 misericordia
2917 5076 3152 5128 noverat
3181 5069 3472 5147 inclinari,
3505 5070 3832 5129 Arnoldum

2186 5161 2405 5232 fugere,
2437 5163 2494 5215 et
2534 5160 2603 5215 ad
2664 5176 2800 5215 eum
2860 5158 3141 5216 deliberat
3167 5161 3406 5219 tendere
3462 5159 3829 5234 (Liutprand.

2182 5248 2365 5321 ibid.).
2396 5271 2424 5297 ››
2446 5248 2611 5305 Hunc
2639 5248 2783 5305 forte
2800 5253 2864 5304 ut
2884 5247 3236 5323 demulceret
3257 5249 3489 5324 sibique
3508 5249 3829 5323 propitium

2183 5336 2594 5410 redderet,egit
2624 5341 2692 5393 ut
2720 5337 2898 5394 frater
2918 5353 3062 5393 suus
3093 5338 3483 5396 munitionem
3505 5355 3631 5411 quae
3653 5337 3831 5396 Vero-

2184 5443 2271 5483 nae
2302 5432 2425 5482 erat
2472 5430 2674 5481 contra
2719 5424 3043 5481 Arnoldum
3087 5427 3438 5485 defenderet.
3473 5428 3527 5485 Is
3558 5444 3691 5485 vero
3727 5427 3833 5485 hac

2184 5528 2536 5599 expugnata,
2558 5547 2585 5575 ‹‹
2619 5524 2859 5579 fratrem
2892 5522 3146 5594 Milonis,
3178 5526 3515 5598 militesque
3542 5526 3697 5599 ejus,
3726 5524 3845 5599 qui,

2184 5629 2313 5671 eam
2344 5612 2655 5671 defendere
2713 5611 3099 5683 conabantur,
3142 5632 3344 5674 secum
3382 5614 3443 5672 in
3500 5614 3832 5690 Bajoariam

500 5692 947 5776 (1)5014!de
972 5698 1213 5754 vocatur
1237 5692 1299 5754 in
1324 5698 1672 5754 testamento
1695 5694 1955 5758 Notberii
1976 5717 2072 5763 an.
2111 5704 2220 5769 922
2249 5703 2403 5787 apud
2436 5701 2768 5785 Ughellium
2798 5704 2940 5767 tom.
2963 5703 3032 5778 V,
3063 5704 3173 5765 col.
3201 5706 3329 5765 729.
