4070 6380
188 294 266 356 41
1213 295 1826 360 PROLEGOMENA.
1860 331 1940 345 --
1971 297 2343 361 RATHERII
2389 299 2598 363 VITA.

3527 301 3609 361 42

184 427 377 484 duxit.
410 451 439 478 »
473 427 601 500 Ipse
632 431 830 500 autem
861 445 1059 485 comes
1092 429 1228 486 Milo
1259 447 1392 486 cum
1427 431 1623 505 Ugone
1646 432 1838 488 conci-
1867 433 1923 502 Α
1954 436 2071 489 tem
2103 434 2175 488 ob
2198 433 2628 490 conniventiam
2661 433 3172 505 etobsequentiam
3201 449 3266 490 ac
3287 432 3607 492 necessita—

181 516 366 573 liatus
390 516 700 588 pristinam
728 517 1073 590 dignitatem
1104 519 1364 574 retinuit.

265 607 353 661 19.
382 605 510 661 Alia
540 623 782 679 prorsus
810 607 920 662 fuit
951 607 1207 663 Ratherii
1267 608 1520 680 episcopi
1585 610 1837 666 fortuna.

189 695 1033 768 .Quo(Arnoldo)discedente,
1069 697 1228 752 addit
1261 697 1842 771 Liutprandus,Ugo-

179 783 370 858 niregi
396 801 531 840 mox
561 784 767 841 civitas
803 785 1088 853 redditur,
1122 791 1180 842 et
1211 786 1526 843 Ratherius
1574 789 1838 860 ejusdem

181 873 438 930 civitatis
467 875 780 947 episcopus
811 875 883 930 ab
915 891 980 930 eo
1015 878 1241 947 captus,
1280 875 1466 948 Papiae
1526 877 1585 932 in
1638 877 1838 934 exsilio

182 962 496 1036 relegatur.
531 985 560 1014 »
595 963 738 1019 Hinc
772 963 830 1019 in
863 963 1110 1037 epistola
1131 965 1186 1030 5,
1219 965 1289 1020 ad
1306 964 1590 1022 Joannem
1612 967 1842 1038 pontiﬁ-

179 1069 333 1121 cem,
366 1070 532 1108 num.
569 1053 621 1120 4,
655 1052 913 1125 aliquam
945 1053 1181 1125 quidem
1213 1071 1380 1109 suam
1415 1053 1648 1127 culpam
1703 1054 1839 1111 huic

178 1141 503 1198 calamitati
517 1159 755 1199 causam
771 1142 1003 1198 dedisse
1017 1143 1117 1210 ait,
1136 1143 1410 1199 rebellem
1423 1161 1555 1199 vero
1572 1144 1838 1201 animum

178 1235 231 1288 et
267 1231 458 1305 Ugoni
489 1231 807 1300 infensum,
841 1249 957 1304 quo
972 1231 1205 1287 nomine
1223 1231 1280 1287 in
1303 1236 1524 1288 tantam
1539 1232 1837 1290 miseriam

179 1321 595 1390 deduceretur,
630 1321 741 1376 sibi
771 1321 951 1378 fuisse
982 1321 1226 1377 inficiari
1269 1321 1518 1377 videtur.
1571 1344 1598 1372 «
1658 1322 1839 1395 Cmpit

177 1428 270 1467 me
302 1410 449 1484 Ugo,
481 1411 722 1467 retrusit
759 1412 817 1466 in
875 1410 1202 1468 custodiam
1235 1411 1293 1466 in
1337 1412 1591 1484 quadam
1647 1412 1834 1485 Papia:

175 1500 485 1569 turricula,
519 1518 634 1557 non
666 1501 794 1556 dico
825 1502 951 1558 sine
983 1500 1098 1557 mei
1127 1500 1319 1573 culpa,
1353 1501 1454 1574 qui
1485 1501 1639 1556 enim
1666 1501 1838 1557 inter-

173 1590 313 1645 talia
343 1589 553 1646 saltem
587 1590 647 1645 in
682 1591 860 1646 verbo
892 1607 1009 1648 non
1041 1591 1300 1658 offendit,
1335 1589 1429 1646 hic
1445 1591 1836 1662 perfectusest

171 1679 292 1748 vir;
330 1679 434 1736 sed
465 1684 670 1736 contra
699 1679 886 1752 legem
913 1679 996 1735 ita
1027 1679 1148 1734 hmo
1178 1678 1316 1751 egit,
1347 1684 1404 1734 et
1434 1678 1560 1734 sine
1592 1680 1832 1735 audien-

173 1769 269 1825 tia.
305 1769 476 1826 Dicat
501 1769 596 1826 hic
628 1769 877 1842 quisque
909 1769 1063 1841 quod
1097 1767 1248 1823 volet
1278 1785 1290 1822 :
1327 1768 1650 1824 temerariis
1671 1769 1829 1825 enim

164 1858 408 1930 judiciis
429 1859 604 1932 juxta
632 1858 1025 1932 Augustinum
1056 1857 1230 1928 plena
1257 1862 1397 1913 sunt
1425 1856 1834 1913 omnia.Confi-

173 1953 296 2005 teor
325 1965 484 2018 vero,
509 1965 579 2004 ex
607 1965 722 2021 quo
751 1964 884 2004 eum
917 1939 1189 2020 primitus
1248 1947 1387 2013 vidi,
1447 1965 1632 2018 usque
1688 1947 1831 2002 dum

172 2039 473 2094 hominem
505 2038 683 2105 exuit,
725 2054 955 2110 semper
1008 2053 1099 2093 me
1158 2037 1468 2092 Theodosii
1497 2035 1828 2092 felicitatem

174 2127 548 2201 imperatoris
571 2127 651 2182 illi
685 2130 936 2198 optasse,
968 2129 1022 2181 et
1054 2124 1243 2180 adhuc
1275 2126 1402 2196 ejus
1435 2125 1830 2181 recordatione

173 2234 263 2273 me
296 2215 555 2290 graviter
585 2215 737 2272 affici
771 2213 989 2271 dolore.
1023 2237 1050 2263 »
1079 2215 1208 2270 ΙΙωο
1230 2219 1451 2285 scrlpta
1469 2231 1582 2270 non
1606 2213 1830 2270 vivente

172 2307 390 2381 Ugone,
424 2307 526 2362 sed
559 2309 691 2379 post
722 2305 849 2376 ejus
881 2308 1126 2359 mortem
1161 2304 1357 2376 magni
1383 2299 1825 2360 Yaciendasunt.

171 2396 514 2453 Temeritati
537 2395 896 2467 judiciorum
932 2394 1105 2449 refert
1137 2394 1484 2449 attributum
1517 2393 1626 2448 sibi
1681 2411 1828 2448 verm

172 2485 511 2542 rebellionis
545 2484 765 2540 crimen
790 2484 847 2538 in
863 2483 1144 2556 Ugonem,
1165 2499 1340 2555 quem
1354 2499 1586 2554 semper
1606 2481 1824 2550 dilexit,

172 2576 382 2647 cuique
413 2592 649 2647 semper
676 2573 874 2630 omnia
904 2589 1184 2646 prospera
1214 2573 1510 2644 appetivit.
1543 2573 1828 2636 Quaeritur

172 2663 394 2720 nullam
425 2663 536 2720 sibi
570 2665 766 2720 datam
795 2662 1175 2727 audientiam,
1210 2679 1326 2733 qua
1358 2678 1552 2717 rerum
1601 2663 1704 2718 abs
1765 2679 1828 2718 se

170 2759 469 2826 gestarum
506 2753 792 2808 rationem
823 2751 1107 2808 redderet.
1141 2750 1404 2823 Culpam,
1435 2767 1552 2822 qua
1594 2768 1655 2806 se
1711 2769 1826 2807 non

169 2843 324 2898 omni
359 2860 427 2899 ex
459 2847 622 2914 parte
655 2857 849 2898 carere
871 2840 1153 2913 agnoscit,
1184 2840 1336 2895 inter
1365 2839 1517 2896 leves
1543 2845 1822 2910 recenset,

169 2934 235 2988 de
264 2932 484 3005 quibus
515 2932 769 2989 Jacobus
799 2930 915 2986 ait:
949 2932 1059 3000 Qui
1090 2947 1195 2986 non
1237 2929 1471 3003 offendit
1524 2932 1588 2985 in
1643 2931 1822 2998 verbo,

169 3023 253 3077 hic
281 3023 557 3094 perfectus
585 3029 662 3077 est
695 3022 778 3076 vir
809 3021 944 3093 (Jac.
995 3037 1076 3087 In,
1109 3023 1186 3090 2).
1220 3024 1339 3075 Hac
1379 3021 1582 3075 eadem
1641 3020 1709 3075 de
1766 3037 1827 3076 re

170 3112 343 3168 latius
373 3113 674 3168 disserens
705 3110 851 3166 libro
883 3127 938 3164 1v
969 3109 1423 3182 Prmloquiorum
1457 3111 1630 3181 (num.
1685 3111 1720 3164 5
1775 3118 1826 3165 et

1950 526 2065 578 tem
2094 524 2409 595 quamdam
2423 523 2813 579 descendisse.
2834 522 3029 596 Neque
3045 526 3271 578 moveat
3297 521 3607 596 Liutpran-

1951 613 2186 684 dus,qui
2207 615 2346 668 dum
2369 613 2712 669 Ratherium
2733 629 2894 685 aeque
2917 631 2982 668 ac
3013 613 3288 670 Milonem
3330 612 3607 669 comitem

1951 702 2283 758 rebellionis
2302 703 2625 776 principem
2640 702 3221 775 prodidit,vulgatam
3238 700 3457 759 famam
3469 718 3608 759 secu

1947 795 2044 846 tus
2067 795 2358 865 est,quam
2381 792 2559 848 invidi
2583 793 3081 866 sparserunt.Haac
3103 791 3341 864 quidem
3361 791 3534 866 culpa
3554 789 3605 848 si

1949 885 2107 936 certa
2121 881 2348 950 fuisset,
2384 881 2582 938 statim
2606 885 2736 954 post
2751 880 2969 954 Ugonis
3002 880 3302 938 victoriam
3321 885 3527 955 captus
3549 883 3608 937 et

1947 968 2007 1024 in
2035 987 2325 1026 carcerem
2361 971 2565 1027 fuisset
2597 972 2906 1027 deductus.
2939 971 3100 1026 Tunc
3125 989 3282 1041 vero,
3313 973 3492 1028 omnis
3541 975 3606 1027 ut

1947 1068 2064 1115 erat
2093 1061 2256 1131 culpa
2286 1062 2543 1132 (Prmlop.
2579 1059 2618 1114 1.
2652 1078 2734 1128 ιιι,
2772 1077 2828 1114 n.
2863 1061 2973 1133 27),
3009 1059 3202 1118 nonin
3237 1060 3600 1133 episcopum,

1948 1149 2050 1205 sed
2081 1149 2140 1204 in
2163 1148 2384 1205 clerum
2415 1153 2472 1205 et
2503 1149 2821 1222 prazcipuos
2853 1149 3104 1205 civitatis
3123 1150 3340 1220 rejecta
3367 1154 3458 1206 est
3477 1167 3602 1219 ;nec

1945 1241 2067 1294 tota
2096 1239 2268 1295 ruina
2296 1238 2355 1293 in
2380 1237 2637 1294 Ratherii
2662 1242 2839 1311 caput
2859 1237 3094 1308 decidit,
3117 1237 3230 1294 nisi
3262 1242 3398 1311 post
3416 1239 3600 1313 scrip-

1946 1331 2066 1383 tam
2099 1328 2417 1399 quamdam
2440 1325 2946 1399 epi-stolam,cujus
2971 1326 3093 1398 ipse
3115 1330 3315 1383 auctor
3335 1331 3392 1384 et
3416 1328 3598 1384 totius

1947 1415 2272 1473 moliminis
2303 1417 2564 1472 incentor
2594 1412 2896 1472 traductus
2929 1413 3054 1470 fuit.

2017 1508 2106 1560 20.
2131 1506 2248 1561 Hoc
2272 1505 2498 1578 insigne
2528 1506 2768 1573 factum,
2794 1522 2862 1562 ex
2877 1521 2992 1578 quo
3011 1502 3315 1562 calamitas
3337 1505 3596 1562 Ratherii

1945 1600 2259 1651 consecuta
2289 1599 2398 1662 est,
2433 1611 2502 1650 ex
2530 1594 2716 1667 ipsius
2747 1595 3044 1668 operibus,
3077 1593 3136 1649 in
3169 1594 3386 1666 quibus
3405 1593 3592 1668 plura,

1943 1688 2125 1752 tamet
2144 1685 2192 1740 si
2216 1683 2516 1756 aliquanto
2535 1683 2964 1751 obscurius,hic
2981 1683 3098 1740 illic
3112 1683 3363 1757 sparsim
3382 1683 3598 1757 attigit,

1943 1790 2145 1830 eruere
2167 1791 2232 1828 ac
2261 1773 2319 1828 in
2354 1773 2690 1829 historicam
2715 1773 2925 1830 seriem
2947 1773 3208 1846 digerere
3227 1772 3593 1830 conabimur.

1940 1864 2326 1920 Statuendum
2359 1863 2630 1936 inprimis
2687 1866 2778 1918 est
2832 1861 3250 1935 tempus,quod
3302 1861 3361 1918 in
3420 1863 3595 1918 rebus

1940 1951 2236 2009 historicis
2267 1953 2518 2009 mavime
2548 1951 2882 2024 requiritur.
2903 1950 3121 2025 Ugonis
3136 1948 3438 2008 victoriam
3461 1968 3594 2007 con-

1940 2046 2030 2097 tra
2059 2031 2380 2096 Arnoldum
2412 2041 2766 2113 afﬁgendam
2797 2058 2950 2096 anno
2993 2041 3100 2098 935
3157 2039 3424 2097 dubitare
3474 2057 3590 2097 non

1940 2130 2079 2186 sinit
2109 2131 2587 2203 chronographus
2618 2130 3100 2204 Salisburgensis,
3128 2146 3304 2202 quem
3335 2131 3396 2186 P.
3419 2129 3593 2186 Ansi-

1936 2219 2060 2276 aius
2077 2219 2296 2276 laudat.
2323 2218 2618 2276 Udalberti
2639 2219 2794 2275 enim
2814 2218 3280 2293 Salisburgensis
3303 2218 3590 2291 archiepi-

1936 2310 2119 2382 scopi,
2153 2310 2250 2381 qui
2282 2309 2600 2364 Arnoldum
2626 2307 2899 2380 Bajoariae
2922 2309 3131 2365 ducem
3155 2307 3214 2362 in
3236 2306 3438 2365 Italica
3458 2324 3589 2364 con-

1936 2405 2027 2454 tra
2057 2399 2314 2471 Ugonem
2370 2399 2733 2471 expeditione
2782 2401 3022 2454 secutus
3068 2398 3274 2464 fuerat,
3337 2401 3587 2455 mortem

1936 2489 2124 2544 eidem
2154 2506 2306 2545 anno
2328 2488 2531 2544 tribuit
2561 2488 2856 2543 scribens:
2889 2489 3000 2558 Qui
3026 2487 3388 2543 (leiuvasione
3409 2485 3588 2543 Italiae

1937 2577 2148 2633 rediens
2179 2578 2330 2632 obiit.
2367 2578 2422 2632 Si
2457 2593 2610 2632 anno
2641 2578 2746 2631 935
2775 2575 2917 2631 obiit
2946 2573 3313 2643 Udalbertus,
3341 2573 3441 2647 qui
3479 2577 3587 2630 Ar-

1937 2666 2096 2723 noldi
2129 2665 2422 2731 militiam,
2459 2667 2540 2720 uti
2574 2665 2819 2734 solebat,
2878 2666 3134 2732 secutus,
3192 2679 3327 2718 cum
3380 2663 3584 2720 eodem

1936 2756 2137 2828 utique
2168 2756 2231 2812 de
2254 2757 2533 2811 inuasione
2559 2756 2737 2811 Italiae
2760 2753 2940 2822 rediit,
3001 2753 3061 2810 in
3119 2753 3389 2808 eumdem
3451 2769 3584 2825 pro-

1935 2845 2081 2901 fecto
2115 2851 2262 2917 (xcv)
2289 2862 2508 2901 annum
2543 2843 2760 2916 Ugonis
2778 2841 3017 2900 victoria
3040 2840 3315 2898 incidisse
3339 2840 3585 2898 dicenda

1933 2941 2040 2991 est.
2057 2935 2396 2990 ltalherium
2413 2951 2545 2990 vero
2569 2935 2641 2989 ab
2665 2933 2861 3007 Ugone
2882 2933 3095 2989 victore
3117 2934 3354 3004 captum
3378 2946 3582 2986 mense

1936 3025 2248 3080 Februario
2277 3024 2462 3096 liquet
2508 3041 2576 3079 ex
2608 3023 2754 3079 libro
2807 3022 3062 3078 secundo
3121 3019 3580 3092 Przeloquiorum

1933 3131 2096 3170 num.
2127 3116 2216 3182 24,
2235 3114 2331 3169 ubi
2349 3113 2662 3184 septimum
2680 3111 3027 3176 mensem,id
3049 3115 3138 3166 est
3155 3099 3578 3181 Septembrem,

167 3204 237 3269 7),
263 3219 443 3272 quem
485 3202 544 3255 in
579 3199 848 3272 Papiensi
889 3216 1116 3255 carcere
1146 3197 1816 3272 scripsit,rebellionem,
1851 3183 1893 3251 C
1931 3210 2176 3257 octavum
2204 3205 2368 3256 vocat
2399 3183 2465 3254 ab
2497 3200 2678 3270 hujus,
2711 3214 2836 3271 quae
2858 3215 2944 3254 me
2971 3198 3247 3270 deprimtt,
3282 3197 3390 3253 imo
3444 3213 3580 3251 cru-

168 3293 330 3362 cujus
359 3291 482 3362 ipse
496 3289 1067 3354 auctortradebatur,
1085 3289 1260 3343 meris
1277 3287 1606 3343 invidorum
1623 3287 1814 3343 calvil-

165 3379 480 3435 lationibus
509 3378 952 3434 disseminatam
985 3377 1197 3444 innuit,
1233 3377 1400 3450 eique
1433 3377 1812 3433 fundamento

166 3469 444 3534 innixam,
481 3491 507 3518 α
531 3467 674 3540 quia
703 3483 836 3521 cum
870 3466 1362 3534 malefactoribus,
1399 3489 1426 3515 »
1469 3466 1814 3538 inquiebant

165 3560 362 3614 num.7
393 3557 475 3628 (id
508 3560 616 3625 est,
651 3571 786 3611 cum
816 3555 1247 3612 Veronensibus
1277 3555 1814 3612 rebellionisaucto-

164 3649 342 3720 ribus)
373 3669 400 3698 α
434 3649 832 3711 conversatus,
874 3650 932 3700 et
983 3645 1124 3700 dum
1183 3649 1486 3716 caperetur
1544 3645 1810 3700 inventus

163 3742 280 3794 est:
321 3760 349 3787 ››
377 3737 620 3810 perinde
652 3752 720 3791 ac
750 3735 797 3790 si
830 3734 1235 3806 episcopus,ut
1264 3751 1498 3790 omnem
1533 3734 1814 3806 suspicio-

161 3843 287 3882 nem
317 3825 622 3890 eximeret,
655 3823 922 3880 debuerit
951 3823 1105 3879 exire
1135 3840 1204 3879 ex
1233 3824 1398 3891 urbe,
1431 3828 1488 3878 et
1518 3825 1588 3878 ad
1616 3841 1810 3897 regem

162 3915 554 3986 proficiscens,
591 3913 743 3970 filios
774 3912 1097 3986 proditores
1131 3913 1372 3969 deferre.
1419 3913 1578 3969 Hanc
1639 3930 1810 3969 suam

163 4022 287 4060 cum
320 4003 640 4060 rebellibus
669 4003 843 4075 [xuv]
877 4018 1103 4058 moram
1135 4003 1289 4058 bona
1317 4001 1638 4058 intentione
1672 4020 1808 4074 pur-

164 4099 254 4165 gat
281 4092 548 4150 Jeremiae
579 4091 862 4164 exemplo,
901 4114 928 4142 «
959 4091 1059 4163 qui
1092 4107 1195 4162 per
1224 4090 1812 4156 charitatem,utdicit

167 4184 220 4238 Β.
251 4182 586 4255 Gregorius,
621 4183 764 4237 dum
797 4181 949 4238 cives
985 4181 1056 4236 ab
1105 4181 1374 4253 ingressu
1407 4181 1633 4254 Egypti
1695 4199 1810 4237 non

167 4271 346 4344 potuit
363 4272 662 4339 cohibere,
684 4270 910 4327 studuit
930 4269 1069 4326 illuc
1091 4286 1225 4326 cum
1242 4270 1327 4325 eis
1349 4275 1405 4326 et
1426 4270 1549 4342 ipse
1571 4271 1810 4326 descen-

169 4363 316 4420 dere.
349 4386 378 4414 n
413 4363 483 4418 Et
510 4365 645 4434 post
673 4360 993 4417 nonnulla:
1031 4384 1057 4410 «
1091 4360 1343 4416 Cunctos
1376 4377 1446 4417 ne
1476 4376 1611 4432 ergo
1649 4360 1810 4432 judi-

169 4469 257 4508 cas
291 4453 692 4525 deponendos,
728 4451 829 4532 qui
862 4449 1104 4506 rebelles
1130 4450 1366 4522 regibus
1395 4449 1547 4506 cives
1578 4453 1634 4506 et
1658 4450 1811 4506 ﬁlios

1920 3291 2004 3346 dii
2030 3291 2364 3346 calamitatis
2389 3291 2710 3344 accessione.
2743 3287 3165 3360 Captivitatem,
3195 3303 3311 3358 qua
3349 3301 3574 3358 preme-

1923 3381 2094 3435 batur
2123 3379 2413 3451 intelligit,
2454 3383 2588 3450 post
2631 3393 2808 3450 quam
2860 3375 2910 3432 si
2966 3376 3303 3448 September
3351 3374 3575 3430 mensis

1922 3473 2046 3525 erat
2074 3477 2308 3536 octavus,
2342 3485 2409 3523 ea
2439 3467 2782 3540 prazcedenti
2815 3464 3129 3522 Februario
3179 3464 3571 3521 inchoaverat.

1921 3559 2131 3614 Confer
2159 3558 2377 3614 ibidem
2410 3562 2597 3614 notas.
2631 3556 2793 3612 Diem
2816 3571 3047 3628 quoque
3065 3555 3329 3626 ejusdem
3353 3552 3576 3610 mensis

1920 3648 2154 3703 tertiam
2187 3663 2256 3702 ex
2286 3646 2433 3702 libro
2476 3644 2935 3717 Przeloquiorum
2986 3642 3188 3717 quinto
3244 3641 3576 3716 colligimus

1921 3755 2085 3792 num.
2122 3739 2207 3792 l2.
2240 3736 2311 3792 Se
2343 3735 2499 3791 enim
2531 3753 2596 3791 eo
2627 3738 2898 3803 tractatu,
2924 3734 3094 3805 cujus
3115 3749 3293 3788 causa
3313 3731 3577 3805 captivus

1921 3829 2132 3882 ductus
2165 3827 2294 3893 fuit,
2321 3826 2629 3898 deceptum
2643 3821 3183 3896 testaturpostridie
3211 3823 3338 3894 ejus
3358 3821 3486 3877 festi
3509 3817 3575 3878 B.

1921 3916 2134 3984 Mariae,
2161 3933 2276 3988 quo
2300 3916 2409 3972 sibi
2430 3916 2580 3971 inter
2593 3913 2909 3970 missarum
2928 3911 3213 3970 solemnia
3234 3910 3393 3984 pacis
3414 3927 3582 3966 oscuo

1919 4007 2043 4062 lum
2076 4007 2279 4062 datum
2310 4005 2513 4060 fuerat.
2549 4001 2982 4060 Puriﬁcationis
3012 4002 3074 4058 B.
3109 4000 3303 4058 Mariae
3357 3999 3577 4056 festivi-

1918 4101 2163 4168 tas,quaa
2187 4095 2311 4150 sola
2332 4095 2388 4149 in
2411 4093 2791 4150 Februarium
2814 4109 3076 4149 mensem
3095 4089 3269 4157 cadit,
3285 4089 3572 4145 innuitur.

1922 4185 2201 4242 Postridie
2232 4185 2412 4257 igitur
2440 4185 2570 4254 ejus
2596 4181 2746 4248 festi,
2780 4182 2836 4236 id
2869 4186 2978 4248 est,
3006 4180 3100 4235 die
3133 4179 3307 4234 tertia
3352 4175 3574 4234 mensis

1923 4275 2238 4342 Februarii,
2274 4274 2436 4340 anni,
2470 4277 2532 4328 ut
2564 4271 2962 4344 probavimus,
2994 4268 3120 4337 935,
3147 4267 3246 4324 ille
3288 4269 3573 4324 tractatus

1921 4370 2010 4420 est
2025 4364 2410 4435 habitus,quo
2429 4355 3573 4433 ipsedeceptusincaptivitatemincurrit.

1989 4454 2148 4508 2l.ld
2170 4457 2365 4508 autem
2387 4453 2676 4524 quatenus
2697 4448 3150 4514 acciderit,nunc
3163 4443 3575 4520 explicandum

167 4558 286 4599 esse
316 4542 588 4608 scientes,
623 4558 738 4597 non
769 4557 867 4597 eos
900 4544 963 4596 ut
995 4539 1343 4612 punirentur
1384 4539 1767 4612 prodiderunt
1795 4559 1808 4608 ;
1843 4561 1891 4626 Β
1924 4548 2028 4599 est.
2065 4548 2184 4598 Duo
2215 4540 2591 4616 potissimum
2622 4542 2815 4596 textus
2840 4537 2976 4593 huic
3007 4535 3088 4593 rei
3105 4535 3295 4592 lucem
3310 4536 3572 4592 afferent:

168 4631 261 4687 sed
291 4635 499 4688 contra
526 4632 743 4687 missas
775 4629 858 4686 eis
889 4630 1170 4695 fecerunt,
1201 4627 1351 4684 filios
1391 4645 1593 4685 eorum
1623 4629 1814 4700 bapti-

167 4725 458 4789 zaverunt,
489 4721 968 4794 przedicaverunt,
997 4717 1481 4786 chrismaverunt,
1528 4717 1813 4790 poeniten-

165 4812 299 4866 tiam
333 4809 730 4877 indulserunt,
767 4807 1328 4865 reconciliaverunt?
1361 4830 1389 4857 »
1423 4807 1682 4863 Tandem
1723 4825 1811 4864 ce-

165 4918 488 4973 sponsurus
510 4899 922 4972 objicientibus
940 4897 1260 4954 Arnoldum
1285 4915 1318 4953 a
1339 4913 1400 4953 se
1417 4897 1611 4969 palam
1635 4898 1815 4954 fuisse

166 4996 520 5064 susceptum,
555 4989 836 5062 exemplis
885 4991 1223 5045 sanctorum
1282 4987 1528 5043 suadere
1582 4987 1813 5057 nititur,

167 5080 514 5152 quandoque
538 5078 713 5135 licere
741 5077 800 5132 in
832 5077 1036 5133 urbem
1077 5076 1276 5132 hostes
1306 5081 1363 5132 et
1392 5075 1690 5132 invasores
1720 5094 1813 5134 re-

166 5169 369 5241 cipere.
405 5169 558 5224 Dum
590 5183 724 5224 vero
756 5167 816 5222 in
847 5165 1240 5222 Confessionis
1271 5164 1440 5233 libro,
1474 5183 1637 5221 num.
1676 5169 1730 5238 2,
1755 5183 1818 5224 se

168 5257 344 5315 multa
373 5258 496 5332 pati
523 5257 729 5314 scribit
751 5273 852 5328 pro
882 5257 1136 5328 abjurata
1168 5257 1339 5326 Ugom’
1372 5255 1496 5326 ﬁde,
1557 5255 1816 5328 aliquam

168 5365 322 5405 suam
355 5349 416 5404 in
447 5346 765 5405 rebellione
794 5346 1024 5418 culpam
1057 5345 1270 5401 iterum
1302 5344 1542 5402 faterur.
1591 5347 1725 5410 Qua:
1752 5352 1817 5402 ut

168 5438 543 5495 concilientur
571 5453 708 5492 cum
740 5433 1221 5508 praecedentibus,
1254 5433 1402 5490 illud
1416 5434 1819 5492 dicendumvi-

167 5527 324 5586 detur
356 5526 709 5585 Ratherium
732 5542 848 5582 non
871 5524 1052 5580 fuisse
1074 5523 1310 5597 quidem
1335 5523 1668 5581 rebellionis
1685 5543 1819 5582 auc-

165 5620 359 5690 torem,
395 5618 501 5675 sed
519 5612 836 5674 rebellione
845 5613 973 5686 jam
995 5613 1246 5671 conflata
1270 5613 1330 5670 in
1354 5614 1661 5672 rebellium
1682 5633 1815 5692 par-

477 5744 748 5810 PATROL.
791 5740 1122 5808 CXXXVI.

1929 4632 2072 4688 alter
2101 4649 2169 4688 ex
2198 4629 2446 4705 epistola
2459 4631 2528 4686 ad
2546 4629 2851 4698 Ursonem,
2867 4627 3088 4684 inserta
3109 4626 3167 4682 in
3189 4625 3410 4682 librum
3431 4625 3578 4680 Prae-

1921 4722 2250 4795 loquiorum
2277 4720 2515 4776 tertium
2547 4737 2710 4775 num.
2743 4720 2813 4773 27
2851 4736 2864 4786 ;
2900 4716 3045 4774 alter
3075 4732 3143 4772 ex
3170 4715 3321 4772 libro
3372 4713 3577 4788 quinto

1923 4812 2340 4868 num.11.Recu
2351 4813 2550 4882 perata
2569 4809 2796 4866 Verona
2813 4804 3206 4880 abUgone,die
3225 4801 3580 4861 festoPurifi—

1922 4901 2167 4957 cationis
2199 4899 2456 4956 solemne
2487 4915 2718 4955 sacrum
2743 4896 3099 4953 celebratum
3140 4895 3268 4950 fuit.
3293 4899 3450 4951 Inter
3468 4893 3578 4950 hoc

1923 4990 2184 5062 quidam,
2207 4994 2268 5044 ut
2286 4989 2532 5057 videtur,
2553 4987 2810 5061 episcopi
2831 4986 2992 5059 pacis
3014 4984 3284 5042 osculum
3303 4981 3578 5039 Ratherio

1923 5081 2234 5148 dederunt,
2265 5102 2294 5130 «
2330 5082 2602 5152 putantes
2633 5095 2770 5134 eum
2800 5093 2914 5133 non
2930 5076 3071 5149 quia
3087 5071 3580 5148 peccatorem,sed

1926 5170 2065 5243 quia
2093 5171 2403 5242 deceptum
2435 5169 2801 5224 damnatum.
2836 5188 2864 5218 »
2899 5164 3010 5221 Alii
3041 5181 3172 5220 vero
3211 5161 3428 5235 placere
3457 5157 3582 5232 regi

1927 5261 2171 5316 forsitan
2203 5257 2473 5332 praesenti
2503 5258 2823 5323 ambientes,
2858 5255 2987 5310 illos
3011 5251 3287 5326 quipacis
3310 5248 3582 5307 osculum

1925 5350 2207 5406 dederant
2235 5347 2602 5405 severissime
2621 5345 3138 5420 reprehenderunt.
3169 5358 3233 5396 ac
3265 5337 3316 5398 si
3340 5357 3475 5397 reus
3496 5356 3584 5397 es-

1929 5443 2017 5496 set
2037 5438 2389 5495 manifestus
2409 5441 2466 5493 et
2488 5437 2649 5510 pacis
2671 5433 2870 5491 osculo
2887 5430 3325 5505 indignus.Hmc
3345 5447 3414 5487 ex
3435 5429 3583 5486 libro

1925 5529 2149 5602 quinto,
2184 5545 2347 5584 num.
2383 5529 2470 5593 12,
2496 5523 2594 5581 ubi
2609 5521 2960 5580 consultatio
2975 5524 3149 5594 atque
3166 5523 3454 5577 tractatus
3467 5535 3588 5576 era-

1923 5621 2071 5677 stina
2095 5619 2184 5678 die
2214 5617 2452 5675 habitus
2482 5609 3124 5691 additur,quiRat_herio
3155 5610 3398 5668 exitium
3421 5612 3582 5665 attu-
