4070 6400
457 324 537 383 43

1421 315 1875 380 RATHEBIUS
1921 313 2417 379 VERONENSIS
2462 318 2917 384 EPISCOPUS.

3803 307 3892 369 44

459 450 549 510 lit.
581 451 685 509 Hic
715 455 1023 521 tractatus,
1057 451 1357 508 lucescente
1385 449 1473 507 die
1514 451 1804 522 peractus,
1836 445 1897 502 in
1928 444 2115 519 episto
2141 447 2197 515 Α
2228 465 2341 520 res,
2364 451 2615 508 maxime
2644 451 2694 508 si
2727 455 2827 508 aut
2855 454 2968 507 tua:
2999 416 3256 504 ecclesias
3316 443 3535 501 fuerint
3591 441 3717 509 filii,
3781 443 3893 497 aut

461 543 521 621 la
550 544 624 599 ad
654 541 937 599 Ursonem
966 540 1322 597 Veronensis
1347 538 1602 596 ecclesia:
1633 536 1907 593 clericum
1925 535 2117 592 fusius

462 632 790 706 exponitur.
823 630 1123 687 Tractatui
1155 646 1392 687 causam
1423 628 1584 685 dedit
1605 627 1663 682 id
1697 626 1851 699 quod
1902 624 2112 698 pridie,

463 738 568 780 seu
598 721 726 795 ipso
748 718 1176 777 Puriﬁcationis
1192 720 1303 787 die,
1323 718 1621 790 aliquanto
1644 720 1776 790 post
1797 714 2113 771 missarum

463 810 752 868 solemnia
779 809 1085 867 acciderat.
1119 809 1391 873 Quaedam
1408 807 1565 863 enim
1582 822 1721 880 gens
1737 805 1926 877 eﬁ'era,
1954 807 2007 860 et
2020 818 2114 859 no-

465 903 548 958 bis
579 899 812 974 [melius
835 899 1004 970 vobis]
1036 898 1289 966 barbara,
1321 897 1379 951 id
1407 901 1496 953 est
1523 913 1641 952 non
1656 893 1841 951 Italici
1859 892 2110 967 generis,

462 1008 592 1063 quae
623 990 684 1046 in
713 988 931 1062 Ugonis
959 986 1212 1044 exercitu
1243 985 1554 1053 militabat,
1584 987 1717 1058 post
1745 982 1999 1039 devictas
2056 984 2115 1037 et

457 1079 520 1136 in
532 1079 857 1151 Bajoariam
873 1076 1074 1149 pulsas
1087 1075 1327 1132 Arnoldi
1344 1074 1543 1147 copias
1556 1073 1844 1129 Veronam
1862 1088 2113 1141 reversa,

460 1184 595 1226 cum
624 1183 840 1225 omnem
867 1165 1202 1222 rebellionis
1229 1169 1292 1221 ut
1315 1172 1434 1221 erat
1460 1164 1680 1236 culpam
1709 1163 1770 1218 in
1815 1166 2111 1218 Veronen-

459 1258 540 1314 sis
565 1254 817 1313 ecclesiaa
850 1253 1351 1321 archidiaconum,
1382 1256 1439 1309 et
1468 1254 1525 1309 in
1558 1253 1842 1325 quosdam
1864 1251 2111 1307 honora-

452 1345 629 1402 tiores
654 1343 1041 1412 Veronenses,
1077 1342 1329 1399 maxime
1357 1359 1489 1398 vero
1516 1341 1576 1396 in
1607 1340 1828 1396 clerum
1878 1339 2107 1397 univer-

456 1452 590 1491 sum
608 1434 783 1505 [XLVI]
805 1431 1102 1489 retulisset
1127 1451 1185 1500 ;‹‹
1205 1448 1439 1487 omnem
1459 1430 1698 1487 domum
1721 1428 1819 1484 Dei
1842 1428 2105 1502 praedari,

456 1539 662 1580 omnes
693 1522 947 1594 majores
976 1521 1224 1577 civitatis
1254 1524 1353 1575 aut
1379 1520 1908 1587 exmembrare,aut
1936 1518 2110 1591 capti-

455 1616 557 1667 ims
589 1612 836 1680 ducere;
868 1608 1065 1683 ipsum
1090 1626 1222 1667 vero
1246 1610 1373 1680 jam
1406 1610 1622 1664 factum
1657 1630 1684 1659 ››
1726 1608 2105 1681 (archidiaco-

459 1702 624 1771 num)
657 1705 714 1756 et
742 1699 872 1757 illos
903 1699 1002 1773 qui
1033 1704 1233 1773 postea
1264 1697 1554 1771 principes
1586 1695 2109 1770 fueruntproditio-

2226 541 2391 609 forte,
2425 541 2582 613 quod
2615 541 2788 609 absit,
2822 539 3087 612 ejusdem
3118 537 3289 607 cujus
3319 550 3381 589 es
3413 530 3609 588 officii.
3637 553 3665 581 »
3701 531 3890 586 Porro

2225 629 2381 687 hunc
2402 646 2705 687 summum
2728 629 3059 701 etejusdem
3076 624 3252 683 ofﬁcii
3268 623 3458 680 virum
3473 618 3894 677 fuisseHildui-

2224 736 2367 776 num
2398 719 2892 776 Mediolanensem
2925 715 3447 789 archiepiscopum,
3472 712 3530 766 in
3555 727 3670 783 quo
3694 713 3889 766 totam

2224 825 2363 865 sane
2384 809 2663 866 ﬁduciam
2692 809 2906 865 habere
2937 806 3185 863 debebat
3242 801 3573 867 Ratherius,
3611 817 3681 856 ex
3726 799 3887 855 libro

2223 898 2682 972 Praeloquiorum
2712 898 2902 971 primo
2944 894 3215 968 colligere
3257 892 3410 949 licet.
3470 891 3551 946 De
3599 888 3886 944 Hilduino

2221 989 2398 1058 enim,
2433 987 3160 1060 ut,credimus,suppresso
3180 980 3316 1038 licet
3331 979 3566 1036 nomine
3587 977 3882 1046 scribens,

2221 1093 2397 1149 quem
2427 1094 2458 1134 e
2478 1077 2670 1151 Belgio
2702 1076 2761 1132 in
2787 1074 3013 1132 Italiam
3057 1076 3294 1129 secutus
3343 1071 3551 1136 fuerat,
3598 1067 3883 1123 eumdem

2220 1171 2516 1224 auctorem
2535 1167 2765 1239 praefert
2779 1163 3086 1222 sicutolim
3108 1179 3225 1219 suae
3247 1156 3632 1233 promotionis
3654 1156 3727 1211 ad
3749 1154 3884 1228 epi-

2219 1257 2632 1330 scopatum,ita
2643 1272 2799 1311 nunc
2819 1271 3021 1311 eorum
3043 1248 3469 1318 malorum,«ad
3491 1264 3618 1319 quis
3631 1247 3760 1317 jam
3779 1245 3884 1300 de-

2218 1350 2421 1419 ceptus
2449 1345 2539 1402 sui
2572 1362 2753 1402 causa
2775 1342 3008 1400 decidit.
3026 1340 3430 1398 Reminiscens
3442 1352 3697 1409 namque
3715 1333 3879 1407 quod

2218 1435 2484 1502 contutit,
2519 1434 2882 1490 obliviscitur
2906 1448 3032 1503 qua:
3064 1428 3344 1487 abstulit:
3378 1426 3630 1482 recitans
3647 1424 3720 1481 ad
3736 1439 3878 1507 qua:

2219 1524 2386 1579 illum
2418 1525 2639 1592 extulit,
2672 1528 2824 1578 tacet
2854 1541 2887 1579 a
2909 1521 3124 1593 quibus
3155 1517 3400 1590 dejecit;
3436 1521 3633 1572 tacens
3690 1514 3878 1569 decus

2220 1613 2407 1685 ipsius
2438 1612 2778 1679 nobilitalis,
2808 1616 3004 1666 notam
3036 1627 3212 1682 quam
3244 1607 3369 1679 ipse
3415 1604 3632 1673 intulit,
3695 1603 3878 1658 refert

2218 1703 2596 1775 paupertatis.
2622 1725 2650 1753 »
2674 1701 2818 1757 Vide
2838 1700 3055 1755 ibidem
3081 1703 3269 1754 notas.
3285 1697 3472 1767 Hujus
3489 1710 3624 1766 ergo
3641 1692 3874 1766 episco-

458 1790 552 1846 nis
582 1790 863 1857 Ratherii,
896 1790 1059 1846 furca
1091 1788 1439 1844 moliebatur
1468 1787 1814 1859 appendere.
1850 1786 1995 1842 Hinc
2047 1787 2106 1842 in
2137 1822 2185 1887 B
2218 1792 2395 1865 pi,cui
2428 1792 2680 1848 maxime
2710 1791 2929 1847 ﬁdebat
2960 1784 3539 1855 Rathcrius,consilio
3555 1783 3876 1882 obsecuta:

458 1878 607 1935 libro
637 1878 1030 1936 Confessionis
1059 1893 1223 1934 num.
1254 1882 1308 1944 2,
1342 1899 1370 1928 «
1404 1876 1737 1943 homicidia,
1761 1875 2106 1933 exoculatio-

458 1982 581 2035 nes,
616 1965 1167 2033 exmembrationes,
1187 1965 1434 2037 praedas,
1457 1964 1748 2030 incendia,
1770 1964 2101 2020 vastitatem

456 2070 522 2111 ac
553 2055 1084 2128 depopulationem,
1117 2070 1244 2127 quae
1274 2071 1376 2127 pro
1408 2054 1675 2125 abjurata
1703 2052 1888 2125 Ugoni
1928 2054 2040 2109 ﬁde
2072 2076 2099 2104 ››

455 2144 844 2218 contigerunt,
877 2144 1069 2200 deﬂet.
1103 2144 1316 2200 Eadem
1350 2160 1520 2216 porro
1550 2158 1695 2216 gens
1738 2159 1921 2198 unum
1981 2142 2102 2215 epi-

452 2248 720 2306 scopum,
751 2232 885 2289 licet
914 2250 1046 2290 cum
1063 2231 1377 2289 rebellibus
1395 2232 1717 2299 inventum,
1745 2232 2104 2288 «reservavit

451 2326 688 2395 propter
704 2322 1482 2396 consanguinitatem,quam
1497 2338 1629 2377 cum
1646 2320 2103 2393 illorum,inquit

451 2411 711 2484 (Prwloq.
745 2411 784 2467 l.
818 2412 925 2481 III),
955 2411 1245 2467 habebam
1278 2411 1653 2483 primoribus,
1710 2410 1976 2483 ipsoque,
2035 2413 2101 2466 ut

451 2499 700 2567 dicebat,
732 2498 995 2573 principe
1025 2499 1243 2573 Ugone.
1280 2521 1307 2549 »
1326 2499 1961 2572 Consanguinitascum
1980 2498 2098 2572 pri-

453 2588 717 2645 moribus
747 2590 876 2661 ejus
903 2588 1097 2662 gentis
1116 2588 1381 2645 adsolute
1397 2587 1491 2644 afﬁ
1501 2589 1892 2660 rmatur,quia
1907 2588 2101 2660 reipsa

453 2692 589 2733 cum
615 2677 760 2749 ipsis
789 2677 1072 2751 sanguine
1088 2682 1210 2735 erat
1225 2679 1594 2750 conjunctus.
1614 2676 2098 2750 Consanguinita-

450 2769 571 2823 tem
596 2783 730 2825 vero
761 2784 895 2823 cum
926 2783 1059 2841 rege
1110 2767 1171 2823 in
1229 2767 1355 2823 sola
1401 2766 1673 2840 opinione
1729 2767 1858 2838 ejus
1909 2766 2098 2838 gentis

451 2855 628 2912 sitam
654 2858 970 2930 praeferunt
995 2856 1115 2926 illa,
1148 2864 1211 2913 ut
1233 2857 1447 2914 diccbat
1476 2899 1489 2912 .
1508 2857 1638 2913 Haec
1667 2872 1800 2913 vero
1820 2855 2014 2928 opinio
2031 2873 2099 2913 ea

450 2943 599 3002 forte
629 2946 701 3002 de
729 2963 907 3004 causa
934 2945 1018 3001 illi
1047 2946 1206 3020 genti
1238 2947 1569 3019 irrepserat,
1602 2944 1741 3018 quia
1762 2962 1896 3001 cum
1922 2945 2098 3001 sciret

446 3050 581 3090 eum
612 3035 887 3091 Hilduino
918 3035 1215 3105 intimum,
1246 3036 1424 3091 etiam
1456 3034 2093 3108 consanguineumcre-

444 3122 629 3194 didit;
663 3124 979 3181 Hilduinus
1010 3128 1205 3181 autem
1237 3140 1371 3180 cum
1407 3123 1606 3197 Ugone
1635 3123 1920 3180 afﬁnitate
1949 3124 2091 3195 jun-

2217 1899 2337 1948 rus,
2371 1882 2442 1937 ab
2473 1882 2676 1937 eodem
2708 1880 2873 1953 petiit
2903 1885 2965 1935 ut
2996 1879 3066 1934 ad
3102 1896 3163 1934 se
3193 1876 3564 1931 mitterentur
3599 1870 3872 1944 primarii

2215 1971 2483 2027 civitatis.
2516 1972 2717 2043 Itaque
2748 1987 2882 2026 cum
2913 1969 3006 2024 his
3035 1972 3093 2023 ct
3122 1983 3255 2022 cum
3281 1962 3579 2021 nonnullis
3610 1962 3871 2019 externis

2216 2081 2244 2110 «
2269 2060 2599 2116 lucescente
2630 2060 2722 2117 die
2754 2082 2781 2110 ››
2815 2057 3124 2115 consilium
3157 2054 3421 2111 habitum
3449 2072 3462 2122 ;
3488 2069 3553 2108 ac
3584 2052 3642 2107 in
3675 2068 3742 2108 eo
3764 2051 3870 2106 de-

2212 2154 2433 2205 cretum
2469 2150 2595 2215 fuit,
2628 2152 2696 2205 ut
2726 2148 3078 2205 scriberetur
3109 2145 3377 2218 quaedam
3409 2140 3869 2215 epistola,quam

2213 2238 2260 2294 sl
2292 2238 2737 2295 archidiaconus
2770 2260 2797 2287 ‹‹
2827 2237 3063 2292 auderet
3078 2234 3327 2299 mittere,
3346 2231 3515 2303 quasi
3534 2229 3759 2286 inscius
3781 2229 3871 2284 di-

2212 2327 2540 2382 mitteretur
2564 2326 2829 2382 criminis
2857 2325 2975 2393 ;sin
2997 2324 3162 2391 alias,
3183 2318 3534 2379 sententiam
3551 2318 3705 2374 illico
3720 2318 3867 2374 sub-

2209 2415 2321 2472 iret
2349 2415 2556 2488 capitis
2587 2416 2844 2487 (Praeloq.
2872 2414 2913 2470 l.
2947 2431 3029 2480 111,
3081 2431 3140 2468 ιι.
3201 2411 3335 2484 27);
3398 2432 3426 2461 »
3482 2414 3539 2466 et
3592 2406 3871 2464 similiter

2208 2503 2307 2560 alii
2337 2522 2405 2560 ea
2433 2504 2678 2577 epistola
2702 2504 2920 2576 scripta
2945 2520 3117 2559 omne
3135 2499 3460 2574 periculum
3475 2497 3865 2555 declinarent.

2206 2593 2453 2649 Cuinam
2483 2593 2702 2648 directa
2731 2593 2907 2649 fuerit
2934 2591 3056 2647 haec
3075 2589 3341 2663 epistola,
3365 2587 3577 2661 quidve
3597 2587 3866 2643 contine-

2207 2686 2293 2739 ret
2321 2683 2476 2739 unde
2506 2681 2952 2739 archidiaconus
2982 2684 3038 2736 et
3067 2679 3259 2736 caeteri
3277 2677 3615 2734 rebellionis
3637 2673 3862 2732 conscii

2205 2788 2236 2827 e
2263 2773 2394 2827 vitae
2413 2771 2751 2828 discrimine
2764 2765 3651 2841 subducerentur,ignoratur.ld
3669 2781 3861 2820 unum

2204 2861 2427 2917 scimus
2457 2877 2585 2916 eam
2600 2860 2780 2916 fuisse
2795 2858 3282 2932 conviciisplenam
3307 2875 3320 2925 ;
3341 2853 3682 2913 Ratherium
3719 2870 3862 2910 vero

2202 2951 2393 3007 eidem
2425 2949 2743 3007 scribendae
2774 2948 3141 3006 consensisse
3170 2964 3236 3004 eo
3267 2945 3530 3013 consilio,
3562 2949 3629 3000 ut
3675 2960 3859 3000 suum

2202 3055 2436 3114 gregem
2467 3039 2538 3095 ab
2568 3039 3043 3112 impendentibus
3065 3036 3237 3093 malis
3259 3034 3631 3092 erueret.Hoc
3654 3037 3859 3090 autem

2201 3146 2447 3185 assensu
2477 3128 2732 3201 praestita
2765 3152 2791 3179 «
2826 3128 3117 3201 quemban
3159 3125 3327 3199 quasi
3377 3124 3654 3197 laqueum
3714 3122 3855 3192 sibi,

439 3211 569 3270 ctus
594 3217 734 3270 erat.
765 3213 1076 3270 Ratherius
1104 3214 1340 3271 interim
1370 3195 1506 3270 licet
1526 3213 1638 3269 hac
1667 3213 1738 3269 de
1776 3229 1955 3270 causa
2001 3230 2087 3269 re-

2199 3234 2314 3292 quo
2345 3195 2660 3284 teneretur,
2689 3195 2889 3289 injecit
2917 3216 3098 3289 (Ibid.,
3132 3195 3250 3281 liv,
3288 3234 3344 3271 n.
3369 3195 3480 3284 i2):
3511 3236 3539 3263 »
3554 3214 3674 3270 Hac
3691 3212 3856 3269 enim

434 3310 698 3371 servatus,
733 3319 837 3360 seu
866 3321 900 3360 a
955 3308 1296 3359 ceterorum
1356 3303 1686 3359 calamitate
1738 3303 2083 3371 subductus,

435 3395 743 3463 aspm'tatus
769 3394 967 3447 tamen
999 3392 1112 3447 fuit
1141 3392 1201 3447 in
1233 3392 1488 3464 aliquem
1520 3396 1711 3447 tutum
1726 3392 1920 3448 locum
1946 3410 1958 3449 :
1983 3393 2085 3448 ubi

436 3495 572 3535 cum
604 3481 676 3537 de
706 3479 1123 3548 archidiaconi,
1156 3479 1500 3537 clericorum
1531 3497 1597 3537 ac
1625 3485 1965 3538 czeterorum
1991 3499 2084 3538 ca-

433 3568 728 3641 ptivorum
757 3568 1018 3642 periculo
1044 3570 1296 3626 maxime
1319 3570 1637 3639 laboraret;
1670 3574 1848 3627 totam
1874 3571 2084 3628 subse-

433 3659 712 3728 quentem
735 3661 963 3714 noctem
994 3658 1325 3715 insomnem
1349 3658 1588 3726 ducens,
1610 3680 1638 3709 ‹‹
1656 3658 1949 3731 precibus,
1972 3658 2082 3715 hu-

432 3744 881 3816 miliationibus,
917 3747 1211 3822 lacrymis,
1241 3747 1568 3821 promissis,
1601 3748 1975 3821 amicumque
1997 3749 2082 3804 in-

428 3837 693 3893 terventu
714 3852 847 3893 neos
876 3838 1098 3911 eripere
1127 3837 1375 3894 studuit.
1399 3832 1586 3894 Uursa
1603 3837 1662 3893 ni
1680 3838 2078 3895 intercaeteros

425 3923 605 3981 vitam
641 3930 700 3982 et
726 3925 1051 3984 libertatem
1082 3927 1352 3984 obtinuit.
1380 3926 1455 3983 Ut
1494 3931 1692 3983 autem
1747 3931 1805 3984 et
1858 3928 2079 3985 caeteris

423 4014 877 4087 prospiceretur,
908 4038 937 4067 «
966 4016 1221 4073 crastina
1250 4017 1342 4073 die
1376 4039 1424 4086 »,
1461 4017 1519 4072 id
1549 4020 1655 4085 est,
1680 4016 1774 4072 die
1789 4017 1960 4074 tertia
1972 4017 2074 4074 Fe-

422 4102 665 4175 bruarii,
697 4105 1016 4178 primarius
1047 4111 1104 4163 et
1132 4123 1403 4163 summus
1431 4105 1672 4179 quidam
1701 4106 1809 4174 vir,
1826 4129 1853 4157 ‹‹
1875 4107 1935 4162 in
1959 4124 2074 4180 quo

418 4196 542 4249 tota
560 4195 779 4252 ﬁducia
809 4195 947 4252 boni
978 4184 1451 4269 eratproventus,
1470 4219 1500 4247 «
1526 4195 1727 4252 missis
1749 4196 2073 4270 saepissime

418 4281 803 4340 internuntiis
833 4285 1108 4342 Ratberio
1139 4286 1458 4356 mandavit,
1496 4309 1525 4337 «
1549 4301 1621 4341 ne
1644 4302 1677 4341 a
1697 4302 1804 4341 suo
1827 4286 2069 4343 consilio

419 4370 676 4428 deviaret
702 4372 764 4429 in
796 4374 1012 4446 aliquo,
1044 4375 1395 4448 promittens
1424 4375 1623 4432 omnia
1652 4391 1779 4433 sese
1802 4374 1916 4433 ﬁne
1964 4394 2066 4450 pa-

417 4463 651 4516 cturum
680 4463 925 4535 optimo,
956 4468 1183 4520 tantum
1208 4464 1266 4519 in
1292 4469 1456 4537 pacto
1479 4468 1763 4536 perstaret
1774 4466 2063 4538 promisso

2196 3308 2442 3381 epistola
2470 3306 2859 3381 promulgata,
2888 3310 2951 3362 ut
2980 3307 3228 3373 videtur,
3263 3304 3389 3360 sine
3432 3302 3686 3359 auctoris
3745 3318 3855 3357 no-

2196 3397 2511 3463 mine,cum
2525 3395 2767 3469 quidam,
2788 3394 2879 3452 cui
2899 3397 2971 3452 ab
2996 3394 3404 3451 archidiacono
3428 3393 3612 3449 missa
3636 3390 3851 3460 fuerat,

2193 3487 2264 3542 de
2284 3489 2518 3541 auctore
2555 3485 2918 3558 inquireret;
2972 3484 3138 3553 Urso,
3201 3484 3371 3555 cujus
3427 3499 3605 3539 manu
3658 3480 3856 3536 fuerat

2192 3579 2444 3645 exarata,
2465 3575 2762 3647 professus
2780 3573 3016 3647 quidem
3039 3577 3129 3629 est
3149 3591 3211 3629 se
3226 3571 3389 3628 illam
3407 3569 3851 3644 scripsisse,sed

2191 3664 2435 3733 czeteris,
2464 3664 2564 3738 qui
2598 3665 2655 3720 in
2679 3681 2807 3720 eam
2840 3680 3075 3737 operam
3103 3662 3402 3731 dederant,
3427 3660 3658 3717 silentio
3697 3676 3851 3732 prae-

2190 3753 2503 3820 termissis,
2526 3769 2710 3809 unum
2730 3753 3071 3809 Ratherium
3094 3756 3409 3820 auctorem,
3437 3767 3502 3806 ac
3518 3748 3700 3806 totius
3718 3764 3853 3805 mo-

2187 3840 2410 3899 liminis
2440 3843 2795 3899 incentorem
2827 3841 3079 3914 praetulit
3107 3841 3227 3914 (1b.,
3262 3839 3300 3895 l.
3334 3857 3416 3909 ιιι,
3462 3856 3520 3894 ιι.
3579 3838 3692 3910 27).
3755 3841 3849 3893 Ita

2186 3930 2308 3989 haec
2330 3932 2574 4004 epistola
2601 3930 2819 3987 caeteris
2841 3930 2913 3987 ab
2955 3930 3115 3986 omni
3173 3928 3429 4003 periculo
3480 3927 3718 4001 ereptis,
3778 3927 3845 3982 in

2185 4020 2361 4077 unius
2390 4020 2642 4078 Ratherii
2669 4021 2985 4094 perniciem
3009 4037 3287 4076 conversa
3300 4023 3390 4075 est
3413 4037 3427 4088 ;
3451 4035 3516 4074 ac
3534 4021 3846 4091 propterea

2183 4110 2242 4165 in
2265 4110 2517 4167 laudatis
2541 4110 2899 4167 adUrsonem
2917 4110 3126 4167 litteris
3148 4109 3385 4182 scripsit
3407 4107 3612 4182 (Ibid.):
3632 4131 3659 4158 «
3683 4107 3841 4163 Dum

2178 4200 2342 4256 vobis
2364 4199 2629 4256 consului
2656 4222 2682 4250 »
2707 4200 2757 4254 ei
2780 4198 3035 4271 epistolae
3060 4199 3383 4255 assentiens
3410 4196 3645 4268 [XLVIII],
3682 4211 3836 4265 «me,

2178 4290 2244 4345 ut
2270 4289 2516 4359 videtur,
2551 4288 2814 4362 neglexi:
2848 4289 2989 4345 dum
3009 4288 3194 4355 vobis,
3220 4288 3354 4345 licet
3399 4291 3602 4344 vestrae
3659 4284 3834 4341 moli-

2174 4378 2351 4435 tionis
2382 4396 2449 4434 ex
2480 4383 2643 4451 parte
2675 4377 2964 4447 conscius,
2999 4376 3250 4451 peperci,
3286 4394 3380 4433 me
3400 4374 3650 4450 prodidi.
3677 4396 3705 4425 »
3728 4374 3838 4431 Mo-

2175 4469 2389 4525 litiom's
2420 4468 2657 4524 nomine
2689 4466 3084 4534 rebellionem,
3113 4472 3179 4523 ut
3209 4471 3507 4540 putamus,
3527 4464 3827 4537 intelligit,

416 4547 673 4622 (Praeloq.
705 4550 806 4641 lib.
839 4569 892 4621 v,
918 4570 977 4622 n,
1012 4554 1121 4625 12).
1158 4575 1186 4603 ››
1218 4552 1384 4609 Hunc
1410 4553 1600 4609 virum
1645 4554 1991 4627 primarium
2009 4558 2066 4612 et
2092 4573 2141 4641 D
2173 4575 2349 4631 quam
2379 4559 2522 4614 dum
2552 4566 2806 4625 vestram,
2839 4574 2956 4612 non
2985 4574 3120 4612 vero
3143 4560 3387 4613 nostram
3410 4553 3830 4628 appellat,cum

413 4654 736 4710 summum,
769 4639 831 4696 in
857 4657 993 4712 quo,
1026 4641 1146 4697 etsi
1165 4645 1285 4697 tota
1304 4641 1518 4698 fiducia
1532 4642 1668 4698 boni
1686 4647 1809 4699 erat
1829 4661 2064 4717 proven-

410 4730 529 4795 tus,
545 4729 673 4800 ejus
688 4732 884 4786 tamen
903 4730 1217 4787 consilium
1235 4730 1295 4785 in
1308 4729 1566 4787 Ratherii
1589 4731 1818 4789 ruinam
1837 4733 2058 4801 recidit,

408 4816 751 4890 episcopum
780 4819 963 4876 fuisse
991 4837 1059 4877 ex
1083 4824 1354 4876 contextu
1395 4820 1773 4878 manifestum
1803 4827 1909 4880 est.
1944 4823 2060 4879 Ibi-

407 4906 539 4979 dem
571 4907 728 4964 enim
742 4912 947 4965 auctor
966 4910 1036 4966 de
1055 4909 1342 4983 episcopis
1363 4910 1649 4982 queritur,
1668 4911 1768 4985 qui
1798 4929 1929 4968 sese
1943 4930 2058 4969 non

403 4996 597 5069 solum
629 4997 687 5054 in
722 4998 1051 5072 reipublicae
1083 4998 1334 5073 negotiis
1364 4998 1795 5071 immiscebant,
1841 5003 1941 5059 sed
1995 5003 2054 5058 in

401 5085 532 5143 aliis
553 5088 728 5145 etiam
747 5089 1368 5162 pejoribus,suumque
1384 5106 1585 5146 casum
1608 5092 1857 5164 exempli
1879 5108 2058 5149 causa

402 5176 662 5248 subjicit.
696 5178 841 5235 Hinc
870 5195 1103 5252 quoque
1128 5195 1227 5235 eos
1257 5179 1357 5251 qui
1389 5196 1507 5235 sua
1530 5180 1879 5238 calamitatis
1896 5178 2056 5238 fuere

399 5268 686 5336 auctores,
718 5285 835 5325 non
869 5269 1063 5325 solum
1094 5285 1213 5325 sua:
1245 5265 1510 5326 Ecclesiae
1540 5269 1693 5327 filios
1723 5271 1926 5338 fuisse,
1952 5272 2052 5327 sed

399 5353 574 5413 etiam
606 5372 792 5412 unum
820 5358 1058 5430 ejusdem
1085 5359 1276 5430 ofﬁcii,
1308 5358 1367 5414 id
1390 5362 1479 5415 est
1516 5359 1875 5433 episcopum,
1937 5377 2053 5417 non

395 5442 643 5527 obscure
670 5446 1023 5515 tradit,dum
1042 5447 1223 5504 alium
1245 5464 1445 5506 secum
1469 5448 1805 5522 loquentem
1828 5450 2055 5506 inducit

393 5529 489 5588 his
517 5532 742 5590 verbis:
777 5556 805 5587 »
837 5535 963 5593 Non
995 5537 1359 5612 minusvero,
1378 5538 1527 5596 siita
1543 5544 1650 5606 est,
1669 5539 2048 5612 temetipsum

2170 4649 2298 4721 ejus
2320 4652 2585 4704 auctores
2606 4646 2824 4701 indicat
2835 4645 3439 4719 Veronenses,quibus
3459 4661 3599 4701 sane
3615 4659 3835 4701 omnem

2170 4745 2230 4794 ut
2248 4746 2364 4794 erat
2390 4738 2609 4809 culpam
2624 4734 2917 4808 abUgonis
2940 4735 3226 4792 militibus
3245 4735 3526 4791 tributam
3546 4733 3828 4803 vidimus,

2168 4830 2295 4882 tum
2310 4844 2444 4882 vero
2471 4842 2533 4882 se
2565 4826 2635 4880 ab
2664 4842 2732 4881 ea
2749 4829 3078 4898 exemptum
3113 4825 3427 4899 significat.
3461 4824 3612 4879 Dum
3653 4839 3830 4896 porro

2166 4932 2228 4972 se
2260 4916 2525 4987 ejuSdem
2550 4914 2883 4971 rebellionis
2916 4915 3191 4971 conscium
3220 4913 3364 4986 ipsis
3397 4912 3714 4969 rebellibus
3732 4929 3833 4984 pe-

2165 4995 2420 5069 percisse
2448 4999 2718 5063 testatur,
2744 4995 2802 5051 id
2832 4995 3075 5052 forsitan
3108 4994 3365 5069 respicit,
3394 4994 3549 5067 quod
3573 5010 3643 5050 ex
3662 4992 3813 5048 libro

2165 5089 2374 5158 quarto
2405 5084 2887 5158 Praaloquiorum,
2921 5100 3085 5141 num.
3117 5087 3173 5142 7.
3202 5084 3376 5159 paulo
3400 5089 3532 5141 ante
3567 5082 3819 5156 explica-

2162 5175 2387 5241 vimus;
2420 5191 2482 5232 se
2513 5175 2813 5243 nimirum,
2838 5180 2895 5232 et
2924 5176 2973 5230 si
3006 5174 3250 5232 rebelles
3270 5174 3391 5248 regi
3415 5174 3569 5231 cives
3591 5178 3648 5230 et
3668 5171 3822 5229 filios

2161 5283 2289 5323 esse
2311 5265 2508 5336 sciret,
2531 5282 2645 5321 non
2657 5268 2855 5321 tamen
2868 5268 3061 5332 eos,ut
3072 5265 3440 5337 punirentur,
3466 5263 3822 5338 prodidisse,

2161 5357 2242 5412 De
2264 5355 2373 5411 hac
2397 5353 2695 5410 molitione
2716 5354 3039 5427 inUgonem
3061 5354 3331 5411 fortassis
3352 5354 3559 5431 agebat
3578 5353 3825 5410 laudata

2159 5442 2424 5517 epistola,
2454 5443 2555 5499 sed
2590 5443 2671 5499 ita
2700 5447 2767 5498 ut
2794 5446 3100 5499 auctorum
3132 5442 3471 5500 nominibus
3529 5446 3814 5516 parceret.

2157 5534 2304 5592 Huic
2334 5548 2568 5605 quoque
2591 5530 2849 5604 epistolae
2877 5547 3012 5589 cum
3070 5531 3421 5590 assensisset
3476 5531 3820 5615 Ratherius,

390 5620 612 5700 [XLVII],
643 5626 894 5704 tuosque
923 5643 1102 5706 quam
1121 5627 1281 5706 ipsos
1300 5627 1501 5704 lugere
1513 5628 1783 5688 convenit
1802 5627 2047 5687 tradito-
2152 5624 2301 5701 ipsis
2322 5622 2440 5682 reis
2459 5620 2854 5698 exprimendis
2875 5623 3135 5699 pepercit
3158 5640 3171 5680 ς
3197 5623 3299 5682 sed
3322 5622 3606 5681 cumUrso
3634 5620 3804 5698 inqui
3842 5624 3851 5631 '
