4070 6376
219 714 583 774 obscuritate
614 721 744 792 ejus
774 723 1052 795 offensus,
1079 730 1347 788 eamdem
1381 751 1497 790 non
1527 740 1650 794 tam
1681 757 1880 799 emen-

218 805 503 877 dandam,
527 824 705 880 quam
738 811 968 870 clariori
993 817 1144 890 stylo
1175 820 1619 883 describendam
1645 835 1880 902 putave-

215 895 312 949 rit.
338 895 484 951 Hinc
529 915 650 954 non
689 899 1009 976 incongrue
1039 905 1193 963 inter
1247 911 1376 981 ejus
1427 931 1604 987 opera
1651 920 1873 976 edetur.

213 983 385 1040 Illam
409 985 493 1042 sic
516 995 897 1063 expurgatam
919 997 977 1049 et
1002 994 1377 1058 lucubratam'
1395 983 1597 1062 auctor
1616 1009 1778 1065 misit
1803 1013 1874 1067 ad

215 1073 537 1132 Lobienses
569 1080 908 1151 monachos,
935 1085 1036 1156 qui
1057 1087 1116 1142 S.
1137 1087 1481 1150 Ursmarum
1509 1097 1597 1153 sui
1627 1086 1876 1166 ccenobii

212 1167 533 1236 patronum
562 1171 1007 1228 venerabantur.

280 1255 373 1308 28.
406 1255 649 1313 Interim
679 1259 740 1314 in
771 1277 839 1316 ea
868 1262 1188 1323 Galliarum
1233 1274 1416 1342 parte,
1449 1290 1575 1346 quae
1602 1277 1871 1351 Burgun-

210 1340 317 1397 ἀίω
350 1359 598 1416 regnum
640 1350 779 1404 tunc
818 1350 1137 1423 dicebatur,
1173 1340 1579 1434 episcoporum
1612 1369 1870 1439 synodus

209 1435 473 1505 cogenda
501 1439 645 1492 erat.
667 1439 752 1494 Ad
775 1439 926 1530 hanc
945 1443 1117 1501 Wido
1141 1448 1614 1525 archiepiscopus
1639 1435 1869 1530 Lugdu-

206 1523 433 1590 nensis,
473 1529 532 1580 et
563 1527 755 1584 Sobbo
796 1529 1188 1606 Vienniensis,
1224 1523 1613 1598 Godescalcus
1645 1547 1776 1618 [LIV]
1811 1553 1867 1604 et

205 1612 480 1669 Aurelius
501 1615 756 1689 episcopi
778 1617 1103 1678 invitat-unt
1122 1625 1297 1682 etiam
1321 1629 1862 1708 Ratherium,quem

205 1716 342 1755 cum
360 1703 434 1757 ob
457 1703 851 1764 celebritatem
876 1712 1133 1769 nominis
1157 1717 1392 1773 maximi
1418 1720 1865 1792 facerent,eum-

205 1790 338 1846 dem
370 1808 568 1849 coram
601 1812 932 1870 agnoscere,
959 1806 1014 1856 et
1051 1820 1183 1859 cum
1229 1822 1294 1862 eo
1327 1808 1386 1864 in
1419 1812 1663 1869 concilio
1693 1832 1862 1888 agere

200 1883 612 1952 perOptabant.
650 1885 850 1958 Ipsum
881 1889 1028 1947 forte
1058 1909 1088 1948 e
1120 1911 1348 1952 carcere
1378 1899 1693 1959 dimissum
1721 1883 1861 1962 scie-

198 1968 345 2024 bant
367 1989 380 2026 :
406 1975 466 2026 at
495 1972 701 2031 exsilio
734 1975 895 2033 Comi
927 1981 1118 2037 adhuc
1149 1985 1451 2044 detentum
1483 1990 1850 2063 ignorabant.

197 2058 284 2124 Ad
316 2059 425 2116 hos
473 2061 673 2136 itaque
703 2066 865 2122 dedit
893 2070 1220 2143 epistolam,
1249 2080 1306 2131 et
1336 2093 1469 2133 cum
1507 2058 1568 2136 in
1603 2082 1731 2155 ipsa
1759 2084 1852 2140 in-

196 2148 518 2221 scriptione
555 2169 620 2208 se
659 2157 903 2212 exsulem
952 2161 1202 2232 praefert,
1236 2168 1362 2221 tum
1393 2185 1525 2225 vero
1558 2172 1759 2230 exsilio
1791 2194 1852 2233 se

194 2236 470 2310 impediri
501 2241 776 2313 afﬁrmat,
804 2263 874 2302 ne
899 2249 971 2304 ad
997 2252 1286 2322 synodum
1318 2255 1599 2316 invitatus
1621 2265 1852 2321 accede-

194 2330 300 2382 ret.
329 2349 358 2379 «
391 2330 491 2394 Ea,
519 2331 729 2403 inquit,
755 2334 1007 2405 Domini,
1039 2356 1216 2411 quam
1249 2345 1500 2404 maxime
1531 2367 1710 2408 causa
1739 2359 1846 2423 est,

195 2417 348 2488 quod
365 2418 539 2488 juxta
558 2425 818 2478 vestrum
847 2442 960 2482 non
989 2430 1211 2486 occurri
1235 2438 1437 2490 vestrae
1464 2438 1847 2499 dominationi

193 2511 552 2580 praeceptum
583 2512 737 2583 quod
758 2513 912 2585 juris
951 2516 1075 2588 ipse
1107 2537 1220 2576 non
1255 2540 1386 2580 sum
1420 2530 1656 2600 proprii.
1686 2555 1713 2582 ››
1738 2534 1848 2588 Fa-

191 2611 371 2664 mam,
401 2613 531 2668 quaa
575 2600 647 2654 de
697 2619 759 2657 se
798 2609 920 2659 erat
950 2606 1202 2680 vulgata,
1238 2615 1497 2671 modeste
1553 2623 1843 2678 extenuat.

192 2683 515 2758 Miseriam,
530 2705 647 2760 qua
677 2691 853 2747 etiam
883 2701 1044 2751 extra
1073 2714 1358 2757 carcerem
1388 2704 1445 2759 in
1478 2708 1679 2765 exsilio
1711 2728 1848 2783 pre-

191 2773 483 2844 mebatur,
509 2775 713 2834 leviter
739 2781 947 2855 tangit,
977 2785 1222 2860 ejusque
1259 2792 1415 2848 istud
1447 2773 1730 2855 indicium
1761 2803 1845 2858 af-

192 2860 318 2930 fert,
343 2863 548 2922 deesse
570 2866 681 2923 sibi
703 2867 986 2942 chartam,
1009 2891 1125 2946 qua
1146 2877 1468 2952 longiorem
1491 2885 1844 2959 digniorem-

191 2967 302 3024 que
332 2951 644 3025 epistolam
678 2959 971 3017 scriberet.
998 2951 1336 3026 Subsidium
1370 2951 1602 3045 aliquovd
1645 2983 1848 3049 postu-

189 3039 268 3095 lat
294 3059 309 3095 :
333 3045 391 3096 et
421 3061 557 3099 cum
591 3045 718 3118 ipse
748 3049 819 3104 ad
861 3067 958 3108 eos
999 3071 1113 3110 non
1164 3065 1360 3128 posset
1404 3065 1715 3134 proﬁcisci,
1748 3087 1848 3124 sex

194 3128 375 3185 libros
397 3131 1038 3212 Praeloquiorum,quos
1061 3143 1118 3198 in
1143 3145 1433 3206 Ticinensi
1459 3154 1738 3213 turricula
1764 3160 1848 3214 lu-

195 3219 542 3277 cubraverat
558 3223 712 3292 (Vid.
727 3227 1086 3302 Prwloquz'or.
1103 3233 1141 3288 l.
1156 3252 1210 3301 ν,
1227 3253 1344 3292 not.
1361 3239 1459 3309 38;
1483 3243 1650 3301 FULC.
1669 3264 1718 3302 c.
1732 3249 1822 3321 20)

194 3307 283 3363 sui
309 3307 437 3366 loco
459 3311 532 3366 ad
556 3312 715 3383 ipsos
741 3315 1039 3390 dirigit,ut
1063 3322 1383 3383 Fulcuinus
1404 3307 1579 3387 etiam
1606 3307 1843 3393 notavit:
1875 3322 1920 3388 C

192 3395 378 3454 Aliam
417 3416 654 3472 quoque
681 3405 1015 3475 perbrevem
1044 3411 1370 3485 epistolam,
1400 3436 1501 3475 seu
1533 3424 1728 3494 potius
1752 3428 1849 3482 ad-

193 3487 552 3545 notationem
582 3490 642 3546 in
676 3493 929 3564 epistolae
965 3498 1211 3558 formam
1233 3505 1452 3564 eisdem
1484 3512 1666 3582 dedit,
1690 3532 1756 3572 ac
1785 3517 1845 3572 in

193 3576 464 3646 quintum
479 3577 940 3654 Praeloquiorum
959 3585 1173 3646 librum
1194 3592 1844 3678 inseruit,num13,quze

190 3663 246 3719 in
279 3665 604 3740 epigraphc
640 3687 739 3727 eos
791 3672 850 3728 in
906 3678 1152 3736 concilio
1193 3691 1536 3744 convocatos
1591 3695 1840 3764 praefert.

196 3773 216 3801 ι
243 3753 560 3812 Ratherius
589 3760 750 3815 exsul
773 3761 1008 3820 Widoni
1035 3773 1210 3842 atque
1241 3774 1494 3833 Sobboni
1526 3753 1840 3857 archiepis-

191 3843 347 3916 ecpis
379 3847 724 3920 ceterisque
767 3854 1125 3930 coepiscopis
1163 3859 1222 3916 in
1255 3866 1496 3924 concilie
1529 3872 1841 3931 residenti-

191 3930 521 3990 bus.»Eum
547 3941 742 3994 autem
765 3940 822 3996 in
850 3941 1044 4002 locum
1068 3947 1287 4007 laudati
1313 3953 1448 4012 libri
1467 3957 1687 4018 inserta
1709 3965 1841 4036 fuit,

191 4020 287 4075 ubi
319 4027 720 4097 conqueritur,
752 4032 1045 4091 neminem
1076 4037 1343 4113 inveniri,
1365 4069 1392 4097 ‹‹
1421 4049 1522 4120 qui
1552 4069 1656 4123 pro
1688 4054 1839 4111 indi-

191 4110 462 4182 gentibus
515 4113 878 4188 interveniat,
912 4141 1015 4196 pro
1063 4129 1358 4190 damnatis
1407 4110 1837 4202 exoretmeos-

190 4198 441 4306 demque
461 4203 536 4259 ad
562 4220 630 4260 ea
653 4207 959 4282 relcgenda
987 4219 1043 4271 et
1067 4223 1444 4291 expendenda
1465 4198 1840 4306 excitat,

191 4285 297 4344 bus
325 4291 398 4345 ad
428 4292 519 4347 sui
544 4297 1113 4362 commiserationem
1138 4326 1423 4386 opemque
1447 4285 1766 4389 ferendani,
1783 4331 1839 4382 et

190 4377 257 4432 ad
288 4381 684 4451 patrocinium
705 4403 808 4458 pro
830 4408 891 4447 se
909 4393 1400 4468 interponendum
1433 4423 1835 4479 permoveren-

190 4469 307 4532 tur;
340 4485 477 4525 cum
503 4477 826 4543 praesertim
849 4484 1002 4553 apud
1033 4484 1291 4560 Ugonem
1317 4469 1512 4567 regem
1536 4505 1833 4576 conregio-

190 4555 365 4576 __,w
420 4575 425 4576 ί
789 4567 802 4576 .
887 4570 898 4576 -

189 4555 376 4613 nalem
411 4575 588 4617 suum
620 4579 718 4620 eos
747 4567 1069 4638 plurimum
1085 4555 1289 4637 vvalere
1319 4555 1652 4646 conﬁderet.

1946 4646 2024 4653 --ν
2047 4646 2378 4670 r-----_-_-
2413 4646 2516 4654 ,η

254 4646 342 4701 29.
359 4648 630 4706 Totidem
661 4671 846 4714 annos
877 4665 1066 4737 exegit
1094 4667 1154 4722 in
1180 4669 1449 4731 Comensi
1473 4678 1845 4755 exsilio,quot
1873 4692 1920 4758 D
1951 4687 2210 4743 condidit
2233 4711 2258 4737 ‹‹
2293 4688 2364 4742 de
2395 4692 2516 4744 arte

275 4735 383 4758 n__
398 4737 410 4758 3
426 4754 483 4758 ,μ
504 4757 513 4758 κ
534 4739 545 4758 9
879 4749 889 4758 .
915 4752 929 4758 -

185 4732 241 4789 in
274 4735 548 4809 Papiensi
595 4759 841 4819 carcere,
874 4749 931 4805 id
962 4758 1050 4809 est
1079 4773 1265 4815 annos
1319 4763 1465 4820 duos
1496 4785 1629 4824 cum
1664 4732 1838 4830 dilmi-

186 4823 278 4921 dio
308 4826 488 4921 (epist.
515 4830 550 4883 5
578 4831 648 4921 ad
671 4835 779 4903 10.,
802 4855 859 4892 n.
892 4841 967 4908 5).
990 4843 1117 4900 Fuit
1157 4847 1339 4921 igitur
1375 4856 1539 4911 exsul
1573 4823 1838 4920 Comi—ab

183 4913 448 4986 Augusto
497 4919 636 4974 anni
668 4923 774 4978 937
804 4943 990 5002 usque
1021 4935 1090 4989 ad
1130 4935 1368 4996 initium
1416 4943 1646 5003 circiter
1699 4953 1837 5037 qpni

183 5001 285 5037 οιη
333 5003 478 5037 Dum
516 5014 705 5037 n.4,...
743 5013 880 5037 n___
923 5036 928 5037 ,
982 5023 992 5032 -
1079 5026 1108 5037 .-
1319 5033 1329 5037 _
1383 5032 1396 5037 -

182 5001 301 5096 940.
333 5003 482 5062 Cum
515 5014 710 5067 autem
743 5001 940 5089 Ugone
970 5023 1140 5083 invito
1170 5044 1231 5082 se
1279 5033 1352 5086 ab
1382 5032 1490 5090 hoc
1536 5001 1836 5096 exsili-:1:

183 5091 454 5194 beratum
488 5097 772 5172 afﬁrmet;
800 5107 887 5162 vel
918 5109 1069 5168 clam
1093 5114 1269 5174 Como
1295 5091 1834 5204 eﬂ‘ugit,velr_ege-m

181 5183 413 5239 invitum
446 5203 514 5241 eo
545 5205 725 5246 sensu
752 5194 913 5266 dixit,
939 5202 1074 5272 quia
1109 5221 1224 5260 non
1258 5216 1482 5281 sponte,
1507 5217 1608 5271 sed
1641 5183 1836 5276 latoida-

183 5269 253 5326 tis
273 5272 426 5367 forte
447 5275 738 5352 episcopis
766 5269 1074 5357 agenti—bus
1097 5269 1349 5354 abeundi
1373 5269 1619 5362 facultas

181 5361 294 5470 ξ’θεὶ
328 5366 556 5462 extorta
606 5368 932 5470 fuit.Como
981 5380 1040 5436 in
1072 5384 1284 5443 Gallias
1332 5407 1459 5447 sese
1507 5361 1834 5470 recepit,"e_t

181 5447 444 5555 fortassis
488 5459 645 5555 apud
679 5459 989 5555 Widonem
1038 5477 1140 5528 aut
1183 5447 1830 5555 Sobbonem,iqui-ehrvri

177 5536 366 5596 videre
395 5546 765 5642 expetebant.
795 5553 928 5612 Hoc'
943 5562 1203 5632 tempore
1231 5536 1832 5642 peragrassejvidctu-r

111 5625 124 5636 ’
179 5629 288 5684 tres
309 5630 634 5692 Galliarum
657 5643 1007 5717 provincias,
1032 5651 1829 5728 Burgundiam,Provinciam

181 5716 280 5791 [LV]
305 5723 364 5776 et
393 5722 840 5804 Septimaniam,
866 5716 1116 5809 quarum
1148 5716 1504 5807 meminit
1535 5755 1829 5822 Qualitatis

1991 751 2236 824 accepit,
2288 755 2389 838 qui
2447 757 2671 832 aliquot
2728 767 3190 834 quaestiunculas
3237 773 3290 827 ei
3342 751 3652 838 solvendas

1988 835 2313 913 proposuit.
2339 846 2401 900 In
2434 851 2834 921 responsione,
2857 871 3035 927 quam
3063 858 3113 914 ei
3146 860 3306 918 dedit
3335 835 3649 924 Ratherius

1987 927 2158 1000 epist.
2183 932 2236 1000 3,
2263 933 2455 1004 ipsum
2483 960 2509 987 «
2537 939 3019 1013 archiprzesulum
3044 948 3481 1008 nobilissimum
3505 976 3533 1003 »
3554 972 3649 1012 vo-
3695 943 3701 956 “

1986 1021 2096 1087 cat,
2124 1020 2341 1094 quippe
2367 1025 2466 1096 qui
2492 1043 2524 1081 a
2547 1028 2902 1104 Theoderico
2926 1035 3186 1093 Saxonis:
3211 1041 3359 1098 duce
3382 1044 3649 1117 progeni"

1981 1109 2099 1182 tus,
2127 1126 2385 1167 sororem
2432 1114 2683 1174 habebat
2716 1127 2980 1180 sanctam
3011 1109 3644 1199 Mathildem,_0ttvonis

1982 1199 2304 1255 Germaniae
2328 1202 2502 1276 regis,
2520 1222 2586 1260 ac
2607 1212 2809 1278 postea
2830 1211 3196 1284 imperatoris
3215 1223 3638 1284 matrem.Cum

1982 1288 2332 1358 quzestiones
2380 1295 2691 1366 proposita:
2731 1299 2802 1353 ad
2833 1302 3080 1372 profana
3133 1307 3331 1364 studia
3385 1311 3640 1382 pertine-

1980 1381 2126 1442 rent,
2159 1379 2543 1455 ejusdemque
2574 1391 2771 1442 essent
2801 1392 3031 1462 generis
3071 1410 3138 1449 ac
3177 1395 3289 1451 illa:
3324 1379 3473 1470 quas
3504 1404 3639 1459 ante

1979 1466 2380 1539 episcopatum
2399 1471 2707 1530 solvendas
2721 1495 2753 1532 a
2769 1478 3302 1542 Mediolanensibus
3317 1466 3638 1568 acceperat,

1975 1571 2042 1610 eo
2074 1573 2136 1612 se
2167 1559 2403 1615 nomine
2435 1562 2505 1617 ab
2541 1562 2612 1619 iis
2644 1565 3032 1626 dissolvendis
3063 1578 3322 1638 excusat,
3349 1577 3491 1648 quia
3517 1583 3636 1636 stu-

1975 1644 2089 1699 diis
2123 1647 2412 1718 ejusmodi
2443 1656 2576 1723 post
2603 1654 2995 1730 episcopalem
3022 1662 3289 1720 ordinem
3315 1644 3592 1723 valedixit
3616 1684 3630 1725 :

1975 1756 2001 1783 «
2029 1734 2338 1806 Infulatus,
2361 1762 2380 1788 υ
2411 1741 2512 1811 ait,
2531 1765 2557 1791 ‹‹
2584 1743 2693 1799 hac
2725 1763 2842 1819 qua
2863 1748 2964 1804 Dei
2997 1750 3398 1810 misericordia
3420 1755 3634 1830 fungor

1972 1824 2224 1894 sarcina,
2249 1827 2392 1884 illud
2427 1831 2626 1888 statim
2659 1833 2806 1891 desii
2830 1853 3020 1910 agere,
3045 1839 3376 1912 injunctum
3399 1845 3542 1901 mihi
3569 1846 3630 1903 in

1976 1912 2085 1969 hoc
2116 1916 2306 1973 ofﬁcio
2339 1920 2623 1992 cogitans,
2654 1923 2714 1978 in
2735 1925 2838 1980 Dei
2869 1927 3064 1998 potius
3094 1929 3219 2003 lege
3240 1932 3335 1990 die
3363 1950 3430 1994 ac
3461 1939 3631 1991 nocte

1974 2003 2241 2060 meditari
2275 2007 2504 2064 debere.
2535 2031 2556 2058 ι
2587 2011 2712 2067 Non
2745 2018 2920 2087 negat
2947 2032 3015 2072 ea
3043 2018 3240 2077 studia
3267 2019 3492 2094 aliquid
3523 2024 3626 2079 ad-

1959 2093 2218 2163 jumenti
2251 2095 2523 2170 episcopo
2564 2117 2736 2172 posse
2769 2103 2994 2175 afferre,
3028 2105 3076 2162 si
3108 2106 3238 2182 ipsa
3277 2108 3338 2165 in
3387 2127 3622 2168 sacrum

1963 2197 2138 2237 usum
2171 2185 2441 2241 traducat
2467 2205 2524 2242 :«
2551 2189 2765 2245 Servus
2795 2208 2928 2248 vero
2953 2194 3050 2250 ille
3079 2212 3356 2268 nequam,
3380 2221 3411 2252 »
3435 2199 3622 2271 addit,

1971 2289 1992 2316 α
2013 2271 2083 2325 de
2101 2271 2410 2345 Evangelio
2435 2275 2564 2334 ideo
2590 2277 2986 2337 damnationis
3005 2287 3229 2340 aeternae
3248 2286 3516 2344 addictus
3533 2292 3626 2346 est

1959 2357 2212 2432 eloquio,
2231 2362 2370 2433 quia
2391 2363 2676 2421 talentum
2698 2367 3030 2428 intellectus
3051 2373 3260 2429 maluit
3275 2378 3441 2431 terra:
3458 2393 3623 2434 man-

1958 2448 2311 2522 dare,quam
2346 2452 2488 2509 coelo
2520 2455 2754 2526 penitus
2785 2458 3244 2526 destinare.Que
3267 2463 3616 2538 similitudo,

1961 2542 2027 2593 ut
2057 2557 2203 2607 reor,
2232 2548 2429 2597 monet
2459 2543 2610 2600 inter
2640 2551 2845 2605 caetera
2874 2565 2968 2606 me
2999 2557 3386 2624 peccatorem,
3412 2557 3619 2612 tantil-

1956 2627 2080 2682 lum
2112 2629 2411 2701 ingenioli,
2432 2635 2586 2704 quod
2636 2635 2752 2690 Deo
2785 2655 2918 2693 sum
2957 2646 3274 2715 assecutus
3303 2643 3613 2716 largiente,

1955 2716 2055 2772 illo
2084 2718 2276 2789 potius
2306 2721 2434 2775 acui
2460 2727 2743 2794 oportere,
2771 2725 2870 2782 ubi
2892 2728 3157 2787 Christus
3182 2735 3271 2788 est
3297 2731 3358 2788 in
3380 2733 3616 2810 dextera

1954 2806 2054 2862 Dei
2069 2809 2484 2881 sedens,quam
2501 2815 2740 2870 terrena:
2755 2815 2995 2872 vanitati
3010 2806 3455 2891 committere,et
3467 2822 3612 2879 nihil

1956 2895 2113 2952 aliud
2145 2898 2352 2955 exinde
2401 2901 2514 2958 nisi
2558 2908 2796 2960 ventum
2830 2907 3086 2976 inanem,
3119 2925 3225 2966 nec
3270 2912 3398 2970 sine
3430 2913 3609 2969 detri-

1957 2990 2150 3042 mento
2183 2988 2388 3044 animae
2418 2992 2672 3048 maxime
2703 2999 2991 3068 captare.»
3008 2997 3152 3054 Cum
3186 3017 3356 3072 porro
3386 3001 3608 3074 aliquid

1957 3076 2206 3131 subsidii
2231 3078 2342 3132 sibi
2367 3079 2678 3137 Rotbertus
2709 3085 3094 3155 promisisset,
3117 3088 3337 3160 gratias
3358 3091 3499 3162 agit,
3516 3090 3608 3146 id-

1957 3181 2068 3236 que
2089 3164 2148 3220 in
2166 3167 2434 3238 praesenti
2457 3172 2798 3228 necessitate
2817 3168 2992 3246 quam
3012 3176 3187 3233 citius
3207 3179 3606 3250 praestandum

1960 3253 2323 3326 deprecatur.
2341 3256 2580 3314 Librum
2599 3259 2855 3341 aliquem
2873 3263 3131 3322 Ratherii
3153 3264 3309 3324 idem
3331 3267 3612 3341 archiepi-

1958 3360 2171 3416 scopus
2210 3345 2438 3402 videtur
2470 3339 2768 3420 quaesisse.
2792 3350 3077 3408 Volumen
3128 3355 3607 3428 Praeloquiorum,

1958 3433 2110 3504 quod
2145 3451 2329 3490 unum
2361 3435 2615 3493 habebat
2646 3438 2704 3493 in
2747 3445 3044 3513 promptu,
3065 3442 3255 3500 eidem
3303 3443 3514 3501 direxit
3541 3463 3612 3503 ea

1956 3522 2310 3591 conditione,
2350 3531 2414 3582 ut
2445 3525 2590 3582 illud
2623 3527 2734 3582 sibi
2768 3529 2931 3586 ocius
2962 3531 3299 3589 remitteret.
3315 3533 3476 3590 Hanc
3505 3551 3609 3592 au-

1957 3615 2073 3666 tem
2107 3613 2415 3684 epistolam
2445 3621 2578 3688 post
2604 3616 2842 3674 initium
2874 3619 3011 3675 anni
3041 3622 3148 3676 940
3177 3621 3250 3678 ab
3277 3621 3482 3680 exsilio
3504 3626 3606 3681 Co-

1956 3703 2142 3771 mensi
2187 3703 2512 3761 dissolutus
2544 3707 2797 3778 scripsit,
2833 3712 3148 3781 antequam
3195 3709 3255 3766 in
3306 3712 3609 3770 Provincia

1954 3790 2308 3865 Roestangni
2354 3793 2708 3852 institutioni
2759 3814 2887 3853 sese
2939 3799 3254 3856 addiceret.
3278 3800 3423 3857 Hinc
3469 3818 3604 3859 cum

1953 3881 2095 3935 nulli
2123 3886 2275 3938 esset
2296 3882 2604 3956 obligatus,
2630 3886 2889 3942 Rotberti
2921 3888 3155 3946 servitio
3179 3906 3305 3946 sese
3334 3895 3606 3963 paratum

1951 3969 2201 4038 exhibet,
2226 3976 2291 4026 ut
2330 3973 2388 4026 in
2421 3973 2613 4044 prima
2641 3976 3016 4034 adnotatione
3047 3978 3120 4033 ad
3152 3979 3418 4042 eamdem
3450 3980 3604 4052 epis-

1949 4059 2126 4115 tolam
2160 4060 2428 4133 pluribus
2453 4063 2888 4120 constituimus.

2016 4151 2108 4206 30.
2133 4149 2369 4206 Interim
2409 4152 2684 4208 omnibus
2727 4168 2924 4226 egens,
2954 4154 3014 4208 in
3047 4155 3369 4224 Provincia,
3393 4159 3459 4212 ut
3487 4156 3603 4212 sibi

1947 4239 2163 4295 victum
2187 4241 2820 4313 compararet,docendi
2840 4241 3098 4297 ofﬁcium
3123 4243 3398 4317 suscepit.
3409 4265 3437 4294 «
3453 4245 3599 4302 Cum

1949 4330 2007 4384 in
2032 4346 2099 4384 ea
2119 4334 2281 4401 parte
2305 4330 2915 4403 Burgundiac,»inquit
2927 4330 3248 4390 Fulcuiuus
3265 4351 3316 4390 c.
3331 4334 3455 4403 20,«
3471 4350 3599 4406 quae

1946 4419 2249 4474 Provincia
2279 4419 2512 4485 dicitur,
2541 4419 2908 4488 mansitaret,
2932 4419 3119 4478 ﬁlium
3151 4423 3460 4493 cujusdam
3491 4423 3600 4489 viri

1945 4507 2221 4564 ditissimi
2252 4509 2487 4564 nomine
2520 4509 2915 4582 Boestangum
2941 4511 3012 4566 ad
3044 4510 3429 4568 imbuendum
3451 4511 3601 4570 litte-

1945 4597 2025 4653 ris
2047 4597 2379 4670 postulatus
2411 4598 2692 4671 recepit.»
2718 4598 2835 4655 Hoc
2868 4599 2926 4654 in
2954 4600 3082 4672 [LVI]
3106 4617 3349 4658 munere
3377 4601 3598 4659 librum

2564 4688 2979 4760 grammaticae,
3004 4705 3180 4762 quem
3207 4690 3211 4694 ’
3227 4690 3466 4765 gentilio
3514 4691 3599 4748 lo-

1951 4777 2167 4849 quendi
2198 4795 2357 4833 more
2383 4779 2809 4849 Sparadorsum
2833 4779 3076 4847 vocavit,
3105 4797 3209 4852 pro
3233 4795 3299 4837 eo
3322 4781 3478 4853 quod
3494 4780 3599 4853 qui

1948 4866 2164 4922 scholis
2196 4872 2557 4922 assuesceret
2586 4867 2890 4939 puerulus,
2913 4869 3156 4925 dorsum
3188 4887 3222 4924 a
3253 4870 3452 4943 ﬂagris
3481 4887 3598 4927 ser-

1945 4973 2078 5012 vare
2100 4961 2361 5028 posset.»
2385 4956 2595 5012 Confer
2625 4957 3018 5029 praefationem
3051 4957 3402 5032 generalem,
3429 4975 3591 5014 num.

1949 5047 2032 5100 19.
2054 5045 2303 5118 Aliquod
2326 5064 2438 5102 non
2463 5047 2633 5103 breve
2653 5052 2883 5120 tempus
2905 5047 2965 5105 in
2984 5047 3336 5121 Roestangni
3361 5047 3595 5103 institu-

1944 5136 2100 5191 tione
2129 5137 2450 5208 transegit:
2477 5138 2646 5207 cujus
2678 5154 2857 5192 causa
2879 5160 2905 5187 ‹‹
2931 5137 3012 5192 ibi
3032 5137 3115 5206 (id
3149 5141 3239 5192 est
3264 5136 3324 5191 in
3355 5136 3592 5197 Provin-

1944 5225 2054 5298 cia)
2077 5225 2126 5281 ei
2151 5226 2521 5298 episcopatus
2543 5227 2716 5282 datus
2747 5230 2854 5294 est,
2870 5243 3043 5298 quem
3073 5225 3409 5297 relinquens
3441 5227 3590 5283 Lau-

1942 5315 2070 5370 bias
2087 5315 2447 5384 revertitur,»
2464 5315 2958 5388 quemadmodum
2976 5313 3254 5370 laudatus
3272 5313 3594 5372 Fulcuinus

1942 5403 2216 5475 prodidit.
2235 5403 2297 5460 In
2312 5404 2704 5460 Confessionis
2722 5404 2870 5460 libro
2891 5403 3184 5476 posterius
3206 5403 3421 5478 scripto
3443 5405 3592 5462 duos

1942 5497 2168 5548 tantum
2202 5494 2571 5565 episcopatus
2619 5493 2730 5548 sibi
2771 5493 3010 5550 collatos
3059 5493 3276 5563 innuit,
3306 5493 3590 5552 nimirum

1939 5583 2332 5638 Veronensem
2373 5587 2429 5638 et
2473 5582 2906 5652 Lcodicensem,
2940 5600 2971 5639 e
3000 5584 3216 5657 quibus
3262 5601 3399 5641 cum
3430 5602 3593 5658 aeque

1937 5672 2148 5729 fuisset
2173 5671 2400 5745 pulsus,
2429 5671 2488 5726 in
2519 5671 2723 5727 eodem
2755 5672 2904 5729 libro
2933 5678 3166 5731 exarato
3196 5677 3330 5748 post
3355 5675 3591 5747 ejectio-

1940 5778 2074 5819 nem
2106 5761 2281 5818 etiam
2312 5762 2383 5819 de
2419 5762 2555 5819 sede
2596 5762 2955 5834 Leodicensi,
2988 5781 3152 5822 num.
3184 5767 3239 5832 2,
3263 5763 3383 5820 haec
3412 5762 3525 5820 sibi
3553 5780 3587 5820 a
