4070 6376
400 376 479 449 BI
1368 378 1822 449 RATHERIUS
1867 380 2361 447 VERONENSIS
2405 375 2862 446 EPISGOPUS.
3752 366 3843 435 52
3857 380 3869 425 ς

401 504 764 574 °o'nt'essario
792 512 948 572 dicta
975 515 1152 575 refert
1184 531 1197 572 :
1226 538 1255 568 «
1287 517 1367 573 Te
1398 517 1513 575 duo
1542 515 1839 590 episcopis
1866 514 2055 588 perdi-
2083 516 2139 588 Α
2165 515 2344 574 binde
2368 516 2807 579 accedentibus,
2829 530 2896 570 ac
2917 508 3241 585 praesertim
3262 504 3835 578 Mediolanensibus,

409 605 645 661 derunt.
670 626 699 655 »
722 605 781 662 Si
813 605 961 662 duos
1002 609 1235 662 tantum
1262 606 1630 678 episcopatus
1661 603 1881 675 amisit,
1915 605 2063 661 duos
2173 623 2275 663 rex
2304 606 2446 679 Ugo,
2470 622 2610 679 erga
2631 621 2807 679 quem
2840 602 2969 660 Itali
3002 600 3154 658 male
3179 602 3346 657 erant
3377 597 3588 663 affecti,
3614 596 3841 654 Medio-

407 695 645 751 tantum
670 699 1025 767 susceperat.
1049 694 1154 751 Hic
1175 694 1351 767 igitur
1374 693 1581 748 tertius
1607 692 1977 765 episcopatus
2005 693 2063 749 in
2174 678 2380 753 Ianum
2404 678 2567 752 misit
2588 678 2800 751 Filium
2828 691 3192 758 Lotharium,
3209 692 3413 761 petens
3440 705 3474 742 a
3492 686 3842 759 Berengario

412 782 736 853 Provincia,
770 783 884 856 ipsi
931 783 1109 851 datus,
1147 784 1205 839 id
1244 787 1353 850 est,
1386 782 1615 838 oblatus
1663 782 1901 855 quidem
1951 782 2066 839 dici
2177 789 2235 841 et
2265 786 2488 841 caeteris
2522 784 2698 840 Italia:
2732 781 3107 857 primatibus,
3133 783 3199 835 ut
3247 777 3297 834 si
3347 794 3408 834 se
3455 777 3516 832 in
3551 774 3714 833 Italia
3744 792 3847 831 re—

418 875 636 945 potest,
669 871 916 927 collatus
944 888 1079 927 vero
1104 887 1220 926 non
1249 871 1411 927 item.
2178 890 2360 947 gnare
2387 873 2641 946 amplius
2682 872 2927 943 nollent,
2958 869 3147 926 ﬁlium
3194 867 3403 924 saltem
3435 882 3611 923 suum
3642 864 3846 922 adole-

492 962 583 1018 31.
615 962 819 1033 Itaque
847 963 977 1033 post
1024 959 1365 1015 institutum
1407 961 1870 1034 Roestangnum,
1907 977 2072 1017 recu-
2182 963 2537 1031 scentulum,
2572 962 2672 1035 qui
2687 962 2784 1018 nil
2815 962 2873 1016 in
2910 976 3009 1017 eos
3040 958 3387 1032 deliquerat,
3421 959 3479 1012 et
3504 972 3574 1012 ex
3602 959 3732 1012 voto
3759 955 3850 1027 ip-

421 1054 550 1107 sato
572 1050 909 1123 episcopatu
938 1048 1051 1122 ipsi
1072 1049 1265 1105 oblato
1296 1049 1355 1105 in
1378 1049 1700 1117 Provincia,
1726 1050 1981 1107 Laubias
2003 1051 2074 1106 ad
2185 1070 2384 1109 eorum
2430 1051 2665 1108 educari
2710 1054 2957 1124 poterat,
2984 1065 3180 1122 regem
3229 1048 3617 1120 agnoscerent
3636 1043 3845 1114 (LVIII).

422 1155 566 1197 suos
587 1137 905 1195 monachos
925 1138 1736 1212 rediit.TempusaFulcuino
1760 1139 2073 1197 indicatur.
2185 1142 2275 1199 Illi
2306 1141 2707 1198 misericordia
2735 1138 3024 1207 inclinati,
3055 1138 3254 1211 ipsum
3288 1134 3625 1191 Lotharium
3661 1134 3721 1189 in
3752 1150 3850 1189 ec-

428 1244 459 1280 ‹‹
484 1227 849 1294 Riebarius,n
881 1227 1094 1299 inquit,
1124 1250 1145 1277 ι
1171 1232 1313 1283 tunc
1349 1227 1539 1283 adhuc
1569 1233 1890 1300 supererat,
1910 1246 1944 1284 a
1963 1246 2078 1302 quo
2188 1231 2366 1287 clesia
2394 1236 2528 1287 ante
2560 1247 2793 1286 crucem
2825 1232 3186 1301 prostratum
3216 1228 3544 1293 erexerunt,
3561 1227 3620 1279 et
3648 1239 3852 1296 regem

424 1314 817 1373 favorabiliter
846 1319 1135 1388 receptus,
1161 1315 1399 1372 Laubiis
1424 1320 1513 1373 est
1542 1316 1807 1374 habitare
1833 1319 2080 1391 permis-
2191 1320 2648 1394 proclamarunt.
2683 1319 2745 1375 Id
2778 1317 3140 1392 affigendum
3167 1331 3320 1373 anno
3344 1315 3452 1369 945
3480 1312 3857 1369 Frodoardus

425 1419 559 1473 sus;
583 1420 689 1461 nec
708 1402 896 1459 multo
918 1407 1053 1475 post
1069 1403 1376 1460 Richarius
1398 1405 1666 1473 decessit,
1687 1411 1998 1479 postquam
2022 1407 2082 1463 in
2194 1426 2418 1466 coaevus
2461 1413 2662 1465 auctor
2709 1425 2814 1465 nos
2863 1406 3135 1463 dubitare
3167 1422 3284 1461 non
3332 1402 3501 1471 sinit;
3533 1402 3644 1458 hoc
3692 1400 3856 1457 enim

427 1494 770 1568 episcopatu
799 1491 1009 1566 viginti
1040 1494 1188 1549 duos
1227 1511 1411 1550 annos
1454 1495 1696 1566 peregit.
1725 1517 1753 1544 »
1777 1495 2083 1552 Richarius
2197 1514 2350 1552 anno
2380 1497 2583 1551 scribit
2628 1496 2690 1550 in
2738 1495 3021 1551 Chronico
3055 1511 3105 1548 :«
3138 1492 3260 1566 Ugo
3300 1508 3401 1547 rex
3448 1489 3625 1547 Italiae
3674 1505 3858 1562 regno

432 1581 807 1638 Leodieensis
821 1581 1258 1654 episcopus,qui
1275 1582 1451 1638 simul
1470 1588 1593 1639 erat
1609 1584 1791 1639 abbas
1805 1584 2089 1641 Laubien-

438 1671 545 1740 eis,
567 1674 872 1744 promotus
897 1671 1085 1727 fuerat
1113 1686 1265 1727 anno
1288 1674 1493 1739 922,ut
1520 1671 1775 1729 vidimus
1808 1691 1971 1729 num.
2002 1676 2089 1731 10.

434 1759 499 1817 Si
520 1756 715 1816 autem
729 1783 757 1811 «
779 1759 839 1814 in
861 1759 1199 1833 episcopatu
1215 1760 1418 1834 viginti
1441 1762 1587 1818 duos
1604 1779 1789 1819 annos
1811 1763 2091 1837 peregit,»

435 1862 469 1905 e
495 1847 640 1906 vivis
668 1848 936 1905 sublatus
961 1849 1072 1904 fuit
1093 1854 1339 1906 exeunte
1361 1867 1514 1906 anno
1542 1852 1668 1919 944,
1688 1851 1775 1907 vel
1797 1852 1991 1925 potius
2012 1853 2097 1907 in'

2122 1896 2171 1961 B

2197 1584 2481 1657 depulsus
2503 1602 2535 1640 a
2557 1584 2701 1653 suis,
2726 1588 2782 1641 et
2803 1582 2959 1640 ﬁlius
2980 1582 3169 1656 ipsius
3191 1582 3250 1637 in
3273 1596 3520 1654 regnum
3543 1581 3862 1651 susceptus

2200 1677 2310 1730 est.
2336 1696 2364 1724 »
2388 1674 2627 1730 Interim
2670 1678 2793 1746 Ugo
2842 1690 2959 1728 suae
3011 1671 3138 1727 vitae
3185 1669 3514 1743 periculum
3562 1673 3856 1735 metuens,

2205 1764 2383 1837 Papia
2412 1780 2545 1819 cum
2576 1779 2792 1837 magna
2820 1762 2946 1819 auri
2986 1766 3044 1818 et
3083 1760 3309 1834 argenti
3350 1759 3518 1832 copia
3545 1758 3858 1825 excedens,

2207 1853 2318 1909 iter
2346 1857 2684 1925 susceperat
2710 1853 2882 1925 Alpes
2908 1867 3113 1907 versus
3136 1850 3477 1906 deserturus
3506 1847 3755 1905 Italiam.
3791 1848 3862 1905 In

436 1942 616 1994 eunte
661 1954 817 1993 anno
861 1937 987 2007 945,
1020 1953 1138 2009 quo
1170 1940 1297 2010 ejus
1329 1944 1575 1995 mortem
1627 1945 1683 1995 et
1714 1940 1952 2014 Ogonis,
1987 1960 2089 1997 seu
2123 1936 2171 1961 ”
2201 1942 2407 1998 itinere
2435 1941 2681 1999 nuntius
2710 1940 2926 2008 retulit,
2955 1939 3131 1996 Italos
3164 1956 3280 1995 non
3310 1954 3601 2005 recusare,
3624 1936 3864 2009 quomi-

437 2026 702 2100 Hugonis
732 2028 862 2099 ejus
890 2029 1249 2085 successoris
1292 2028 1632 2085 electionem
1663 2029 1778 2086 duo
1807 2030 2093 2088 Chronica

437 2116 758 2173 Leodiense
795 2119 852 2172 et
893 2117 1178 2174 Lobiense
1226 2134 1360 2174 cum
1411 2119 1742 2175 Frodoardo
1792 2126 2091 2177 notarunt.

440 2205 751 2263 Ratherius
777 2205 959 2277 igitur
978 2222 1013 2263 a
1034 2205 1302 2263 Tichario
1319 2208 1590 2280 episcopo
1613 2208 1789 2264 simul
1812 2214 1868 2265 et
1889 2210 2098 2265 abbate

441 2294 617 2370 paulo
648 2297 780 2351 ante
803 2294 990 2369 ipsius
1010 2299 1259 2351 mortem
1286 2296 1346 2351 in
1370 2297 1654 2353 Lobiense
1673 2299 2096 2355 monasterium

444 2387 713 2457 receptus
745 2399 897 2440 anno
946 2385 1052 2439 944
1082 2401 1113 2438 e
1140 2384 1440 2440 Provincia
1490 2379 1738 2442 Laubias
1788 2389 2095 2445 concessit.

445 2473 533 2531 Ibi
561 2477 760 2529 tamen
790 2472 1085 2528 modicum
1116 2471 1468 2530 immoratus
1497 2479 1615 2544 est;
1641 2493 1778 2531 nam
1806 2494 1956 2533 anno
1994 2478 2101 2534 946

446 2561 843 2619 Veronensem
864 2560 1263 2634 episcopatum
1294 2569 1635 2635 recuperatu
1645 2582 1745 2622 rus
1772 2565 1997 2622 Italiam
2020 2584 2102 2623 re-

450 2650 653 2725 petiit;
685 2653 753 2705 ut
782 2656 850 2706 ex
880 2650 1262 2723 sequentibus
1293 2652 1530 2724 patebit.

454 2738 614 2815 [Lvn]
634 2738 665 2812 §
682 2737 889 2794 VII.-—
908 2738 1199 2815 Ratherius
1223 2740 1365 2815 redit
1393 2742 1457 2815 in,
1496 2743 1718 2799 Italiam
1748 2744 1984 2813 Ugonem
2012 2759 2103 2799 re-

527 2817 1071 2886 gemLconventilm.
1095 2812 1324 2883 Capitur
1363 2829 1399 2868 a
1443 2812 1862 2886 Berengario.'A
1910 2815 2106 2872 Milone

523 2883 721 2964 comite
766 2882 829 2936 in
856 2882 1223 2964 episcopatum
1275 2882 1633 2964 νεζᾳγεθηςςεηί
1671 2889 2105 2964 revocatur.AUgo

525 2970 628 3026 rex
667 2953 906 3013 deseruit
932 2955 1151 3010 Italiam
1175 2971 1319 3011 anno
1348 2956 1472 3021 947,
1502 2974 1614 3013 non
1642 2974 1765 3014 vero
1794 2975 1939 3014 anno
1967 2953 2103 3026 946;

524 3023 670 3097 diem
696 3029 879 3097 autem
906 3040 1221 3097 supremum
1248 3028 1385 3082 obiit
1414 3029 1471 3082 in
1502 3030 1796 3086 Prouincia
1821 3046 1931 3087 non
1961 3023 2107 3087 anno

525 3095 657 3165 947,·
682 3096 776 3152 ,ςεά
803 3094 930 3153 948.

524 3185 613 3241 32.
649 3183 1034 3259 Berengarius
1089 3186 1384 3260 Eporedize
1441 3188 1727 3258 marehio,
1779 3188 2115 3264 Berengarii

2203 2050 2315 2088 nus
2358 2033 2482 2105 ipse
2513 2048 2747 2104 quoque
2791 2029 2967 2087 Italiae
3016 2047 3116 2087 rex
3162 2032 3345 2097 esset;
3380 2027 3536 2083 unde
3582 2025 3863 2083 laudatus

2205 2122 2575 2179 Frodoardus
2607 2121 2780 2176 refert
2827 2122 2899 2175 ad
2949 2135 3169 2174 annum
3195 2119 3365 2174 946.‹‹
3397 2116 3518 2190 Ugo
3550 2133 3650 2173 rex
3678 2115 3865 2173 Italiae

2206 2226 2240 2265 a
2270 2209 2395 2265 suis
2450 2208 2509 2263 in
2569 2224 2815 2282 regnum
2874 2207 3169 2280 recipitur.
3196 2228 3224 2255 »
3254 2205 3315 2261 Id
3348 2202 3681 2277 Berengarii
3738 2205 3866 2258 arte

2206 2298 2425 2354 factum
2458 2301 2571 2366 est,
2590 2314 2662 2352 ne
2691 2297 2845 2353 ultra
2869 2286 3095 2351 montes
3125 2298 3210 2350 tot
3241 2294 3548 2350 thesauros
3579 2291 3865 2348 transfer-

2207 2393 2315 2454 ret,
2362 2387 2577 2460 quibus
2624 2386 3111 2459 Burgundionum
3160 2382 3529 2454 aliorumque
3559 2380 3864 2437 Gallorum

2209 2477 2460 2533 exercitu
2494 2480 2826 2548 comparato
2857 2474 3121 2530 Italicum
3150 2488 3396 2546 regnum
3427 2486 3705 2544 recupare
3733 2486 3868 2542 pos-

2211 2570 2317 2622 set.
2341 2571 2484 2620 uum
2516 2568 2876 2620 memoratus
2921 2562 3287 2619 Frodoardus
3326 2560 3385 2615 id
3418 2559 3679 2632 assignet
3707 2574 3866 2614 anno

2210 2656 2339 2723 946,
2369 2653 2769 2726 Liutprandus
2818 2656 3013 2709 autem
3061 2655 3375 2723 utramque
3419 2648 3525 2704 ﬁlii
3579 2647 3864 2720 primum,

2214 2748 2270 2799 et
2298 2743 2432 2798 dein
2463 2742 2649 2815 patris
2696 2741 3086 2814 receptionem
3131 2740 3212 2795 ita
3242 2737 3556 2808 describat,
3586 2740 3652 2792 ut
3680 2734 3871 2791 altera

2214 2833 2287 2889 ab
2320 2832 2497 2888 altera
2528 2849 2644 2887 non
2684 2831 2938 2887 multum
2978 2830 3256 2898 abfuerit;
3289 2827 3543 2900 priorem
3573 2824 3735 2881 illam
3768 2841 3866 2881 ac-

2215 2922 2427 2978 cidisse
2458 2922 2751 2978 credimus
2801 2920 2911 2977 sub
2959 2919 3136 2977 ﬁnem
3182 2918 3321 2973 anni
3366 2917 3494 2984 945,
3524 2916 3697 2972 istam
3729 2929 3870 2970 vero

2217 3011 2459 3067 alteram
2494 3011 2604 3065 sub
2630 3009 2863 3065 initium
2889 3008 3028 3065 anni
3048 3008 3174 3063 946.
3198 3008 3481 3081 Caeterum
3514 3003 3641 3061 Itali
3673 3002 3875 3076 reipsa

2218 3101 2444 3156 nudum
2475 3098 2629 3172 regis
2675 3098 2913 3154 titulum
2943 3097 3126 3170 Ugoni
3159 3100 3216 3153 et
3252 3095 3375 3151 filio
3418 3095 3548 3166 ejus
3597 3090 3874 3147 Lothario

2218 3188 2604 3261 reliquerunt,
2627 3185 2974 3259 Berengario
3000 3186 3180 3242 totius
3209 3184 3374 3258 regni
3405 3199 3641 3240 summa
3670 3198 3736 3237 ac
3768 3197 3874 3255 po-

450 3274 822 3346 imperatoris
860 3291 930 3331 ex
958 3275 1120 3332 Gisla
1176 3293 1378 3349 nepos,
1412 3278 1512 3349 qui
1572 3296 1725 3335 anno
1756 3279 1862 3336 930
1890 3280 2108 3354 Ugonis
2140 3266 2184 3335 C
2220 3274 2435 3335 testate
2457 3277 2670 3333 delata.

450 3362 702 3419 insidias
759 3362 1186 3433 declinaturus,
1244 3366 1397 3438 apud
1454 3367 1833 3424 Etimannum
1889 3370 2108 3426 Sueviae

453 3451 665 3521 ducem
715 3451 1074 3524 confugerat,
1128 3470 1279 3510 anno
1333 3456 1442 3511 945
1496 3473 1629 3512 eum
1686 3457 1797 3514 levi
1850 3458 2107 3514 militum

454 3537 689 3612 agmine
742 3555 846 3613 per
872 3540 1195 3599 Venustam
1227 3543 1436 3601 vallem
1479 3545 1539 3601 in
1588 3545 1817 3604 Italiam
1872 3552 2109 3605 conten-

452 3630 622 3699 dens,
649 3633 845 3686 castra
891 3629 1176 3703 applicuit
1224 3634 1295 3689 ad
1339 3636 1731 3692 munitionem
1783 3636 2109 3694 Tridentini

456 3718 603 3791 agri,
618 3734 746 3791 quae
766 3720 1082 3777 vocabatur
1103 3722 1474 3780 Formicaria.
1501 3725 1804 3781 Manasses
1832 3726 2117 3800 archiepi'

456 3824 672 3880 scopus
701 3807 1077 3879 Arelatensis,
1100 3811 1396 3885 et‘Ugonis
1428 3814 1581 3887 regis
1614 3814 2110 3888 consanguineus,

456 3896 551 3953 eui
586 3896 741 3953 idem
773 3913 874 3954 rex
906 3902 1025 3956 tres
1074 3900 1165 3956 sui
1220 3901 1383 3975 regni
1433 3901 1719 3958 Ecclesiae
1770 3903 2112 3975 tradiderat,

457 4007 487 4036 κ
512 4002 638 4056 seu,
662 3987 818 4059 quod
838 3986 1033 4044 verius
1054 3992 1162 4057 est,
1179 4012 1207 4040 »
1230 3990 1425 4062 inquit
1452 3991 1874 4063 Liutprandus,
1892 4015 1920 4042 «
1943 3992 2003 4048 in
2033 4010 2120 4050 es-

456 4091 586 4131 cam
616 4075 859 4132 dederat
887 4078 1176 4150 (LIUTPR.,
1209 4078 1249 4134 l.
1283 4096 1356 4146 ιν,
1391 4096 1440 4134 c.
1465 4079 1543 4150 3),
1570 4102 1598 4128 ››
1626 4079 1909 4137 nimirum
1938 4082 2115 4139 Vero-

454 4180 721 4233 nensem,
746 4163 1152 4223 Tridentinam
1178 4171 1235 4223 et
1266 4168 1678 4237 Mantuanam;
1704 4186 1839 4225 cum
1872 4171 2117 4228 Triden-

453 4252 643 4310 tinam
672 4270 908 4326 quoque
952 4256 1280 4313 marchiam
1332 4257 1791 4328 administraret,
1817 4259 2120 4318 laudatam

457 4341 851 4399 munitionem
879 4344 1167 4402 Adelardo
1197 4345 1408 4403 clerico
1457 4365 1564 4404 suo
1613 4342 2124 4409 commendaverat

458 4428 592 4502 (1b.,
626 4428 665 4484 l.
689 4447 746 4497 ν,
771 4447 822 4487 c.
843 4432 954 4504 12).
979 4434 1125 4490 Cum
1172 4435 1282 4492 hoc
1331 4434 1717 4510 Berengarius
1767 4437 2121 4497 collocutus'

449 4518 838 4590 jurejurando
868 4523 1203 4595 spopondit,
1232 4541 1296 4580 se
1324 4525 1580 4582 Manassi
1603 4526 1878 4584 daturum
1902 4517 2124 4586 Medio-

2289 3367 2377 3422 33.
2409 3366 2473 3422 In
2503 3365 2666 3421 hisce
2713 3367 2932 3421 rerum'
2957 3362 3248 3438 angustiis
3287 3362 3408 3436 Ugo
3453 3360 3742 3434 paenitens
3772 3375 3873 3416 eo-

2220 3473 2375 3523 rum,
2402 3472 2527 3528 quae
2574 3457 2777 3511 contra
2806 3453 3146 3510 Ratherium
3194 3454 3472 3525 gesserat,
3496 3454 3554 3506 et
3603 3447 3877 3505 fortassis

2221 3545 2396 3602 etiam
2428 3543 2735 3617 paenitens,
2760 3560 2821 3600 se
2842 3543 2902 3598 in
2925 3540 3188 3598 Ratherii
3210 3539 3549 3596 cathedram
3572 3535 3879 3594 suffecisse

2222 3634 2573 3703 Manassem,
2609 3633 2711 3705 qui
2750 3635 2872 3688 tam
2904 3635 3097 3704 aperte
3146 3629 3452 3696 defecerat,
3481 3627 3609 3699 ejus
3636 3625 3879 3681 videndi

2222 3727 2277 3780 et
2308 3722 2671 3791 restituendi,
2701 3722 2752 3779 si
2790 3724 3006 3793 posset,
3032 3716 3388 3775 desiderium
3428 3716 3648 3790 pluries
3676 3712 3880 3771 decla-

2224 3812 2371 3869 ravit
2395 3812 2571 3885 (epist.
2598 3813 2634 3867 5
2661 3810 2730 3867 ad
2752 3812 2857 3877 10.,
2892 3827 2949 3865 n.
2973 3810 3050 3881 5).
3077 3809 3138 3864 Id
3168 3811 3234 3863 ut
3273 3806 3497 3880 accepit
3536 3803 3876 3873 Ratherius,

2226 3919 2378 3958 anno
2426 3900 2647 3958 scilicet
2674 3902 2801 3965 946,
2828 3923 2855 3951 «
2885 3897 3034 3955 sedit
3081 3896 3299 3965 animo,
3327 3919 3355 3946 »
3383 3895 3575 3968 inquit
3612 3893 3783 3967 epist.
3817 3894 3876 3961 5,

2225 4014 2254 4043 «
2289 3991 2457 4047 illum
2488 3992 2667 4058 adire,
2692 3991 2936 4062 ejusque
2957 3987 3351 4045 calamitatem
3373 3985 3648 4041 omnibus
3668 3982 3883 4039 diebus

2228 4079 2506 4153 obsequio
2547 4079 2724 4136 solari
2758 4095 2771 4135 :
2804 4095 2941 4134 nam
2982 4094 3085 4133 nec
3125 4076 3404 4143 defuerat,
3422 4073 3524 4147 qui
3554 4072 3883 4138 intimaret,

2229 4187 2358 4226 sero
2388 4169 2543 4237 licet,
2568 4171 2640 4222 ut
2670 4167 2869 4233 timeo,
2903 4165 3177 4239 quodque
3219 4163 3373 4219 Deus
3405 4162 3478 4217 ab
3509 4159 3607 4215 illo
3656 4160 3883 4215 avertat

2230 4257 2483 4332 postulo,
2519 4256 2673 4330 quod
2733 4253 3015 4328 pmnitens
3069 4270 3221 4326 saepe
3276 4254 3556 4324 optasset,
3606 4252 3670 4304 ut
3712 4247 3883 4302 daret

2231 4350 2405 4414 Deus,
2439 4363 2553 4420 quo
2603 4346 2674 4402 ad
2724 4361 2860 4402 eum
2888 4344 3168 4405 venirem,
3201 4347 3259 4397 et
3288 4340 3337 4397 si
3368 4338 3605 4407 valeret,
3640 4336 3883 4393 restitu-

2230 4436 2451 4493 tionem
2484 4434 2629 4489 mihi
2659 4434 3024 4506 impetraret;
3067 4432 3159 4487 sin
3204 4429 3369 4500 alias,
3403 4430 3567 4483 daret
3618 4424 3880 4498 pecunia:

2229 4529 2563 4595 tantum,ut
2593 4522 2845 4596 amplius
2876 4539 2990 4578 non
3021 4536 3315 4595 egerem.»
3341 4515 3652 4574 Ratherius
3680 4513 3884 4587 itaque

458 4605 763 4707 lanensem
793 4610 1135 4681 Ecclesiam,
1174 4613 1223 4670 si
1256 4630 1376 4669 suae
1406 4616 1557 4687 parti
1587 4633 1756 4689 opem
1788 4618 1979 4675 ferret.
2012 4619 2117 4676 Hic
2147 4642 2195 4707 D
2230 4615 2489 4688 Ugonem
2512 4617 2903 4670 conventurus
2925 4609 3161 4667 Laubiis
3183 4605 3468 4665 discessit.
3490 4608 3565 4661 At
3588 4605 3649 4661 in
3672 4603 3883 4660 itinere

460 4711 567 4769 spe
597 4696 939 4771 hujusmodi
986 4699 1238 4771 illectus,
1267 4720 1383 4759 non
1414 4703 1606 4761 solum
1654 4723 1783 4762 eam
1838 4708 2114 4765 munitio-

461 4801 599 4841 nem
638 4789 989 4861 Berengario
1030 4791 1298 4862 tradidit;
1331 4809 1535 4850 verum
1567 4795 1744 4852 etiam
1786 4800 1968 4853 totam
2006 4798 2117 4853 Ita-

461 4874 611 4932 lium
646 4875 761 4949 ipsi
796 4877 1105 4936 conciliare
1128 4880 1371 4938 studuit.
1398 4883 1576 4940 Fama
1604 4884 1783 4957 hujus
1814 4885 1896 4941 rei
1944 4884 2118 4941 citius

465 4964 725 5040 vulgata,
746 4972 1045 5040 coeperunt
1069 4986 1202 5026 mox
1222 4970 1509 5041 nonnulli,
1525 4973 1723 5047 Ugone
1745 4975 1994 5041 deserto,
2019 4974 2122 5031 Be-

464 5056 735 5129 rengario
767 5055 1083 5116 adhaerere.
1132 5060 1288 5117 Inter
1315 5061 1423 5119 hos
1454 5062 1611 5131 Milo,
1653 5080 1849 5119 comes
1877 5063 2118 5119 Veronae

464 5150 811 5218 praepotens,
836 5147 1066 5221 primus
1098 5149 1208 5205 fuit
1239 5168 1250 5205 :
1288 5151 1390 5223 qui
1418 5153 1558 5207 dum
1592 5152 1775 5225 Ugoni
1809 5160 2118 5225 suspectus

464 5231 704 5304 Papiam
724 5236 934 5293 fuisset
949 5243 1239 5310 evocatus,
1255 5240 1453 5314 ibique
1471 5242 1755 5313 appositis
1772 5241 1919 5297 clam
1937 5246 2127 5298 custo'l

468 5321 642 5379 dibus
654 5324 1088 5397 observaretur;
1104 5329 1386 5401 producta
1399 5347 1565 5386 cmna
1579 5346 1766 5401 usque
1781 5331 1851 5385 ad
1867 5330 2120 5387 mediam

469 5414 1183 5491 noctem,custodibusque
1198 5419 1329 5477 vino
1346 5424 1403 5477 et
1418 5436 1624 5475 somno
1642 5421 1959 5493 consopitis
1984 5421 2124 5494 fuga

470 5516 533 5555 se
555 5501 857 5574 subduxit,
884 5508 940 5560 et
962 5522 1077 5563 uno
1098 5513 1328 5565 tantum
1352 5509 1665 5565 comitante
1686 5510 1975 5566 Veronam
1998 5528 2124 5583 per-

468 5588 649 5658 venit,
675 5591 776 5647 ubi
818 5591 1232 5669 Berengarium
1275 5598 1475 5653 statim
1515 5598 1722 5654 accivit
1759 5603 1934 5672 atque
1965 5615 2119 5656 rece-

471 5680 577 5754 pit.
596 5678 738 5737 Aliis
770 5686 964 5741 autem
997 5691 1171 5760 atque
1193 5687 1325 5744 aliis
1343 5687 1415 5742 ad
1446 5686 1776 5762 Berengarii
1801 5692 1993 5763 partes
2020 5707 2118 5749 su-

2225 4704 2612 4777 Berengarius
2641 4702 2839 4774 ipsum
2863 4698 3321 4773 comprehendit.
3347 4697 3404 4753 Id
3431 4694 3722 4752 Manassis
3752 4696 3881 4749 stu-

2228 4795 2325 4850 dio
2361 4794 2580 4849 factum
2613 4794 2722 4863 est,
2748 4791 2962 4864 quippe
3001 4789 3102 4863 qui
3128 4788 3522 4844 Veronensem
3557 4782 3880 4841 Ecclesiam

2229 4882 2341 4939 sibi
2373 4882 2444 4937 ab
2475 4898 2542 4938 eo
2588 4880 2961 4937 adimendam
2994 4880 3301 4935 metueret.
3335 4875 3549 4932 Tribus
3598 4877 3655 4930 et
3698 4873 3882 4930 semis

2228 4971 2532 5028 mehsibns
2564 4968 2876 5027 Ratherius
2929 4969 3043 5025 fuit
3090 4968 3200 5025 sub
3259 4964 3527 5024 custodia
3584 4960 3878 5031 retentus;

2229 5062 2363 5118 inde
2394 5066 2591 5117 autem
2617 5059 2891 5127 emissus,
2914 5056 3233 5114 Veronensi
3255 5055 3520 5112 Ecclesim
3548 5052 3771 5109 reditus
3793 5056 3887 5107 est

2230 5151 2464 5209 Milonis
2516 5150 2746 5206 comitis
2795 5165 2989 5222 opera,
3021 5151 3086 5203 ut
3134 5145 3357 5203 scilicet
3407 5145 3742 5200 Manassem
3784 5156 3885 5195 ex—

2233 5240 2507 5315 pelleret:
2533 5240 2664 5312 [nx]
2695 5239 2937 5295 timebat
2968 5236 3146 5302 enim,
3172 5251 3243 5291 ne
3272 5234 3344 5301 is,
3369 5233 3469 5306 qui
3499 5229 3760 5305 potentia
3782 5246 3882 5285 va-

2231 5330 2386 5387 lebat
2417 5329 2761 5402 plurimum,
2790 5323 3129 5399 poenitentia
3176 5325 3409 5393 ductus,
3455 5340 3488 5379 a
3534 5318 3886 5392 Berengario

2231 5420 2526 5486 deﬁciens,
2551 5416 3023 5473 rcconciliaretur
3052 5431 3186 5470 cum
3209 5413 3405 5487 Ugone
3426 5408 3717 5467 avunculo
3750 5423 3882 5477 suo,

2230 5509 2458 5581 sibique
2488 5508 2701 5564 iterum
2751 5502 2949 5560 rebelli
2990 5502 3230 5561 exitium
3278 5504 3525 5575 pareret.
3557 5499 3688 5555 Haec
3720 5501 3887 5571 gesta

2228 5615 2357 5657 esse
2388 5615 2540 5653 anno
2569 5597 2675 5651 946
2705 5593 3081 5667 perSpicuum
3131 5595 3197 5649 ﬁt
3248 5609 3317 5648 ex
3361 5590 3733 5655 documento,
3766 5603 3886 5659 quo

2230 5687 2540 5747 Ratherius
2584 5686 2642 5742 in
2684 5683 3036 5743 Veronensis
3084 5683 3455 5759 episcopatus
3512 5675 3901 5757 possessione.
