4070 6376
179 386 261 456 53
1208 391 1823 461 PROLEGOMENA.
1859 426 1939 443 --
1967 397 2347 469 RATHERII
2390 403 2600 473 VITA.
3537 414 3614 481 54

176 527 488 602 praefertur
517 525 799 586 Januario
834 544 1038 586 mense
1071 528 1210 585 anni
1240 528 1366 587 947.
1387 529 1506 589 Hoc
1527 529 1850 589 documen-
1878 531 1936 602 Α
1963 534 2190 594 Italiam
2221 539 2553 599 deseruisse
2576 542 2861 600 dicendus
2893 547 2998 603 est.
3019 543 3080 603 Id
3103 547 3332 606 tantum
3353 526 3638 607 innuunt'

175 623 302 674 tum
334 636 526 691 nuper
555 618 864 692 vulgatum
890 636 925 674 a
953 619 1291 676 marchione
1321 621 1394 676 de
1424 619 1715 696 Dionysiis
1748 638 1846 677 ca-

174 709 389 765 nonico
420 713 639 765 nostra:
674 708 1028 765 cathedralis
1060 709 1336 780 ecclesiae,
1371 714 1461 766 est
1488 710 1844 767 instrumen-

174 803 306 855 tum
339 798 628 872 originale
664 798 1145 870 commutationis
1203 805 1400 857 actum
1435 822 1463 850 «
1497 799 1557 855 in
1616 799 1844 855 civitate

174 887 410 944 Verona
443 887 602 944 inter
628 888 912 944 domuum
946 887 1288 944 Ratherium
1320 887 1708 944 venerabilem
1730 890 1845 960 epi-

179 993 429 1048 scopum
488 981 707 1032 sanctce
765 976 1118 1032 Veronensis
1167 977 1456 1042 Ecclesiae,
1488 995 1595 1034 nec
1640 995 1757 1033 non
1788 983 1844 1033 et

179 1064 334 1121 inter
364 1067 560 1121 Leone
592 1066 749 1121 filius
781 1067 1077 1138 quondam
1111 1066 1480 1122 Theudelavo
1511 1068 1582 1122 de
1626 1069 1840 1139 Arega-

179 1168 288 1231 sta,
307 1185 336 1212 »
352 1163 448 1218 cui
472 1168 530 1219 et
546 1163 674 1236 ipse
697 1163 1008 1219 Ratherius
1032 1163 1266 1236 propria
1284 1180 1461 1219 manu
1490 1164 1842 1236 subscripsit

179 1269 312 1309 cum
368 1251 596 1308 caeteris
651 1251 1004 1308 cathedralis
1064 1253 1318 1309 ecclesiae
1375 1253 1620 1321 clericis,
1660 1275 1688 1305 ιι
1748 1270 1836 1308 re-

176 1345 394 1414 gnante
426 1341 644 1397 domno
676 1345 873 1397 nostro
901 1343 1067 1413 Hugo
1099 1358 1233 1414 rege
1262 1341 1356 1398 hic
1383 1343 1441 1397 in
1468 1342 1636 1398 Italia
1683 1359 1836 1400 anno

167 1431 448 1488 vicesimo
481 1431 695 1502 primo,
732 1435 790 1486 et
819 1432 1034 1486 domno
1063 1431 1336 1487 Lothario
1370 1431 1488 1486 ﬁlio
1520 1433 1646 1503 ejus
1701 1448 1835 1504 rege

173 1537 328 1576 anno
359 1519 756 1576 sextodecimo
785 1521 894 1575 sub
926 1519 1017 1575 die
1050 1520 1120 1575 de
1175 1536 1378 1577 mense
1434 1521 1698 1577 Januarii
1745 1521 1832 1575 in-

169 1609 426 1665 dictione
456 1627 509 1676 v,
540 1631 569 1658 »
602 1613 743 1666 sunt
771 1609 1138 1666 characteres
1199 1610 1338 1665 anni
1383 1611 1511 1666 947.
1545 1611 1604 1666 Si
1635 1613 1832 1666 autem

166 1698 451 1756 Januario
479 1714 686 1754 mense
717 1698 854 1754 anni
879 1700 985 1754 947
1009 1698 1323 1754 Ratherius
1353 1699 1592 1770 paciﬁce
1612 1699 1831 1772 episco-

168 1793 311 1860 patu
345 1787 676 1854 fruebatur,
705 1787 894 1843 tribus
951 1793 1146 1844 autem
1179 1793 1238 1843 et
1286 1787 1464 1844 semis
1523 1789 1829 1844 mensibus

1955 626 2199 686 alterius
2230 631 2628 689 adnotationis
2657 635 2832 691 verba
2855 659 2882 685 ‹‹
2916 639 3049 708 post
3079 637 3385 695 decessum
3417 639 3605 712 ipsius

1954 716 2190 790 Ugonis,
2227 741 2254 768 >>
2289 721 2346 776 id
2379 725 2486 793 est,
2509 727 2822 795 postquam
2853 725 2976 798 Ugo
3009 743 3078 782 ex
3107 727 3276 784 Italia
3299 729 3549 786 decessit
3583 747 3597 786 :
3629 735 3633 737 ’

1952 820 2009 872 et
2067 817 2388 875 decessisse
2445 821 2682 892 quidem
2737 839 2938 879 mense
2967 823 3148 897 Aprili
3207 826 3344 880 anni
3371 827 3496 896 947,
3531 844 3600 883 ex

1951 905 2241 963 chronicis
2273 907 2426 963 notis
2484 909 2703 966 ibidem
2753 911 3092 985 designatis,
3127 915 3500 988 agnoscitur;
3533 933 3598 973 ac

1950 999 2255 1067 propterea
2277 998 2411 1067 jure
2433 997 2768 1070 Sigebertus
2801 1005 2857 1055 et
2887 1003 3179 1058 annalista
3209 1005 3355 1060 Saxo
3389 1027 3418 1056 ‹‹
3446 1005 3596 1078 Ugo-

1950 1101 2083 1140 nem
2115 1085 2431 1153 Arelatum,
2455 1088 2608 1142 unde
2628 1095 2880 1157 venerat,
2902 1091 3144 1148 rediisse
3169 1115 3198 1142 »
3221 1094 3424 1150 eodem
3443 1111 3596 1150 anno

1947 1183 2225 1239 referunt.
2260 1183 2566 1241 Enimvero
2598 1186 3055 1244 instrumentum
3118 1193 3596 1248 commutationis

1946 1272 2121 1344 paulo
2149 1277 2281 1329 ante
2309 1273 2612 1330 laudatum
2644 1293 2777 1331 cum
2804 1299 2832 1328 «
2864 1278 3122 1350 Ugonem
3155 1297 3349 1352 regem
3382 1281 3476 1336 hic
3534 1281 3594 1336 in

1945 1362 2158 1419 Italia»
2185 1363 2497 1420 exhibebat
2527 1381 2728 1421 mense
2756 1367 3033 1423 Januario
3064 1369 3203 1424 anni
3224 1371 3334 1424 947
3356 1388 3370 1438 ;
3395 1370 3592 1442 ipsum

1943 1451 2053 1507 hoc
2082 1456 2345 1524 tempore
2401 1452 2592 1508 adhuc
2638 1454 2699 1508 in
2757 1455 2922 1512 Italia
2974 1456 3155 1513 fuisse
3186 1458 3588 1514 demonstrat:

1941 1566 2131 1622 neque
2187 1551 2343 1605 enim
2396 1555 2528 1624 post
2583 1553 2892 1610 dimissam
2950 1554 3177 1611 Italiam
3210 1578 3238 1607 «
3271 1572 3369 1612 rex
3398 1556 3490 1611 hic
3530 1557 3588 1612 in

1941 1639 2108 1696 Italia
2130 1661 2158 1689 »
2183 1640 2460 1712 appellari
2484 1642 2792 1712 potuisset.
2827 1643 3080 1716 Opponit
3105 1644 3458 1701 Muratorius
3482 1645 3588 1701 Lo-

1937 1728 2113 1784 tharii
2145 1729 2405 1801 diploma
2453 1747 2555 1801 pro
2607 1731 2865 1788 Ecclesia
2920 1733 3191 1806 Regicnsi
3249 1735 3454 1791 datum
3496 1752 3587 1790 XIV

1938 1820 2058 1874 Kal.
2089 1821 2247 1875 Junii
2275 1836 2420 1876 anno
2449 1821 2749 1878 Dominicw
2783 1823 3057 1878 I-ncarnat.
3092 1823 3218 1892 946,
3253 1840 3396 1880 anno
3425 1826 3588 1882 Dom-

170 1880 343 1986 εειςει
375 1875 899 1986 οεριίνυεηξιχειηειιρ
925 1876 1228 1986 οεξιίγξξξιε
1257 1878 1513 1986 praesto
1535 1877 1827 1986 θᾱυῗέτιξιξ·
1859 1909 1908 1977 Β
1937 1911 2001 1964 η.
2055 1909 2307 1964 Lahm..-
2368 1875 2427 1964 Π
2482 1927 2582 1982 ρ..
2634 1875 3584 1986 mea.ipsa,giras}.

172 1966 259 2022 dit
288 1966 351 2020 in
382 1983 609 2022 annum
638 1966 744 2021 946
773 1985 786 2034 ;
819 1970 875 2022 et
898 1966 1256 2039 probabilius
1305 1967 1481 2023 etiam
1540 1967 1828 2023 restitutio

173 2055 446 2126 ejusdem
478 2054 538 2110 in
562 2055 963 2128 episcopatum
991 2060 1124 2112 ante
1153 2055 1499 2112 Januarium
1529 2057 1668 2112 anni
1724 2056 1828 2111 947

170 2145 495 2201 astruenda
522 2145 774 2200 videtur.

239 2279 333 2333 34.
368 2277 452 2334 De
481 2294 636 2333 anno
666 2278 792 2348 946,
826 2279 919 2333 cui
967 2279 1362 2350 captivitatem
1396 2283 1454 2334 et
1507 2279 1826 2335 restitutio-

167 2382 303 2424 nem
338 2366 602 2423 Ratherii
629 2366 689 2422 in
719 2384 894 2423 suum
921 2368 1320 2440 episcopatum
1371 2367 1824 2441 assignavimus,

165 2472 341 2514 nemo
371 2456 652 2529 ambiget.
687 2456 938 2522 Quaestio
989 2456 1180 2513 solum
1240 2458 1454 2513 moveri
1508 2460 1698 2530 potest
1755 2458 1824 2513 de

165 2545 311 2614 loco,
347 2544 409 2602 in
440 2563 556 2618 quo
587 2545 685 2602 ille
733 2563 766 2601 a
795 2545 1140 2618 Berengario
1173 2550 1379 2619 captus
1439 2547 1550 2602 fuit
1582 2563 1594 2602 :
1626 2563 1821 2603 recen-

166 2635 278 2690 tior
327 2635 490 2690 enim
549 2636 900 2707 casteroquin
961 2635 1341 2692 doctissimus
1392 2639 1594 2692 auctor
1660 2640 1822 2691 ratus

166 2723 432 2795 Ugonem
493 2740 647 2778 anno
678 2722 785 2778 946
815 2725 1144 2780 deseruisse
1196 2725 1435 2780 tandem
1483 2724 1731 2793 Italiam,
1765 2729 1824 2780 et

166 2813 223 2869 in
258 2813 624 2884 provinciam
658 2829 786 2870 sese
814 2813 1118 2886 recepisse,
1147 2815 1244 2869 ubi
1278 2831 1618 2886 supremum
1665 2815 1819 2870 diem

167 2902 380 2958 clausit
441 2902 735 2975 (FLomus,
794 2903 857 2959 de
903 2904 1162 2975 privileg.
1217 2903 1432 2958 dissert.
1495 2907 1546 2972 2,
1594 2905 1816 2975 p.77):

169 2992 516 3048 Ratherium
549 2992 786 3048 Laubiis
816 2993 874 3048 in
908 2993 1267 3065 provinciam
1298 2995 1408 3049 iter
1466 2993 1816 3064 suscepisse,

168 3095 231 3145 ut
261 3089 529 3162 Ugonem
579 3090 930 3157 conveniret,
964 3095 1020 3145 et
1070 3091 1178 3146 hoc
1227 3091 1286 3145 in
1318 3091 1523 3146 itinere
1554 3107 1820 3164 compre-

167 3179 419 3236 hensum
453 3179 857 3235 existimat.At
885 3197 1039 3247 eum,
1072 3181 1212 3235 dum
1244 3181 1316 3235 ad
1347 3179 1608 3252 Ugonem
1631 3181 1821 3236 adhuc

1938 2025 2052 2079 quo
2079 2024 2214 2062 cum
2247 2025 2360 2064 non
2395 2012 2752 2064 memoretur
2783 2026 2882 2066 rex
2906 2011 3049 2084 Ugo,
3081 2027 3217 2068 eum
3244 2015 3379 2068 ante
3427 2013 3585 2068 diem

1939 2096 2006 2151 19
2038 2096 2172 2151 Maii
2205 2097 2341 2152 anni
2373 2099 2477 2152 946
2508 2114 2576 2153 ex
2609 2097 2775 2154 Italia
2797 2100 2926 2170 jam
2960 2100 3170 2156 exiisse
3201 2098 3440 2174 colligit.
3468 2091 3608 2157 Hoc.

1933 2202 2067 2241 vero
2126 2189 2538 2258 argumentum
2598 2186 2827 2242 minimi
2885 2188 3223 2244 habendum
3275 2193 3383 2258 est,
3439 2207 3576 2252 cum

1937 2274 2219 2330 chronica:
2248 2280 2398 2331 notae
2431 2277 2559 2346 ejus
2607 2276 2943 2348 diplomatis
3003 2281 3268 2350 apertum
3327 2294 3582 2336 errorem

1934 2364 2288 2419 contineant.
2312 2367 2515 2420 Annus
2539 2365 2694 2420 enim
2727 2366 2991 2423 decimus
3013 2367 3299 2439 septimus
3322 2369 3581 2426 Lotharii

1933 2470 2039 2508 nec
2066 2470 2198 2508 cum
2232 2453 2546 2509 indictione
2568 2455 2599 2508 4
2622 2456 2953 2524 concordat,
2979 2473 3084 2513 nec
3114 2473 3249 2512 cum
3280 2473 3432 2513 anno
3451 2460 3576 2514 946.

1932 2542 2077 2598 Cum
2110 2543 2421 2600 Lotharius
2453 2559 2698 2615 regnum
2729 2544 3087 2600 inchoaverit
3139 2549 3380 2602 exeunte
3403 2617 3406 2619 Α
3429 2547 3578 2602 Maio

1931 2639 2068 2696 anni
2099 2640 2196 2695 931
2239 2659 2250 2708 ;
2286 2657 2476 2697 annus
2506 2642 2768 2698 decimus
2799 2641 3090 2714 septimus
3120 2643 3283 2716 regni
3313 2645 3579 2715 ejusdem

1929 2721 2168 2800 incoepit
2189 2735 2434 2785 exeunte
2459 2731 2608 2785 Maio
2629 2731 2764 2786 anni
2776 2733 2900 2799 947,
2917 2731 3090 2788 desiit
3110 2737 3305 2789 autem
3333 2739 3578 2790 exeunte

1931 2819 2082 2874 Maio
2115 2819 2252 2874 anni
2302 2821 2428 2874 948.
2465 2819 2609 2874 Hine
2665 2820 2714 2875 si
2767 2819 3027 2893 diploma
3081 2820 3411 2894 legitimum
3468 2826 3576 2888 est,

1930 2909 2054 2964 dies
2087 2908 2154 2964 19
2183 2909 2320 2964 Maii
2347 2909 2484 2964 anni
2547 2909 2758 2965 decimi
2816 2910 3051 2981 septimi
3109 2911 3263 2984 regis
3319 2911 3577 2968 Lotharii

1929 2997 2180 3070 pertinet
2209 2999 2280 3053 ad
2311 3014 2535 3053 annum
2565 2998 2694 3067 948,
2725 3015 2908 3070 eaque
2935 3001 3154 3057 notatio
3187 3001 3463 3058 chronica
3495 3001 3579 3058 sic

1929 3097 2299 3152 emendanda
2329 3101 2418 3150 est
2445 3113 2542 3151 xrv
2573 3099 2688 3150 Kal.
2720 3099 2878 3153 Junii
2906 3115 3052 3154 anno
3068 3101 3364 3155 Dominicae
3393 3103 3580 3156 Incur-

1928 3185 2175 3241 natz‘om’s
2204 3185 2331 3251 948,
2362 3201 2507 3240 anno
2539 3185 2736 3240 Domni
2760 3186 3012 3242 Lotharii
3064 3188 3142 3240 17-
3178 3203 3277 3259 per
3304 3188 3544 3244 indict.6
3560 3209 3582 3258 ;

167 3268 223 3323 in
257 3267 427 3324 Italia
458 3269 765 3341 degentem
794 3269 1353 3340 proﬁcisceretur,in
1389 3268 1554 3325 Italia
1585 3286 1818 3342 quoque
1848 3281 1891 3347 ρ
1931 3273 2436 3350 [Lxrlquoquidcm
2469 3273 2902 3346 temporesolus
2931 3275 3244 3332 Lotharius
3263 3293 3366 3334 rex
3391 3278 3580 3334 nomi-

167 3357 346 3414 fuisse
379 3362 621 3430 captum
654 3375 688 3414 a
738 3358 1106 3432 Bercngario,
1138 3359 1228 3414 vel
1259 3377 1328 3415 ex
1373 3376 1439 3415 eo
1471 3363 1697 3414 certum
1729 3360 1812 3426 ﬁt,

167 3448 302 3521 quia
335 3447 726 3520 Berengarius
758 3447 817 3502 in
849 3447 973 3504 sola
1001 3447 1168 3504 Italia
1197 3453 1481 3520 potestate
1511 3449 1671 3521 regia
1691 3453 1814 3504 ute-

162 3537 354 3592 batur.
390 3536 628 3592 Accedit
654 3553 790 3592 vcro
821 3541 878 3592 et
903 3537 1070 3607 illud,
1096 3539 1249 3610 quod
1283 3538 1404 3610 Ugo
1428 3538 1680 3594 exltalia
1700 3555 1814 3594 non

164 3626 304 3682 abiit
333 3625 450 3682 nisi
485 3643 637 3682 anno
667 3628 793 3695 947,
820 3632 1133 3700 postquam
1167 3627 1476 3684 Ratherius
1526 3645 1643 3683 suae
1693 3628 1817 3684 sedi

162 3717 474 3772 restitutus
505 3715 714 3771 fuerat'
749 3719 812 3770 In
841 3717 1002 3772 brevi
1034 3717 1314 3773 Chronico
1362 3733 1566 3790 regum
1618 3717 1813 3784 Italiae,

165 3805 318 3877 quod
350 3803 537 3860 edidit
567 3805 942 3874 Muratorius,
977 3807 1106 3862 dua:
1136 3807 1464 3863 notationes
1519 3807 1814 3880 leguntur,

167 3921 288 3975 quae
310 3903 370 3959 id
396 3901 763 3975 exploratum
789 3903 1005 3961 facient
1027 3906 1113 3975 (T.
1141 3905 1212 3961 1V
1235 3908 1357 3962 Rer.
1390 3907 1538 3974 Ital.,
1572 3922 1630 3976 p.
1667 3905 1823 3977 149).

167 3992 290 4049 Una
319 3993 393 4048 de
424 3997 626 4066 Ugone
657 4010 817 4067 rege:
852 4017 878 4044 «
914 3995 1196 4068 Regnavit
1224 4012 1408 4051 annos
1438 3996 1501 4050 21
1536 3995 1815 4067 expletos,

167 4085 219 4139 et
269 4098 506 4145 menses
562 4083 619 4148 9,
677 4088 734 4138 et
784 4084 908 4139 dies
964 4085 1018 4139 3.
1054 4105 1083 4133 »
1115 4083 1312 4139 Altera
1369 4086 1440 4140 de
1496 4083 1812 4141 Lothario:

168 4193 194 4225 ‹‹
223 4173 358 4228 Post
389 4171 699 4228 decessum
726 4173 912 4245 ipsius
945 4172 1171 4246 Ughoni
1205 4173 1468 4248 regnavit
1498 4174 1623 4246 ipse
1665 4175 1814 4230 Lau-

166 4260 388 4316 tharius
447 4277 636 4318 annos
673 4262 706 4316 3
738 4261 1018 4334 expletos,
1049 4265 1108 4318 et
1136 4278 1368 4319 menses
1399 4265 1452 4331 7,
1489 4265 1545 4319 et
1605 4263 1729 4320 dies
1759 4267 1814 4318 2.

168 4349 415 4406 Obitavit
436 4351 548 4421 [1.x]
570 4349 664 4406 die
682 4351 942 4419 Veneris,
964 4352 1063 4424 qui
1081 4355 1172 4407 est
1195 4353 1420 4408 decimo
1440 4352 1566 4408 Kal.
1584 4354 1817 4410 Decem-

165 4438 282 4494 bris
304 4439 444 4495 anni
475 4441 604 4494 950.
637 4461 665 4490 »
702 4441 893 4496 Verba
919 4441 1099 4512 hujus
1122 4443 1392 4497 secundae
1424 4442 1814 4498 adnotationis

165 4551 192 4578 ‹‹
212 4533 346 4600 post
367 4529 680 4584 decessum
704 4552 732 4579 υ
755 4529 1111 4587 Muratorius
1133 4531 1202 4586 de
1223 4530 1440 4604 Ugonis
1463 4535 1648 4587 morte
1665 4533 1814 4588 acci-

1928 3367 2120 3430 natur,
2157 3364 2292 3434 quia
2321 3366 2461 3418 tunc
2492 3363 2690 3435 Ugone
2713 3364 2945 3434 jamdiu
2977 3367 3112 3420 ante
3140 3381 3211 3421 ex
3243 3365 3410 3422 Italia
3437 3385 3578 3439 pro-

1927 3453 2097 3518 fecto,
2129 3453 2249 3508 ima
2278 3451 2454 3508 etiam
2488 3456 2738 3521 mortuo,
2767 3453 2927 3510 solus
2957 3455 3017 3509 in
3047 3452 3214 3511 Italia
3251 3456 3410 3529 regio
3462 3474 3573 3513 no-

1925 3552 2083 3608 mine
2113 3552 2434 3608 fruebatur.
2455 3553 2588 3618 Quaa
2619 3551 2949 3609 emendatio
2983 3554 3364 3609 confirmatur
3393 3555 3569 3612 etiam

1927 3642 2041 3698 alio
2055 3643 2402 3698 documento
2415 3641 2705 3713 originali,
2725 3643 2880 3714 quod
2893 3641 2952 3698 in
2968 3643 3199 3700 arcbivo
3210 3643 3567 3703 Veronensis

1927 3732 2268 3788 monasterii
2295 3735 2506 3787 sanctae
2537 3731 2730 3787 Mariae
2754 3732 2812 3787 in
2836 3733 3083 3802 Organis
3114 3734 3573 3804 custoditur,ubi

1925 3821 2013 3877 hze
2061 3820 2346 3876 ehronicaz
2409 3824 2555 3876 notae
2587 3819 2864 3892 leguntur
2897 3837 2908 3877 :
2944 3845 2972 3872 «
3006 3823 3305 3896 Regnante
3355 3825 3573 3882 domno

1928 3914 2126 3966 nostro
2159 3910 2432 3966 Lothario
2465 3925 2596 3980 rege
2627 3909 2719 3964 hic
2752 3909 2810 3965 in
2844 3910 3008 3966 Italia
3039 3929 3192 3967 anno
3250 3913 3412 3986 regni
3446 3916 3576 3986 ejus

1927 4009 2179 4082 septimo
2213 4008 2440 4063 decimo
2498 4008 2607 4063 sub
2640 4007 2731 4064 die
2763 4009 2834 4064 de
2864 4025 3065 4065 mense
3119 4010 3418 4066 Februarii
3482 4012 3579 4067 In-

1928 4099 2179 4154 dictione
2233 4103 2414 4153 sexta.
2477 4120 2504 4148 »
2561 4097 2758 4169 Neque
2816 4115 2951 4154 vero
3007 4100 3308 4155 sententiae
3369 4103 3580 4155 nostrae

1927 4189 2266 4245 adversatur
2297 4187 2557 4259 diploma
2586 4188 2852 4258 ejusdem
2909 4187 3163 4242 Lotharii
3196 4205 3230 4243 a
3259 4188 3578 4246 Muratorio

1924 4279 2226 4351 vulgatum
2246 4280 2405 4332 tomo
2437 4276 2486 4329 V
2515 4275 2942 4347 Autiquitatum
2970 4275 3146 4332 Italia:
3197 4293 3330 4351 pag.
3361 4277 3488 4347 357,
3520 4277 3579 4334 in

1926 4385 2041 4440 quo
2072 4367 2256 4422 solius
2288 4365 2540 4422 Lotharii
2574 4365 2726 4437 regis
2759 4366 2823 4420 Iit
2872 4365 3090 4421 mentio
3143 4366 3236 4422 his
3285 4367 3576 4425 chronicis

1927 4458 2081 4513 notis
2095 4455 2455 4528 subsignatis
2473 4471 2484 4510 :
2504 4478 2530 4504 ‹‹
2549 4455 3042 4520 Quatuordebimo
3065 4456 3457 4513 Kalendarum
3473 4459 3574 4514 Fe-

1924 4546 2289 4602 bruariarum
2315 4561 2466 4600 anno
2491 4544 2801 4600 Dominicre
2827 4545 3245 4601 incarnationis
3260 4545 3386 4613 947,
3421 4563 3572 4603 anno

165 4626 346 4721 ξ’ίθξιεν
379 4627 741 4721 ροΠΙΡΡ-ξαῐίε
767 4627 958 4697 annis»
989 4628 1366 4721 qnibPSPOSfl;
1387 4646 1520 4721 911m
1553 4630 1814 4721 Γθὲηθέγίι
1847 4657 1892 4721 1)
1921 4662 2054 4701 vero
2068 4643 2492 4716 Lothariiregis
2515 4643 2934 4711 17,indictione
2955 4645 3008 4699 6.
3038 4667 3064 4693 »
3090 4644 3572 4702 Januariusenim

166 4716 493 4784 Lotharius,
550 4716 710 4771 illius
770 4722 1016 4792 mortem
1071 4719 1256 4773 afﬁxit
1310 4719 1424 4774 diei
1481 4722 1548 4774 24
1600 4719 1815 4792 Aprilis

164 4807 297 4862 anni
324 4807 434 4860 949
462 4807 691 4875 (Annal.
722 4807 793 4862 ad
822 4789 920 4862 an.
954 4808 1104 4876 947).
1138 4808 1354 4864 Verum
1385 4810 1544 4881 prior
1573 4789 1816 4866 adnota-

167 4894 241 4950 tio
273 4895 844 4952 animadversionem
878 4897 1007 4968 ejus
1038 4897 1258 4971 effugit.
1274 4902 1415 4954 Cum
1439 4899 1594 4954 enim
1613 4900 1815 4956 eodem

165 4983 480 5041 Muratorio
515 4985 800 5057 probante
821 4986 942 5060 Ugo
974 5003 1217 5060 regnare
1249 4987 1485 5060 coeperit
1516 4989 1669 5044 circa
1707 4990 1816 5045 Ju-

165 5075 324 5129 nium
385 5075 528 5130 anni
581 5076 689 5131 926
717 5095 730 5145 ;
759 5077 1111 5148 computatis
1145 5077 1337 5145 annis,
1391 5079 1715 5146 mensibus,
1749 5097 1815 5135 ac

164 5163 365 5220 diebus
393 5164 457 5219 in
489 5181 559 5220 ea
600 5164 974 5222 adnotatione
1007 5166 1299 5235 indicatis,
1335 5184 1494 5224 mors
1550 5169 1814 5240 ejusdem

163 5259 364 5318 incidit
392 5262 452 5316 in
480 5263 869 5319 Februarium
901 5263 989 5320 vel
1023 5265 1300 5321 Martium
1333 5266 1469 5322 anni
1493 5267 1617 5338 948,
1639 5285 1814 5341 quem

165 5351 548 5408 emortualem
604 5353 843 5424 quidem
901 5353 1119 5428 Ugonis
1175 5373 1397 5411 annum
1455 5356 1812 5430 Sigebertus,

164 5443 283 5496 tum
315 5440 615 5497 annalista
642 5442 792 5498 Saxo
823 5443 893 5498 ab
915 5444 1170 5499 Eccardo
1213 5446 1408 5502 editus
1441 5449 1812 5504 conﬁrmant.

166 5528 300 5585 Cum
352 5549 528 5605 porro
587 5532 744 5587 idem
786 5531 905 5605 Ugo
965 5535 1023 5589 in
1084 5535 1441 5607 provinciam
1499 5539 1812 5608 profectus.

170 5642 190 5670 ε
223 5621 389 5678 Brevi
423 5622 505 5678 sit
530 5621 685 5678 viam
720 5623 1004 5680 universae
1037 5626 1229 5682 carnis
1268 5625 1591 5700 ingressus,
1628 5651 1655 5679 »
1689 5631 1819 5686 Liut

167 5713 387 5782 prando
443 5715 597 5770 teste
655 5713 776 5784 (lib.
811 5731 849 5781 ι,
881 5731 931 5770 c.
977 5717 1105 5784 l4);
1140 5733 1290 5772 anno
1350 5720 1695 5790 pracedenti
1749 5723 1816 5777 94

1929 4734 2406 4804 mensisjunctus
2437 4749 2568 4787 cum
2596 4750 2747 4788 anno
2776 4733 3029 4789 Lotharii
3061 4735 3146 4802 17,
3179 4738 3238 4790 et
3292 4752 3426 4792 cum
3486 4736 3576 4791 in-

1928 4824 2179 4879 dictione
2209 4825 2262 4889 6,
2293 4822 2560 4877 convenit
2592 4839 2744 4877 anno
2794 4841 2915 4877 aera:
2973 4823 3232 4897 vulgaris
3281 4825 3387 4881 948
3419 4843 3434 4894 ;
3471 4842 3576 4882 nec

1928 4912 2196 4984 componi
2224 4915 2413 4983 potest
2445 4929 2576 4966 cum
2611 4930 2763 4967 anno
2793 4914 2920 4982 947,
2953 4913 3207 4970 nisi-hoc
3256 4915 3576 4987 diplomate

1927 5020 2119 5058 annus
2139 5001 2453 5058 Dominicae
2478 5001 2900 5059 Incarnationis
2924 5007 3294 5076 computatus
3307 5005 3579 5060 credatur

1929 5109 2088 5147 more
2120 5090 2452 5146 Florentino
2485 5108 2551 5146 ac
2582 5091 2820 5161 Veneto,
2845 5091 2927 5148 ita
2951 5097 3018 5148 ut
3041 5093 3279 5165 incipiat
3307 5110 3341 5148 a
3371 5091 3578 5148 Kalen-

1927 5181 2017 5237 dis
2058 5179 2249 5236 Martii
2277 5197 2428 5252 :qua
2459 5181 2683 5236 ratione
2715 5181 3033 5238 Januarius
3063 5182 3198 5237 anni
3223 5183 3330 5236 947
3359 5181 3578 5238 coinci-

1925 5279 2012 5334 dit
2041 5295 2173 5334 cum
2203 5278 2484 5334 Januario
2527 5279 2858 5336 communis
2889 5297 3012 5335 serae
3041 5281 3166 5335 948.
3201 5281 3317 5336 Hoc
3375 5284 3573 5338 autem

1927 5373 2184 5442 tempore
2216 5369 2377 5424 solus
2409 5369 2720 5426 Lotharius
2754 5386 2849 5424 rex
2879 5373 3020 5441 erat,
3052 5369 3219 5427 Italia
3245 5371 3316 5428 ab
3375 5371 3574 5447 Ugone

1926 5458 2126 5514 relicta
2155 5475 2355 5514 mense
2374 5458 2552 5530 Aprili
2571 5459 2706 5513 anni
2725 5459 3362 5535 947.0mnibusitaque
3393 5464 3569 5519 docu-

1930 5548 2165 5614 mentis,
2198 5548 2287 5603 vel
2319 5547 2662 5613 emendatis,
2696 5547 2785 5602 vel
2819 5549 3143 5605 conciliatis
3173 5555 3325 5608 stare
3379 5553 3569 5608 debet.

1929 5637 2186 5710 Ugonem
2215 5641 2332 5692 toto
2347 5653 2498 5692 anno
2518 5637 2716 5704 946,ct
2741 5655 2930 5711 usque
2953 5640 3024 5695 ad
3047 5640 3304 5714 Aprilem
3320 5642 3574 5697 anni947

1931 5726 2267 5784 substitisse
2297 5725 2357 5783 in
2388 5723 2572 5796 Italia,
2607 5726 2805 5799 ibique
2835 5729 3177 5788 Ratherium
3236 5748 3388 5789 anno
3445 5731 3571 5800 946,
