4070 6406
445 447 527 515 85

1408 394 1860 535 [irruamus
1905 392 2403 539 vnaoNnNSIS
2445 442 2901 512 EPISCOPUS.

3781 406 3927 507 se"

446 586 593 643 dum
621 585 693 642 ad
727 581 986 660 Ugonem
1008 580 1071 641 in
1092 584 1575 658 Italiadegentem
1601 582 2087 656 proﬁcisceretur,
2116 581 2174 651 Α
2202 580 2470 655 colligere
2501 580 2671 655 coepit
2691 582 2926 638 eosdem
2940 580 3162 637 abusus
3177 579 3527 647 coercentes,
3544 593 3693 651 quos
3707 585 3866 652 post-

446 674 845 749 aBerengario
876 678 1114 748 captum
1135 674 1338 743 fuisse,
1361 672 1572 730 Milone
1601 678 1800 729 autem
1814 673 2093 745 agentein

449 780 619 822 suam
651 765 851 823 sedem
882 764 1239 820 restitutum.

450 852 679 927 [τέλη]ίὲ
710 853 855 910 VIII.
896 885 965 894 —
1005 855 1139 927 Quot
1179 868 1456 927 erumnas
1483 851 1773 927 Rathcrius
1790 855 1910 927 post
1939 854 2097 927 resti-

518 923 787 981 tutionem
835 938 992 980 suam
1042 923 1221 980 sedem
1273 924 1571 995 pertulerit
1627 940 1661 979 a
1716 923 1950 990 clericis,
1998 924 2096 979 Mi-

523 996 648 1052 lone
675 997 868 1052 comite
894 997 1025 1067 ipsis
1047 996 1453 1067 patrocinante.
1485 995 1767 1067 Synodum
1795 1010 1971 1067 agere,
2004 1010 2094 1050 ca-

518 1067 697 1139 pitulo
734 1066 1056 1139 clericorum
1107 1068 1386 1139 interesse,
1409 1066 1707 1122 etordines
1763 1066 2096 1139 ecclesiasti-

519 1137 606 1216 cos
632 1153 794 1216 agere
827 1137 957 1216 quid
1010 1137 1310 1216 signiﬁcet.
1340 1139 1614 1216 Manasses
1664 1137 2098 1216 archiepiswpas

520 1209 863 1281 Arelatensis
886 1209 1175 1281 quemdam
1201 1225 1313 1264 sua:
1341 1209 1584 1281 diceccsis
1611 1209 1919 1281 episcopum
1948 1209 2094 1264 ordi-

518 1286 617 1336 nat
633 1281 694 1335 in
722 1279 949 1336 titulum
983 1282 1299 1336 Veronensis
1328 1280 1603 1337 Ecclesiae.
1637 1279 1763 1335 Post
1787 1279 1797 1280 7
1817 1279 2098 1336 biennium

519 1351 807 1408 Ratherius
833 1368 863 1407 ε
896 1353 1192 1408 Veronensi
1219 1349 1342 1408 sede
1371 1353 1579 1406 iterum
1627 1350 1840 1423 puEsus,
1873 1359 1935 1407 ut
1978 1354 2095 1408 Μα-

517 1423 675 1479 nassi
699 1424 878 1480 locum
906 1423 1134 1480 cederet.

518 1502 608 1560 35.
643 1501 955 1559 Ratherius
982 1501 1272 1563 Veronam
1302 1502 2093 1576 restitutus,biennioepisco-

446 1594 654 1665 patum
681 1591 871 1647 tenuit
900 1591 1080 1664 (epist.
1112 1593 1167 1658 5,
1196 1592 1267 1647 ad
1286 1594 1389 1659 10.,
1419 1608 1477 1646 n.
1508 1590 1587 1663 6),
1619 1590 1677 1648 id
1701 1596 1790 1647 est
1839 1593 1910 1647 ab
1943 1608 2096 1648 anno

446 1679 577 1749 946,
610 1678 703 1737 cui
730 1679 1159 1736 restitutionem
1190 1680 1318 1752 ejus
1347 1679 1833 1752 adjudicavimus,
1868 1680 1940 1736 ad
1997 1697 2097 1736 an-

449 1784 595 1829 num
624 1784 815 1845 usque
843 1769 975 1826 948.
1004 1768 1141 1825 Tria
1188 1785 1422 1842 quoque
1464 1773 1693 1825 vetusta
1745 1769 2098 1825 documenta

450 1857 632 1929 hujus
660 1856 944 1935 temporis
977 1858 1151 1915 fidem
1182 1856 1421 1914 faciunt.
1447 1857 1706 1913 Primum
1731 1862 1819 1915 est
1843 1857 1987 1914 illud
2015 1859 2097 1915 in-

2208 686 2278 741 ea
2306 672 2366 751 in
2397 671 2616 728 librum
2648 671 2898 728 inseruit
2925 669 3275 743 inscsiptum
3313 692 3341 721 «
3374 668 3457 725 De
3513 672 3858 743 contemptu

2206 776 2499 816 canonum
2532 761 2704 833 (part.
2740 778 2779 829 ι,
2815 778 2874 816 n.
2908 760 2962 827 4,
2994 763 3114 816 not.
3148 758 3226 831 6).
3262 780 3290 807 »
3325 757 3521 830 Magni
3553 757 3661 813 hac
3694 757 3765 814 de
3798 773 3866 813 re

2208 854 2412 906 contra
2464 849 2805 923 episcopum
2857 866 2890 904 a
2947 848 3174 907 clericis
3227 847 3456 907 excitati
3514 846 3861 915 tumultus;

2209 939 2396 1011 iisque
2411 940 2812 1013 patrocinante
2825 938 3036 996 Milone
3048 937 3283 1005 comite,
3299 937 3609 1010 episcopus
3622 948 3883 993 omnem‘

2206 1045 2375 1084 suam
2396 1045 2631 1101 operam
2664 1028 3319 1103 inutilem,omncmque
3349 1025 3560 1100 agendi
3594 1025 3862 1081 additum

2207 1116 2317 1172 sibi
2350 1115 2737 1173 interclusum
2769 1120 3041 1189 expertus
3072 1120 3179 1175 est.
3212 1117 3323 1172 Eas
3355 1114 3638 1185 nimirum
3667 1113 3725 1169 in
3760 1131 3863 1170 an-

2205 1206 2431 1279 gustias
2462 1206 2753 1263 adductus
2784 1206 2913 1274 fuit,
2928 1210 2992 1262 ut
3006 1206 3149 1261 nihil
3166 1206 3273 1278 ipsi
3292 1204 3863 1277 relinquereturejus

2206 1295 2532 1367 potestatis,
2547 1312 2673 1368 qua:
2705 1295 3133 1368 jurisdictionis
3171 1300 3432 1363 vocatur,
3448 1310 3515 1350 ea
3535 1292 3659 1349 sola
3697 1296 3861 1366 pote-

2204 1388 2353 1440 state
2385 1384 2691 1457 permissa,
2726 1402 2854 1457 quae
2884 1385 3107 1441 ordinis
3138 1383 3439 1439 dicitur.ld
3470 1382 3735 1453 innuunt
3759 1380 3865 1437 illa

2203 1472 2408 1545 prima:
2437 1474 2623 1545 partis
2649 1473 2727 1529 De
2758 1477 3097 1546 contemptu
3126 1489 3440 1541 canonum,
3462 1489 3607 1527 num
3631 1472 3683 1529 1.
3710 1494 3737 1522 ‹‹
3763 1470 3862 1527 In-

2205 1565 2482 1635 surgente
2513 1564 2716 1618 contra
2743 1579 2838 1618 me
2869 1562 3007 1618 olim
3038 1558 3345 1618 rebellium
3378 1560 3727 1617 clericorum
3757 1577 3863 1616 ve-

2204 1651 2391 1731 sania,
2425 1669 2531 1709 nec
2561 1651 2785 1725 aliquid
2820 1651 2976 1708 illius
3018 1651 3184 1721 mihi,
3220 1667 3400 1724 super
3456 1668 3573 1723 quo
3624 1649 3864 1706 cuidam

2205 1741 2427 1798 dictum
2458 1742 2799 1798 estzuPasce
2828 1758 2962 1798 oves
2993 1758 3174 1809 meas,
3193 1762 3221 1791 »
3253 1739 3499 1797 officii...
3523 1738 3863 1813 relinquen-

2203 1834 2284 1899 te,
2316 1835 2525 1903 praeter
2552 1830 2890 1888 chrismatis
2920 1829 3363 1897 confectionem,
3397 1832 3455 1884 et
3495 1827 3865 1884 chrismandi

449 1917 850 2004 str'umentuin
864 1946 1126 2004 Januarii
1152 1947 1375 2003 mensis
1406 1946 1545 2002 anni
1571 1947 1695 2002 947.
1714 1948 1868 2020 quod
1885 1965 2098 2004 memo-
2126 1959 2175 2025 B
2206 1919 2495 2025 ΨῆίδῙιὼίῖξ
2527 1925 2894 2025 Ρίξίθδίθίθπξν
2930 1942 2958 1971 ”
2991 1924 3124 2025 63°"
3159 1935 3286 2025 q‘u‘f
3317 1917 3550 2025 ordini?!
3570 2024 3577 2025 ί
3600 1921 3864 2025 FOQ???

450 2026 711 2094 ravimus
740 2052 905 2095 num.
938 2036 1029 2092 33.
1053 2034 1306 2092 Alterum
1339 2035 1477 2091 anni
1502 2035 1767 2107 ejusdem
1793 2040 1850 2091 et
1878 2036 2099 2094 mensis

449 2115 790 2185 Junii'vidit
817 2123 1140 2181 Alexander
1170 2123 1461 2181 Canobius
1504 2124 1564 2179 in
1618 2124 1850 2181 archivo
1881 2126 1939 2182 S.
1974 2126 2098 2182 Ste-

448 2208 650 2285 phani,
674 2213 919 2286 ejusque
949 2213 1305 2269 mentionem
1321 2213 1462 2269 facit
1490 2212 1549 2268 in
1563 2230 1734 2287 opere
1754 2212 1952 2271 Italico
1984 2231 2096 2271 ms.

452 2301 608 2373 apud
638 2294 926 2359 Joannem
956 2301 1321 2375 Baptismam
1354 2302 1758 2358 Biancolinum
1788 2302 2096 2376 inscripto:

446 2388 655 2448 Annali
683 2386 740 2446 di
775 2392 981 2451 Verona
1007 2390 1110 2446 lib.
1140 2408 1219 2457 γι,
1243 2389 1337 2445 his
1374 2390 1603 2446 verbis:
1631 2395 1703 2447 1n
1756 2400 1937 2464 questo
1991 2410 2100 2449 me-

448 2470 654 2559 desinw
682 2494 828 2537 anno
841 2478 990 2552 (947)
1007 2478 1270 2535 Racherio
1299 2495 1513 2535 vescovo
1542 2480 1633 2535 net
1664 2480 1872 2537 mesedi
1890 2481 2099 2555 Giugno

446 2569 563 2640 fece
588 2584 703 2623 una
718 2568 1135 2640 permutazione
1163 2583 1262 2623 con
1295 2566 1631 2624 Garimberto
1674 2569 1901 2626 diacono
1955 2571 2099 2628 delia

452 2656 646 2713 Chiesa
672 2656 1000 2723 cathedrata,
1033 2657 1077 2712 il
1099 2657 1261 2731 quale
1287 2656 1349 2713 di
1374 2665 1559 2730 questo
1591 2666 1764 2730 tempo
1814 2677 1908 2717 era
1962 2677 2097 2718 anco

449 2744 667 2802 custode
694 2750 748 2801 et
776 2749 947 2802 rettor
998 2745 1145 2801 delia
1190 2746 1373 2803 chiesa
1420 2746 1480 2802 di
1507 2747 1562 2804 S.
1593 2749 1831 2818 Stefano,
1866 2751 1922 2805 at
1968 2752 2100 2823 quat

450 2834 495 2891 il
526 2850 742 2895 vescovo
772 2834 928 2891 diede
956 2834 1060 2890 due
1088 2836 1359 2909 sepolture
1386 2837 1621 2904 antiche,
1655 2838 1704 2893 le
1732 2839 1887 2912 quali
1931 2856 2097 2897 erano

450 2925 515 2980 in
544 2941 624 2980 un
651 2925 924 2981 cimiterio
949 2926 1129 2981 antica
1159 2941 1410 2999 oppresso
1441 2926 1484 2980 il
1512 2942 1671 2999 carpo
1710 2927 1769 2982 di
1822 2929 1877 2985 S.
1911 2930 2100 2987 Mauro

449 3029 666 3071 vescovo
723 3013 783 3069 di
830 3015 1082 3082 Verona;
1111 3022 1163 3070 et
1194 3013 1530 3070 Garimberto
1571 3015 1725 3073 diede
1775 3018 1833 3073 al
1884 3035 2099 3076 vescovo

450 3119 566 3187 una
590 3117 761 3178 perm
787 3102 850 3159 di
873 3107 1022 3159 terra
1041 3104 1203 3191 [nari
1228 3102 1373 3159 delia
1397 3108 1559 3176 porta
1585 3106 1645 3160 di
1673 3106 1727 3161 S.
1762 3106 1987 3180 Str/ano
2038 3111 2096 3165 in

452 3192 784 3252 Fontanelie.
820 3194 891 3248 ιο
918 3194 1271 3249 instromento
1299 3209 1328 3249 e
1370 3196 1688 3252 sottosciitto
1744 3196 1840 3251 dui
1860 3214 2095 3267 vescovo,

453 3290 504 3339 et
533 3282 603 3338 da
634 3282 970 3339 Garimberto
996 3282 1190 3338 veduto
1218 3283 1362 3339 uelle
1389 3284 1644 3341 scritture
1675 3286 1735 3341 di
1787 3286 1843 3341 S.
1878 3287 2097 3359 Stefano

453 3370 551 3461 (lle
571 3369 776 3427 duobus
804 3372 1088 3461 episcopis,
1112 3386 1170 3443 p.
1208 3372 1354 3443 115).
1388 3373 1648 3430 Tertium
1680 3376 2098 3434 documentum

2210 2012 2316 2066 est.
2350 2008 2677 2065 Audiantur
2707 2026 2832 2082 quae
2863 2008 2971 2065 hac
3000 2009 3071 2064 de
3097 2025 3157 2064 re
3186 2007 3363 2065 latius
3393 2011 3597 2080 postea
3625 2007 3867 2079 scripsit

2211 2099 2283 2155 ad
2314 2115 2615 2154 summum
2649 2098 2982 2171 pontificem
3013 2099 3330 2171 epist.5,n.
3359 2101 3413 2153 6.
3449 2119 3476 2146 »
3511 2096 3673 2161 Quod
3696 2112 3863 2152 mar-

2209 2187 2427 2260 tyrium
2459 2187 2729 2243 versutiis
2758 2183 3692 2260 ejusdemMilonisperbiennium
3724 2201 3865 2258 per-

2210 2276 2471 2343 tulerim,
2503 2280 2767 2349 satagam
2799 2277 2849 2332 si
2881 2276 3112 2345 referre,
3145 2275 3453 2334 historiam
3486 2274 3566 2348 (id
3591 2278 3682 2331 est
3699 2274 3866 2331 fabu-

2210 2366 2349 2439 lam)
2380 2365 2617 2439 putetis.
2650 2367 2957 2422 Summam
2988 2365 3398 2421 tantummodo
3420 2368 3485 2419 ut
3513 2363 3864 2420 brevissime

2209 2455 2941 2529 eomprehendam,omnes
2971 2452 3236 2520 clericos,
3268 2451 3508 2520 milites,
3543 2451 3781 2510 colonos
3802 2457 3889 2509 et.

2208 2544 2462 2601 famulos
2491 2546 2618 2617 ipso
2649 2549 2851 2600 contra
2878 2560 2972 2600 me
2992 2544 3413 2617 patrocinante,
3430 2558 3546 2598 non
3568 2542 3864 2615 synodum

2209 2650 2399 2708 agere,
2433 2651 2550 2690 non
2581 2632 2836 2707 capitulo
2865 2633 3212 2691 clericorum
3238 2632 3543 2700 interesse,
3577 2648 3693 2688 non
3744 2631 3859 2687 ali-

2208 2723 2375 2795 quid,
2389 2723 2543 2795 quod
2557 2723 2988 2779 emendandum
3004 2721 3472 2789 esset,audebam
3489 2719 3863 2777 solummodo

2210 2828 2687 2879 commemorare,
2721 2815 2975 2868 statuere
3030 2809 3340 2883 quidlibet,
3371 2808 3461 2867 vel
3519 2809 3861 2866 destituere.

2208 2902 2511 2974 Nusquam
2542 2899 2785 2973 aliquid,
2820 2900 2975 2973 quod
3005 2900 3155 2961 scire
3170 2896 3539 2971 vellet,loqui
3566 2901 3861 2971 poteram,

2209 2991 2365 3063 quod
2398 3007 2515 3047 non
2545 2989 2821 3047 continuo
2850 2988 3045 3047 sciret.
3068 2990 3444 3047 Sacramento
3460 2987 3617 3044 enim
3640 2987 3712 3045 ab
3739 3005 3866 3044 om-

2209 3079 2385 3135 nibus
2416 3080 3129 3146 id,credo,extorserat;et
3159 3094 3292 3133 cum
3322 3094 3528 3133 omnes
3557 3076 3862 3135 suicoram

2208 3168 2307 3225 illo
2340 3168 2487 3225 mihi
2513 3166 2904 3236 detraherent,
2929 3166 3025 3223 ille
3053 3166 3216 3224 solus
3239 3171 3442 3223 contra
3470 3183 3672 3223 omnes
3687 3166 3863 3239 quasi

2209 3275 2311 3332 pro
2344 3274 2437 3314 me
2467 3258 2734 3325 faciebat,
2766 3261 2831 3313 ut
2859 3256 3080 3315 scilicet
3102 3255 3412 3330 provocati,
3447 3255 3733 3329 ampliora
3755 3256 3881 3311 de--

2127 3325 2171 3395 C
2209 3325 2467 3420 rogando
2500 3348 2674 3419 [sxw]
2706 3348 3003 3405 referrent.
3025 3325 3290 3419 ldipsum
3319 3344 3517 3415 etiam,
3541 3325 3698 3419 quod
3726 3344 3859 3418 ipso

451 3435 674 3516 editum
700 3475 735 3515 α
755 3435 1093 3516 marehione
1114 3435 1179 3516 et
1208 3435 1483 3518 canonico
1534 3464 1603 3519 de
1660 3464 1951 3537 Dionysiis
2009 3471 2098 3522 est
2205 3437 2532 3537 ίωιξξινειιιιιξ
2561 3438 2807 3537 ξεθὺξιω
2830 3436 3225 3537 (nequeenim
3246 3435 3536 3537 contraire
3566 3436 3694 3506 ejus
3711 3452 3858 3507 prm-

449 3547 710 3606 Ratherii
768 3548 1148 3606 commutatio
1206 3566 1341 3607 cum
1402 3551 1714 3609 Ursenario
1768 3558 1895 3610 acta
1944 3577 1972 3605 ‹‹
2003 3572 2093 3611 re-

446 3641 663 3711 gnante
692 3638 907 3696 domno
933 3636 1205 3696 Lothario
1232 3656 1366 3714 rege
1396 3640 1490 3697 hic
1518 3642 1576 3697 in
1609 3642 1775 3699 Italia
1813 3660 1964 3700 anno
1996 3662 2091 3702 se-

443 3726 629 3801 ptimo
660 3727 906 3784 decimo.
988 3771 1001 3784 .
1082 3772 1096 3786 .
1177 3770 1190 3784 .
1271 3771 1285 3784 .
1362 3730 1680 3787 indictione
1738 3735 1918 3788 sexta.
1973 3736 2088 3791 An-

441 3830 556 3871 nus
570 3814 826 3872 Lotharii
841 3818 993 3890 regis
1005 3817 1270 3874 decimus
1283 3818 1573 3891 septimus
1596 3818 1832 3891 inempit
1844 3827 2090 3880 exeunte

438 3904 590 3962 Maio
620 3904 758 3961 anni
787 3905 913 3976 947,
948 3909 1004 3963 et
1033 3907 1209 3964 desiit
1238 3911 1372 3962 ante
1396 3906 1575 3962 finem
1608 3908 1739 3962 Maii
1790 3910 1926 3964 anni
1957 3911 2082 3968 948.

437 3992 583 4050 Cum
605 4008 776 4067 porro
801 3994 1044 4052 indictio
1077 3999 1237 4052 sexta
1264 3996 1504 4069 coeperit
1531 4013 1566 4051 a
1594 3998 1914 4069 Septembri
1943 4001 2083 4057 anni

431 4080 560 4152 947,
594 4083 704 4140 hcc
733 4085 1175 4153 documentum,
1200 4084 1261 4139 in
1292 4100 1407 4156 quo
1440 4085 1663 4141 mensis
1693 4086 2078 4157 desideratur,

432 4164 717 4245 scriptum
741 4172 855 4229 fuit
878 4173 1032 4230 inter
1044 4172 1450 4247 Septembrem
1475 4173 1614 4229 anni
1633 4174 1832 4243 947,et
1860 4176 2078 4236 Maium

427 4260 567 4317 anni
596 4256 705 4317 948
734 4266 868 4319 ante
899 4263 1076 4318 ﬁnem
1107 4263 1291 4332 (epist.
1323 4263 1378 4331 5,
1411 4261 1603 4329 adJo.,
1639 4279 1697 4318 n.
1730 4264 1802 4336 6).
1838 4269 1958 4322 Hoc
1974 4284 2077 4323 au-

426 4352 545 4406 tem
570 4349 939 4424 episcepatus
969 4350 1205 4408 biennio
1235 4351 1317 4407 ita
1347 4351 1549 4407 multis
1579 4352 1769 4426 iisque
1797 4356 2076 4429 gravissi-

425 4438 542 4496 mis
572 4438 963 4498 incommodis
1004 4441 1315 4497 Ratherius
1344 4440 1522 4515 [LXIII]
1566 4441 1815 4501 afﬂictus
1845 4445 1973 4514 fuit,
2009 4453 2074 4504 ut

422 4543 557 4584 eum
585 4529 825 4586 taederet
850 4532 981 4586 vita:
1011 4547 1152 4597 suae,
1184 4530 1575 4603 levioremque
1621 4531 1856 4590 duceret
1911 4537 2071 4593 cala-

420 4616 710 4685 mitatem,
741 4634 920 4692 quam
943 4619 1003 4674 in
1026 4618 1295 4692 Papiensi
1326 4634 1553 4675 carcere
1580 4620 1915 4692 pertulerat.
1932 4625 2067 4683 Milo

2204 3526 2387 3598 septis
2420 3524 3005 3597 audebam)vertobat
3034 3523 3092 3579 in
3124 3522 3377 3596 culpam,
3393 3522 3855 3579 clericorumoc-

2202 3614 2355 3671 culte
2385 3618 2620 3672 struens
2649 3618 2852 3671 contra
2880 3631 2972 3670 me
3002 3612 3379 3683 calumniam,
3414 3611 3560 3668 mihi
3592 3628 3725 3667 vero
3776 3612 3854 3668 de

2198 3703 2282 3760 eis
2312 3703 2657 3776 promittens
2689 3702 2887 3761 dolose
2911 3702 3056 3759 satis
3076 3700 3415 3758 vindictam.
3433 3700 3552 3758 Hoc
3565 3701 3708 3757 adeo
3719 3718 3856 3773 pro-

2197 3792 2392 3861 cessit,
2427 3796 2491 3848 ut
2519 3793 2775 3865 quadam
2805 3791 2918 3859 die,
2950 3791 3092 3848 dum
3124 3790 3361 3847 ordines
3420 3789 3851 3848 ecclesiasticos

2195 3898 2448 3956 agerem,
2482 3881 2928 3939 archidiaconus
2958 3898 3092 3936 cum
3122 3880 3280 3936 omni
3308 3879 3459 3936 clero
3498 3879 3715 3948 exiens,
3749 3896 3849 3938 me

2194 3970 2382 4028 solum
2417 3972 2475 4027 in
2507 3971 2753 4027 ecclesia
2781 3970 3155 4043 relinqueret,
3175 3974 3231 4026 et
3250 3969 3491 4027 alteram
3515 3967 3626 4025 sibi
3641 3973 3849 4026 contra

2191 4078 2284 4119 me
2311 4060 2652 4118 vindicaret.
2685 4083 2713 4112 »
2747 4061 2816 4116 Et
2845 4064 2977 4133 post
3006 4057 3289 4115 nonnulla
3321 4075 3332 4113 :
3370 4082 3398 4109 ‹‹
3432 4059 3653 4115 Horum
3704 4075 3843 4119 vero

2189 4152 2454 4208 omnium
2486 4167 2622 4207 cum
2653 4151 2916 4207 incentor
2948 4148 3085 4205 Milo
3114 4151 3269 4205 esset
3296 4151 3355 4203 et
3376 4151 3596 4217 auctor,
3612 4146 3725 4203 mei
3758 4150 3843 4203 ta-

2188 4256 2322 4296 men
2353 4245 2412 4297 et
2440 4240 2643 4306 videri,
2676 4244 2734 4295 et
2764 4238 2877 4294 dici
2909 4237 3203 4294 ambiebat
3232 4238 3546 4295 advocatus
3569 4240 3625 4292 et
3654 4239 3836 4293 tutor.

2186 4329 2387 4401 Itaque
2417 4328 2776 4385 calidissimo
2817 4326 3132 4400 afﬂigebat,
3175 4331 3239 4382 ut
3290 4325 3628 4383 rarissimus
3681 4330 3841 4383 esset

2183 4418 2242 4474 in
2276 4436 2473 4493 regno,
2490 4417 2589 4491 qui
2615 4434 2730 4472 non
2762 4417 3096 4485 aestimaret,
3112 4415 3539 4472 amicissimum
3556 4430 3689 4470 eum
3704 4432 3837 4471 esse

2182 4507 2328 4564 mihi
2355 4506 2617 4563 omnino.
2634 4507 2751 4580 Ego
2764 4522 2898 4562 vero
2931 4506 3110 4562 miser
3122 4521 3281 4561 eram
3295 4503 3500 4559 diebus
3530 4503 3834 4560 noctibus-

2181 4612 2294 4669 que
2324 4595 2405 4651 ita
2454 4595 2773 4663 confectus,
2806 4599 2863 4651 et
2894 4594 3123 4651 anxius.
3156 4598 3221 4649 ut
3253 4591 3492 4648 taederet
3546 4608 3639 4647 me
3697 4591 3831 4649 vitae

417 4721 613 4763 comes
630 4680 841 4765 horum
865 4680 1157 4764 malorum
1188 4708 1457 4763 incentor
1477 4712 1535 4765 et
1561 4680 2064 4772 auctorfuit.
2098 4701 2146 4766 D
2180 4689 2414 4752 mea,“
2446 4683 2683 4741 mallem
2712 4685 2768 4739 in
2801 4683 3185 4752 Walberti’m
3205 4680 3828 4772 ίῑυφηάαωίυηίεωα»

417 4795 576 4851 enim
609 4812 744 4852 eum
775 4797 1168 4854 revocandum
1195 4803 1461 4854 curasset
1491 4815 1558 4855 ea
1585 4803 1815 4858 tantum
1845 4808 2060 4873 mente,

412 4888 479 4941 ut
525 4885 855 4942 Manassem
885 4886 1237 4943 Veronensis
1294 4887 1451 4942 sedis
1503 4888 1850 4960 invasorem,
1884 4910 2060 4964 quem

411 4975 730 5046 metuebat,
743 4974 1094 5043 excluderet;
1128 4975 1238 5032 etsi
1272 4976 1542 5034 omnibus
1573 4981 1828 5036 externis
1850 4983 2060 5040 ofﬁciis

406 5063 751 5122 Ratherium
782 5078 1165 5140 prosequens,
1183 5066 1313 5138 ejus
1330 5067 1624 5124 videretur
1636 5068 2055 5140 amicissimus;

406 5169 469 5210 re
496 5157 695 5210 tamen
726 5155 857 5228 ipsa
885 5153 1158 5211 hostilem
1178 5154 1240 5210 in
1260 5156 1532 5213 eumdem
1547 5158 1809 5214 animum
1823 5175 2052 5232 gerens,

403 5242 747 5301 clericorum
779 5244 968 5317 ipsius
999 5242 1374 5303 rebellionem
1407 5247 1636 5303 fovebat
1655 5252 1832 5319 atque
1864 5252 2055 5320 patro-

402 5330 732 5388 cinabatur.

470 5410 559 5466 36.
588 5411 911 5484 Episcopus
934 5430 1196 5471 sororum
1231 5431 1522 5471 canonum
1556 5421 1613 5471 et
1639 5415 2047 5473 ecclesiastica»

398 5499 719 5572 disciplinae
749 5502 1220 5561 studiosissimus
1251 5504 1609 5576 multiplices
1634 5504 1814 5577 hujus
1859 5508 2045 5564 aetatis

396 5589 755 5662 corruptelas
775 5593 1068 5650 eradicare
1098 5594 1520 5665 percptabat.A
1552 5593 1777 5650 clericis
1809 5595 2042 5654 initium

394 5677 644 5746 duxit,in
657 5680 873 5752 quibus
886 5683 1083 5757 magni
1102 5683 1326 5738 abusus
1340 5683 2040 5758 grassabantur,quorum

391 5764 531 5824 alibi
562 5768 772 5829 redibit
802 5771 1042 5830 mentio.
1075 5771 1194 5829 Hac
1221 5770 1522 5830 occasione
1553 5789 1748 5832 sacros
1785 5791 2038 5836 canones

2175 4790 2355 4846 quam
2412 4774 2613 4829 sedere
2644 4772 2703 4828 in
2756 4773 3075 4829 Veronensi
3115 4771 3409 4838 cathedra,
3442 4771 3665 4827 esurire
3712 4773 3828 4827 sub

2169 4863 2584 4937 Ugone,quam
2616 4861 2837 4936 epulari
2869 4879 3004 4919 cum
3036 4860 3620 4918 Milone.»Nonnulla
3637 4859 3696 4917 in
3710 4860 3826 4919 hoc

2170 4951 2392 5025 prolixo
2421 4952 2778 5009 testimomio
2805 4950 3374 5009 animadversionem
3407 4952 3726 5006 merentur.

2237 5059 2327 5114 37.
2358 5060 2518 5125 Quod
2550 5058 2631 5117 ait
2660 5081 2687 5110 ‹‹
2718 5077 2833 5116 non
2862 5059 3150 5132 synodum
3182 5074 3378 5131 agere,
3410 5074 3527 5115 non
3559 5056 3818 5129 capitulo

2166 5147 2508 5205 clericorum
2541 5148 2823 5206 interesse
2852 5148 3161 5216 audebam,
3180 5147 3379 5203 »deiis
3400 5146 3642 5220 synodis
3655 5150 3712 5203 et
3727 5164 3819 5203 ca-

2163 5237 2366 5311 pitulis
2388 5238 2793 5312 accipiendum
2824 5241 2933 5305 est,
2959 5254 3085 5311 qua:
3118 5238 3179 5293 in
3208 5236 3642 5293 visitationibus
3690 5234 3815 5310 ple-

2159 5327 2323 5383 bium
2352 5328 2666 5386 dioeceseos
2689 5327 3073 5384 habebantur.
3091 5327 3153 5382 In
3184 5327 3277 5384 his
3295 5327 3450 5384 enim
3468 5348 3495 5378 «
3518 5325 3812 5398 synodum

2156 5417 2247 5490 agi
2265 5418 2745 5483 ndicebant,cum
2778 5416 3087 5489 episcopus
3119 5414 3809 5487 convocatamplebemin

2154 5508 2485 5563 visitatione
2515 5506 3004 5578 alloquebatur,et
3025 5507 3312 5579 quosdam
3326 5504 3609 5561 exeadem
3638 5504 3810 5577 plebe

2152 5597 2474 5671 praecipuos
2504 5599 2870 5653 sacramento
2901 5594 3212 5652 obstrictos
3232 5595 3303 5651 de
3326 5592 3399 5649 iis
3430 5593 3798 5651 rebusintcr-

2150 5688 2412 5761 rogabat,
2448 5703 2575 5758 quae
2606 5684 2666 5741 in
2698 5684 3029 5743 visitatione
3059 5685 3213 5749 circa
3242 5686 3463 5743 statum
3490 5682 3799 5757 parochia-

2149 5792 2360 5835 norum
2378 5775 2728 5848 inquirenda
2748 5775 3069 5833 erant.Hzec
3102 5773 3454 5847 significatio
3486 5773 3797 5831 manifeste
