4070 6376
152 393 234 457 51
1181 367 1795 459 PBOLEGOMENA.
1827 424 1906 440 -
1934 389 2317 457 RATHERII
2361 388 2568 456 vna.
3507 386 3588 453 es

156 524 463 598 colligitur
490 542 560 582 ex
589 541 814 584 canone
843 522 1073 582 concilii
1124 525 1614 598 Rothomagensis
1665 527 1819 598 apud
1849 525 1906 597 Α
1934 541 2112 598 quam
2145 549 2173 576 ‹‹
2207 524 2448 593 milites,
2481 525 2715 582 colonos
2738 527 2794 581 et
2824 521 3100 591 famulos,
3135 546 3162 574 »
3187 521 3240 580 id
3275 525 3363 580 est
3380 520 3607 596 laicos,-

161 614 528 688 Reginonem
557 614 660 670 lib.
695 631 756 682 ιι,
793 631 841 670 c.
883 616 933 682 1,
959 617 1015 670 et
1045 613 1200 686 apud
1224 613 1628 670 Burchardum
1658 614 1760 670 lib.
1785 633 1825 682 1,

163 723 214 762 c.
244 706 356 771 90,,
375 703 477 760 ubi
507 704 741 777 legitur:
769 726 797 755 ‹‹
830 707 971 759 Cum
988 703 1300 775 episcopus
1328 719 1496 759 suam
1531 704 1828 760 dicecesim

164 793 398 861 circuit,
433 793 882 850 archidiaconus
903 791 991 848 vel
1023 792 1183 848 archi
1207 792 1508 864 presbyter
1535 810 1669 849 eum
1691 811 1832 866 prie-

165 885 247 940 ire
279 884 458 939 debet
479 899 598 938 uno
621 886 722 937 aut
743 881 972 938 duobus
991 880 1198 937 diebus
1224 881 1830 954 per§parochias,quas

164 973 514 1029 visitaturus
545 977 654 1037 est,
687 975 745 1026 et
764 971 930 1044 plebe
955 976 1269 1026 convocata
1289 973 1639 1028 annuntiare
1661 973 1832 1027 debet

169 1061 396 1135 proprii
423 1060 680 1132 pastoris
702 1061 1102 1125 adventum,et
1131 1065 1196 1114 ut
1226 1077 1450 1128 omnes,
1476 1061 1729 1132 exceptis
1752 1063 1834 1117 in-

168 1150 389 1217 ﬁrmis,
415 1151 489 1206 ad
529 1151 658 1222 ejus
690 1166 961 1206 SYNODUM
992 1148 1084 1205 die
1115 1149 1492 1205 denominata
1515 1149 1834 1223 imprzcter-

175 1241 362 1297 misse
397 1242 730 1294 occurrant.
762 1262 789 1289 »
823 1237 964 1294 Dein
1017 1242 1452 1295 sacramentum
1501 1239 1830 1310 subjicitur,

178 1329 334 1403 quod
367 1327 715 1400 «episcopus
737 1327 794 1382 in
817 1343 1039 1383 svsono
1062 1327 1323 1382 residens
1349 1332 1483 1400 post
1513 1344 1834 1400 congruam

174 1418 594 1476 allocutionem
629 1434 696 1472 na
719 1416 1136 1472 maturioribus
1161 1420 1215 1471 et
1240 1415 1673 1472 honestioribus
1693 1417 1833 1472 viris

171 1507 460 1581 exigebat,
486 1523 554 1562 ac
577 1506 816 1561 tandem
839 1505 1320 1578 interrogationes
1342 1506 1834 1578 subduntur,quee

172 1597 322 1671 ipsis
353 1600 523 1652 erant
555 1595 965 1668 proponendaa.
1002 1595 1063 1649 id
1091 1594 1399 1650 confirmat
1427 1595 1603 1650 etiam
1635 1595 1838 1651 Gerar-

173 1688 284 1742 dus
317 1687 378 1740 in
410 1685 532 1741 vita
557 1683 874 1741 S.Udalrioi
898 1683 1156 1756 episcopi
1186 1684 1642 1757 Augustani,qui
1662 1685 1835 1741 ambo

178 1775 456 1832 Ratberio
487 1774 664 1830 coaevi
694 1773 1063 1829 exstiterunt.
1098 1773 1178 1828 De
1217 1773 1650 1830 visitationibus
1679 1773 1836 1830 enim

174 1865 461 1921 dicecesos
492 1880 672 1936 agens
704 1879 831 1936 cap.
861 1864 916 1928 6,
952 1885 979 1911 ‹‹
1009 1861 1322 1918 concilium
1355 1885 1383 1912 »
1417 1880 1630 1918 vocans
1681 1864 1836 1935 quod

171 1955 232 2011 in
265 1953 615 2027 praecedenti
638 1951 970 2008 testimonio
1010 1953 1297 2024 «synodus
1332 1975 1358 2002 ››
1387 1952 1834 2025 appellatur,his

171 2042 368 2100 verbis
396 2043 586 2097 utitur
611 2041 954 2110 (MARILLON.
978 2042 1092 2096 Act.
1113 2039 1208 2097 SS.
1232 2043 1367 2099 0rd.
1400 2042 1614 2098 Bened.
1642 2045 1683 2096 t.
1708 2042 1830 2098 VII.

176 2151 234 2206 p.
269 2132 420 2203 428):
459 2153 486 2182 κ
514 2131 602 2186 Ad
634 2130 762 2185 loca
791 2133 985 2186 autem
1035 2129 1134 2185 illa
1163 2147 1298 2185 cum
1358 2132 1505 2202 ]va]
1539 2131 1833 2204 pervenis-

176 2226 282 2288 set,
319 2221 421 2276 ubi
453 2219 702 2276 concilia
731 2220 1456 2276 suadenuntiatafuerant
1534 2261 1547 2274 .
1628 2263 1640 2274 .
1722 2261 1736 2274 .
1817 2263 1830 2276 .

179 2313 239 2368 in
269 2327 536 2367 coxeruo
567 2309 879 2366 considens
909 2309 1192 2382 populum
1213 2314 1346 2366 ante
1372 2326 1434 2365 se
1463 2309 1654 2365 vocari
1678 2309 1830 2376 fecit,

178 2399 710 2476 prudentioresque
755 2403 814 2454 et
859 2398 1178 2455 veraciores
1209 2399 1836 2455 sacramentointerro-

180 2507 316 2564 gare
348 2487 643 2562 praecepit,
672 2511 699 2537 »
731 2492 840 2543 etc.
873 2489 941 2543 Et
974 2493 1190 2560 postea:
1228 2511 1254 2538 ‹‹
1288 2487 1587 2560 Completo
1636 2505 1834 2544 CONCI-

179 2597 268 2637 mo
299 2579 375 2636 ad
404 2576 851 2634 mansiuneulas
874 2577 1064 2633 rediit.
1104 2599 1130 2625 ››
1155 2578 1238 2633 Ad
1263 2577 1414 2633 hanc
1445 2577 1733 2650 synodum
1755 2577 1836 2632 vi-

183 2669 528 2728 sitationum
550 2666 852 2724 occasione
877 2666 1225 2722 celebratam
1245 2667 1549 2723 referenda
1563 2671 1702 2722 sunt
1724 2668 1834 2723 Ra-

182 2757 352 2813 therii
407 2757 588 2812 verba
645 2756 705 2811 in
737 2756 1038 2812 Itinerario
1071 2758 1314 2812 num.5:
1375 2758 1621 2821 «Quem
1678 2755 1835 2812 enim

185 2846 466 2903 laicorum
500 2846 573 2902 de
599 2845 884 2901 adulterio
914 2846 1221 2901 convenire
1269 2863 1450 2902 ausus
1500 2847 1743 2902 fuissem
1775 2845 1835 2902 in

188 2935 432 3009 synodo,
470 2957 491 2984 ι
529 2939 664 3003 etc.,
697 2938 762 2989 ut
785 2933 1001 2990 ibidem
1034 2933 1455 3007 explicabimus
1488 2935 1548 2989 in
1582 2939 1697 2990 not.

255 3025 346 3081 38.
383 3024 639 3097 Capitula
667 3039 800 3079 vero
828 3024 1153 3080 clericorum
1184 3041 1250 3080 ea
1289 3023 1472 3080 fuisse
1524 3023 1836 3097 appellata,

186 3115 404 3187 quibus
436 3118 569 3186 post
587 3113 852 3186 synodum
868 3113 1046 3169 totius
1061 3113 1246 3185 plebis
1267 3114 1612 3170 celebratam
1635 3131 1839 3172 omnes

185 3204 450 3276 ejusdem
501 3203 689 3276 plebis
745 3201 957 3269 clerici,
1015 3205 1250 3274 quando
1281 3221 1429 3276 opus
1487 3209 1629 3275 erat,
1662 3203 1838 3260 simul

1935 615 2146 671 horum
2179 619 2372 671 autem
2405 632 2590 672 causa:
2615 619 3234 688 cognoscerenturnon
3256 614 3315 670 in
3349 613 3588 687 synodis

1937 705 2299 760 dimcesanis.
2365 705 2464 760 sed
2524 705 2584 759 in
2642 703 2761 760 illis
2809 703 3212 760 visitationum
3287 703 3589 760 occasione

1938 795 2174 862 coactis;
2209 795 2344 850 hinc
2373 795 2570 866 synodi
2616 811 2830 851 nomen
2863 793 2971 849 hoc
3022 793 3146 850 loco
3177 794 3247 849 de
3296 793 3588 864 ejusmodi

1940 883 2178 955 synodis
2209 884 2609 955 accipiendum
2643 883 3016 939 credidimus.

2009 975 2098 1027 39.
2131 973 2321 1028 Verba
2338 990 2508 1044 porro
2533 997 2560 1024 «
2586 974 2723 1028 dum
2743 972 3167 1028 ecclesiasticos
3191 972 3428 1028 ordines
3455 989 3588 1045 age-

1941 1079 2084 1118 rem.
2122 1084 2150 1111 »
2184 1062 2254 1117 de
2280 1079 2582 1117 sacrorum
2601 1062 2872 1117 ordinum
2896 1061 3202 1118 collatione
3223 1061 3394 1135 [LXVI]
3418 1060 3588 1116 intel-

1940 1151 2176 1224 ligenda
2206 1150 2345 1206 olim
2379 1168 2511 1207 cum
2544 1151 2674 1206 aliis
2719 1151 3200 1208 existimavimus.
3252 1151 3420 1206 Nunc
3457 1167 3589 1206 vero

1942 1241 2246 1297 maturiori
2277 1240 2738 1296 consideratione
2768 1240 2986 1304 habita,
3015 1239 3106 1295 his
3135 1239 3328 1296 verbis
3377 1238 3589 1295 solem-

1943 1347 2077 1385 nem
2111 1328 2367 1402 aliquam
2401 1329 2852 1386 ecclesiasticam
2886 1329 3243 1384 functionem
3271 1327 3588 1400 signiﬁcari

1943 1419 2315 1475 arbitramur.
2351 1419 2538 1486 Simili
2570 1419 2727 1475 enim
2751 1418 3001 1474 formula
3021 1417 3336 1473 Ratherius
3351 1417 3521 1490 epist.
3547 1434 3585 1472 1:

1945 1510 2281 1565 «Conradus
2299 1508 2533 1564 ordines
2549 1507 2807 1564 exercuit
2827 1506 3280 1564 ecclesiasticos»
3303 1505 3586 1574 scribens,

1945 1615 2170 1654 sacram
2203 1597 2461 1670 aliquam
2494 1597 2871 1664 funetionem,
2906 1611 3022 1651 non
3049 1611 3185 1650 vero
3213 1610 3442 1651 sacram
3495 1611 3590 1649 or-

1945 1688 2304 1744 dinationem
2339 1686 2658 1743 aConrado
2718 1689 3012 1759 peractam
3063 1684 3366 1756 expressit,
3416 1687 3481 1738 ut
3532 1683 3588 1738 in

1947 1777 2212 1832 eamdem
2243 1776 2549 1849 epistolam
2580 1775 2876 1830 notatione
2932 1773 3104 1830 tertia
3131 1773 3588 1829 observavimus.

1946 1866 2116 1920 Enim
2139 1883 2271 1921 vero
2301 1865 2350 1920 si
2382 1865 2566 1922 sacris
2595 1863 2901 1920 ordinibus
2933 1862 3302 1918 conferendis
3329 1865 3594 1918 vacasset

1945 1954 2385 2027 Ratherius;qui
2417 1955 2541 2010 fieri
2575 1953 2954 2026 potuisset,ut
2982 1968 3164 2008 omnes
3194 1949 3386 2006 clerici
3407 1951 3586 2006 etiam

1943 2045 2272 2110 ordinandi,
2309 2045 2408 2116 qui
2440 2044 2510 2098 de
2541 2044 2903 2116 promotione
2931 2059 3040 2098 sua
3069 2040 3302 2098 solliciti
3333 2056 3461 2096 esse
3491 2055 3590 2094 so-

1943 2135 2082 2201 lent,
2113 2134 2308 2205 ipsum
2339 2133 2692 2198 deserentes,
2720 2132 2898 2187 solum
2927 2131 2986 2186 in
3019 2128 3275 2186 Ecclesia
3299 2127 3589 2199 relinque-

1943 2223 2098 2281 rent?
2124 2223 2183 2279 Si
2215 2223 2286 2278 de
2326 2220 2468 2277 solis
2516 2219 2819 2276 ordinibus
2867 2218 3235 2274 conferendis
3283 2217 3586 2288 agebatur,

1943 2312 2091 2370 nihil
2123 2315 2268 2378 erat,
2323 2311 2416 2366 cui
2475 2309 2599 2365 solo
2658 2309 2928 2382 episcopo
2982 2307 3180 2363 relicto
3211 2306 3271 2360 in
3323 2304 3585 2372 ecclesia,

1943 2401 2449 2457 «archidiaconus
2492 2415 2625 2454 cum
2682 2399 2839 2454 omni
2899 2395 3050 2453 clero
3081 2396 3298 2463 exiens,
3346 2394 3588 2450 alteram

1943 2492 2056 2547 sibi
2087 2489 2396 2546 ecclesiam
2427 2493 2628 2544 contra
2653 2487 2990 2560 episcopum
3022 2485 3360 2542 vindicaret.
3396 2504 3424 2533 »
3458 2483 3589 2538 Haec

1945 2586 2138 2654 aperte
2169 2579 2431 2633 indicant
2461 2577 2781 2633 solemnem
2821 2575 3077 2654 aliquam
3128 2573 3484 2630 functionem
3517 2572 3591 2627 ab

1945 2653 2214 2742 episcopo
2246 2667 2595 2724 celebratam
2626 2667 2686 2721 in
2719 2653 3058 2730 cathedrali,
3086 2664 3177 2720 cui
3200 2667 3356 2719 totus
3400 2661 3591 2718 clerus

1944 2759 2163 2827 aderat;
2198 2756 2473 2813 derelicto
2504 2761 2701 2812 autem
2733 2756 3004 2828 episcopo
3035 2755 3229 2826 ipsum
3251 2752 3471 2808 clerum
3495 2768 3590 2807 ar-

1944 2848 2285 2904 chidiacono
2315 2847 2459 2902 duce
2472 2847 2736 2902 eamdem
2756 2845 3110 2900 functionem
3134 2843 3192 2898 in
3223 2841 3398 2898 aliam
3409 2839 3593 2898 eccle-

1945 2939 2094 2994 siam
2126 2936 2444 2992 cathedrali
2476 2935 2798 3008 proximam
2845 2932 3236 2998 transtulisse,
3275 2949 3364 2987 ex.
3411 2947 3497 3003 gr.
3531 2929 3592 2985 in

1945 3026 2250 3084 ecclesiam
2281 3027 2339 3081 S.
2376 3026 2628 3098 Georgii,
2660 3023 2746 3078 vel
2779 3028 2835 3079 S.
2879 3023 3122 3078 Joannis
3156 3022 3214 3076 in
3262 3021 3438 3076 fonte.
3491 3020 3592 3074 Ar-

1947 3115 2650 3172 chidiaconusAdelardus
2673 3113 3040 3183 subscriptus
3058 3112 3270 3183 legitur
3291 3110 3350 3164 in
3374 3110 3592 3164 instru-

1947 3211 2144 3261 mento
2170 3204 2645 3260 con‘unutationis
2663 3221 2694 3258 a
2727 3202 2995 3257 ltatherio
3019 3206 3147 3272 post
3164 3198 3591 3258 restitutionem

187 3294 394 3361 coacti,
430 3310 624 3348 coram
659 3292 930 3365 episcopo
959 3292 1490 3364 interrogabantur,
1547 3293 1740 3366 palam
1774 3295 1838 3349 ﬁt
1867 3276 1910 3342 (ἶ
1948 3297 2191 3350 lii-matre
2225 3311 2423 3350 mense
2446 3293 2724 3349 Januario
2755 3290 3211 3360 anni91i7,cujus
3235 3287 3590 3343 mentionem

184 3401 250 3440 ex
279 3384 487 3440 eodem
519 3383 801 3454 Gerardo,
833 3382 934 3454 qui
964 3386 1096 3454 post
1126 3383 1418 3455 descripta
1441 3382 1679 3438 laudata
1700 3399 1807 3438 con

184 3472 317 3530 cilia
346 3491 381 3528 a
412 3473 471 3529 S.
507 3470 776 3528 Udalrico
808 3472 866 3526 in
898 3471 1166 3544 plebibus
1206 3471 1410 3527 habita
1457 3471 1675 3528 subdit:
1711 3495 1738 3522 «
1773 3473 1836 3528 In

184 3562 542 3636 quibusdam
572 3564 769 3616 autem
803 3559 1010 3616 diebus
1031 3577 1308 3617 CAPITULA
1331 3579 1466 3617 cum
1491 3561 1718 3618 clericis
1741 3562 1840 3617 ha-

182 3651 316 3708 bere
347 3651 641 3724 disposuit
670 3650 731 3705 in
761 3650 854 3705 his
882 3649 1046 3718 locis,
1083 3650 1181 3705 ubi
1210 3651 1329 3706 hmo
1363 3651 1665 3722 aptissime
1713 3652 1836 3707 fieri

183 3739 669 3814 archipresbyteri
727 3743 1101 3812 putaverunt,
1134 3743 1192 3796 et
1259 3740 1358 3796 ubi
1419 3757 1554 3796 eum
1604 3741 1674 3797 ab
1707 3741 1836 3797 aliis

183 3829 502 3886 mundanis
533 3827 799 3885 conciliis
830 3850 858 3879 »
885 3831 1033 3900 (quae
1066 3829 1287 3884 scilicet
1310 3832 1482 3884 antea
1513 3835 1838 3886 memorata

183 3917 360 3975 laicos
392 3917 803 3990 respiciebant)
830 3941 858 3969 «
883 3917 1300 3992 absolutiorem
1327 3934 1458 3974 esse
1477 3919 1838 3974 arbitraban-

183 4011 296 4064 tur.
330 4007 712 4081 Congregatis
735 4009 869 4062 ante
894 4022 955 4062 se
977 4006 1201 4062 clericis
1224 4007 1756 4081 archipresbyteros
1781 4013 1839 4064 et

183 4097 434 4154 decanos
463 4101 522 4153 et
545 4096 819 4169 optimos,
854 4113 1000 4169 quos
1033 4095 1184 4152 inter
1213 4113 1311 4153 eos
1341 4097 1600 4152 invenire
1625 4099 1834 4170 potuit,

184 4191 346 4243 caute
376 4186 776 4258 interrogavit;
811 4208 839 4235 »
863 4189 994 4250 etc.,
1021 4185 1300 4241 nimirum
1325 4187 1394 4242 de
1412 4187 1836 4258 pertinentibus

185 4276 252 4332 ad
278 4273 545 4331 clericos.
580 4276 656 4330 Ee
677 4275 922 4347 antiqua
947 4275 1286 4345 hujusmodi
1309 4275 1836 4348 interrogationum

183 4363 454 4434 formula,
489 4381 742 4436 quarum
787 4362 912 4420 aliae
962 4365 1032 4420 ad
1065 4364 1324 4432 clericos,
1378 4365 1505 4422 aliae
1537 4367 1607 4421 ad
1656 4365 1836 4422 laicos

184 4455 573 4528 pertinebant;
611 4454 741 4509 vide
772 4471 898 4526 qua:
933 4453 1186 4510 diximus
1226 4454 1284 4510 in
1335 4455 1733 4511 admonitione
1765 4457 1836 4512 ad

181 4544 521 4616 synodicam
540 4543 974 4599 Ratherii.Cum
1007 4544 1202 4616 itaque
1221 4543 1356 4598 Milo
1380 4560 1606 4600 comes<<
1633 4562 1837 4601 omnes

1946 3385 2193 3441 fecimus
2223 3383 2588 3456 paragrapho
2621 3379 2965 3453 prmeedcnti
3000 3396 3164 3434 num.
3195 3379 3284 3434 33.
3312 3381 3366 3432 is
3397 3380 3590 3432 autem

1947 3475 2394 3532 archidiaconus
2420 3472 2468 3528 si
2498 3489 2632 3528 mox
2662 3488 2776 3527 non
2809 3469 2993 3537 obiiit,
3028 3467 3123 3524 ille
3151 3471 3241 3523 est
3281 3465 3383 3538 qui
3412 3464 3595 3536 hujus

1947 3563 2282 3620 rebellionis
2311 3563 2429 3618 dux
2461 3561 2586 3626 fuit,

2017 3655 2105 3708 40.
2144 3651 2328 3706 llliam
2363 3667 2478 3706 non
2503 3649 2776 3706 leviorem
2799 3648 3075 3720 injuriam
3099 3646 3374 3702 Ratherio
3397 3643 3596 3700 intulit

1947 3744 2248 3798 Manasses
2283 3740 2762 3812 archiepiscopus
2784 3736 3270 3808 Arelatensis,qui
3293 3735 3601 3790 interdicta

1946 3836 2004 3887 et
2033 3848 2236 3904 ptenas
2266 3848 2300 3886 a
2329 3830 2512 3886 sacris
2537 3827 2861 3884 canonibus
2898 3826 3171 3892 inflictas,
3206 3822 3595 3896 metropolitis

1947 3938 2189 3976 suarum
2197 3919 2626 3992 provinciarum
2641 3917 2858 3973 limites
2871 3921 2996 3972 tran
3005 3915 3438 3988 sgredientibus
3449 3912 3598 3968 nihi-

1946 4010 2069 4066 lum
2103 4008 2682 4076 metuens,«tendens
2704 4007 2950 4062 ineidias
2965 4003 3280 4061 Veronensi
3302 4003 3592 4074 episeopo,

1947 4099 2305 4156 consecravit
2337 4097 2675 4169 episcopum
2722 4095 3036 4168 quemdam
3087 4110 3206 4149 suae
3238 4090 3504 4147 diaeresis
3534 4089 3594 4146 in

1945 4188 2118 4246 titulo
2148 4187 2419 4244 Ecclesiae
2447 4185 2799 4242 Veronensis
2839 4186 3013 4257 (epist.
3056 4185 3092 4237 5
3114 4182 3182 4237 ad
3209 4183 3313 4248 Jo.,
3361 4197 3419 4235 ιι.
3451 4180 3529 4247 6).
3566 4201 3593 4228 »

1946 4279 2133 4348 Hujus
2166 4294 2402 4349 quoque
2423 4273 2702 4330 molestiae
2725 4273 3082 4329 incentorem
3105 4269 3416 4326 Ratherius
3437 4267 3598 4324 Milo-

1948 4385 2082 4424 nem
2119 4370 2374 4430 accusat,
2408 4364 2507 4436 qui
2535 4362 2816 4435 depositis
2845 4361 3095 4418 subinde
3136 4358 3419 4432 (fortassis
3468 4361 3603 4430 post

1947 4456 2276 4512 discessum
2310 4453 2530 4526 Ugonis
2577 4470 2646 4507 ex
2679 4450 2864 4523 Italia)
2915 4448 3351 4522 suspicionibus
3397 4451 3601 4504 contra

1947 4547 2076 4602 Man
2087 4561 2279 4601 assem
2307 4551 2479 4598 antea
2509 4539 3056 4613 conceptis,amicus
3077 4541 3124 4610 ej
3137 4556 3204 4593 us
3224 4538 3466 4594 effectus
3488 4541 3595 4592 est.

179 4628 435 4701 clericos,
469 4631 710 4699 milites,
745 4631 979 4689 colonos
1011 4637 1068 4687 et
1119 4631 1370 4688 famulos
1405 4656 1431 4682 »
1465 4637 1668 4690 contra
1719 4636 1834 4690 Ra-
1865 4648 1915 4713 D
1947 4636 2092 4692 Cum
2123 4633 2601 4707 porroManasses
2615 4647 2740 4687 sese
2759 4631 3053 4703 praeferret
3071 4627 3600 4701 episcOpumVero-

180 4719 433 4776 therium
466 4721 682 4778 foveret
712 4726 886 4794 atque
917 4722 1400 4794 patrocinaretur;
1436 4722 1486 4778 is
1523 4746 1550 4773 ‹‹
1573 4740 1679 4780 nec
1701 4742 1836 4797 syn-

177 4811 350 4867 odum
383 4827 578 4883 agere,
616 4834 645 4861 ι)
677 4813 748 4868 ad
794 4828 971 4884 quam
1022 4811 1082 4867 in
1112 4811 1548 4869 visitationibus
1597 4813 1834 4882 milites,

175 4899 359 4956 coloni
393 4904 453 4956 et
475 4899 706 4970 famuli,
731 4901 789 4957 id
823 4905 932 4969 est,
957 4919 1161 4958 omnes
1184 4901 1316 4958 laici
1349 4901 1611 4975 plebium
1633 4903 1836 4961 incolae

176 4993 339 5045 erant
367 4990 750 5059 convocandi,
781 5006 880 5046 nec
897 4992 1162 5062 capitula,
1195 4991 1414 5062 quibus
1429 4993 1632 5049 adesse
1662 4994 1835 5050 debe-

174 5077 311 5134 bant
342 5077 566 5149 clerici,
600 5079 817 5136 habere
847 5080 1131 5150 audebat;
1165 5080 1461 5152 siquidem
1507 5099 1610 5138 nec
1659 5083 1835 5155 quid-

175 5185 351 5241 quam
388 5170 546 5242 quod
577 5169 1018 5226 emendandum
1037 5173 1192 5226 esset
1224 5186 1702 5238 commemorare,
1729 5189 1833 5229 nec

174 5261 428 5316 statuere
471 5262 703 5331 poterat
751 5259 1059 5332 quidlibet,
1107 5257 1194 5315 vel
1250 5259 1591 5318 destituere.
1645 5263 1844 5335 Neque

173 5363 296 5404 vero
327 5365 622 5421 negamus
652 5349 724 5405 de
767 5347 1115 5405 clericorum
1170 5349 1364 5406 causis
1411 5355 1606 5406 actum
1660 5352 1842 5408 fuisse

174 5438 341 5493 etiam
375 5439 435 5494 in
467 5439 711 5512 synodis
745 5438 1115 5507 diceccsanis,
1161 5443 1225 5494 ut
1274 5444 1432 5511 patet
1484 5457 1550 5495 ex
1604 5441 1840 5498 laudato

172 5524 472 5584 Itinerario
527 5545 588 5584 ιι.
617 5529 673 5584 6.
707 5529 851 5585 Cum
903 5546 1036 5584 vero
1079 5529 1136 5584 in
1195 5529 1436 5585 laudata
1488 5529 1734 5602 epistola
1766 5533 1836 5587 ad

171 5631 468 5674 summum
503 5618 842 5692 pontiﬁcem
859 5618 1171 5675 Ratherius
1189 5618 1481 5691 synodum
1505 5638 1539 5676 a
1559 5620 1837 5693 capitulis

168 5703 508 5766 clericorum
539 5708 934 5782 distinguens,
969 5697 1083 5765 non
1110 5713 1230 5766 tam
1259 5710 1489 5768 clericos
1522 5716 1832 5779 memoret,

1948 4741 2210 4791 nensem,
2246 4724 2632 4794 eamdemque
2654 4719 2966 4776 Ecclesiam
2991 4718 3263 4774 Ratherio
3292 4716 3461 4789 pulso
3484 4734 3600 4772 non

1951 4814 2033 4874 illi
2068 4814 2278 4870 clerico
2309 4830 2416 4869 suo
2451 4813 2554 4867 abs
2584 4827 2645 4867 se
2698 4810 2966 4866 ordinato
3014 4809 3306 4882 episcopo,
3355 4806 3458 4862 sed
3489 4805 3602 4861 sibi

1947 4905 2102 4978 regis
2125 4905 2300 4975 jussu
2331 4902 2676 4958 tradendam
2712 4901 2949 4968 curarit,
2980 4903 3044 4954 ut
3074 4915 3206 4954 mox
3248 4895 3596 4964 videbimus;

1947 5011 2063 5066 quo
2091 5010 2269 5048 sensu
2306 4990 2472 5047 illum
2505 4989 2863 5046 consecrarit
2887 5012 2914 5039 «
2949 4987 3008 5043 in
3041 4987 3210 5043 titulo
3247 4981 3600 5042 Veronensis

1944 5082 2236 5150 Ecclesiae,
2273 5104 2300 5131 ››
2333 5081 2584 5136 aliorum
2609 5080 2904 5150 judicium
2937 5082 3081 5134 esto.

2023 5174 2111 5228 41.
2145 5194 2173 5222 ‹‹
2208 5171 2448 5227 Biennio
2479 5175 2536 5225 et
2565 5169 2674 5225 hoc
2707 5167 2973 5234 tolerato,
3010 5190 3036 5216 »
3067 5165 3236 5221 addlt
3266 5160 3601 5231 Ratherius,

1950 5285 1978 5313 «
2013 5261 2362 5335 gravissimo
2397 5259 2688 5328 omnium,
2722 5273 2872 5331 quos
2901 5261 3088 5323 antea,
3122 5260 3179 5310 et
3225 5256 3359 5326 post
3404 5253 3600 5325 [vau]

1924 5351 2566 5425 vpertuli,miseriarum
2602 5365 2849 5414 carcere,
2875 5347 3016 5400 dum
3049 5345 3121 5399 ad
3150 5342 3602 5416 vespertinalem

1949 5439 2388 5514 persolvendam
2415 5455 2714 5511 pergerem
2742 5434 3027 5508 synaxim,
3049 5433 3236 5489 adfuit
3255 5434 3477 5490 missus
3497 5433 3600 5488 do-

1948 5528 2091 5583 mini
2127 5527 2280 5600 regis
2317 5524 2573 5582 Lotharii
2604 5521 3012 5596 prmeipientis,
3047 5527 3111 5579 ut
3141 5523 3284 5578 urbe
3315 5523 3601 5579 decedens

1947 5621 2147 5676 darem
2181 5617 2372 5674 locum
2399 5613 2660 5672 Manassi
2687 5613 2885 5669 sedem
2909 5629 3101 5670 meam
3126 5611 3604 5684 invadendi;adji-

1947 5709 2108 5771 ciens
2141 5705 2383 5764 amicale
2413 5703 2564 5761 satis
2616 5702 2952 5770 consilium,
2986 5702 3196 5760 melius
3226 5701 3449 5760 scilicet
3477 5717 3604 5757 esse
