4070 6384
444 389 526 454 59
538 430 541 431 ,

1408 387 1862 454 RATHERIUS
1904 385 2403 454 VERONENSIS
2445 386 2900 455 EPISGOPUS.

3781 376 3871 443 60
3908 428 3913 438 ι

446 527 514 583 ut
541 524 1086 598 secederem,quam
1109 524 1344 583 Milonis
1369 525 1500 581 dolo
1526 528 1627 581 aut
1647 523 2095 591 exmembrarer,
2122 524 2187 591 Α
2217 564 2232 579 .
2277 567 2289 579 .
2338 566 2351 579 .
2398 566 2410 580 .
2454 525 2697 581 Remota
2725 523 2904 597 igitur
2924 514 3529 588 difﬁcultate,utimini
3550 518 3867 590 potestate,

446 619 549 671 aut
574 614 947 681 interﬁcerer,
973 619 1092 681 aut,
1116 617 1271 687 quod
1294 614 1475 671 levius
1495 613 1587 669 his
1604 613 1811 682 multo,
1836 614 1938 669 sed
1962 630 2095 686 gra-

443 703 755 759 vissimum
788 704 932 759 mihi
962 709 1116 760 esset
1144 705 1426 772 futurum,
1460 704 1941 775 comprehensus,
1982 719 2094 775 quo

444 792 689 849 minime
709 792 915 849 vellem
939 793 1379 849 abducerer.»ld
1396 796 1589 847 actum
1608 791 1824 864 partim
1838 791 2090 847 Milonis.

443 881 660 955 partim
693 882 983 937 Manassis
1014 897 1204 953 opera;
1238 879 1504 953 nihilque
1534 880 1912 953 ambigimus,
1954 881 2094 952 quin

446 970 556 1027 hoc
580 975 934 1043 prmeeptum
956 969 1106 1042 regis
1138 968 1395 1024 Lotharii
1417 969 1655 1025 nomine
1687 987 1720 1025 a
1749 970 2095 1042 Berengario

443 1057 744 1132 prodierit,
777 1059 929 1129 apud
961 1073 1136 1128 quem
1161 1056 1299 1112 Milo
1332 1061 1388 1112 et
1421 1058 1724 1114 Manasses
1773 1057 2093 1130 plurimum

442 1146 729 1203 valebant.
763 1145 1142 1217 Berengarius
1204 1146 1383 1213 enim,
1418 1153 1485 1201 ut
1541 1152 1711 1202 antea
1756 1146 2095 1203 monuimus

444 1252 605 1292 num.
637 1235 725 1301 32,
760 1234 821 1289 in
850 1234 1107 1290 Lotharii
1139 1235 1484 1291 aulaomnia
1512 1236 1768 1308 gerebat,
1793 1236 1915 1292 solo
1939 1236 2094 1308 regio

441 1321 609 1379 titulo
639 1326 696 1377 et
718 1320 943 1378 honore
972 1322 1161 1378 eidem
1185 1324 1419 1379 relictis.
1445 1324 1590 1379 Huic
1617 1322 2094 1396 praseeptoliben-

442 1414 531 1468 ter
560 1410 741 1467 cessit
776 1410 1109 1477 Ratherius,
1145 1412 1244 1484 qui
1276 1417 1449 1468 antea
1479 1430 1513 1469 a
1540 1417 1625 1469 tot
1654 1413 1883 1469 insidiis
1915 1419 1971 1468 et
2001 1431 2095 1469 ca-

446 1498 817 1556 lamitatibus
848 1498 977 1556 sese
1007 1501 1404 1569 subduxisset,
1438 1502 1549 1557 nisi
1580 1502 1798 1558 veritus
1819 1507 1993 1570 esset,
2027 1520 2099 1559 ne

443 1587 790 1645 mercenarii
819 1591 1017 1644 notam
1046 1588 1385 1658 incurreret,
1439 1590 1539 1663 qui
1574 1587 1796 1647 timore
1842 1593 2093 1663 fugiens,

446 1693 683 1750 gregem
740 1676 852 1733 sibi
911 1677 1297 1734 commissum
1358 1677 1514 1751 lupis
1563 1680 1832 1736 dimittit.
1891 1704 1919 1733 ‹‹
1968 1681 2098 1737 Feci

440 1766 668 1838 jussus,
700 1765 912 1838 inquit,
943 1768 1094 1839 quod
1118 1773 1288 1823 antea
1308 1766 1695 1825 libentissime
1720 1770 1984 1826 fecissem
2011 1770 2098 1824 in-

440 1855 674 1928 jussus,
704 1855 820 1954 nisi
836 1854 1271 1959 interdixisset,
1301 1859 1454 1929 quod
1488 1859 1570 1915 ait
1598 1859 1658 1914 in
1695 1857 2003 1931 Evangelio
2026 1860 2096 1914 de
2126 1894 2173 1959 Β

448 1943 806 1999 mercenario
836 1943 1141 2012 Dominus;
1174 1946 1274 2001 sed
1306 1963 1419 2002 non
1451 1946 1611 2018 potui
1643 1964 1811 2021 agere
1834 1949 2090 2020 impune.

449 2031 598 2104 Lupi
623 2031 706 2086 illi
737 2047 971 2105 gregem
1004 2050 1119 2089 non
1153 2035 1487 2106 quaerebant
1518 2035 1811 2103 invadere,
1861 2039 1961 2093 sed
1993 2054 2094 2110 pa-

450 2124 691 2190 storem;
723 2127 1183 2194 persecutusque
1205 2123 1262 2178 in
1284 2141 1402 2179 una
1429 2125 1659 2181 civitate
1681 2126 1879 2200 fugere
1900 2126 2092 2181 venia-

448 2209 582 2265 liter
610 2210 774 2282 potui
804 2209 864 2264 in
878 2209 1073 2266 aliam.
1112 2232 1139 2261 ››
1154 2216 1295 2268 Cum
1310 2213 1634 2283 biennium,
1650 2231 1765 2286 quo
1780 2215 2094 2271 Ratherius

446 2299 687 2354 Veronae
716 2298 867 2354 hanc
897 2300 1359 2373 persecutionem
1389 2319 1705 2376 perpessus
1726 2306 1834 2369 est,
1858 2303 2096 2359 desierit

448 2403 601 2444 anno
628 2387 1078 2457 948;secundam
1108 2390 1236 2460 ejus
1249 2391 1645 2463 expulsionem
1661 2392 1732 2446 ab
1756 2392 2092 2464 episcopatu

447 2476 770 2532 Veronensi
799 2476 859 2530 in
889 2476 1045 2532 hunc
1072 2494 1295 2534 annum
1321 2479 1597 2536 incidisse
1628 2480 1832 2552 liquet.

452 2565 668 2637 [LXVIII]
684 2564 729 2691 ἓ
888 2596 955 2606 —-
983 2570 1051 2621 In
1080 2566 1433 2625 Germaniam
1464 2569 1752 2625 Ratherius
1794 2572 2090 2642 proﬁcisci-

524 2640 636 2691 tur.
723 2639 889 2691 embzt
918 2637 989 2691 ad
1044 2640 1356 2691 Bruuonem
1413 2640 1620 2691 Ottonis
1649 2645 1678 2691 I
1712 2645 1956 2691 lmlrem.
2017 2647 2090 2691 De

524 2640 659 2720 turn
684 2637 889 2719 Scribit
918 2637 989 2720 ad
1042 2640 1356 2720 prultpnmn
1413 2640 1678 2720 Ottonis]
1708 2637 1956 2720 [ra—trem.
2015 2647 2095 2720 _De

524 2708 687 2763 initio
719 2710 874 2781 regni
900 2708 1136 2785 ejusdem
1172 2711 1379 2785 Ottonis
1411 2714 1467 2767 in
1490 2784 1493 2785 ν
1520 2708 1717 2767 Ιιαὶἰαί
1750 2714 1972 2785 Aliquot
2000 2715 2090 2770 d0-

521 2787 897 2836 eumentorum
951 2783 1253 2837 natationes
1302 2783 1576 2837 chronica;
1627 2783 1943 2840 emendatae.
1990 2787 2091 2840 Ra-

524 2850 740 2934 therias.
762 2869 889 2907 cum
911 2852 1104 2934 Qttone
1128 2862 1179 2909 et
1206 2853 1324 2923 ﬁlio
1361 2855 1477 2934 ejus
1526 2854 1769 2934 Liutulfo
1799 2873 1942 2912 anno
1988 2858 2089 2912 951

524 2924 584 2977 in
612 2923 830 3000 Italian;
857 2923 999 3000 redit
1046 2923 1409 3000 recuperandi
1460 2923 1799 3000 episcopatus
1851 2944 1944 3000 spe
1967 2945 2093 2984 con-

522 3001 692 3069 cepta.
723 2996 941 3069 Milonis
969 2996 1187 3069 comitis
1234 2996 1502 3067 nepotem
1524 2996 1833 3069 episcopum
1878 2996 2093 3056 'consti-

524 3068 710 3140 talum
727 3068 949 3140 reperit,
979 3069 1073 3122 eui
1090 3068 1355 3122 Manasses
1375 3068 1737 3140 episcopatum
1756 3070 2091 3129 vendiderat.

522 3136 1165 3215 Appellat—adsumnum
1188 3136 1497 3215 pontiﬁcem
1529 3136 1579 3196 et
1607 3142 1677 3196 ad
1724 3144 2096 3215 episcoporum

521 3208 807 3279 synodum.
838 3212 949 3265 Hac
974 3210 1040 3265 de
1058 3227 1117 3265 re
1146 3208 1253 3265 tres
1281 3208 1537 3281 epistolas
1564 3208 1770 3270 scribit:

523 3265 928 3345 42.Ratherius
958 3291 1213 3345 secando
1243 3306 1273 3345 e
1304 3265 1780 3351 ‘Véronens—isede
1802 3294 2011 3367 pulsus
2031 3295 2093 3351 in
2123 3265 2165 3335 Ο

454 3376 827 3434 Germaniam
853 3377 1224 3446 secessit,ubi
1256 3379 1417 3436 nullo
1434 3382 1726 3439 ccrtoloco
1746 3384 2094 3454 consistens,

450 3465 579 3521 vitae
606 3466 873 3522 subsidia
904 3467 1255 3539 quaesiturus
1280 3467 1394 3524 huc
1423 3469 1562 3526 illuc
1607 3473 1903 3541 discurrit;
1953 3475 2096 3531 adeo

451 3558 518 3611 ut
545 3572 847 3628 gyrovagus
875 3560 1178 3612 vocaretur
1206 3557 1379 3630 (epist.
1411 3560 1464 3629 5,
1498 3577 1557 3615 n.
1590 3560 1667 3633 3).
1716 3562 2004 3633 Noricam,
2037 3564 2096 3621 id

452 3650 543 3702 est
572 3645 919 3718 Bajoariam,
953 3646 1224 3702 Sueviam
1254 3653 1427 3720 atque
1454 3651 1784 3719 Saxoniam,
1810 3669 1956 3724 quas
1978 3671 2095 3710 suae

448 3733 579 3789 vitae
609 3738 790 3790 testes
821 3738 1107 3790 memorat
1126 3733 1185 3789 in
1206 3737 1500 3804 Qualitatis
1518 3740 1830 3811 conjectura
1851 3760 2016 3800 num.
2039 3745 2092 3810 3,

450 3822 562 3879 hac
591 3823 895 3879 occasione
924 3838 1267 3896 peragrasse
1292 3825 1539 3883 videtur.
1571 3829 1717 3885 Hinc
1765 3831 2095 3888 subsidium

452 3911 562 3968 sibi
596 3911 917 3983 praebuisse
948 3912 1288 3984 Germanos,
1321 3915 1530 3973 harum
1561 3919 1832 3977 videlicet
1861 3922 2096 3995 provin-

451 4002 676 4056 ciarum
707 3999 1033 4072 episcopos,
1066 4006 1316 4061 testatur
1344 4005 1406 4061 in
1426 4006 1666 4076 litteris,
1700 4026 1848 4082 quas
1878 4012 1949 4066 ad
1984 4012 2119 4068 Ro-.

450 4106 695 4146 manum
725 4089 1060 4161 pontificem
1090 4093 1344 4166 scripsit,
1376 4099 1439 4151 ut
1458 4114 1566 4153 suo
1596 4097 1721 4154 loco
1743 4099 2093 4169 videbimus,

452 4197 608 4236 anno
635 4180 762 4234 951.

521 4259 610 4315 43.
643 4258 781 4314 Erat
807 4259 915 4316 hoc
944 4264 1206 4335 tempore
1226 4280 1343 4320 non
1361 4268 1483 4322 tam
1500 4266 1812 4340 disciplina
1840 4286 2092 4341 morum,

451 4363 630 4421 quam
662 4346 990 4405 litterarum
1013 4352 1207 4408 studio
1228 4353 1473 4412 celebris
1492 4356 1916 4416 BrunoOttonis
1938 4361 1960 4416 Ι
1982 4362 2096 4418 fra-

449 4440 560 4503 ter,
592 4436 695 4509 qui
754 4442 955 4509 postea
1012 4440 1125 4495 fuit
1182 4443 1655 4518 archiepiscopus
1712 4447 2093 4508 Coloniensis.

447 4526 655 4581 Alebat
682 4527 845 4582 domi
875 4529 1165 4584 doctiores
1222 4532 1402 4603 hujus
1457 4535 1644 4590 aetatis
1699 4534 1875 4606 viros,
1907 4539 2097 4613 iisque

2204 614 2551 670 scientesme
2563 615 2674 670 hoc
2684 613 2979 669 inhianter
2991 610 3507 681 ambire.Praesaga
3520 606 3677 663 enim
3692 622 3869 662 mens

2205 703 2373 777 quasi
2404 703 2663 758 divinare
2709 701 2958 769 videtur,
3015 716 3206 756 meam
3232 714 3335 771 per
3381 700 3635 753 vestram
3688 695 3869 768 [Lm]

2205 791 2611 849 claritudinem
2628 791 2994 848 relevandam
3011 787 3867 854 destitutionem,tantumcon-

2205 882 2441 954 dignam
2473 896 2910 953 congruamque
2938 882 3128 934 vestro
3160 876 3489 933 dominatui
3515 873 3866 946 impendere

2201 970 2427 1024 valeam
2486 970 2906 1024 servitutem.»
2966 967 3117 1034 Haec,
3171 982 3307 1020 cum
3365 968 3580 1036 egeret,
3641 962 3872 1033 scripta

2204 1059 2459 1114 fuerunt.
2493 1058 2665 1131 Eguit
2694 1061 2888 1113 autem
2922 1057 2993 1113 ad
3025 1072 3246 1111 annum
3273 1070 3459 1126 usque
3484 1053 3584 1108 951
3620 1050 3708 1107 vel
3730 1050 3868 1121 952,

2206 1166 2338 1205 cum
2373 1149 2602 1204 duabus
2630 1147 2759 1203 aliis
2783 1145 3043 1219 epistolis
3066 1147 3227 1201 sexta
3253 1148 3310 1199 et
3333 1142 3583 1215 septima
3608 1141 3867 1197 elecmo-

2204 1254 2409 1311 synam
2440 1237 2623 1309 petiit,
2658 1240 2723 1291 ut
2752 1237 3083 1291 Romanum
3105 1233 3213 1289 iter
3238 1233 3581 1304 susciperet.
3612 1230 3759 1285 Hinc
3785 1229 3867 1284 ad

2205 1327 2537 1382 Brunonem
2571 1325 2807 1397 scripsit
2833 1324 2985 1380 inter
3012 1340 3237 1378 annum
3265 1322 3392 1387 948,
3419 1324 3731 1392 postquam
3750 1317 3866 1374 Ve-

2205 1433 2350 1472 rona
2380 1416 2543 1483 abiit,
2575 1419 2631 1472 et
2656 1432 2874 1470 annum
2903 1414 3005 1469 951
3036 1411 3125 1469 vel
3156 1413 3280 1467 953.
3315 1411 3379 1467 In
3412 1408 3703 1465 Brunonis
3724 1407 3883 1479 quia.

2207 1506 2340 1561 dem
2373 1503 2509 1561 aula
2538 1508 2805 1576 receptus
2838 1503 2964 1571 fuit,
3000 1503 3100 1558 sed
3135 1518 3250 1557 non
3283 1499 3482 1556 statim
3503 1501 3639 1571 post
3662 1495 3891 1553 exclum

2207 1594 2430 1651 sionem
2461 1611 2492 1648 e
2522 1610 2630 1649 sua
2662 1592 2821 1659 sede;
2852 1592 3068 1663 quippe
3111 1590 3222 1647 sub
3254 1593 3417 1645 tanto
3448 1586 3734 1660 principe,
3768 1584 3872 1641 cui

2207 1683 2315 1738 fuit
2345 1681 2810 1754 acceptissimus,
2844 1680 3075 1752 piorum
3123 1676 3512 1750 eleemosynis
3561 1691 3678 1730 non
3710 1672 3871 1729 indi-

2205 1774 2451 1846 guisset.
2482 1773 2631 1827 Sane
2664 1770 2722 1824 in
2753 1767 3000 1841 epistola
3030 1771 3192 1824 sexta
3221 1767 3440 1839 scripta
3462 1781 3614 1820 anno
3643 1762 3741 1819 951
3774 1760 3875 1818 vel

2205 1864 2330 1929 952,
2366 1878 2528 1916 num.
2563 1878 2599 1928 ι,
2634 1858 2926 1931 inquiens:
2962 1880 2989 1908 «
3021 1857 3327 1928 Nusquam
3358 1855 3559 1927 aliqua
3588 1851 3736 1908 mihi
3766 1850 3870 1907 vel

2204 1950 2442 2023 hospitii
2473 1950 2659 2020 quies,
2707 1964 3003 2019 nusquam
3051 1945 3287 2018 aliquod
3332 1942 3680 2015 suffugium,
3745 1939 3869 1997 nisi

2202 2038 2367 2095 lucus
2397 2036 3076 2101 misericordium,»sead
3091 2034 3199 2090 hoc
3229 2048 3419 2105 usque
3446 2036 3682 2103 tempus
3695 2028 3865 2085 nullo

2204 2131 2358 2183 certo
2384 2126 2637 2199 hospitio
2668 2128 2967 2197 receptum
2998 2122 3210 2179 innuit.
3243 2122 3291 2177 A
3320 2122 3593 2177 Brunone
3613 2118 3861 2193 quidem

2204 2217 2457 2273 accitum
2487 2232 2640 2272 anno
2669 2215 2777 2270 952
2802 2211 3132 2269 videbimus
3163 2209 3530 2285 paragrapho
3560 2206 3857 2280 sequenti.

2278 2307 2364 2360 41.
2390 2306 2616 2361 Mortuo
2649 2303 2921 2360 Lothario
2953 2318 3087 2374 rege
3116 2319 3152 2356 χ
3182 2298 3476 2356 Kalendas
3516 2295 3860 2355 Decembris

2204 2395 2341 2450 anni
2366 2396 2491 2462 950,
2525 2396 2657 2466 post
2681 2394 2806 2448 dies
2833 2393 2924 2459 24,
2958 2391 3176 2463 quibus
3205 2389 3384 2446 Italiae
3405 2403 3652 2461 regnum
3682 2403 3856 2443 vaca-

2201 2486 2302 2553 vit,
2336 2508 2365 2535 ‹‹
2400 2484 2493 2540 die
2522 2482 2846 2551 Dominico,
2869 2498 2941 2536 xv
2963 2479 3055 2536 die
3081 2477 3417 2535 Decembris
3446 2477 3506 2531 in
3529 2475 3775 2532 basilica
3794 2475 3858 2530 S.

2204 2573 2523 2642 Michaelis,
2557 2590 2685 2645 quae
2717 2571 2932 2627 dicitur
2954 2568 3405 2642 major,fuerunt
3425 2565 3591 2622 electi
3617 2569 3674 2621 et
3693 2581 3861 2621 coro-

2204 2664 2325 2721 nati
2349 2661 2733 2734 Berengarius
2762 2664 2819 2715 et
2852 2659 3199 2715 Adalbertus
3247 2656 3404 2713 ﬁlius
3454 2656 3582 2727 ejus
3614 2653 3673 2709 in
3706 2652 3861 2726 regi-

2203 2755 2315 2810 bus
2343 2755 2433 2823 (T.
2482 2752 2554 2808 IV
2603 2753 2724 2808 Rer.
2770 2750 2892 2806 Ital.
2926 2767 2984 2822 p.
3019 2747 3162 2821 149).
3188 2767 3216 2797 ››
3268 2747 3354 2803 Ita
3382 2746 3554 2802 breve
3601 2742 3852 2800 Chroni-

2204 2860 2332 2912 con,
2367 2842 2522 2914 quod
2555 2838 2908 2896 Muratorius
2933 2838 3195 2909 edidit(S.
3218 2836 3394 2892 ODILO
3414 2836 3478 2889 in
3512 2835 3632 2891 Vita
3653 2831 3862 2888 S.Ade-

2205 2934 2283 2989 lai
2311 2933 2463 3005 apud
2495 2930 2839 3002 Canisium).
2881 2927 3007 2985 Non
3058 2924 3244 2982 multo
3292 2927 3427 2998 post
3471 2920 3862 2994 Berengarius

2201 3021 2538 3079 Adelaidem
2569 3018 2823 3075 Lotharii
2856 3018 3186 3090 conjugem,
3215 3015 3453 3070 viduam
3486 3012 3862 3068 innocentem

2202 3111 2366 3168 duris
2399 3109 2588 3166 modis
2617 3112 2902 3173 vexatam,
2931 3110 3150 3162 tetrum
3173 3103 3421 3176 conjecit
3446 3103 3507 3157 in
3536 3116 3858 3168 carcerem,

2203 3199 2464 3256 Carceris
2492 3198 2685 3254 locum
2709 3196 2890 3251 fuisse
2913 3195 3115 3250 Gardaa
3137 3198 3394 3249 castrum
3418 3190 3543 3264 agri
3564 3188 3865 3245 Veronen-

2205 3289 2287 3347 sis
2321 3286 2788 3344 munitissimum
2812 3283 3097 3340 adBenaci
3131 3279 3508 3356 ripasDonizo
3530 3276 3858 3349 tradit(Vit:

2203 3378 2374 3435 Matii.
2406 3377 2445 3432 l.
2478 3395 2519 3444 1,
2549 3379 2595 3432 t.
2628 3376 2651 3431 Ι
2680 3377 2801 3431 Rer.
2834 3372 3002 3445 Ital.).
3031 3373 3149 3428 Hac
3197 3372 3273 3428 de
3298 3387 3358 3427 re
3389 3367 3516 3425 Itali
3561 3385 3595 3424 a
3644 3367 3861 3423 Beren-

2205 3467 2365 3542 gario
2395 3466 2627 3523 alienati
2657 3464 2928 3519 Ottonem
2964 3461 3290 3519 Germanias
3320 3474 3517 3532 regem
3550 3459 3861 3525 vocarunt,

2204 3561 2272 3613 ut
2298 3554 2654 3623 Adelaidem,
2706 3570 2834 3626 quae
2864 3569 2896 3607 e
2942 3551 3134 3608 Garda
3182 3549 3411 3622 fugiens
3443 3547 3515 3603 ab
3565 3548 3756 3602 Azone
3797 3544 3863 3601 in

2205 3648 2472 3704 Canossaa
2527 3647 2788 3701 castrum
2837 3646 3068 3714 recepta
3121 3639 3332 3705 fuerat,
3385 3654 3415 3692 e
3446 3640 3535 3692 tot
3578 3632 3866 3708 periculis

2204 3740 2453 3806 erueret,
2481 3750 2546 3790 ac
2578 3730 2993 3804 Berengarium
3024 3746 3202 3803 regno
3233 3728 3569 3806 abutentem
3622 3739 3862 3796 compe-

2206 3830 2408 3883 sceret.
2436 3804 2595 3879 Misit
2626 3821 2724 3877 ille
2746 3820 2945 3877 statim
2966 3819 3027 3875 in
3047 3817 3274 3874 Italiam
3293 3804 3619 3873 Liutulfum
3643 3812 3861 3881 ﬁlium,

2207 3916 2307 3989 qui
2338 3930 2471 3970 cum
2504 3914 2680 3968 Italos
2700 3913 2936 3984 paratos
2958 3912 3016 3965 et
3032 3908 3423 3980 obsequentes
3448 3908 3657 3961 nactus
3679 3906 3865 3973 esset,

2203 4020 2332 4061 mox
2360 4003 2539 4071 rediit,
2574 4000 2768 4073 inquit
2789 3998 3041 4055 Rosvida
3069 3997 3248 4069 hujus
3267 3995 3371 4052 invi
3391 3990 3866 4063 historica,«cla-

2205 4111 2339 4151 rum
2370 4093 2626 4149 referens
2658 4090 2786 4146 sine
2811 4091 2999 4145 marte
3027 4085 3418 4159 triumphum.
3448 4106 3477 4135 »
3510 4084 3675 4140 Tunc
3723 4082 3861 4139 Otto

2204 4202 2324 4241 una
2353 4199 2485 4238 cum
2507 4180 2708 4237 eodem
2738 4177 2857 4233 lilio
2876 4177 2935 4232 in
2964 4176 3192 4234 Italiam
3215 4173 3518 4231 descendit
3533 4176 3667 4229 ante
3688 4172 3863 4229 Octo-

2204 4275 2367 4329 brem
2401 4270 2535 4327 anni
2567 4268 2692 4336 951,
2724 4267 3063 4338 ibidemque
3094 4267 3299 4321 eodem
3330 4280 3532 4321 mense
3561 4261 3736 4321 Italiae
3767 4279 3871 4318 re-

2205 4379 2338 4437 gem
2365 4361 2545 4417 fuisse
2566 4357 2926 4432 appellatum
2948 4352 3178 4413 constat
3197 4372 3265 4411 ex
3277 4354 3508 4410 duobus
3533 4352 3881 4426 diplomati-,

2203 4454 2317 4509 bus
2348 4469 2382 4508 a
2410 4447 2727 4507 Muratorio
2760 4445 3034 4513 laudatis,
3066 4448 3124 4501 et
3154 4444 3343 4517 Papiae
3396 4442 3541 4499 actis
3572 4464 3600 4491 «
3635 4458 3691 4496 v1
3718 4440 3864 4496 Idus

2205 4541 2470 4600 Octobris
2526 4554 2679 4594 anno
2728 4533 3153 4592 Incarnationis
3202 4531 3433 4589 Domini
3485 4529 3670 4587 nostri
3715 4529 3864 4597 Jesu

450 4614 752 4687 magistris
776 4620 905 4672 tum
939 4618 1196 4686 Latinas,
1227 4626 1355 4676 tum
1388 4622 1764 4691 Graecas,tum
1798 4629 2090 4700 profanas,
2121 4639 2169 4705 D
2200 4631 2413 4689 Christi
2447 4626 2890 4700 nongentosimo
2924 4622 3414 4697 quinquagesimo
3447 4620 3639 4693 primo
3659 4619 3866 4675 indic-

446 4707 577 4761 tum
608 4721 806 4762 sacras
853 4705 1078 4765 litteras
1136 4709 1450 4781 excolebat;
1505 4729 1573 4769 ex
1629 4732 1744 4787 quo
1776 4718 1903 4790 ejus
1950 4722 2102 4780 aedes
2209 4722 2367 4779 tione
2399 4718 2625 4775 decima
2655 4733 2808 4772 anno
2840 4714 3003 4788 regni
3027 4713 3254 4769 Ottonis
3287 4712 3440 4785 regis
3469 4711 3529 4766 in
3562 4708 3864 4777 Francia,»

448 4793 780 4851 litterarum
811 4800 868 4851 et
895 4795 1287 4854 litteratorum
1317 4800 1679 4860 domicilium
1727 4807 2092 4869 videbantur.

451 4883 763 4941 Ratherius
791 4884 851 4940 in
873 4902 941 4942 ea
964 4902 1161 4943 rerum
1183 4886 1584 4962 inopia,quam
1606 4894 2097 4968 indicavimus,ad

450 4971 646 5044 ipsum
678 4973 1135 5047 Praeloquiorum
1160 4976 1341 5034 libros
1364 4979 1573 5036 direxit
1592 4998 1727 5039 cum
1747 4969 2011 5060 epistola,
2036 4995 2100 5047 ut

451 5077 520 5117 ex
548 5060 665 5118 illis
677 5063 908 5138 cognito
931 5066 1486 5140 auctore,siquidem
1510 5070 1705 5143 ipsum
1728 5092 1834 5132 suo
1866 5079 2100 5135 servitio

451 5167 569 5206 non
596 5151 865 5210 inutilem
910 5161 1272 5227 agnosceret,
1323 5158 1393 5214 ad
1426 5176 1487 5215 se
1517 5168 1797 5231 evocaret,
1847 5171 1905 5223 et
1948 5167 2103 5225 inter

451 5244 689 5329 cieteros
745 5242 946 5299 aleret.
983 5265 1012 5294 ‹‹
1043 5244 1103 5300 Si
1159 5244 1354 5319 itaque
1409 5249 1599 5322 placet
1653 5269 1821 5324 opus,
1883 5256 2096 5329 inquit,

450 5328 672 5419 placeat
704 5334 760 5385 et
790 5332 982 5403 operis
1013 5340 1314 5391 exsecutor
1344 5338 1630 5409 servulus,
1687 5359 1792 5397 nec
1822 5328 2097 5419 dedigne-

451 5417 597 5472 mini
630 5434 943 5492 suggerere
983 5422 1121 5494 quid
1154 5424 1359 5481 valeat.
1396 5428 1665 5485 Forsitan
1710 5431 1864 5487 inter
1915 5417 2099 5491 millia

450 5507 921 5578 praestantiorum
953 5516 1010 5566 et
1036 5511 1145 5570 iste
1175 5531 1348 5571 suum
1374 5517 1662 5574 obtinebit
1685 5518 1899 5577 locum.
1932 5523 2097 5581 Pote-

452 5596 563 5686 stis
584 5598 858 5686 autem,si
888 5598 1328 5671 libet,eumdem
1343 5607 1483 5661 etad
1503 5606 1806 5666 servitium
1829 5611 2094 5686 adipisci:

453 5685 657 5742 abesse
685 5685 842 5744 enim
866 5690 1151 5749 tenaciam
1173 5694 1569 5752 remotissima
1589 5698 1753 5757 vobis
1782 5685 1998 5760 audivi.
2073 5728 2098 5775 ς

2204 4810 2430 4869 scilicet
2458 4805 2746 4871 orientali,
2779 4822 2893 4878 quo
2924 4803 3160 4860 nomine
3193 4801 3508 4859 Germania
3542 4799 3866 4857 vocabatur

2207 4899 2466 4955 «decimo
2490 4899 2668 4964 sexto,
2695 4894 2755 4950 in
2779 4892 2946 4950 Italia
2966 4893 3155 4966 primo
3179 4887 3862 4966 (Annal.Ital.,an.95l).»

2205 4986 2480 5045 Anterius
2509 4984 2775 5057 ejusdem
2808 4981 3036 5039 Ottonis
3068 4981 3217 5054 [Lxx]
3248 4980 3511 5053 diploma
3562 4977 3748 5050 Papiae
3780 4977 3865 5033 si-

2208 5080 2453 5151 gnatum
2482 5092 2561 5131 vn
2591 5073 2730 5129 Idus
2759 5071 3025 5129 Octobris
3050 5070 3235 5127 edidit
3259 5068 3578 5126 canonicus
3625 5066 3697 5122 de
3727 5065 3866 5123 Dio-

2209 5165 2415 5240 nysiis,
2444 5164 2505 5220 in
2534 5180 2650 5236 quo
2682 5162 2874 5220 solum
2907 5177 3098 5217 annus
3124 5159 3234 5214 952
3276 5158 3553 5214 mendose
3605 5155 3867 5228 scriptus

2208 5256 2319 5312 fuit
2348 5271 2450 5328 pro
2481 5271 2635 5310 anno
2665 5253 2767 5311 951
2804 5252 2898 5324 (De
2916 5249 3124 5306 duobus
3153 5250 3318 5321 episc.
3343 5264 3479 5321 pag.
3514 5245 3658 5319 121).
3683 5245 3867 5302 «Dato

2208 5345 2457 5418 septimo
2488 5344 2627 5399 ldus
2658 5339 2925 5397 Octobris
2953 5354 3107 5395 anno
3162 5336 3588 5394 Incarnationis
3632 5335 3867 5391 Domini

2205 5435 2399 5492 Nostri
2431 5434 2572 5488 Jesu
2602 5429 2816 5488 Christi
2844 5429 2972 5498 952,
3003 5427 3322 5484 indictione
3372 5428 3459 5494 10,
3493 5442 3647 5481 anno
3698 5425 3867 5497 regni

2206 5522 2433 5581 Ottonis
2465 5520 2619 5594 regis
2647 5519 2708 5574 in
2754 5517 2998 5574 Francia
3050 5518 3137 5584 16,
3170 5516 3229 5572 in
3279 5514 3448 5573 Italia
3498 5517 3550 5572 1.
3587 5535 3616 5565 »
3647 5514 3868 5571 Omnes

2204 5613 2568 5671 characteres
2600 5626 2734 5665 cum
2765 5608 2994 5664 duobus
3032 5606 3494 5680 praecedentibus
3540 5603 3866 5678 privilegiis

2203 5701 2378 5777 plane
2411 5699 2785 5757 concinentes
2811 5698 2949 5756 anni
2969 5713 3225 5755 errorem
3247 5696 3672 5752 demonstrant.
3695 5694 3866 5751 Anno
