4070 6376
180 312 263 373 69
1203 310 1819 373 PROLEGOMENA.
1849 342 1930 358 --
1962 312 2335 375 HA'I‘HERII
2376 312 2586 377 VITA.
3520 324 3600 386 70

164 443 381 502 solum
402 441 671 500 Fulcuini
704 442 880 501 editio
911 442 1087 500 habet
1111 465 1132 495 ι
1156 448 1417 501 erratum
1449 449 1557 514 est,
1585 467 1613 495 ››
1634 459 1835 503 verum
1865 447 1922 515 Α
1948 444 2264 502 Veronensi
2298 448 2433 504 sede
2481 448 2554 504 ad
2599 448 3010 509 Leodicensem
3041 453 3229 511 fuerat
3255 456 3595 529 translatus,

182 535 364 592 etiam
388 533 677 607 Rotgerus
698 533 759 588 in
780 537 836 589 S.
865 533 1156 590 Brunonis
1177 532 1328 601 Vita,
1353 551 1421 589 ex
1441 551 1559 606 qua
1577 535 1735 590 hunc
1755 534 1840 591 lo-

183 641 323 681 cum
346 622 668 681 Fulcuinus
690 623 1065 696 transcripsit
1090 642 1102 680 :
1125 627 1182 680 et
1205 624 1421 697 duplex
1441 624 1676 697 quidem
1701 625 1839 681 Rot-

183 714 308 787 geri
329 712 508 771 editio
528 711 685 769 Surii
706 716 881 785 atque
904 712 1170 770 Leibnitii
1199 730 1269 770 ex
1287 714 1518 771 duobus
1539 713 1840 770 codicibus

168 806 427 876 .sumpta
445 803 716 859 eamdem
736 801 1045 861 lectionem
1067 804 1316 877 praefert,
1341 803 1494 860 sicut
1514 811 1572 861 et
1591 803 1690 860 ille
1710 804 1842 860 Rot-

181 893 308 966 geri
346 892 527 949 codex
570 891 844 949 Ratherio
883 908 1129 955 coaevus.
1153 909 1327 965 quem
1372 893 1694 949 Fulcuinus
1724 911 1840 966 prae

183 981 371 1038 oculis
401 981 645 1038 habuit.‘
664 982 730 1037 In
773 983 936 1038 tanta
982 998 1118 1055 ergo
1149 982 1419 1038 codicum
1459 982 1840 1039 consensione

182 1070 332 1127 nihil
362 1070 822 1128 emendandum.
844 1069 1101 1127 Verbum
1131 1074 1326 1127 autem
1351 1094 1379 1123 «
1411 1075 1667 1128 erratum
1698 1075 1838 1128 est»

172 1160 255 1235 ad
304 1160 691 1233 pracedentia
736 1160 1004 1226 refertur,
1037 1159 1252 1232 quibus
1302 1160 1587 1234 Rotgerus
1639 1178 1841 1217 narra-

180 1252 343 1306 verat
372 1249 435 1304 S.
466 1249 825 1316 Brunonem,
856 1265 990 1305 cum
1037 1248 1378 1305 Ratherium
1423 1250 1496 1305 ad
1527 1250 1839 1305 Leodicen-

181 1355 307 1395 sem
366 1338 569 1395 sedem
622 1338 930 1410 promovit,
965 1338 1289 1410 speravisse
1348 1338 1466 1394 fore
1522 1342 1588 1394 ut
1620 1362 1649 1389 ‹‹
1679 1338 1840 1395 nulla

175 1426 413 1485 occasio
436 1427 698 1485 scandali
720 1432 921 1500 posset
940 1427 997 1483 in
1022 1444 1220 1484 eorum
1244 1428 1515 1502 episcopo
1538 1429 1834 1501 reperiri.»

178 1517 573 1589 Partefautem
590 1515 837 1573 adversa
855 1515 1202 1589 praevalente
1218 1533 1351 1572 cum
1376 1534 1656 1590 magnum
1675 1534 1838 1574 scan-

177 1604 382 1663 dalum
420 1606 596 1661 fuerit
626 1604 877 1661 subinde
916 1604 1257 1673 excitatum,
1287 1622 1349 1661 se
1380 1621 1605 1663 errasse
1635 1607 1836 1679 deprc-

177 1693 404 1751 hendit.
430 1693 779 1767 Quanquam
814 1692 922 1749 etsi
964 1694 1119 1766 apud
1161 1693 1507 1750 Fulcuinum
1547 1693 1837 1768 legeretur

174 1792 450 1840 certatum
477 1787 577 1850 est,
610 1799 747 1840 cum
777 1787 974 1839 tamen
1018 1782 1077 1837 id
1119 1784 1190 1839 de
1229 1782 1522 1853 Ratherio,
1556 1801 1733 1855 quem
1763 1785 1834 1840 ab

174 1874 358 1931 armis
390 1872 751 1930 abstinuisse
800 1871 1077 1941 vidimus,
1103 1872 1286 1945 accipi
1336 1876 1605 1945 nequeat,
1638 1874 1711 1929 ad
1743 1890 1833 1930 re-

172 1961 358 2019 belles
379 1961 785 2034 proculdubio
812 1961 1179 2018 referendum
1208 1966 1381 2029 esset,
1406 1962 1557 2019 sicut
1576 1963 1647 2018 ad
1674 1962 1833 2035 ipsos

171 2054 446 2124 spectant
474 2051 783 2123 sequentia
809 2052 1065 2107 smitam
1086 2059 1179 2120 est,
1202 2067 1302 2106 nec
1322 2060 1589 2107 cessatum
1619 2060 1713 2118 est,
1736 2053 1830 2109 do-

171 2157 270 2198 nec
295 2142 624 2214 expulsiones
642 2141 761 2213 ejus
779 2141 1098 2197 crudelitati
1115 2156 1235 2198 suae
1252 2148 1303 2196 et
1321 2142 1587 2213 nequitia?
1608 2143 1831 2214 satisfa-

168 2234 374 2287 cerent.
401 2230 477 2286 Se
505 2229 663 2287 enim
707 2232 764 2286 vi
793 2230 1019 2302 publica
1048 2228 1377 2302 expulsum,
1411 2234 1471 2286 et
1499 2230 1829 2287 Baldricum

169 2317 475 2376 intrusum
505 2318 566 2374 in
599 2320 803 2375 eodem
835 2318 1115 2391 prooemio
1146 2321 1412 2374 testatur.

236 2410 330 2464 58.
354 2408 656 2480 Antiquus
686 2412 889 2464 auctor
924 2408 995 2463 de
1025 2407 1216 2463 Gestis
1246 2407 1654 2480 episcoporum
1679 2410 1833 2464 Tun-

169 2497 482 2572 grensium
505 2515 541 2553 a
560 2498 818 2554 Martene
848 2502 905 2554 et
934 2496 1210 2553 Durando
1230 2497 1422 2553 editus
1452 2497 1629 2570 hujus
1650 2498 1831 2555 rebel-

166 2586 341 2644 lionis
396 2604 637 2644 causam
690 2587 865 2643 refert
909 2586 969 2643 in
1017 2586 1299 2667 acriorem
1350 2604 1678 2653 censuram,
1712 2605 1829 2660 qua

171 2676 489 2732 Ratherius
515 2677 860 2749 depravatos
887 2676 1064 2733 etiam
1096 2676 1422 2749 potentium
1453 2693 1644 2733 mores
1675 2694 1830 2734 acer-

167 2765 302 2823 bius
332 2766 699 2839 perstrinxit.
722 2789 749 2817 «
775 2767 921 2822 Nam
954 2767 1096 2822 dum
1144 2765 1202 2820 in
1252 2781 1446 2821 mores
1495 2765 1824 2835 hominum,

166 2854 382 2928 inquit,
406 2858 533 2912 tam
565 2854 821 2928 scriptis,
838 2872 1016 2928 quam
1061 2855 1234 2911 dictis
1264 2854 1633 2911 inveberetur
1660 2872 1826 2928 aequo

169 2944 532 3012 mordacius,
559 2944 669 3001 hoc
706 2961 828 2999 nnn
869 2944 1086 3000 ferente
1125 2944 1453 3017 potentium
1493 2943 1823 3012 insolentia,

166 3051 199 3088 a
226 3036 435 3090 nostra
482 3032 622 3090 sede
671 3032 1058 3090 nihilominus
1092 3033 1372 3104 idejicitur
1399 3038 1468 3102 (t.
1503 3033 1576 3089 IV
1607 3035 1824 3093 Collect.

170 3123 318 3180 Veter
344 3122 558 3195 Script.
590 3139 724 3196 pag.
756 3123 881 3192 859,
907 3140 965 3178 n.
999 3125 1110 3192 20).
1138 3144 1166 3173 »
1199 3122 1426 3179 Similia
1454 3123 1694 3180 tradunt
1717 3126 1828 3179 An-

1951 539 2315 603 accusantes,
2337 544 2738 610 opposuerunt
2757 558 2955 598 sacros
2976 559 3226 601 canones
3257 546 3356 619 qui
3385 547 3603 620 episco-

1949 642 2157 697 porum
2187 624 2603 684 translationes
2626 634 2897 686 vetarunt
2926 634 3024 704 (De
3049 642 3351 708 contemptu
3376 654 3599 712 canam,

1950 731 2006 786 p.
2035 715 2084 783 1,
2111 732 2168 769 n.
2202 715 2279 787 9).
2313 714 2411 771 Ille
2439 733 2572 772 vero
2622 735 2750 774 sese
2785 720 3040 777 defendit
3068 727 3197 779 tum
3223 725 3451 782 decreto
3481 730 3600 784 An-

1948 801 2097 857 theri
2127 819 2308 876 papae,
2334 805 2488 876 quod
2515 810 2656 862 tunc
2686 808 2758 863 ab
2791 811 3065 867 omnibus
3097 811 3389 871 sincerum
3420 815 3600 872 habe-

1949 892 2143 958 batur,
2163 896 2288 947 tum
2313 895 2634 965 praesertim
2656 902 2990 954 sanctorum
3013 900 3388 974 antiquorum
3411 921 3602 961 exem-

1949 979 2083 1052 plis,
2118 981 2219 1053 qui
2250 998 2318 1038 ex
2347 999 2465 1038 una
2506 984 2645 1040 sede
2692 987 2762 1041 ad
2813 987 2983 1043 aliam
3020 990 3303 1048 transiere
3323 994 3596 1062 (Conatus.

1949 1086 2008 1124 n.
2045 1069 2153 1141 40).
2181 1068 2421 1125 Addidit
2478 1088 2559 1138 se,
2604 1090 2735 1129 cum
2794 1075 3004 1147 pulsus
3037 1094 3067 1133 e
3096 1078 3414 1139 Veronensi
3463 1085 3601 1140 sede

1948 1157 2282 1230 episcopatu
2318 1165 2558 1228 careret,
2577 1178 2708 1217 vere
2741 1181 2853 1219 non
2875 1182 3047 1236 posse
3076 1168 3191 1223 dici
3215 1169 3284 1226 de
3315 1188 3432 1227 una
3460 1174 3599 1230 sede

1948 1248 2020 1303 ad
2053 1247 2229 1303 aliam
2279 1248 2648 1318 traductum;
2683 1268 2934 1325 cumque
2982 1255 3138 1327 ipsas
3183 1258 3597 1319 translationes

1946 1338 2297 1408 reprendere
2327 1337 2514 1409 possit
2542 1356 2732 1407 nemo,
2766 1341 2813 1396 si
2848 1343 3256 1403 non~humana
3286 1348 3481 1423 aliqua
3511 1368 3598 1407 ra-

1947 1425 2123 1497 tione,
2147 1426 2248 1481 sed
2296 1428 2640 1484 necessitate
2669 1429 2755 1484 vel
2805 1430 3055 1488 utilitate
3100 1434 3364 1492 Ecclesiae
3416 1440 3591 1511 ﬁant;

1947 1515 2180 1570 monuit
2201 1538 2230 1566 ‹‹
2265 1532 2368 1570 nec
2419 1517 2670 1572 avaritiae
2720 1536 2916 1587 causa,
2958 1521 3048 1577 vel
3097 1525 3383 1596 superbiae
3414 1544 3477 1584 se
3505 1529 3597 1585 in-
3696 1564 3701 1569 ε

1944 1603 2319 1672 tronizatum,
2345 1605 2445 1660 sed
2475 1605 2713 1677 pulsum
2746 1626 2780 1663 a
2811 1611 3046 1682 prapria
3069 1611 3226 1683 sede,
3252 1615 3596 1675 necessitate

1945 1698 2213 1748 coactum
2244 1693 2459 1750 adiisse
2500 1700 2639 1751 tunc
2679 1699 2961 1770 temporis
2991 1700 3327 1772 piissimum
3375 1722 3592 1780 regem,

1944 1799 2100 1838 nunc
2130 1783 2413 1839 Caesarem
2458 1784 2951 1857 gloriosissimum
2997 1790 3185 1859 illum,
3227 1794 3595 1853 consuluisse

1943 1871 2258 1943 praesulum
2292 1873 2601 1929 concilium
2636 1892 2648 1930 :
2685 1874 2814 1931 illos
2842 1893 2975 1934 vero
3017 1879 3473 1940 misericorditer
3501 1901 3595 1942 me

1940 1959 2205 2031 elegisse,
2230 1966 2285 2015 et
2316 1961 2513 2033 populi
2556 1980 2799 2021 assensu
2852 1968 3159 2039 conjuncto
3210 1970 3596 2031 t'raternaliter

1942 2049 2398 2117 intronizasse,»
2426 2052 2508 2107 lta
2538 2053 2850 2109 Ratherius
2880 2062 3042 2127 parte
3081 2059 3271 2131 prima
3290 2080 3323 2114 α
3351 2062 3424 2120 de
3454 2080 3592 2120 con-

1938 2141 2161 2211 temptu
2196 2156 2487 2195 canonum
2521 2163 2549 2191 »
2581 2159 2744 2197 num.
2778 2144 2831 2213 9,
2857 2145 2955 2199 ubi
2991 2147 3449 2220 disputationem
3482 2152 3591 2209 hac

1939 2244 2117 2299 super
2136 2244 2196 2284 re
2216 2245 2350 2283 cum
2370 2230 2644 2302 quopiam
2667 2233 3058 2290 ecclesiastico
3073 2236 3302 2294 Leodici
3323 2239 3587 2295 habitam

1939 2316 2130 2372 refert.
2166 2317 2320 2372 Nihil
2353 2323 2550 2375 autem
2580 2321 2858 2392 proiicere
2887 2327 3156 2394 poterant
3185 2327 3462 2398 rationes,
3485 2329 3588 2385 ubi

1940 2422 2054 2461 non
2086 2405 2253 2474 ratio,
2282 2407 2383 2463 sed
2426 2407 2514 2462 vis
2544 2410 2908 2480 pravalebat.
2935 2412 3123 2468 Cessit
3170 2420 3365 2473 autem
3414 2421 3588 2474 tantae

1936 2494 2218 2550 violentiae
2241 2496 2455 2565 Bruno,
2479 2498 2568 2552 cui
2592 2498 2771 2554 totius
2793 2499 2956 2573 regni
2979 2502 3378 2561 Lothariensis
3397 2505 3590 2579 dispo-

1938 2584 2091 2651 sitio,
2125 2587 2191 2639 ut
2237 2584 2515 2652 diximus,
2546 2587 2764 2643 tradita
2816 2588 3025 2646 fuerat.
3053 2613 3081 2643 ‹‹
3112 2592 3299 2650 Cessit
3327 2593 3525 2668 igitur,
3560 2618 3582 2648 ι

1937 2672 2128 2744 inquit
2157 2673 2462 2746 Rotgerus,
2496 2679 2553 2732 et
2599 2693 2671 2731 ex
2723 2693 2790 2732 eo
2849 2678 3023 2734 etiam
3078 2680 3417 2753 Fulcuinus,
3456 2706 3485 2737 ‹‹
3516 2702 3589 2742 ne

1936 2761 2266 2818 vinceretur
2294 2780 2328 2817 a
2358 2762 2533 2820 malo.
2571 2766 2671 2820 sed
2701 2766 2958 2823 vinceret
3008 2768 3066 2824 in
3118 2770 3269 2829 bono
3315 2773 3539 2829 malum
3569 2792 3585 2832 :

1937 2851 2114 2906 cessit
2171 2852 2607 2909 adversantium
2636 2854 2940 2925 voluntati,
2977 2862 3042 2914 ut
3073 2875 3178 2916 suo
3234 2878 3333 2918 eos
3392 2862 3589 2936 gladio

1927 2941 2231 3012 jugularet
2277 2941 2477 3010 (Rom.
2518 2945 2614 2999 Vit.
2668 2946 2840 3001 Brun.
2892 2962 2950 3000 n.
2999 2948 3096 3016 34;
3132 2949 3302 3006 FULc.
3337 2967 3386 3008 c.
3418 2953 3530 3026 23).
3556 2975 3586 3004 »

1938 3028 2231 3085 Baldricus
2264 3030 2458 3103 itaque
2482 3032 2685 3103 junior
2705 3040 3079 3093 consecratur
3103 3038 3432 3111 episcopus,
3457 3042 3587 3098 etvi

1934 3117 2168 3190 publica
2197 3118 2256 3172 in
2288 3119 2627 3177 Leodicensi
2679 3123 2815 3179 sede
2865 3125 3259 3182 constituitur.
3284 3128 3428 3184 Hinc
3448 3146 3586 3187 eum

167 3211 390 3269 selmus
441 3195 763 3269 canonicus
813 3211 1150 3269 Leodiensis
1194 3229 1321 3286 cap.
1348 3214 1436 3283 33,
1469 3217 1527 3269 et
1557 3213 1820 3286 Aigidius
1850 3195 1893 3264 C
1934 3228 1962 3258 «
1994 3207 2181 3262 furem
2214 3212 2270 3263 et
2299 3207 2584 3264 latronem
2606 3230 2635 3260 »
2658 3210 2959 3283 appellans
2987 3213 3298 3272 Ratherius
3320 3215 3379 3271 in
3402 3239 3431 3269 ‹‹
3454 3234 3591 3275 con-

164 3302 302 3358 item
358 3302 707 3358 Leodiensis
748 3318 874 3375 cap.
911 3303 998 3371 45,
1033 3301 1131 3374 qui
1184 3301 1603 3373 Chapeauvillii
1649 3319 1826 3376 opera

160 3391 537 3463 prodierunt.
563 3389 756 3464 Ipsam
782 3391 1182 3464 expulsionem
1205 3415 1233 3441 ‹‹
1256 3392 1492 3464 ingenio
1516 3391 1823 3461 Baldrici,»

164 3479 535 3554 Ultrajectini
567 3481 845 3555 episcopi,
870 3504 898 3533 «
923 3485 1158 3554 patratu
1189 3480 1451 3537 Rotberti
1483 3503 1513 3531 »
1544 3480 1824 3553 archiepi-

159 3571 320 3644 scopi
373 3569 763 3641 Trevirensis,
793 3594 821 3623 «
845 3575 904 3627 et
929 3570 984 3626 vi
1032 3569 1269 3643 publica
1310 3569 1590 3627 comitum
1642 3570 1820 3643 Rege-

156 3659 277 3716 neri
311 3663 498 3734 atque
546 3659 855 3716 Ruodvolti
888 3683 908 3710 n
937 3663 1232 3733 peractam
1286 3663 1483 3717 noster
1530 3665 1733 3716 auctor
1760 3659 1820 3714 in

124 3744 134 3757 ⁸
156 3747 397 3806 laudato
416 3749 716 3806 Phrenesis
736 3750 1016 3822 prooemio
1041 3767 1204 3805 num.
1227 3750 1278 3819 1,
1302 3749 1576 3822 prodidit.
1603 3747 1823 3805 Baldri-

156 3854 257 3895 cus
279 3837 574 3895 nimirum
593 3838 902 3912 episcopus
916 3837 1330 3910 Ultrajectinus
1351 3854 1526 3910 quem
1545 3838 1819 3894 Rotberto

153 3927 488 3985 Trevirensi
521 3950 552 3978 «
602 3927 661 3983 in
711 3928 803 3984 sui
852 3926 1238 3984 debellatione
1285 3927 1744 4001 consigniferum
1789 3949 1817 3978 ››

151 4016 305 4073 idem
332 4022 547 4074 auctor
566 4021 732 4073 vocat
753 4018 1035 4090 (Phrenes.
1064 4034 1307 4091 promm.
1334 4034 1391 4074 n.
1414 4017 1494 4089 2),
1519 4016 1699 4072 alium
1717 4018 1817 4089 ju-

152 4107 379 4169 niorem
410 4105 753 4163 Baldricum
806 4107 1004 4163 fratris
1051 4106 1262 4179 ﬁlium,
1295 4106 1428 4161 licet
1455 4105 1621 4163 valde
1643 4107 1816 4179 juve-

153 4210 283 4252 nem
309 4195 552 4268 [LXXXI],
574 4211 714 4269 puer
737 4196 1027 4269 siquidem
1052 4194 1373 4264 dicitur,ad
1403 4196 1815 4253 Leodicensem

152 4286 352 4342 sedem
384 4284 632 4343 evehere
674 4286 995 4343 contendit.
1020 4288 1407 4342 Accesserant
1436 4287 1554 4342 duo
1593 4303 1813 4343 memo-

153 4375 259 4431 rati
281 4375 537 4432 comites
564 4376 898 4449 Regenerus
917 4379 974 4432 et
1004 4375 1364 4433 Ruodvoltus
1394 4375 1454 4431 in
1486 4375 1603 4431 illis
1634 4375 1818 4449 regio-

151 4463 325 4521 nibus
354 4468 768 4538 praapotentes,
793 4482 1044 4538 quorum
1075 4481 1255 4537 nepos
1285 4468 1408 4521 erat
1436 4465 1590 4520 idem
1611 4465 1815 4536 junior

148 4552 477 4621 Baldricus,
508 4575 538 4604 «
563 4553 704 4611 talia
724 4558 791 4611 ut
819 4555 958 4628 quid
980 4553 1349 4627 contigerint,
1374 4571 1448 4612 ne
1475 4553 1710 4610 difficile
1735 4555 1812 4611 sit
1840 4572 1888 4638 D

150 4643 467 4717 conjectari
497 4643 784 4716 (Phrenes.
819 4660 1060 4717 prorem.
1089 4660 1148 4699 n.
1174 4645 1247 4712 1).
1275 4665 1304 4695 »
1329 4642 1545 4713 Bruno,
1572 4643 1671 4717 qui
1704 4645 1815 4700 Ra-

146 4732 409 4791 therium
441 4732 689 4789 maximi
732 4733 1001 4801 faciebat,
1025 4734 1221 4807 ipsum
1270 4732 1330 4788 in
1379 4751 1488 4790 sua
1536 4733 1814 4790 cathedra

147 4827 487 4881 sustentare
506 4821 904 4895 concupisset;
930 4822 1031 4879 sed
1059 4821 1287 4878 nullum
1318 4822 1435 4879 sive
1464 4840 1531 4879 ex
1554 4822 1811 4895 episcopi

145 4913 374 4988 amicis,
412 4912 539 4970 sive
567 4929 638 4969 ex
682 4912 991 4979 militibus,
1024 4930 1129 4969 seu
1173 4913 1548 4987 magnatibus
1581 4912 1808 4985 adjuto-

145 5018 263 5059 rem
296 5005 536 5073 nactus,
571 5018 637 5058 ac
668 5004 945 5075 praeterea
982 5006 1250 5059 metuens
1282 5018 1355 5058 ne
1383 5002 1605 5059 laudati
1636 5002 1811 5058 comi-

144 5094 249 5158 tes,
271 5092 379 5165 qui
411 5096 621 5149 contra
649 5092 981 5149 Conradum
1007 5095 1160 5151 tunc.
1177 5091 1448 5167 agebant,
1482 5093 1531 5148 si
1559 5091 1810 5149 Baldrici

137 5180 393 5250 junioris
445 5181 805 5254 promotioni
848 5182 1176 5250 obsisteret,
1207 5181 1280 5237 ad
1314 5181 1563 5238 Conradi
1613 5185 1808 5254 partes

144 5270 485 5341 transirent,
512 5273 569 5327 et
589 5273 787 5328 cont.a
815 5286 1011 5345 regem
1045 5269 1270 5343 aliquid
1299 5271 1664 5339 molirentur,
1689 5288 1810 5328 om-

145 5358 349 5433 nisque
392 5377 503 5435 pro
556 5359 833 5417 Ratherio
886 5360 1054 5416 nisus
1110 5359 1311 5417 irritus
1357 5361 1614 5430 caderet;
1649 5361 1806 5418 idem

144 5449 458 5506 consilium
509 5449 782 5507 deserere
829 5454 1065 5507 coactus
1113 5448 1242 5506 fuit.
1276 5449 1393 5507 Hac
1442 5468 1614 5524 porro
1654 5451 1714 5507 in
1746 5468 1809 5508 re

134 5535 361 5595 inimici
390 5538 661 5598 Ratherii
697 5542 762 5595 ut
781 5540 1008 5612 justam
1029 5537 1290 5610 aliquam
1313 5540 1443 5612 ejus
1461 5540 1805 5598 excludendi

143 5642 395 5707 causam,
410 5628 783 5706 praeferrent,
824 5628 1351 5701 incardinationem
1382 5630 1593 5708 ipsius,
1621 5646 1807 5707 quare

1934 3294 2193 3353 clusione
2239 3296 2467 3373 [Lxxxn]
2516 3298 2892 3357 deliberativa
2918 3325 2945 3351 ››
2978 3320 3142 3359 num.
3168 3307 3206 3360 2
3235 3322 3249 3361 :
3275 3328 3303 3356 «
3347 3307 3580 3379 Furem,

1935 3385 2148 3458 inquit,
2182 3387 2322 3458 quia
2350 3387 2505 3443 furto
2554 3389 2797 3445 abstulit
2840 3390 2983 3445 mihi
3016 3394 3238 3462 sedem,
3269 3394 3580 3468 latronem,

1933 3475 2072 3546 quia
2100 3476 2154 3530 vi
2187 3481 2243 3532 et
2281 3481 2566 3549 potestate
2604 3478 2841 3551 publica
2863 3502 2891 3529 »
2913 3482 3176 3552 abstulit,
3198 3501 3268 3541 ea
3303 3485 3582 3544 nimirum

1931 3587 1959 3614 ‹‹
1988 3563 2043 3619 vi
2081 3564 2389 3638 publica,»
2415 3583 2533 3639 qua
2563 3584 2596 3621 a
2624 3568 2940 3626 comitibus
2973 3571 3279 3644 Regenero.
3300 3579 3357 3630 et
3385 3576 3581 3632 Ruod-

1928 3653 2082 3710 volto
2136 3655 2260 3727 ipse
2317 3655 2588 3713 exclusus
2642 3657 2769 3725 fuit,
2795 3681 2823 3709 ‹‹
2856 3663 2921 3714 ut
2950 3660 3352 3720 institueretur
3401 3681 3580 3738 nepos

1929 3759 2132 3798 eorum
2162 3743 2466 3800 Baldricus
2496 3746 2720 3813 (Phren.
2757 3764 2814 3802 n.
2853 3749 2927 3820 1).
2956 3771 2984 3799 »

1997 3833 2087 3887 59.
2124 3833 2379 3890 Rebellio
2407 3834 2530 3890 haec
2576 3840 2778 3893 contra
2825 3837 3166 3895 Ratherium
3217 3840 3308 3898 die
3356 3843 3581 3901 Natalis

1929 3921 2155 3977 Domini
2182 3922 2426 3995 ccepisse
2452 3941 2487 3978 a
2504 3924 2784 3982 Fulcuino
2814 3928 3087 3997 traditur,
3114 3930 3256 3986 dum
3280 3931 3435 3989 idem
3456 3933 3578 4006 epi-

1926 4027 2138 4083 scopus
2167 4012 2400 4069 Laubiis
2432 4018 2778 4072 moraretur.
2804 4040 2832 4068 ‹‹
2857 4016 3001 4072 Cum
3032 4020 3188 4091 apud
3221 4037 3348 4088 nos,
3384 4022 3579 4093 inquit

1923 4099 2022 4156 ille
2051 4117 2100 4156 c.
2126 4102 2217 4167 23,
2249 4101 2617 4160 Nativitatem
2649 4105 2884 4161 Domini
2912 4106 3115 4163 festive
3140 4112 3197 4163 et
3225 4109 3461 4181 opipare
3485 4127 3574 4167 ce-

1924 4189 2192 4260 lebraret,
2216 4190 2369 4247 facta
2397 4196 2487 4249 est
2534 4194 2761 4250 Leodici
2805 4199 3004 4251 contra
3050 4212 3186 4252 eum
3228 4197 3576 4270 gravissima

1923 4278 2296 4352 conSpiratio.
2322 4303 2350 4331 ››
2374 4281 2491 4337 Hoc
2518 4281 2853 4339 rebellionis
2882 4283 3116 4340 initium
3148 4285 3574 4359 assignandum

1922 4372 2012 4425 est
2040 4368 2228 4426 Natali
2278 4369 2579 4427 Dominico
2609 4372 2748 4428 anni
2778 4372 2903 4440 954,
2930 4373 3012 4429 ita
3058 4378 3124 4430 ut
3171 4375 3434 4449 expulsio
3460 4378 3573 4436 Ra-

1919 4457 2114 4525 therii,
2131 4474 2307 4530 quam
2330 4458 2647 4532 aliquando
2669 4465 2801 4534 post
2822 4463 3198 4521 subsecutum
3218 4464 3570 4538 videbimus,

1921 4547 2091 4603 cadat
2120 4548 2179 4603 in
2201 4565 2423 4604 annum
2444 4550 2571 4618 955,
2586 4550 2681 4607 cui
2704 4551 2941 4624 quidem
2967 4552 3128 4609 illam
3162 4554 3412 4629 affigunt
3434 4574 3570 4615 cum

1925 4637 2147 4711 lEgidio
2170 4637 2477 4694 Leodiensi
2497 4639 2612 4696 duo
2643 4640 2887 4713 antiqua
2907 4641 3193 4699 Chronica
3213 4644 3495 4703 Lobiense
3517 4652 3575 4705 et

1921 4727 2289 4795 Leodicense,
2307 4727 2524 4799 quibus
2547 4728 2607 4784 in
2635 4747 2694 4786 re
2717 4732 2786 4786 ad
2820 4731 3230 4789 Leodicensem
3253 4733 3572 4794 Ecclesiam

1918 4818 2243 4891 pertinente
2287 4817 2477 4890 magis
2509 4819 2888 4877 deferendum
2919 4826 3027 4892 est,
3061 4838 3239 4895 quam
3272 4823 3572 4897 Sigeberto

1919 4906 2167 4978 aliisque
2198 4904 2565 4981 chronologis
2598 4907 2968 4981 Sigebertum
2998 4912 3234 4980 secutis,
3267 4913 3368 4986 qui
3397 4914 3570 4971 sicuti

1917 4998 2186 5053 errarunt
2216 4994 2474 5051 Ratherii
2507 4998 2933 5069 promotionem
2965 5002 3037 5057 ad
3071 5003 3336 5058 eamdem
3369 5003 3568 5060 sedem

1917 5084 2275 5142 ascribentes
2327 5102 2479 5141 anno
2509 5086 2615 5143 954
2645 5104 2748 5161 pro
2778 5090 2903 5159 953,
2937 5090 3019 5146 ita
3049 5091 3228 5149 etiam
3276 5096 3565 5162 errarunt,

1918 5193 2053 5232 cum
2083 5173 2244 5230 illius
2291 5173 2692 5248 expulsionem
2741 5179 3068 5236 retulerunt
3097 5180 3156 5235 in
3187 5196 3409 5236 annum
3438 5181 3566 5240 956.

1918 5265 2083 5321 Hunc
2113 5264 2369 5337 profecto
2399 5282 2620 5322 annum
2650 5268 2754 5323 956
2784 5285 3155 5341 nequaquam
3190 5269 3403 5339 ferunt,
3439 5288 3567 5344 quae

1916 5356 1987 5411 de
2017 5372 2125 5413 sua
2145 5352 2482 5426 expulsione
2504 5357 2681 5412 tradit
2702 5358 2826 5429 ipse
2849 5355 3160 5414 Ratherius
3187 5355 3244 5413 in
3273 5357 3568 5418 Phrsenesi

1916 5462 2081 5501 num.
2108 5446 2158 5500 1.
2184 5445 2256 5501 Se
2299 5443 2457 5500 enim
2505 5445 2813 5517 expulsum
2866 5446 3086 5504 indicat
3111 5447 3375 5506 Conrado
3421 5450 3570 5509 duce

1912 5535 2159 5604 vivente,
2176 5556 2204 5585 «
2224 5534 2326 5606 qui
2345 5537 2486 5590 tunc
2507 5539 2708 5592 contra
2731 5551 2927 5609 regem
2949 5535 3221 5595 Ottonem
3245 5539 3456 5612 agebat
3488 5559 3500 5597 :
3536 5563 3567 5593 ιι

1914 5624 2137 5687 obierat
2166 5627 2363 5683 autem
2403 5621 2498 5683 hic
2528 5623 2647 5684 dux
2676 5628 2812 5686 ante
2850 5643 3074 5687 annum
3102 5628 3230 5701 956,
3254 5628 3398 5689 dum
3429 5645 3572 5697 cum
3676 5712 3679 5713 ν
3742 5704 3746 5708 _
