4070 6378
483 319 554 396 71
1444 310 1892 374 RATHERIUS
1939 309 2436 373 VERONENSIS
2479 309 2932 373 EPISCOPUS.
3823 308 3901 368 72

488 451 615 522 ipso
645 461 777 519 rege
803 446 1052 502 subinde
1078 445 1440 511 conciliatus,
1465 449 1665 500 contra
1696 444 1999 516 Hungaros
2029 459 2135 516 pu-
2165 444 2218 512 Α
2251 443 2441 499 dicata
2464 443 2523 498 in
2558 443 2833 499 Phrencsi
2871 458 3033 498 num.
3068 443 3134 496 16
3164 442 3316 514 (eam
3356 440 3573 497 ibidem
3611 440 3905 513 explicare

475 539 704 612 gnabat
746 552 946 591 mense
1004 539 1264 607 Augusto
1315 533 1450 590 anni
1499 535 1605 588 955
1645 533 1944 601 (Necrolog.
1977 531 2133 586 Fuld.

486 629 641 700 apud
675 625 924 682 Leibnit.
949 631 992 680 t.
1017 625 1083 680 V.
1110 630 1308 679 Rerum
1342 622 1645 692 Brunsvz‘c.)
1678 623 1821 676 Hinc
1854 621 1953 676 ubi
1987 619 2136 692 /Egi-

484 718 619 772 dius
641 719 1001 771 memoratus
1022 713 1426 768 Leodicenscm
1452 710 1709 766 Ratherii
1732 710 2133 781 episcopatum

485 826 515 856 «
538 807 655 861 fere
677 805 866 860 tribus
891 803 1060 858 annis
1083 825 1108 852 »
1135 805 1325 856 actum
1352 799 1574 877 scribit,
1591 799 1799 854 melius
1821 798 2132 871 legendum

489 917 517 947 «
551 895 668 950 fere
699 894 927 949 duobus
958 891 1146 954 annis,
1173 889 1344 946 sicuti
1386 888 1566 944 ferme
1603 886 1906 943 biennium
1933 908 1960 935 ››
1994 885 2136 958 legi-

485 988 583 1039 tur
599 983 753 1056 apud
778 980 1142 1045 Fulcuinum,
1171 983 1235 1033 ut
1262 995 1330 1033 ex
1351 981 1714 1049 textu,quem
1735 976 1902 1031 initio
1925 975 2133 1030 decimi

483 1072 638 1128 tertii
698 1068 1040 1142 paragraphi
1103 1066 1543 1138 explicabimus,
1587 1065 1779 1136 palam
1841 1065 1956 1119 fiet.
2018 1064 2135 1118 Hoc

485 1187 511 1213 ‹‹
547 1162 725 1217 ferme
763 1157 1064 1213 biennium
1100 1179 1126 1204 ››
1161 1156 1531 1227 episcopatus
1572 1153 1849 1218 Ratherii,
1875 1154 2028 1224 quod
2061 1154 2133 1208 ab

478 1252 608 1321 ejus
630 1248 991 1321 p‘romotione
1013 1245 1106 1300 die
1126 1249 1188 1300 2t
1221 1243 1581 1315 Septembris
1611 1241 1748 1297 anni
1771 1242 1876 1295 953
1898 1240 2131 1296 initium

477 1337 680 1403 sumit,
694 1335 873 1408 exigit
888 1341 954 1390 ut
972 1335 1168 1406 ipsum
1186 1332 1494 1404 expulsum
1517 1332 1782 1386 dicamus
1801 1348 1914 1386 non
1933 1331 2130 1385 statim

479 1432 610 1501 post
625 1429 885 1482 exortam
904 1423 1275 1478 rebellionem
1295 1421 1386 1477 die
1403 1423 1473 1476 25
1499 1419 1829 1476 Decembris
1846 1419 1981 1474 anni
2004 1421 2128 1485 954,

478 1517 580 1572 sed
600 1515 824 1587 aliquot
847 1530 1078 1568 menses
1102 1516 1249 1584 post.
1265 1511 1389 1566 Non
1412 1527 1598 1582 pauca
1617 1509 1771 1566 enim
1796 1513 1927 1580 post
1947 1508 2130 1563 rebel-

447 1605 653 1661 lionis
697 1603 930 1658 initium
976 1606 1138 1674 gesta
1191 1602 1588 1670 intercessere,
1637 1602 1949 1670 antequam
2003 1599 2130 1669 ejus

479 1692 742 1766 expulsio
791 1698 849 1748 et
898 1690 1143 1746 Baldriei
1177 1689 1466 1745 ordinatio
1513 1690 1694 1743 fieret.
1727 1687 1880 1741 Nihil
1931 1686 2129 1758 perfici

479 1787 704 1857 poterat
733 1782 859 1838 sine
893 1779 1175 1836 Brunonis
1219 1795 1486 1846 assensu,
1513 1777 1610 1849 qui
1646 1795 1756 1832 non
1785 1776 1974 1832 solum
2007 1779 2130 1831 erat

479 1871 951 1943 archiepiscopus
972 1866 1442 1934 Coloniensis,ad
1471 1883 1644 1938 quem
1671 1865 1800 1920 novi
1822 1866 2126 1920 Leodicen-

479 1962 561 2018 sis
593 1960 849 2033 episc0pi
888 1959 1178 2014 ordinatio
1224 1957 1542 2029 spectabat,
1575 1972 1774 2010 verum
1807 1953 1979 2009 etiam
2013 1955 2123 2009 Lo-

478 2049 786 2122 tharingite
803 2050 922 2103 dux
953 2053 1132 2103 totam
1165 2063 1292 2102 eam
1327 2044 1620 2117 regionem
1653 2044 2121 2099 administrabat.

476 2141 579 2195 Hic
609 2143 804 2194 autem
855 2153 1105 2210 magnus
1134 2134 1389 2191 Ratherii
1423 2139 1705 2206 patronus
1752 2134 1908 2188 haud
1959 2132 2125 2187 facile

475 2227 768 2284 seditiosis
799 2227 992 2282 cessit.
1026 2224 1128 2279 Illa
1161 2223 1452 2288 Fulcuini,
1474 2247 1498 2272 «
1527 2222 1674 2288 Quid
1708 2221 1930 2276 multa?
1962 2223 2126 2276 Erra-

473 2323 600 2375 tum
635 2317 890 2391 [LXXXIII]
929 2319 1036 2384 est,
1069 2314 1335 2369 saevitum
1387 2316 1495 2378 est,
1531 2328 1636 2366 NEC
1687 2328 1979 2366 CESSATUM
2011 2315 2120 2380 est,

473 2406 656 2463 donec
685 2404 1025 2478 expulsionc
1068 2404 1197 2474 ejus
1229 2400 1555 2457 crudelitati
1587 2418 1704 2456 suae
1755 2405 1811 2455 ct
1856 2400 2123 2471 nequitias

430 2501 439 2511 '
473 2495 898 2563 satisfacerent,
915 2513 942 2542 »
967 2492 1202 2563 aliquod
1229 2509 1343 2546 non
1376 2491 1544 2546 breve
1567 2495 1799 2561 tempus
1823 2490 1880 2544 in
1901 2488 2008 2544 hac
2033 2506 2121 2544 se-

473 2584 694 2640 ditione
726 2585 992 2638 exactum
1027 2581 1306 2644 indicant,
1333 2578 1678 2650 priusquam
1710 2579 1902 2632 Bruno
1928 2579 2000 2632 ad
2033 2594 2120 2632 cc-

473 2673 731 2729 dendum
763 2671 1152 2726 induceretur.
1178 2669 1302 2724 Duo
1333 2666 1415 2722 illi
1440 2668 1680 2722 comites
1703 2667 2035 2739 Regcnerus
2067 2671 2124 2722 et

474 2760 832 2817 Ruodvoltus
864 2760 920 2813 in
953 2776 1019 2814 ea
1046 2758 1278 2830 regione
1304 2761 1708 2829 praepotentes,
1735 2773 1983 2827 quorum
2019 2773 2122 2810 ne-

473 2868 579 2924 pos
609 2855 734 2906 erat
769 2848 1203 2919 Baldricus,pro
1234 2847 1438 2901 Ottone
1466 2861 1598 2917 rege
1633 2845 1916 2899 Brunonis
1952 2845 2123 2900 fratre

473 2941 752 2996 adversus
787 2938 995 2994 ducem
1027 2936 1354 2991 Conradum
1405 2938 1704 2990 steterant.
1732 2934 1795 2988 In
1827 2951 1895 2988 ea
1923 2937 2122 2988 contra

473 3027 815 3084 Ratherium
841 3026 1272 3098 conspiratione
1297 3025 1370 3079 al»
1396 3023 1487 3078 lIis
1511 3023 1830 3095 praesertim
1860 3024 2120 3077 smvitum

469 3117 600 3183 fuit,
628 3140 654 3167 κ
687 3133 793 3172 nec
833 3119 1146 3181 cessatum,
1177 3137 1203 3163 »
1235 3115 1418 3169 donec
1472 3100 1760 3167 Brunonis
1811 3128 2119 3168 assensum

2245 532 2586 588 studuimus
2615 533 2769 588 notis
2789 534 2860 587 50
2879 536 2935 588 et
2953 533 3066 602 51),
3095 536 3228 587 ante
3252 531 3440 603 ipsam
3463 531 3591 602 ejus
3613 530 3906 603 expulsio—

2247 639 2380 678 nem
2412 622 2576 677 illata
2625 623 2753 688 fuit,
2784 627 2848 678 ut
2879 620 3241 695 probabilius
3291 620 3549 687 videtur;
3593 620 3716 676 hzcc
3767 638 3907 694 pro-

2247 712 2392 766 fecto
2423 711 2681 766 Ratherii
2713 711 2994 783 expulsio,
3019 710 3190 766 sicuti
3242 714 3299 765 et
3347 709 3550 766 electio
3601 714 3778 783 atque
3809 727 3909 766 or-

2245 801 2466 855 dinatio
2497 800 2770 868 Baldriei,
2804 800 3120 870 rejicienda
3149 800 3258 853 erit
3302 801 3437 871 post
3472 798 3715 867 Pascha,
3743 800 3907 871 quod

2245 906 2309 944 co
2344 906 2496 944 anno
2528 888 2586 943 in
2619 888 2772 944 diem
2796 887 3082 943 decimam
3105 887 3371 959 quintam
3396 885 3610 960 Aprilis
3631 887 3906 943 incurrit.

2245 983 2424 1033 Erunt
2449 978 2714 1033 fortassis
2737 976 2837 1048 qui
2867 982 3163 1049 opponent
3183 976 3511 1032 Conradum
3535 977 3906 1049 ducem,quo

2246 1073 2451 1140 agente
2469 1072 2669 1123 contra
2683 1067 2949 1121 Ottonem
2971 1066 3282 1121 Ratherius
3304 1065 3583 1137 expulsus
3601 1065 3729 1132 fuit,
3745 1066 3906 1136 jam-

2245 1157 2344 1212 diu
2363 1161 2496 1212 ante
2519 1157 2626 1212 boc
2647 1161 2880 1228 tempus
2902 1155 3277 1210 conciliatum
3297 1154 3475 1212 fuisse
3493 1171 3624 1210 cum
3649 1156 3904 1228 {Lxxxrvl

2247 1262 2398 1318 rege.
2425 1247 2581 1300 Hanc
2611 1246 2766 1300 enim
2815 1244 3001 1317 ipsius
3052 1244 3584 1300 reconciliationem
3633 1243 3904 1318 plerique

2244 1337 2611 1408 conjungunt
2639 1352 2772 1390 cum
2807 1335 2924 1405 illa,
2959 1351 3076 1406 qua
3107 1333 3402 1390 Liutulfus
3453 1333 3609 1407 regis
3651 1333 3832 1401 filius,
3869 1350 3906 1392 ι

2241 1425 2504 1480 Conrado
2534 1430 2735 1479 contra
2763 1429 2986 1496 patrem
3019 1423 3296 1478 incitatus
3327 1428 3384 1478 ct
3410 1422 3698 1490 infensus,
3722 1423 3779 1478 in
3808 1423 3901 1496 ip-

2243 1514 2366 1568 sius
2398 1514 2644 1586 gratiam
2679 1512 2848 1569 rediit
2877 1513 2971 1567 die
3009 1515 3068 1566 l7
3091 1511 3428 1568 Decembris
3459 1528 3553 1566 an.
3585 1511 3900 1568 9541ηηὶ-

2241 1606 2446 1658 tuntur
2485 1602 2816 1658 testimonio
2855 1601 3225 1669 Witichindi,
3251 1601 3353 1672 qui
3396 1599 3544 1656 libro
3575 1601 3744 1656 tertio
3776 1618 3900 1658 uno

2241 1695 2510 1746 contextu
2540 1691 2722 1762 ﬁlium
2756 1687 3079 1745 Liutulfum
3108 1694 3164 1744 et
3183 1689 3515 1745 Conradum
3536 1705 3800 1759 generum
3821 1691 3900 1746 ab

2241 1780 2448 1836 Ottone
2472 1781 2530 1834 in
2553 1779 2799 1852 gratiam
2824 1784 3128 1851 susceptos
3150 1782 3417 1834 testatur.
3442 1781 3514 1834 At
3533 1779 3780 1834 Conradi
3803 1795 3898 1835 re-

2237 1869 2696 1926 conciliationem
2731 1873 2863 1941 post
2889 1867 3049 1923 illam
3076 1867 3312 1922 Liutulfi
3343 1867 3550 1923 initam
3584 1868 3765 1924 fuisse
3788 1885 3898 1925 no-

2236 1959 2325 2014 bis
2347 1959 2741 2015 certissimum
2765 1962 2872 2014 est.
2898 1959 3103 2013 Pacem
3127 1974 3261 2012 cum
3287 1957 3404 2012 filio
3429 1957 3648 2013 factum
3667 1973 3896 2014 memo-

2236 2054 2358 2104 rato
2389 2048 2482 2102 die
2517 2049 2580 2102 17
2605 2047 2936 2103 Decembris
2968 2046 3104 2103 anni
3135 2046 3460 2117 954,1iquet
3489 2063 3558 2103 ex
3589 2047 3896 2104 notatione

2234 2136 2527 2192 Cuillelmi
2551 2136 2972 2209 archiepiscopi
2999 2135 3323 2209 Moguntini
3339 2135 3623 2192 Chronico
3640 2136 3894 2192 Mariani

2235 2228 2386 2282 Scoti
2419 2226 2658 2282 inserta.
2684 2227 2789 2290 Qui
2817 2231 3012 2281 autem
3043 2226 3163 2280 fieri
3198 2225 3404 2298 potuit,
3430 2229 3495 2281 ut
3515 2227 3716 2282 eodem
3740 2243 3893 2298 quo-

2234 2333 2346 2388 que
2379 2316 2470 2371 die
2501 2316 2802 2371 Conradus
2838 2331 2970 2370 cum
3014 2331 3146 2388 rege
3187 2331 3388 2386 pacem
3429 2315 3642 2384 inierit,
3669 2315 3717 2370 si
3751 2315 3891 2372 Ful-

2235 2404 2404 2459 cuino
2439 2408 2584 2460 teste
2615 2404 2849 2460 rebellio
2889 2403 2948 2459 in
2993 2403 3335 2460 Ratherium
3368 2403 3659 2476 posterius
3689 2409 3894 2462 exorta

2235 2493 2343 2548 fuit
2372 2495 2462 2548 die
2495 2493 2682 2549 Natali
2733 2493 2871 2548 anni
2917 2494 3211 2564 ejusdem;
3255 2499 3312 2548 et
3363 2493 3661 2566 aliquanto
3707 2495 3892 2552 etiam

2235 2587 2364 2655 post
2393 2582 2486 2637 ille
2517 2599 2546 2637 e
2582 2582 2919 2638 Leodicensi
2951 2583 3086 2638 sede
3119 2582 3229 2636 fuit
3258 2581 3716 2654 expulsus,dum
3736 2582 3891 2640 Con-

2234 2673 2411 2727 radus
2443 2673 2578 2740 dux,
2604 2672 2730 2744 ipso
2763 2675 3013 2727 testante
3037 2671 3333 2737 Ratherio,
3358 2672 3550 2728 adhuc
3574 2677 3776 2728 contra
3797 2690 3892 2730 re-

2233 2778 2362 2833 gem
2386 2761 2635 2833 agebat?
2656 2760 2850 2816 Palam
2877 2761 3056 2832 igitur
3078 2761 3144 2814 ﬁt
3168 2761 3500 2816 Conradum
3527 2766 3658 2833 post
3679 2761 3892 2819 initam

2235 2849 2471 2904 Liutulli
2523 2866 2725 2922 pacem
2759 2866 2892 2904 eum
2926 2853 3087 2921 patre
3116 2848 3209 2904 die
3242 2851 3305 2903 17
3348 2849 3684 2906 Decembris
3733 2867 3892 2908 anno

2229 2941 2354 3005 954,
2380 2939 2658 2994 adversus
2690 2956 2883 3011 regem
2931 2937 3270 3009 aliquandiu
3305 2938 3559 3004 stetisse,
3588 2944 3645 2993 et
3690 2939 3890 2995 solum

2232 3033 2431 3100 postea
2463 3046 2615 3083 anno
2635 3030 2742 3081 055
2767 3027 2936 3100 paulo
2959 3032 3089 3082 ante
3117 3044 3376 3099 pugnam
3401 3045 3502 3099 pro
3524 3029 3726 3082 eodem
3751 3044 3894 3101 rege

2233 3119 2304 3171 ab
2338 3135 2402 3171 eo
2435 3122 2767 3188 susceptam
2800 3121 2999 3171 contra
3029 3117 3355 3188 lluugaros,
3379 3133 3512 3171 cum
3545 3116 3671 3188 ipso
3705 3116 3891 3173 fuisse

468 3206 1350 3280 extorquerent.«Tempestates
1374 3202 1630 3273 undique
1653 3202 1970 3255 innumera:
1993 3220 2124 3256 con-
2153 3190 2196 3256 C
2231 3206 2627 3262 conciliatum.
2654 3207 2798 3260 l-linc
2826 3224 2966 3261 sane
3000 3205 3316 3260 Fulcuinus
3348 3223 3475 3278 cap.
3503 3207 3592 3273 25,
3629 3205 3887 3260 narratis

468 3298 779 3362 ﬂuxerunt,
801 3294 922 3349 «ait
951 3294 1076 3349 loco
1098 3293 1300 3348 eodem
1326 3291 1664 3358 Fulcuinus,
1685 3314 1710 3338 »
1728 3291 1893 3346 navis
1923 3291 2120 3347 Eccle-

468 3388 566 3443 siae
593 3386 891 3442 laborante
911 3383 1130 3454 remige
1149 3379 1467 3447 fluctuavit,
1477 3381 1830 3452 gubernator
1851 3380 1973 3452 ipse
1995 3398 2122 3453 pro-

469 3475 692 3532 celloste
714 3471 1082 3545 tempestatis
1103 3471 1386 3542 impetum
1409 3469 1554 3524 ferre
1581 3487 1697 3524 non
1719 3470 2120 3540 potuit.Cessit

468 3563 824 3636 igitur,
859 3561 1035 3618 cessit
1079 3559 1511 3615 adversantium
1563 3558 1866 3626 voluntati,
1900 3565 1964 3614 ut
2011 3576 2117 3614 suo

469 3670 567 3709 eos
599 3652 790 3726 gladio
825 3649 1141 3723 jugularet.
1171 3648 1291 3704 Sibi
1325 3648 1582 3704 obstricti
1615 3652 1754 3704 sunt
1783 3665 2116 3704 sacramen-

465 3746 660 3798 torum
693 3742 805 3796 fide
823 3738 1151 3811 spontanci,
1172 3737 1305 3792 utsi
1330 3737 1590 3808 accipere
1615 3742 1979 3793 mererentur
1999 3739 2115 3810 epi-

465 3846 709 3903 scopum
758 3845 934 3901 quem
985 3828 1272 3899 petebant,
1324 3826 1539 3881 invicta
1588 3826 1793 3881 exinde
1842 3827 2114 3883 firmitate

464 3919 868 3977 auctoritatem
900 3916 1165 3973 Ecclesia:
1197 3920 1252 3971 et
1273 3917 1374 3987 jus
1406 3915 1845 3988 imperatorium
1879 3921 2112 3971 tueren-

461 4015 615 4066 tur.»
639 4009 901 4065 Metuens
933 4006 1212 4062 nimirum
1237 4007 1445 4076 Bruno,
1472 4022 1543 4060 ne
1574 4005 1618 4060 si
1651 4004 1874 4060 diutius
1899 4023 1965 4060 ac
1997 4006 2109 4062 for-

459 4101 577 4156 tius
609 4099 924 4163 resisteret,
953 4098 1068 4152 duo
1099 4096 1184 4151 illi
1215 4096 1458 4151 comites
1489 4113 1522 4150 a
1554 4111 1685 4166 rege
1715 4095 2025 4150 deficerent
2055 4100 2112 4151 et

456 4190 776 4246 transirent
821 4188 892 4242 ad
925 4186 1282 4252 Conradum,
1309 4208 1335 4236 «
1371 4184 1469 4256 qui
1510 4189 1649 4238 tunc
1680 4189 1883 4239 contra
1913 4201 2106 4256 regem

457 4281 665 4352 agebat
696 4278 975 4347 (Phrenes.
1007 4295 1063 4330 n.
1101 4277 1173 4347 1),
1204 4298 1229 4324 ››
1253 4274 1369 4331 illis
1395 4274 1780 4345 jurejurando
1813 4273 2104 4346 obligatis,

457 4367 801 4422 R—atherium
828 4366 1062 4420 tandem
1088 4363 1524 4430 dimittendum,
1552 4363 1887 4418 Baldricum
1915 4365 2106 4435 junio-

456 4473 577 4512 rem
600 4454 1062 4511 consecrandum
1095 4454 1340 4509 censuit.
1368 4455 1448 4508 Ad
1482 4453 1602 4509 haec
1633 4454 1896 4526 producti
1931 4471 2102 4510 cano-

2234 3298 2638 3369 llungarorum
2673 3297 2852 3368 gestis
2885 3296 3020 3351 anni
3050 3297 3177 3363 954,
3211 3295 3581 3368 expositurus
3613 3294 3884 3367 praelium

2229 3386 2364 3441 anni
2397 3387 2522 3451 955,
2539 3386 2691 3458 quod
2717 3385 2816 3440 illa
2838 3402 2980 3458 gens
3003 3408 3029 3435 ‹‹
3056 3386 3316 3451 seducta,
3342 3387 3535 3452 credo,
3559 3385 3886 3458 superioris

2229 3475 2364 3530 anni
2395 3492 2668 3530 successu
2696 3497 2723 3526 »
2751 3475 3008 3546 suscepit
3063 3478 3119 3529 ct
3165 3475 3449 3543 Conrado,
3501 3492 3603 3531 seu
3647 3474 3886 3530 Conone

2227 3569 2463 3620 strenue
2493 3565 2809 3620 dimicante
2836 3564 3059 3620 devicta
3090 3563 3226 3633 fuit;
3259 3584 3279 3611 α
3304 3564 3518 3620 Aderat
3546 3563 3626 3618 ibi
3659 3565 3882 3631 Conon,

2226 3653 2435 3725 inquit,
2470 3671 2582 3708 non
2604 3655 2729 3724 jam
2762 3654 2898 3719 dux,
2931 3653 3032 3708 sed
3068 3652 3258 3724 miles,
3295 3657 3413 3709 toto
3459 3657 3522 3709 ut
3563 3654 3886 3726 putabatur

2225 3745 2420 3798 animo
2451 3760 2764 3799 conversus
2798 3743 2869 3798 ad
2916 3759 3142 3814 pacem,
3168 3759 3343 3815 quam
3385 3743 3558 3815 paulo
3589 3747 3723 3799 ante
3753 3743 3882 3817 (no-

2222 3837 2416 3888 tentur
2462 3849 2631 3889 voces
2689 3833 2858 3902 paulo
2913 3833 3061 3904 ante)
3095 3833 3368 3888 atrociter
3414 3833 3878 3906 impugnabat.»

2221 3923 2411 3978 Solius
2439 3923 2674 3995 quidem
2703 3921 2939 3977 Liutulli
2973 3939 3175 3994 pacem
3209 3921 3413 3977 initam
3439 3921 3532 3976 die
3555 3923 3619 3976 17
3644 3921 3883 3977 Decem-

2221 4013 2342 4068 bris
2376 4030 2466 4068 an.
2495 4013 2599 4067 954
2624 4015 2952 4068 memorant
2973 4017 3098 4066 tum
3125 4010 3474 4066 Guillelmus
3496 4010 3879 4082 Moguntinus

2221 4101 2276 4155 in
2312 4101 2603 4157 notatione
2635 4100 2888 4167 laudata,
2915 4105 3042 4156 tum
3065 4099 3357 4156 Gerardus
3379 4099 3438 4154 in
3462 4099 3593 4154 Vita
3611 4099 3670 4154 S.
3698 4097 3873 4154 Udal-

2218 4191 2320 4246 rici
2353 4189 2609 4263 episcopi
2641 4189 2986 4262 Augusteni,
3022 4189 3120 4260 qui
3165 4190 3292 4260 ejus
3339 4188 3496 4261 pacis
3529 4187 3873 4244 conciliator

2217 4279 2345 4335 fuit.
2381 4281 2438 4335 Si
2489 4285 2682 4334 autem
2716 4277 3106 4334 reconciliatio
3137 4277 3383 4333 Conradi
3416 4277 3472 4332 in
3512 4293 3734 4332 annum
3760 4277 3870 4332 955

2216 4369 2532 4441 rejicienda
2577 4373 2684 4434 est,
2709 4367 2853 4423 nihil
2909 4367 3153 4439 impedit
3183 4368 3325 4439 quin
3376 4368 3530 4422 idem
3560 4365 3867 4422 Conradus

2213 4476 2364 4514 anno
2395 4459 2596 4514 eodem
2624 4458 2924 4530 aliquanto
2949 4461 3081 4513 ante
3104 4457 3633 4513 reconciliationem
3666 4459 3870 4511 contra

455 4561 558 4600 nes
584 4544 654 4600 de
682 4543 877 4600 vetitis
908 4542 1314 4615 cpisCOporum
1347 4542 1847 4611 translationibus,
1881 4548 1938 4599 et
1967 4561 2100 4599 con-
2135 4565 2181 4630 D
2211 4548 2479 4604 Ottonem
2529 4551 2742 4620 ageret,
2769 4547 2911 4602 adeo
2942 4549 3009 4600 ut
3048 4563 3113 4602 eo
3165 4552 3366 4602 contra
3411 4560 3608 4617 regem
3658 4548 3871 4618 agente

453 4633 693 4689 certatio
725 4633 835 4689 hac
877 4633 948 4688 de
996 4649 1056 4688 rc
1101 4632 1299 4688 habita
1346 4650 1379 4688 a
1425 4631 1699 4687 Rathario
1749 4633 2013 4690 fortassis
2045 4634 2102 4690 in

451 4721 645 4793 aliquo
663 4722 1069 4794 episcoporum
1089 4737 1433 4793 congressu:
1454 4722 1582 4774 novi
1605 4721 1857 4794 episcopi
1877 4721 2100 4791 electio,

450 4811 786 4884 petentibus
813 4810 964 4866 clero
1006 4815 1061 4866 et
1102 4808 1334 4882 populo,
1369 4809 1524 4880 regis
1558 4826 1854 4878 assensus,
1880 4812 2100 4883 cpisco-

447 4918 654 4973 porum
691 4900 1047 4967 convocatio,
1072 4907 1128 4955 et
1176 4899 1287 4954 alia
1323 4899 1378 4954 id
1412 4915 1597 4970 genus
1631 4899 1941 4972 requisita;
1975 4919 2100 4974 qua:

445 4991 646 5046 omnia
669 4989 1075 5062 expulsiouem
1096 4987 1352 5043 Ratherii
1372 4988 1442 5043 ad
1468 4986 1690 5059 aliquot
1714 5007 1942 5046 menses
1965 4992 2102 5047 anni

442 5079 548 5135 955
578 5079 660 5136 ita
690 5077 1136 5152 protrahunt,ut
1167 5077 1238 5132 ab
1269 5076 1548 5133 electione
1577 5076 1764 5149 ipsius
1795 5081 1866 5135 ad
1899 5080 2101 5153 expul-

442 5168 668 5225 sionem
694 5193 720 5220 «
757 5170 940 5225 ferme
973 5167 1275 5224 biennium
1304 5190 1330 5215 ››
1367 5167 1688 5224 excurrisse
1717 5167 2100 5243 intelligatur,

441 5260 597 5329 quod
630 5276 798 5315 secus
834 5257 1080 5331 intelligi
1128 5256 1290 5312 nulla
1336 5258 1559 5312 ratione
1607 5262 1816 5330 potest.
1851 5260 2016 5324 Quod
2050 5259 2102 5316 si

439 5347 540 5402 illa
598 5348 1027 5420 qualiscunque
1083 5347 1607 5403 excommunicatio
1673 5348 1787 5404 late
1841 5354 2098 5421 sumpta,

449 5453 628 5509 quam
653 5441 849 5492 noster
868 5437 1178 5509 episcopus
1203 5436 1260 5490 in
1285 5436 1786 5510 archiepiscopum
1807 5439 2103 5496 Treviren-

436 5541 574 5582 sem
603 5541 720 5581 suae
752 5523 1113 5598 expulsionis
1159 5526 1442 5582 fautorem
1484 5527 1846 5584 inferendam
1877 5529 2102 5585 curavit

433 5628 493 5672 ιι]
522 5615 622 5672 die
651 5614 837 5672 Coena:
884 5615 1119 5674 Domini
1171 5616 1309 5674 anni
1339 5616 1466 5688 955,
1499 5616 1667 5676 valde
1714 5618 1960 5676 obscure
2009 5621 2097 5679 in-

2218 4638 2528 4694 Ratherius
2560 4636 2766 4708 pulsus
2798 4635 2972 4692 fuerit
2992 4653 3143 4692 anno
3163 4636 3290 4705 955,
3316 4641 3380 4692 ut
3409 4652 3477 4691 ex
3498 4634 3870 4691 documentis

2215 4733 2386 4783 antea
2415 4727 2797 4783 consideratis
2829 4725 3192 4798 collegimus.

2282 4818 2369 4871 60.
2405 4815 2616 4872 Pulsus
2648 4833 2678 4870 c
2722 4813 3060 4872 Leodicensi
3118 4816 3256 4871 sede
3311 4818 3508 4872 noster
3555 4814 3868 4887 episcopus

2212 4910 2344 4978 post
2363 4905 2750 4961 intrusionem
2767 4904 3022 4976 junioris
3046 4905 3474 4972 Baldriei,dum
3494 4903 3722 4960 Leodici
3748 4920 3872 4959 mo-

2212 5000 2460 5063 raretur,
2478 4994 2681 5050 multis
2706 4995 3038 5068 importune
3060 4995 3423 5062 curantibus,
3439 4998 3504 5050 ut
3525 4993 3613 5050 vel
3637 4993 3760 5066 ipse
3781 4993 3872 5047 in-

2211 5085 2402 5140 vasori
2419 5085 2817 5158 episcopatum
2837 5085 3172 5152 dimitteret,
3188 5085 3402 5140 restitit
3422 5085 3730 5152 fortiter,et
3744 5098 3871 5138 con-

2210 5175 2510 5230 clusionem
2531 5175 2943 5231 deliberativam
2965 5174 3220 5246 scripsit,
3236 5192 3352 5247 qua
3368 5191 3471 5230 cur
3491 5172 3786 5229 dimittere
3807 5176 3870 5228 et

2211 5265 2411 5320 cedere
2435 5282 2548 5320 non
2573 5265 2828 5332 deberet,
2844 5264 3234 5336 quadraginta
3256 5264 3476 5335 [cxxxv]
3502 5261 3868 5336 argumentis

2213 5355 2498 5426 exposuit.
2530 5355 2592 5410 In
2618 5354 2726 5410 hoc
2760 5370 2934 5426 opere
2957 5369 3088 5408 cum
3113 5371 3174 5410 se
3206 5372 3240 5410 a
3267 5355 3518 5428 petenda
3547 5352 3744 5425 aliqua
3775 5368 3866 5407 re-

2209 5444 2439 5499 dituum
2488 5442 3014 5500 ecclesiasticorum
3070 5443 3335 5515 portione
3392 5443 3450 5498 in
3482 5443 3612 5499 vitae
3670 5441 3866 5498 subsi-

2208 5533 2391 5603 dium,
2409 5537 2473 5589 ut
2495 5531 2742 5590 cessioni
2765 5532 3055 5603 ejusmodi
3079 5533 3478 5604 asseutiretur,
3494 5531 3748 5589 maxime
3768 5531 3868 5587 ab-

2207 5624 2542 5683 horrentem
2580 5621 2838 5699 preefert;
2871 5620 3013 5681 dum
3045 5622 3183 5682 huic
3213 5624 3462 5683 cessioni
3511 5639 3580 5681 ea
3629 5637 3867 5697 quoque
