4070 6380
182 335 301 404 λεδ
1238 341 1852 408 PROLEGOMENA.
1877 373 1956 389 —
1987 341 2363 408 RATHERII
2405 345 2613 410 VITA.
3549 335 3630 424 85

219 476 407 532 ditam
458 481 760 534 memorat.
823 476 1084 535 Primum
1141 494 1304 534 num.
1338 479 1404 534 3:
1468 501 1495 529 ‹‹
1530 475 1869 551 Imperatori
1897 476 1954 546 Α
1982 480 2281 550 gestarum
2313 479 2642 548 historiam,
2677 496 2804 553 quae
2836 481 3351 538 monumentorum
3381 481 3630 555 penuria

220 566 580 639 (Ratherius)
613 585 728 623 non
762 567 956 637 servit,
982 568 1114 622 duci
1136 583 1528 639 nequaquam.
1561 590 1588 617 ››
1616 568 1871 623 Rursum

218 673 387 711 num.
419 657 512 712 14:
538 679 558 705 ι
587 657 716 712 Dux
744 656 958 729 inclyta
976 656 1176 723 verita,
1205 655 1496 728 inquit,ne
1511 658 1676 729 pejus
1703 656 1869 724 mihi,

218 762 400 818 quam
428 746 695 818 contigit,
733 746 1004 811 eveniret,
1039 745 1466 800 commendavit
1497 762 1588 801 me
1637 745 1870 800 tuitioni

219 835 477 892 comitis.
515 857 543 885 »
574 835 835 891 Tandem
868 835 926 889 in
956 835 1268 899 ltinerarz‘o,
1304 852 1466 888 num.
1502 837 1553 902 4,
1605 851 1666 890 se
1699 857 1725 884 ‹‹
1759 833 1870 889 cle-

216 923 850 996 mentiaimperatoris,
878 925 1164 980 subventu
1183 923 1680 979 excellentissimus
1705 922 1872 978 ducis

214 1009 508 1084 ereptum,
540 1013 866 1078 reductum,
903 1036 930 1063 ››
965 1013 1160 1068 tradit.
1198 1015 1310 1068 llos
1343 1035 1370 1063 ‹‹
1405 1014 1582 1068 duces
1612 1016 1866 1078 nostros,

214 1102 369 1158 hanc
401 1102 681 1176 inclytam
713 1103 920 1158 ducem
952 1125 980 1153 ››
1034 1119 1133 1159 eos
1185 1102 1388 1168 fuisse,
1422 1103 1522 1174 qui
1553 1100 1870 1157 Veronensi

217 1191 496 1248 marchiaz
528 1195 834 1265 praeerant,
867 1209 936 1247 ex
964 1192 1312 1264 praestitutis
1344 1191 1546 1263 liquet.

286 1283 379 1336 77.
415 1281 486 1336 Ut
506 1285 704 1336 autem
736 1280 1112 1353 intelligatur,
1141 1280 1383 1350 quinam
1415 1278 1506 1334 isti
1530 1279 1640 1335 sub
1664 1279 1870 1334 Rathe—

217 1371 304 1426 rio
327 1371 572 1439 fuerint;
592 1370 832 1436 ducum,
852 1370 952 1442 qui
970 1369 1180 1424 saeculo
1204 1387 1236 1424 x
1261 1369 1526 1424 eamdem
1547 1368 1867 1423 marchiam

215 1459 734 1526 administrabant,
767 1459 975 1514 seriem
997 1458 1284 1514 hactenus
1315 1475 1429 1513 non
1461 1457 1602 1513 satis
1635 1474 1867 1530 perspe-

215 1553 394 1615 ctam,
431 1552 485 1603 et
516 1548 690 1604 rebus
721 1546 988 1620 pluribus
1021 1545 1224 1602 utilem
1257 1547 1365 1602 hoc
1412 1547 1537 1602 loco
1568 1551 1869 1603 contexere

215 1642 272 1694 et
305 1637 590 1710 explicare
614 1636 850 1708 juverit.
884 1635 1114 1690 Primus
1139 1635 1319 1707 hujus
1350 1635 1618 1691 marchiae
1650 1636 1766 1690 dux
1796 1635 1868 1690 ab

213 1726 426 1782 Ottone
456 1726 479 1781 Ι
511 1725 817 1798 praefectus
845 1741 996 1780 anno
1025 1726 1150 1790 952,
1175 1741 1291 1796 quo
1323 1723 1512 1796 ipsam
1545 1723 1866 1779 marchiam

212 1814 548 1871 institutam
577 1815 855 1881 vidimus,
891 1812 1000 1868 fuit
1029 1812 1313 1869 Henricus
1345 1813 1607 1884 ejusdem
1640 1811 1865 1868 Ottonis

211 1905 414 1973 frater,
439 1903 680 1976 quijam
709 1903 844 1958 inde
875 1902 945 1958 ab
978 1919 1131 1958 anno
1160 1903 1266 1957 945
1282 1902 1559 1974 Bajoariae
1583 1902 1863 1957 ducatum

211 1994 567 2050 obtinuerat.
593 1993 737 2048 Hinc
763 1994 904 2048 dum
927 2016 954 2042 ‹‹
972 1990 1346 2047 Bavariorum
1364 1992 1500 2060 dux,
1526 1996 1582 2047 et
1603 1990 1862 2047 marchio

207 2083 468 2155 inclytus
491 2105 520 2133 »
551 2100 584 2138 a
610 2083 856 2155 Rotgero
879 2079 1226 2154 appellatur,
1250 2097 1364 2136 non
1389 2080 1649 2136 marehia
1678 2080 1859 2136 orien-

207 2171 368 2239 talis,
402 2189 558 2227 nunc
584 2170 839 2237 Austria,
865 2187 997 2225 cum
1024 2169 1324 2226 nonnullis
1356 2169 1733 2243 intelligenda
1750 2173 1856 2238 est,

209 2262 315 2318 sed
347 2259 608 2317 marchia
633 2258 1004 2316 Veronensis.
1038 2259 1140 2314 Hic
1171 2258 1456 2314 Henricus
1487 2259 1731 2314 duxerat
1755 2259 1857 2314 Ju-

207 2351 440 2407 ditham
496 2350 741 2418 Arnulﬁ,
787 2367 888 2405 seu
936 2347 1173 2405 Arnoldi
1233 2347 1632 2420 Bajoariorum
1690 2348 1857 2404 ducis

207 2439 418 2508 ﬁliam,
441 2442 589 2512 ejus,
617 2439 879 2510 inquam,
915 2438 1010 2510 [αι]
1041 2430 1286 2504 Arnulﬁ,
1323 2438 1424 2509 qui
1455 2453 1588 2492 cum
1619 2453 1653 2491 a
1681 2436 1855 2492 Vero-

208 2529 494 2586 nensibus
516 2528 794 2584 invitatus
811 2531 1012 2583 contra
1027 2527 1286 2599 Ugonem
1309 2542 1504 2599 regem
1527 2526 1854 2581 descendis-

205 2623 297 2675 set
327 2618 386 2673 in
407 2617 652 2685 Italiam,
678 2615 946 2689 pluribus
967 2614 1225 2671 Rathcrii
1246 2614 1853 2686 calamitatibus,quas

202 2707 607 2781 exposuimus,
640 2707 1004 2762 occasionem
1036 2704 1212 2761 dedit.
1246 2705 1376 2760 Haec
1431 2704 1662 2760 Henrici
1712 2721 1855 2760 uxor

203 2795 483 2852 laudatur
512 2798 589 2867 (5)
623 2813 657 2851 a
688 2795 910 2863 multis,
945 2795 1263 2867 gemuitque
1283 2810 1352 2848 ex
1373 2809 1438 2848 eo
1466 2791 1777 2848 Henricum
1803 2792 1852 2849 II

202 2886 282 2954 (6)
313 2903 410 2941 an.
441 2885 566 2940 951.
625 2883 868 2940 Henrico
928 2887 1093 2955 patre
1142 2883 1259 2938 vita
1300 2883 1497 2937 functo
1543 2899 1693 2937 anno
1722 2883 1848 2951 955,

202 2975 336 3032 Otto
362 2991 462 3030 rex
481 2973 726 3029 Henrico
750 2973 799 3029 ΙΙ
831 2996 858 3023 ‹‹
891 2977 1019 3046 ejus
1050 2971 1167 3027 filio
1199 2973 1475 3028 ducatum
1506 2976 1563 3026 et
1593 2987 1850 3027 marcam

199 3064 384 3132 dedit,
411 3086 439 3113 ››
474 3066 536 3118 ut
561 3062 929 3118 continuatur
954 3061 1270 3134 Reginonis
1301 3064 1357 3116 et
1387 3059 1678 3116 annalista
1706 3066 1850 3116 Saxo

199 3153 490 3220 scribunt,
510 3153 783 3208 eumdem
801 3151 1022 3207 scilicet
1037 3149 1311 3222 Bajoariae
1333 3150 1610 3205 ducatum
1632 3154 1689 3205 et
1707 3167 1853 3204 mar-

1983 567 2040 621 in
2073 568 2318 624 obscuro
2349 572 2457 637 est,
2483 569 2789 642 expiscari,
2821 573 2878 624 et
2907 586 3081 642 quam
3104 570 3446 628 brevissime
3470 571 3628 642 licet,

1983 656 2299 728 producere
2345 663 2588 730 oportet.
2626 658 2870 714 Henrico
2903 658 2925 714 Ι
2956 661 3014 714 et
3045 657 3162 714 filio
3191 661 3316 731 ejus
3351 662 3628 733 Bajoariaa
3725 715 3729 719 .

1982 745 2232 802 ducibus
2264 746 2476 802 idcirco
2506 747 2857 804 Veronensis
2909 747 3170 804 marchia
3199 749 3414 805 tradita
3446 749 3628 809 fuisse

1979 833 2226 902 videtur,
2276 836 2412 908 quia
2444 840 2582 893 tunc
2638 838 2913 909 Bajoariaz
2973 839 3222 895 ducatus
3267 840 3627 899 Carinthiam

1980 927 2281 996 totamque
2311 927 2606 998 regionem
2639 927 2688 981 ei
2724 928 2994 982 marchiaa
3025 929 3447 986 conterminam
3471 947 3626 988 com-

1980 1012 2358 1084 plectebatur,
2380 1014 2461 1069 uti
2495 1015 2987 1087 complectebatur
3013 1017 3123 1072 sub
3142 1019 3383 1074 Arnulfo
3405 1024 3461 1075 et
3490 1021 3626 1077 Ber-

1979 1099 2114 1155 telfo
2141 1101 2369 1157 Henrici
2402 1103 2423 1157 Ι
2460 1104 3000 1175 praedecessoribus,
3033 1122 3282 1176 quorum
3331 1107 3559 1179 primus
3588 1125 3624 1166 a

1980 1189 2336 1262 Liutprando
2396 1213 2424 1242 «
2457 1191 2856 1262 Bajoariorum
2914 1195 3030 1265 [cn]
3062 1199 3118 1249 et
3156 1195 3625 1254 Carantanorum

1979 1278 2097 1333 dux
2121 1301 2148 1328 »
2179 1279 2524 1351 appellatur,
2550 1285 2607 1336 et
2623 1280 2681 1336 in
2703 1282 3051 1338 documento
3074 1284 3430 1358 Frisingensi
3451 1304 3624 1344 voca-

1977 1371 2074 1422 tur
2104 1392 2129 1418 «
2166 1368 2282 1423 dux
2313 1368 2684 1424 Bavariorum
2715 1374 2772 1425 et
2793 1369 2967 1426 etiam
3002 1372 3396 1440 adjacentium
3429 1375 3619 1448 regio-

1979 1473 2121 1511 num
2180 1457 2629 1526 (MEICHELBECH,
2661 1460 2778 1526 Hist
2806 1460 3069 1530 Frising.,
3101 1463 3244 1515 tom.
3275 1462 3318 1528 Ι,
3350 1467 3499 1534 part.
3558 1480 3622 1531 II,

1981 1561 2036 1617 p.
2062 1546 2208 1617 429).
2247 1568 2273 1595 ››
2303 1546 2447 1602 Hinc
2477 1547 2715 1619 quidem
2738 1546 2796 1602 in
2825 1547 3141 1620 diplomate
3161 1548 3388 1605 Ottonis
3416 1551 3465 1606 II
3487 1551 3626 1608 anni

1975 1635 2081 1689 974
2126 1635 2483 1708 Frisingensi
2514 1635 2782 1692 Ecclesiae
2812 1653 3099 1693 concessae
3130 1638 3444 1694 traduntur
3471 1663 3500 1690 ‹‹
3533 1640 3624 1699 in-

1975 1726 2241 1780 terventu
2265 1725 2517 1781 Heinrici
2533 1748 2559 1775 »
2578 1727 2818 1782 secundi
2842 1725 3009 1782 ducis
3026 1727 3277 1782 Bavariaa
3302 1751 3329 1778 «
3355 1730 3624 1800 quaedam

1976 1817 2170 1885 partes
2203 1814 2324 1868 sita:
2349 1814 2406 1869 in
2438 1815 2653 1869 ducatu
2687 1814 2906 1887 praefati
2940 1815 3129 1884 ducis,
3167 1819 3222 1870 et
3251 1816 3311 1870 in
3343 1816 3624 1875 comitatu

1973 1901 2242 1974 Poponis,
2276 1903 2433 1976 quod
2463 1903 2729 1960 Carniola
2756 1907 3017 1961 vocatur.
3056 1926 3084 1954 ››
3118 1904 3178 1960 Si
3209 1906 3475 1963 Carniola
3511 1908 3623 1964 Ca-

1972 1992 2249 2047 rantania:
2283 2010 2416 2065 pars
2467 1993 2678 2048 eratin
2719 1994 3000 2050 comitatu
3060 1995 3323 2066 subjecto
3381 1996 3622 2054 ducatui

1973 2080 2196 2136 Henrici
2230 2082 2398 2137 ducis
2427 2082 2702 2148 Bavariae,
2737 2083 3087 2139 Carantania
3116 2083 3318 2156 utique
3349 2085 3420 2140 ad
3455 2102 3622 2143 eum-

1969 2170 2100 2226 dem
2128 2171 2407 2226 ducatum
2440 2171 2790 2243 pertinebat.
2814 2174 2980 2227 Anno
3009 2173 3277 2244 sequenti
3307 2175 3432 2242 975,
3467 2175 3618 2233 bello

1967 2264 2162 2316 exorto
2183 2261 2334 2315 inter
2352 2260 2665 2316 Henricum
2688 2260 2737 2316 II
2758 2264 2814 2315 et
2836 2261 3105 2317 Ottonem
3131 2259 3612 2336 Alemannorum,

1966 2365 2069 2404 seu
2099 2347 2313 2404 Sueviaa
2345 2350 2574 2414 ducem,
2623 2349 2753 2405 Otto
2785 2349 2833 2404 II
2880 2349 3218 2422 imperator,
3271 2352 3372 2423 qui
3413 2353 3611 2411 Ottoni

1965 2436 2099 2491 duci
2132 2437 2374 2504 favebat,
2425 2437 2738 2494 Henricum
2770 2438 2942 2509 cepit,
2993 2441 3048 2493 et
3077 2455 3229 2494 anno
3257 2439 3362 2495 976
3391 2441 3610 2498 ducatu

1964 2525 2208 2597 privavit
2235 2525 2462 2598 (Annal.
2485 2531 2652 2592 Saxo,
2678 2528 2740 2581 in
2761 2525 3008 2598 Chron.).
3038 2528 3203 2582 Tunc
3220 2529 3527 2584 Carinthiaa
3551 2534 3608 2588 et

1964 2615 2238 2686 Bajoarize
2261 2615 2509 2671 ducatus
2531 2614 3002 2688 divisi.Bajoariae
3016 2615 3132 2670 dux
3153 2621 3382 2673 creatus
3404 2635 3608 2691 supra-

1961 2704 2152 2760 dictus
2173 2705 2304 2760 Otto
2325 2703 2782 2760 Alamannorum
2797 2705 2916 2760 dux
2929 2705 3167 2760 Liutulfi
3184 2703 3364 2775 ﬁlius;
3387 2723 3454 2763 ac
3471 2725 3606 2780 pro-

1961 2797 2157 2865 pterea
2181 2793 2240 2848 in
2271 2794 2405 2849 Vita
2433 2795 2490 2849 S.
2525 2793 2779 2849 Udalrici
2802 2793 3060 2866 episcopi
3087 2794 3416 2867 Augustani
3437 2813 3604 2854 num.

1960 2884 2048 2951 80,
2082 2882 2235 2938 idem
2269 2882 2398 2938 Otto
2428 2886 2667 2938 vocatur
2717 2904 2744 2933 ‹‹
2768 2883 2886 2938 dux
2913 2882 3374 2940 Alamannorum
3407 2889 3463 2940 et
3495 2885 3605 2941 Ba-

1959 2971 2271 3039 variorum,
2296 2972 2541 3027 Henrico
2571 2971 2852 3044 deposito.
2879 2994 2906 3021 »
2935 2971 3241 3028 Carinthiae
3263 2990 3397 3029 vero
3427 2973 3606 3030 duca-

1960 3064 2058 3115 tus
2088 3059 2332 3116 Henrico
2388 3060 2639 3128 Bertolfi,
2687 3077 2788 3115 seu
2848 3059 3100 3116 Bertoldi
3131 3060 3267 3117 olim
3326 3061 3606 3134 Bajoariaa

1960 3147 2125 3204 ducis
2156 3149 2276 3204 ﬁlio
2305 3149 2552 3204 traditus
2583 3148 2694 3204 fuit
2719 3166 2733 3216 ;
2765 3165 2832 3204 ac
2861 3154 3166 3220 propterea
3194 3150 3292 3205 hic
3320 3149 3606 3208 Henricus

199 3259 332 3298 eam
350 3241 998 3312 Veronensem,quibus
1021 3245 1184 3312 pater
1199 3241 1326 3310 ejus
1340 3239 1411 3295 ab
1430 3240 1630 3294 eodem
1645 3239 1852 3295 Ottone
1881 3222 1926 3290 (ἶ
1965 3237 2022 3292 in
2055 3237 2370 3310 diplomate
2411 3236 2638 3293 Ottonis
2667 3239 2713 3293 II
2743 3237 2881 3293 anni
2927 3238 3051 3306 977,
3090 3239 3243 3310 quod
3273 3238 3333 3293 in
3361 3239 3609 3295 Addita-

199 3333 456 3388 donatus
508 3331 712 3387 fuerat.
747 3333 888 3386 Cum
919 3347 1091 3402 porro
1145 3328 1256 3385 hoc
1289 3346 1440 3385 anno
1471 3329 1597 3394 955,
1630 3332 1687 3384 et
1741 3326 1853 3382 ali-

201 3421 467 3494 quandiu
499 3421 674 3476 etiam
709 3423 838 3492 post
865 3419 1040 3474 hasce
1071 3423 1302 3475 nostras
1345 3417 1608 3491 regiones
1641 3423 1852 3474 Beren-

202 3511 409 3584 garius
439 3515 498 3566 et
547 3508 893 3565 Adclbertus
945 3512 1242 3576 tenerent;
1302 3507 1584 3563 Henricus
1617 3508 1665 3562 II
1697 3525 1865 3562 mar--

202 3600 400 3656 chiam
429 3599 821 3655 Veronensem
854 3597 1046 3669 reipsa
1075 3598 1336 3652 obtinere
1367 3614 1482 3652 non
1505 3596 1714 3668 potuit,
1739 3595 1852 3652 nisi

200 3689 453 3745 fortasse
485 3688 557 3744 iis
589 3687 911 3753 mensibus,
938 3685 1151 3758 quibus
1183 3685 1474 3742 Liutulfus
1506 3686 1851 3759 Berengario

195 3779 349 3834 victo
379 3777 444 3833 in
474 3777 616 3834 vivis
647 3777 792 3832 fuit:
827 3781 886 3833 at
917 3781 1069 3832 certe
1099 3775 1351 3832 obtinuit
1381 3793 1532 3832 anno
1576 3777 1699 3843 961,
1734 3793 1849 3848 quo

195 3885 293 3923 rex
319 3868 452 3924 Otto
485 3867 761 3922 eumdem
789 3865 1140 3938 expulsurus
1173 3865 1398 3921 Italiam
1433 3864 1680 3936 repetiit.
1732 3865 1849 3921 Hoc

192 3963 392 4012 autem
426 3959 687 4027 tempore
743 3971 877 4010 cum
924 3954 1080 4011 idem
1130 3954 1412 4010 Henricus
1451 3954 1544 4009 vix
1574 3954 1850 4010 decennis

195 4050 371 4113 esset,
410 4044 655 4100 Juditha
678 4045 808 4117 ejus
837 4048 1024 4100 mater
1043 4042 1149 4098 ﬁlii
1179 4043 1416 4098 nomine
1437 4042 1633 4098 omnia
1662 4043 1848 4098 admi-

198 4135 506 4192 nistrabat.
547 4134 688 4190 Hinc
719 4156 747 4184 ‹‹
773 4134 949 4190 duces
972 4132 1176 4202 nostri,
1204 4158 1232 4182 υ
1265 4149 1516 4205 quorum
1540 4132 1849 4189 Ratherius

200 4223 471 4281 meminit
501 4223 561 4279 in
592 4223 762 4296 epist.
798 4226 852 4290 8,
879 4223 951 4279 ad
985 4220 1263 4278 Milonem
1295 4221 1511 4294 scripta
1542 4238 1692 4276 anno
1721 4223 1846 4290 955,

204 4317 344 4370 sunt
372 4314 662 4370 Henricus
694 4312 741 4369 ΙΙ
773 4316 829 4368 et
868 4311 1150 4369 Juditba:
1183 4333 1210 4361 ‹‹
1239 4311 1456 4366 Ducem
1488 4328 1622 4366 vero
1668 4309 1848 4384 incly-

205 4408 325 4460 tam
354 4407 414 4459 et
442 4401 1013 4466 excellentissimam,
1035 4423 1062 4450 »
1095 4400 1150 4454 id
1175 4403 1261 4456 est
1275 4399 1576 4454 Juditham
1604 4403 1849 4454 matrem

205 4493 264 4549 in
287 4492 524 4549 duobus
547 4491 679 4547 aliis
697 4490 969 4563 operibus
990 4488 1313 4568 lucubratis
1330 4505 1480 4544 anno
1500 4490 1605 4543 966
1626 4505 1852 4560 expres-

1963 3328 2175 3383 mentis
2195 3326 2549 3399 Ughellianis
2572 3327 2784 3399 legitur
2804 3330 2946 3383 tom.
2974 3327 3044 3394 V,
3073 3343 3204 3401 pag.
3229 3329 3317 3396 46,
3343 3350 3372 3378 ‹‹
3395 3331 3607 3384 Caran-

1961 3421 2233 3473 tanorum
2264 3417 2426 3472 dux»
2449 3416 2792 3489 appellatur.
2814 3416 3082 3481 Quandiu
3102 3433 3234 3473 vero
3256 3417 3378 3472 haec
3399 3416 3606 3476 divisio

1961 3506 2246 3574 substitit,
2269 3506 2620 3561 Veronensis
2639 3504 3227 3572 marchia,Carinthiae
3239 3506 3609 3579 circumqua-

1961 3612 2094 3667 que,
2127 3613 2242 3651 non
2271 3600 2464 3650 autem
2487 3593 2760 3666 Bajoariae
2785 3593 3052 3663 ﬁnitima,
3077 3593 3449 3666 illi-subjecta
3470 3595 3602 3665 fuit,

1961 3684 2058 3757 qui
2093 3685 2290 3740 vicinae
2321 3683 2652 3750 Carinthiae,
2685 3699 2800 3738 non
2825 3687 3022 3739 autem
3045 3683 3129 3759 illi
3151 3684 3253 3756 qui
3273 3683 3605 3740 remotioris

1959 3774 2236 3847 Bajoariaa
2262 3774 2539 3828 ducatum
2572 3773 2899 3829 obtinebat:
2925 3790 3113 3845 neque
3133 3773 3288 3830 enim
3311 3773 3605 3844 Bajoario-

1960 3882 2090 3919 rum
2122 3863 2254 3919 duci
2287 3862 2614 3918 invenietur
2660 3862 2942 3917 attributa
2991 3880 3274 3934 unquam,
3307 3863 3422 3918 nisi
3467 3879 3603 3919 cum

1959 3951 2111 4007 idem
2135 3951 2468 4023 Bajoarioru
2481 3968 2532 4006 m
2549 3950 2725 4006 simul
2739 3955 2794 4007 et
2809 3952 3269 4007 Carantanorum
3293 3952 3409 4006 dux
3428 3956 3602 4008 esset.

1961 4045 2158 4113 Itaque
2187 4040 2489 4096 laudatum
2512 4040 2823 4096 Henricum
2850 4040 3101 4096 Bertoldi
3126 4040 3310 4096 ﬁlium
3329 4057 3445 4096 una
3467 4057 3602 4096 cum

1958 4130 2264 4187 Carinthiae
2297 4131 2512 4186 ducatu
2544 4129 2940 4185 Veronensem
2999 4147 3230 4202 quoque
3279 4128 3602 4185 marchiam

1959 4220 2273 4294 regendam
2307 4219 2599 4290 accepisse
2651 4217 2918 4274 dubitare
2971 4233 3088 4274 non
3119 4217 3271 4273 licet.
3303 4219 3467 4273 Anno
3497 4218 3604 4275 977

1959 4311 2069 4366 sub
2102 4311 2276 4365 ﬁnem
2308 4312 2596 4380 vergente,
2622 4307 2904 4363 Henricus
2936 4307 3002 4375 II,
3037 4308 3136 4380 qui
3169 4323 3238 4362 ex
3258 4306 3383 4363 loco
3408 4306 3468 4362 in
3487 4324 3603 4379 quo

1959 4397 2395 4455 custodiebatur
2444 4397 2725 4468 effugerat
2757 4396 2975 4469 (Annal.
3011 4397 3226 4470 Saxa),
3261 4413 3394 4452 cum
3454 4396 3605 4452 Hen-

1960 4488 2077 4544 rico
2099 4489 2555 4542 Carantanorum
2579 4486 2726 4540 duce
2745 4486 3305 4541 adversusOttonem
3327 4485 3604 4558 Bajoarim

205 4582 328 4639 sius
359 4579 619 4654 appellat
647 4581 840 4652 potius
881 4597 1059 4652 quam
1091 4577 1298 4646 ﬁlium,
1330 4577 1469 4649 quia
1508 4577 1626 4632 ﬁlio
1659 4577 1849 4633 adhuc
1877 4594 1928 4666 Β
1960 4578 2166 4634 ducem
2201 4575 2568 4666 conspirans,
2597 4575 2891 4631 Pataviam
2923 4575 3214 4631 civitatem
3237 4575 3470 4645 invasit,
3503 4574 3609 4631 ibi-

205 4670 452 4739 minore,
476 4675 666 4726 mater
684 4669 892 4743 potiori
917 4667 1256 4725 auctoritate
1278 4668 1596 4732 fruebatur.
1625 4668 1678 4722 Is
1699 4667 1850 4724 Hen-

202 4761 359 4818 ricus
383 4761 540 4817 hanc
559 4758 882 4815 marchiam
901 4757 1160 4815 tenuisse
1183 4757 1253 4813 ad
1275 4773 1494 4812 annum
1517 4773 1705 4828 usque
1725 4758 1850 4824 995,

204 4868 374 4924 quoe
405 4850 554 4907 vivis
611 4848 877 4917 excessit,
929 4847 1108 4904 videri
1157 4849 1346 4920 potest
1393 4864 1462 4902 ex
1506 4847 1853 4902 documento

204 4942 342 4996 anni
371 4940 502 5005 993,
535 4939 706 5010 cujus
737 4937 1009 5010 deinceps
1038 4938 1138 4993 ﬁet
1166 4937 1481 4992 mentio.At
1503 4953 1618 4991 non
1640 4936 1720 4992 ita
1744 4941 1847 4992 est.

203 5030 310 5086 Alii
342 5029 505 5087 enim
539 5027 886 5084 intermedio
918 5031 1178 5099 tempore
1217 5027 1483 5082 eamdem
1531 5025 1852 5081 marchiam

202 5117 503 5176 consecuti
534 5121 696 5174 sunt.

268 5212 361 5266 78.
397 5208 476 5265 Ut
508 5205 940 5273 marchionum,
991 5205 1092 5277 qui
1121 5204 1231 5260 hoc
1262 5202 1563 5259 intervallo
1596 5207 1854 5258 nostram

204 5298 532 5357 marchiam
578 5299 872 5364 rexerunt,
908 5295 1175 5350 notitiam
1223 5293 1608 5366 proferamus,
1661 5310 1854 5348 rerum

269 5445 348 5514 (5)
364 5441 768 5518 gontinuator
798 5438 1000 5518 Hegin.
1031 5455 1124 5518 an.
1175 5436 1297 5518 953.
1331 5435 1757 5518 Di‘t'marus
1789 5453 1853 5518 ῃ,

202 5507 337 5588 pag:
356 5515 469 5596 332
499 5517 558 5568 et
587 5509 712 5578 339,
739 5515 780 5566 t.
816 5512 860 5578 Ι,
885 5507 1014 5566 Rer.
1049 5508 1351 5576 Brunsvic,
1384 5508 1589 5590 Vit..S.
1623 5507 1856 5564 Mathil-

202 5588 287 5636 dis
321 5601 541 5636 remum
585 5599 635 5636 c.
677 5583 730 5636 4.
760 5600 798 5636 n
845 5584 931 5636 19.
966 5587 987 5636 t
1018 5587 1060 5636 Ι.
1115 5581 1246 5636 Rer.
1280 5581 1582 5635 Brunswc.
1639 5597 1693 5636 ι).
1728 5583 1854 5636 201.

201 5581 541 5660 disreginm
585 5599 635 5639 c.
677 5583 730 5650 4,
760 5600 798 5638 n
845 5584 931 5650 19,
966 5587 987 5637 t
1018 5587 1060 5652 Ι,
1115 5581 1246 5647 Rer,
1280 5581 1582 5635 Brunsvic.
1637 5597 1693 5652 p.
1728 5583 1854 5648 201,

197 5664 253 5716 et
277 5656 596 5717 Annalists
651 5654 802 5713 Saxo
860 5655 1014 5728 apud
1076 5653 1308 5710 Eccard.
1361 5669 1434 5709 an
1485 5653 1609 5722 945,
1642 5653 1766 5719 953,
1801 5657 1858 5710 et

1960 4684 2071 4739 que
2087 4683 2218 4720 mox
2232 4667 2302 4721 ab
2317 4665 2522 4720 Ottone
2541 4665 2588 4720 ΙΙ
2611 4664 2958 4736 imperatore
2979 4665 3282 4721 obsidione
3304 4665 3604 4732 subactus,

1961 4773 2080 4812 una
2107 4773 2240 4810 eum
2271 4757 2473 4810 eodem
2505 4752 2748 4808 Henrico
2777 4753 2924 4808 duce
2948 4753 3304 4809 Carantania:
3343 4753 3401 4808 in
3455 4752 3607 4808 exsi-

1961 4844 2108 4900 lium
2141 4845 2358 4899 missus
2389 4843 2516 4898 fuit.
2551 4843 2694 4897 Hinc
2724 4842 2916 4898 Ottoni
2940 4843 3215 4914 Bajoariaa
3237 4843 3370 4914 duci
3389 4843 3607 4899 Caran-

1963 4933 2266 4990 taniacum
2280 4933 2542 4989 Veronen
2552 4932 2596 4986 si
2614 4931 2875 4987 marchia
2887 4931 3168 4988 attributa
3196 4933 3442 4988 videtur.
3467 4932 3607 5003 [cm]

1965 5025 2101 5080 Post
2132 5024 2360 5079 Ottonis
2387 5021 2561 5078 Ducis
2595 5025 2862 5089 mortem,
2895 5039 3020 5093 qua:
3061 5021 3265 5077 incidit
3294 5021 3352 5076 in
3385 5036 3606 5075 annum

1963 5115 2087 5184 982,
2122 5113 2251 5168 Otto
2281 5112 2596 5184 imperator
2623 5127 2756 5165 cum
2811 5110 3053 5166 Henrico
3085 5109 3306 5164 minore
3355 5107 3609 5164 Bertoldi

1968 5203 2084 5258 ﬁlio
2107 5201 2468 5268 conciliatus,
2490 5200 2548 5255 in
2568 5199 2821 5256 comitiis
2839 5199 3074 5255 Veronae
3093 5197 3310 5253 habitis
3330 5213 3482 5253 anno
3502 5195 3610 5256 983

1966 5293 2154 5348 eidem
2170 5289 2445 5363 Bajoarize
2464 5288 2842 5346 etCarinthize
2861 5287 3134 5343 ducaium
3149 5287 3482 5358 impertitus
3497 5290 3608 5344 est.

2150 5507 2361 5564 Chron.
2395 5503 2836 5574 Quedlimburg.
2871 5507 2912 5560 t.
2948 5502 3014 5572 II,
3050 5503 3181 5560 Rer.
3215 5501 3517 5561 Brunsvic.
3551 5521 3610 5577 p.
