  <div class='ocr_page' id='page_1' title='image "/cluster/home/n/w/nwhite01/storage/ocr_20150623/136/umn.31951002477429o/052.png"; bbox 0 0 4070 6384; ppageno 0'>
   <div class='ocr_carea' id='block_1_1' title="bbox 174 337 2586 407">
    <p class='ocr_par' dir='ltr' id='par_1_1' title="bbox 174 337 2586 407">
     <span class='ocr_line' id='line_1_1' title="bbox 174 337 2586 407; baseline -0.001 0"><span class='ocrx_word' id='word_1_1' title='bbox 174 337 259 407; x_wconf 78' lang='grc'>89</span> <span class='ocrx_word' id='word_1_2' title='bbox 1205 339 1788 405; x_wconf 82' lang='lat' dir='ltr'>PROLEGOMENA</span> <span class='ocrx_word' id='word_1_3' title='bbox 1801 384 1817 405; x_wconf 87' lang='lat'>.</span> <span class='ocrx_word' id='word_1_4' title='bbox 1848 371 1939 388; x_wconf 66' lang='lat'>--«</span> <span class='ocrx_word' id='word_1_5' title='bbox 1958 338 2336 404; x_wconf 75' lang='lat' dir='ltr'>RATHERII</span> <span class='ocrx_word' id='word_1_6' title='bbox 2378 341 2586 407; x_wconf 83' lang='lat' dir='ltr'>VITA‘.</span> 
     </span>
    </p>
   </div>
   <div class='ocr_carea' id='block_1_2' title="bbox 3517 347 3611 412">
    <p class='ocr_par' dir='ltr' id='par_1_2' title="bbox 3517 347 3611 412">
     <span class='ocr_line' id='line_1_2' title="bbox 3517 347 3611 412; baseline -0.021 0"><span class='ocrx_word' id='word_1_7' title='bbox 3517 347 3611 412; x_wconf 70' lang='lat'>90</span> 
     </span>
    </p>
   </div>
   <div class='ocr_carea' id='block_1_3' title="bbox 178 473 3594 552">
    <p class='ocr_par' dir='ltr' id='par_1_3' title="bbox 178 473 3594 552">
     <span class='ocr_line' id='line_1_3' title="bbox 178 473 3594 552; baseline 0.003 -20"><span class='ocrx_word' id='word_1_8' title='bbox 178 480 316 549; x_wconf 88' lang='lat' dir='ltr'>post</span> <span class='ocrx_word' id='word_1_9' title='bbox 341 478 674 532; x_wconf 88' lang='lat' dir='ltr'>enarratam</span> <span class='ocrx_word' id='word_1_10' title='bbox 692 474 924 549; x_wconf 84' lang='lat' dir='ltr'>Rotgeri</span> <span class='ocrx_word' id='word_1_11' title='bbox 952 474 1145 533; x_wconf 83' lang='lat' dir='ltr'>verbis</span> <span class='ocrx_word' id='word_1_12' title='bbox 1166 474 1413 532; x_wconf 88' lang='lat' dir='ltr'>Baldrici</span> <span class='ocrx_word' id='word_1_13' title='bbox 1449 475 1836 533; x_wconf 90' lang='lat' dir='ltr'>intrusionem</span> <span class='ocrx_word' id='word_1_14' title='bbox 1863 485 1920 552; x_wconf 75' lang='grc' dir='ltr'><strong>Α</strong></span> <span class='ocrx_word' id='word_1_15' title='bbox 1947 473 2211 545; x_wconf 89' lang='lat' dir='ltr'>subjecta</span> <span class='ocrx_word' id='word_1_16' title='bbox 2239 476 2647 534; x_wconf 79' lang='lat' dir='ltr'>demonstrant</span> <span class='ocrx_word' id='word_1_17' title='bbox 2674 478 2870 551; x_wconf 90' lang='lat' dir='ltr'>ipsum</span> <span class='ocrx_word' id='word_1_18' title='bbox 2899 479 3419 551; x_wconf 90' lang='lat' dir='ltr'>Fulcuinum,cum</span> <span class='ocrx_word' id='word_1_19' title='bbox 3451 488 3594 543; x_wconf 90' lang='lat' dir='ltr'>scri-</span> 
     </span>
    </p>
   </div>
   <div class='ocr_carea' id='block_1_4' title="bbox 178 564 1832 637">
    <p class='ocr_par' dir='ltr' id='par_1_4' title="bbox 178 564 1832 637">
     <span class='ocr_line' id='line_1_4' title="bbox 178 564 1832 637; baseline -0.001 -16"><span class='ocrx_word' id='word_1_20' title='bbox 178 564 241 621; x_wconf 90' lang='lat' dir='ltr'>in</span> <span class='ocrx_word' id='word_1_21' title='bbox 273 565 475 621; x_wconf 85' lang='lat' dir='ltr'>sedem</span> <span class='ocrx_word' id='word_1_22' title='bbox 520 565 954 632; x_wconf 89' lang='lat' dir='ltr'>Leodicensem,</span> <span class='ocrx_word' id='word_1_23' title='bbox 1004 568 1061 621; x_wconf 88' lang='lat' dir='ltr'>et</span> <span class='ocrx_word' id='word_1_24' title='bbox 1108 564 1508 637; x_wconf 87' lang='lat' dir='ltr'>expulsionem</span> <span class='ocrx_word' id='word_1_25' title='bbox 1555 564 1832 633; x_wconf 85' lang='lat' dir='ltr'>Ratherii,</span> 
     </span>
    </p>
   </div>
   <div class='ocr_carea' id='block_1_5' title="bbox 179 653 1838 727">
    <p class='ocr_par' dir='ltr' id='par_1_5' title="bbox 179 653 1838 727">
     <span class='ocr_line' id='line_1_5' title="bbox 179 653 1838 727; baseline -0.001 -17"><span class='ocrx_word' id='word_1_26' title='bbox 179 653 303 710; x_wconf 71' lang='lat' dir='ltr'>haec</span> <span class='ocrx_word' id='word_1_27' title='bbox 333 654 458 710; x_wconf 88' lang='lat' dir='ltr'>suis</span> <span class='ocrx_word' id='word_1_28' title='bbox 488 654 681 712; x_wconf 86' lang='lat' dir='ltr'>verbis</span> <span class='ocrx_word' id='word_1_29' title='bbox 711 655 945 711; x_wconf 84' lang='lat' dir='ltr'>subdit:</span> <span class='ocrx_word' id='word_1_30' title='bbox 984 676 1012 705; x_wconf 85' lang='lat'><strong>«</strong></span> <span class='ocrx_word' id='word_1_31' title='bbox 1043 656 1252 709; x_wconf 86' lang='lat' dir='ltr'>Exacto</span> <span class='ocrx_word' id='word_1_32' title='bbox 1284 654 1464 727; x_wconf 82' lang='lat' dir='ltr'>igitur</span> <span class='ocrx_word' id='word_1_33' title='bbox 1506 653 1565 709; x_wconf 90' lang='lat' dir='ltr'>in</span> <span class='ocrx_word' id='word_1_34' title='bbox 1598 654 1705 710; x_wconf 89' lang='lat' dir='ltr'>hac</span> <span class='ocrx_word' id='word_1_35' title='bbox 1737 656 1838 710; x_wconf 87' lang='lat' dir='ltr'>de-</span> 
     </span>
    </p>
   </div>
   <div class='ocr_carea' id='block_1_6' title="bbox 180 742 1841 808">
    <p class='ocr_par' dir='ltr' id='par_1_6' title="bbox 180 742 1841 808">
     <span class='ocr_line' id='line_1_6' title="bbox 180 742 1841 808; baseline 0 -10"><span class='ocrx_word' id='word_1_36' title='bbox 180 742 488 799; x_wconf 85' lang='lat' dir='ltr'>stitutione</span> <span class='ocrx_word' id='word_1_37' title='bbox 522 760 631 798; x_wconf 91' lang='lat' dir='ltr'>sua</span> <span class='ocrx_word' id='word_1_38' title='bbox 662 742 972 799; x_wconf 82' lang='lat' dir='ltr'>Ratherins</span> <span class='ocrx_word' id='word_1_39' title='bbox 1020 743 1202 799; x_wconf 85' lang='lat' dir='ltr'>ferme</span> <span class='ocrx_word' id='word_1_40' title='bbox 1244 743 1501 808; x_wconf 85' lang='lat' dir='ltr'>biennio,</span> <span class='ocrx_word' id='word_1_41' title='bbox 1534 742 1841 799; x_wconf 78' lang='lat' dir='ltr'>deficiente</span> 
     </span>
    </p>
   </div>
   <div class='ocr_carea' id='block_1_7' title="bbox 179 830 1832 904">
    <p class='ocr_par' dir='ltr' id='par_1_7' title="bbox 179 830 1832 904">
     <span class='ocr_line' id='line_1_7' title="bbox 179 830 1832 904; baseline -0.001 -17"><span class='ocrx_word' id='word_1_42' title='bbox 179 832 253 887; x_wconf 88' lang='lat' dir='ltr'>ab</span> <span class='ocrx_word' id='word_1_43' title='bbox 285 848 353 887; x_wconf 87' lang='lat' dir='ltr'>eo</span> <span class='ocrx_word' id='word_1_44' title='bbox 388 831 629 887; x_wconf 74' lang='lat' dir='ltr'>militari</span> <span class='ocrx_word' id='word_1_45' title='bbox 674 832 859 904; x_wconf 91' lang='lat' dir='ltr'>copia,</span> <span class='ocrx_word' id='word_1_46' title='bbox 920 830 1149 887; x_wconf 82' lang='lat' dir='ltr'>Italiam</span> <span class='ocrx_word' id='word_1_47' title='bbox 1209 831 1513 887; x_wconf 81' lang='lat' dir='ltr'>revertitur</span> <span class='ocrx_word' id='word_1_48' title='bbox 1572 833 1667 903; x_wconf 85' lang='lat' dir='ltr'>(De</span> <span class='ocrx_word' id='word_1_49' title='bbox 1692 831 1832 886; x_wconf 73' lang='grc' dir='ltr'>δεδι.</span> 
     </span>
    </p>
   </div>
   <div class='ocr_carea' id='block_1_8' title="bbox 179 921 1835 993">
    <p class='ocr_par' dir='ltr' id='par_1_8' title="bbox 179 921 1835 993">
     <span class='ocr_line' id='line_1_8' title="bbox 179 921 1835 993; baseline -0.001 -17"><span class='ocrx_word' id='word_1_50' title='bbox 179 923 317 977; x_wconf 80' lang='lat' dir='ltr'>Abb.</span> <span class='ocrx_word' id='word_1_51' title='bbox 350 922 505 989; x_wconf 87' lang='lat' dir='ltr'>Lob.,</span> <span class='ocrx_word' id='word_1_52' title='bbox 538 937 588 976; x_wconf 94' lang='lat' dir='ltr'>c.</span> <span class='ocrx_word' id='word_1_53' title='bbox 620 922 733 988; x_wconf 78' lang='grc'>24).</span> <span class='ocrx_word' id='word_1_54' title='bbox 772 944 798 969; x_wconf 88' lang='grc'><strong>››</strong></span> <span class='ocrx_word' id='word_1_55' title='bbox 830 922 899 976; x_wconf 86' lang='lat' dir='ltr'>Et</span> <span class='ocrx_word' id='word_1_56' title='bbox 947 938 1080 976; x_wconf 87' lang='lat' dir='ltr'>mox</span> <span class='ocrx_word' id='word_1_57' title='bbox 1126 921 1355 993; x_wconf 81' lang='lat' dir='ltr'>Rotgeri</span> <span class='ocrx_word' id='word_1_58' title='bbox 1413 921 1604 976; x_wconf 85' lang='lat' dir='ltr'>verbis</span> <span class='ocrx_word' id='word_1_59' title='bbox 1637 937 1835 992; x_wconf 90' lang='lat' dir='ltr'>prose-</span> 
     </span>
    </p>
   </div>
   <div class='ocr_carea' id='block_1_9' title="bbox 180 1009 1835 1083">
    <p class='ocr_par' dir='ltr' id='par_1_9' title="bbox 180 1009 1835 1083">
     <span class='ocr_line' id='line_1_9' title="bbox 180 1009 1835 1083; baseline 0 -19"><span class='ocrx_word' id='word_1_60' title='bbox 180 1011 421 1083; x_wconf 86' lang='lat' dir='ltr'>quitur:</span> <span class='ocrx_word' id='word_1_61' title='bbox 456 1032 484 1060; x_wconf 89' lang='grc'>‹‹</span> <span class='ocrx_word' id='word_1_62' title='bbox 517 1012 597 1066; x_wconf 83' lang='lat' dir='ltr'>Ac</span> <span class='ocrx_word' id='word_1_63' title='bbox 628 1026 701 1067; x_wconf 91' lang='lat' dir='ltr'>ne</span> <span class='ocrx_word' id='word_1_64' title='bbox 732 1010 872 1083; x_wconf 91' lang='lat' dir='ltr'>quid</span> <span class='ocrx_word' id='word_1_65' title='bbox 904 1010 962 1065; x_wconf 89' lang='lat' dir='ltr'>in</span> <span class='ocrx_word' id='word_1_66' title='bbox 992 1011 1282 1082; x_wconf 86' lang='lat' dir='ltr'>ejusmodi</span> <span class='ocrx_word' id='word_1_67' title='bbox 1313 1009 1835 1083; x_wconf 86' lang='lat' dir='ltr'>negotioimperfe-</span> 
     </span>
    </p>
   </div>
   <div class='ocr_carea' id='block_1_10' title="bbox 181 1098 1838 1171">
    <p class='ocr_par' dir='ltr' id='par_1_10' title="bbox 181 1098 1838 1171">
     <span class='ocr_line' id='line_1_10' title="bbox 181 1098 1838 1171; baseline 0 -16"><span class='ocrx_word' id='word_1_68' title='bbox 181 1105 343 1156; x_wconf 86' lang='lat' dir='ltr'>ctum</span> <span class='ocrx_word' id='word_1_69' title='bbox 376 1101 806 1171; x_wconf 87' lang='lat' dir='ltr'>restaret,qnod</span> <span class='ocrx_word' id='word_1_70' title='bbox 836 1099 1080 1156; x_wconf 90' lang='lat' dir='ltr'>curiosis</span> <span class='ocrx_word' id='word_1_71' title='bbox 1103 1100 1426 1155; x_wconf 90' lang='lat' dir='ltr'>alienarum</span> <span class='ocrx_word' id='word_1_72' title='bbox 1459 1116 1653 1155; x_wconf 91' lang='lat' dir='ltr'>rerum</span> <span class='ocrx_word' id='word_1_73' title='bbox 1686 1098 1838 1155; x_wconf 86' lang='lat' dir='ltr'>inve-</span> 
     </span>
    </p>
   </div>
   <div class='ocr_carea' id='block_1_11' title="bbox 180 1188 1835 1261">
    <p class='ocr_par' dir='ltr' id='par_1_11' title="bbox 180 1188 1835 1261">
     <span class='ocr_line' id='line_1_11' title="bbox 180 1188 1835 1261; baseline -0.002 -15"><span class='ocrx_word' id='word_1_74' title='bbox 180 1189 569 1261; x_wconf 88' lang='lat' dir='ltr'>stigatoribus</span> <span class='ocrx_word' id='word_1_75' title='bbox 598 1188 941 1261; x_wconf 90' lang='lat' dir='ltr'>scrupulum</span> <span class='ocrx_word' id='word_1_76' title='bbox 980 1193 1386 1255; x_wconf 85' lang='lat' dir='ltr'>commoveret,</span> <span class='ocrx_word' id='word_1_77' title='bbox 1419 1204 1554 1244; x_wconf 91' lang='lat' dir='ltr'>cum</span> <span class='ocrx_word' id='word_1_78' title='bbox 1585 1189 1835 1260; x_wconf 89' lang='lat' dir='ltr'>impera-</span> 
     </span>
    </p>
   </div>
   <div class='ocr_carea' id='block_1_12' title="bbox 178 1277 1834 1351">
    <p class='ocr_par' dir='ltr' id='par_1_12' title="bbox 178 1277 1834 1351">
     <span class='ocr_line' id='line_1_12' title="bbox 178 1277 1834 1351; baseline -0.001 -18"><span class='ocrx_word' id='word_1_79' title='bbox 178 1283 304 1334; x_wconf 82' lang='lat' dir='ltr'>tore</span> <span class='ocrx_word' id='word_1_80' title='bbox 333 1294 614 1351; x_wconf 89' lang='lat' dir='ltr'>germano</span> <span class='ocrx_word' id='word_1_81' title='bbox 645 1295 751 1333; x_wconf 91' lang='lat' dir='ltr'>suo</span> <span class='ocrx_word' id='word_1_82' title='bbox 782 1277 1011 1346; x_wconf 90' lang='lat' dir='ltr'>(Ottone</span> <span class='ocrx_word' id='word_1_83' title='bbox 1041 1278 1085 1349; x_wconf 86' lang='grc' dir='ltr'>Ι)</span> <span class='ocrx_word' id='word_1_84' title='bbox 1109 1278 1301 1332; x_wconf 91' lang='lat' dir='ltr'>Bruno</span> <span class='ocrx_word' id='word_1_85' title='bbox 1334 1277 1391 1332; x_wconf 94' lang='lat' dir='ltr'>id</span> <span class='ocrx_word' id='word_1_86' title='bbox 1423 1277 1629 1345; x_wconf 75' lang='lat' dir='ltr'>effecit,</span> <span class='ocrx_word' id='word_1_87' title='bbox 1660 1280 1723 1331; x_wconf 92' lang='lat' dir='ltr'>ut</span> <span class='ocrx_word' id='word_1_88' title='bbox 1749 1278 1834 1331; x_wconf 90' lang='lat' dir='ltr'>ei-</span> 
     </span>
    </p>
   </div>
   <div class='ocr_carea' id='block_1_13' title="bbox 178 1366 1834 1439">
    <p class='ocr_par' dir='ltr' id='par_1_13' title="bbox 178 1366 1834 1439">
     <span class='ocr_line' id='line_1_13' title="bbox 178 1366 1834 1439; baseline -0.001 -16"><span class='ocrx_word' id='word_1_89' title='bbox 178 1368 315 1423; x_wconf 86' lang='lat' dir='ltr'>dem</span> <span class='ocrx_word' id='word_1_90' title='bbox 337 1368 466 1439; x_wconf 87' lang='lat' dir='ltr'>jam</span> <span class='ocrx_word' id='word_1_91' title='bbox 496 1366 585 1421; x_wconf 91' lang='lat' dir='ltr'>bis</span> <span class='ocrx_word' id='word_1_92' title='bbox 604 1367 883 1423; x_wconf 87' lang='lat' dir='ltr'>destituto</span> <span class='ocrx_word' id='word_1_93' title='bbox 905 1367 1456 1439; x_wconf 60' lang='lat' dir='ltr'>antiqua[cv1}sedes</span> <span class='ocrx_word' id='word_1_94' title='bbox 1484 1366 1834 1422; x_wconf 86' lang='lat' dir='ltr'>Veronensis</span> 
     </span>
    </p>
   </div>
   <div class='ocr_carea' id='block_1_14' title="bbox 177 1455 1834 1528">
    <p class='ocr_par' dir='ltr' id='par_1_14' title="bbox 177 1455 1834 1528">
     <span class='ocr_line' id='line_1_14' title="bbox 177 1455 1834 1528; baseline -0.001 -17"><span class='ocrx_word' id='word_1_95' title='bbox 177 1455 447 1511; x_wconf 72' lang='lat' dir='ltr'>Ecclesiae</span> <span class='ocrx_word' id='word_1_96' title='bbox 478 1456 834 1511; x_wconf 82' lang='lat' dir='ltr'>redderetur.</span> <span class='ocrx_word' id='word_1_97' title='bbox 874 1478 902 1505; x_wconf 86' lang='lat'>»</span> <span class='ocrx_word' id='word_1_98' title='bbox 952 1456 1219 1528; x_wconf 87' lang='lat' dir='ltr'>Plerique</span> <span class='ocrx_word' id='word_1_99' title='bbox 1276 1456 1385 1512; x_wconf 90' lang='lat' dir='ltr'>hoc</span> <span class='ocrx_word' id='word_1_100' title='bbox 1433 1456 1834 1512; x_wconf 90' lang='lat' dir='ltr'>testimonium</span> 
     </span>
    </p>
   </div>
   <div class='ocr_carea' id='block_1_15' title="bbox 180 1543 1836 1617">
    <p class='ocr_par' dir='ltr' id='par_1_15' title="bbox 180 1543 1836 1617">
     <span class='ocr_line' id='line_1_15' title="bbox 180 1543 1836 1617; baseline 0 -18"><span class='ocrx_word' id='word_1_101' title='bbox 180 1543 425 1617; x_wconf 84' lang='lat' dir='ltr'>perinde</span> <span class='ocrx_word' id='word_1_102' title='bbox 456 1543 952 1611; x_wconf 83' lang='lat' dir='ltr'>intellexerunt,ac</span> <span class='ocrx_word' id='word_1_103' title='bbox 985 1545 1033 1601; x_wconf 91' lang='lat' dir='ltr'>si</span> <span class='ocrx_word' id='word_1_104' title='bbox 1068 1545 1379 1601; x_wconf 82' lang='lat' dir='ltr'>Ratherius</span> <span class='ocrx_word' id='word_1_105' title='bbox 1414 1546 1647 1601; x_wconf 87' lang='lat' dir='ltr'>«ferme</span> <span class='ocrx_word' id='word_1_106' title='bbox 1679 1545 1836 1600; x_wconf 88' lang='lat' dir='ltr'>bien-</span> 
     </span>
    </p>
   </div>
   <div class='ocr_carea' id='block_1_16' title="bbox 180 1634 1833 1707">
    <p class='ocr_par' dir='ltr' id='par_1_16' title="bbox 180 1634 1833 1707">
     <span class='ocr_line' id='line_1_16' title="bbox 180 1634 1833 1707; baseline 0 -18"><span class='ocrx_word' id='word_1_107' title='bbox 180 1634 278 1689; x_wconf 91' lang='lat' dir='ltr'>nio</span> <span class='ocrx_word' id='word_1_108' title='bbox 315 1656 341 1683; x_wconf 83' lang='lat'><strong>»</strong></span> <span class='ocrx_word' id='word_1_109' title='bbox 372 1638 505 1704; x_wconf 88' lang='lat' dir='ltr'>post</span> <span class='ocrx_word' id='word_1_110' title='bbox 535 1650 703 1689; x_wconf 88' lang='lat' dir='ltr'>suam</span> <span class='ocrx_word' id='word_1_111' title='bbox 735 1650 765 1689; x_wconf 91' lang='lat' dir='ltr'>e</span> <span class='ocrx_word' id='word_1_112' title='bbox 796 1634 1131 1690; x_wconf 89' lang='lat' dir='ltr'>Leodicensi</span> <span class='ocrx_word' id='word_1_113' title='bbox 1173 1636 1308 1690; x_wconf 88' lang='lat' dir='ltr'>sede</span> <span class='ocrx_word' id='word_1_114' title='bbox 1339 1634 1740 1707; x_wconf 85' lang='lat' dir='ltr'>expulsionem</span> <span class='ocrx_word' id='word_1_115' title='bbox 1775 1634 1833 1689; x_wconf 89' lang='lat' dir='ltr'>in</span> 
     </span>
    </p>
   </div>
   <div class='ocr_carea' id='block_1_17' title="bbox 181 1722 1834 1795">
    <p class='ocr_par' dir='ltr' id='par_1_17' title="bbox 181 1722 1834 1795">
     <span class='ocr_line' id='line_1_17' title="bbox 181 1722 1834 1795; baseline 0 -17"><span class='ocrx_word' id='word_1_116' title='bbox 181 1722 410 1779; x_wconf 77' lang='lat' dir='ltr'>Italiam</span> <span class='ocrx_word' id='word_1_117' title='bbox 438 1739 721 1789; x_wconf 87' lang='lat' dir='ltr'>reversus,</span> <span class='ocrx_word' id='word_1_118' title='bbox 775 1723 1065 1778; x_wconf 89' lang='lat' dir='ltr'>Brunonis</span> <span class='ocrx_word' id='word_1_119' title='bbox 1099 1740 1274 1795; x_wconf 88' lang='lat' dir='ltr'>opera</span> <span class='ocrx_word' id='word_1_120' title='bbox 1320 1724 1380 1779; x_wconf 92' lang='lat' dir='ltr'>in</span> <span class='ocrx_word' id='word_1_121' title='bbox 1427 1724 1625 1780; x_wconf 88' lang='lat' dir='ltr'>sedem</span> <span class='ocrx_word' id='word_1_122' title='bbox 1656 1724 1834 1778; x_wconf 86' lang='lat' dir='ltr'>Vero-</span> 
     </span>
    </p>
   </div>
   <div class='ocr_carea' id='block_1_18' title="bbox 183 1811 1836 1869">
    <p class='ocr_par' dir='ltr' id='par_1_18' title="bbox 183 1811 1836 1869">
     <span class='ocr_line' id='line_1_18' title="bbox 183 1811 1836 1869; baseline 0 -2"><span class='ocrx_word' id='word_1_123' title='bbox 183 1828 429 1868; x_wconf 90' lang='lat' dir='ltr'>nensem</span> <span class='ocrx_word' id='word_1_124' title='bbox 458 1812 530 1868; x_wconf 88' lang='lat' dir='ltr'>ab</span> <span class='ocrx_word' id='word_1_125' title='bbox 560 1811 766 1868; x_wconf 89' lang='lat' dir='ltr'>Ottone</span> <span class='ocrx_word' id='word_1_126' title='bbox 800 1812 971 1867; x_wconf 90' lang='lat' dir='ltr'>fuerit</span> <span class='ocrx_word' id='word_1_127' title='bbox 1014 1812 1340 1869; x_wconf 89' lang='lat' dir='ltr'>restitutus.</span> <span class='ocrx_word' id='word_1_128' title='bbox 1376 1813 1462 1868; x_wconf 89' lang='lat' dir='ltr'>Ita</span> <span class='ocrx_word' id='word_1_129' title='bbox 1491 1811 1642 1869; x_wconf 90' lang='lat' dir='ltr'>hanc</span> <span class='ocrx_word' id='word_1_130' title='bbox 1675 1812 1836 1867; x_wconf 78' lang='lat' dir='ltr'>resti-</span> 
     </span>
    </p>
   </div>
   <div class='ocr_carea' id='block_1_19' title="bbox 182 1900 1834 1975">
    <p class='ocr_par' dir='ltr' id='par_1_19' title="bbox 182 1900 1834 1975">
     <span class='ocr_line' id='line_1_19' title="bbox 182 1900 1834 1975; baseline 0 -19"><span class='ocrx_word' id='word_1_131' title='bbox 182 1902 473 1957; x_wconf 86' lang='lat' dir='ltr'>tutionem</span> <span class='ocrx_word' id='word_1_132' title='bbox 505 1906 637 1972; x_wconf 90' lang='lat' dir='ltr'>post</span> <span class='ocrx_word' id='word_1_133' title='bbox 654 1925 682 1953; x_wconf 86' lang='grc'><em>‹‹</em></span> <span class='ocrx_word' id='word_1_134' title='bbox 708 1902 887 1957; x_wconf 84' lang='lat' dir='ltr'>ferme</span> <span class='ocrx_word' id='word_1_135' title='bbox 901 1900 1202 1957; x_wconf 89' lang='lat' dir='ltr'>biennium</span> <span class='ocrx_word' id='word_1_136' title='bbox 1219 1924 1247 1952; x_wconf 85' lang='lat'>»</span> <span class='ocrx_word' id='word_1_137' title='bbox 1272 1901 1589 1975; x_wconf 88' lang='lat' dir='ltr'>contigisse</span> <span class='ocrx_word' id='word_1_138' title='bbox 1607 1906 1834 1973; x_wconf 83' lang='lat' dir='ltr'>putant,</span> 
     </span>
    </p>
   </div>
   <div class='ocr_carea' id='block_1_20' title="bbox 183 1988 1838 2046">
    <p class='ocr_par' dir='ltr' id='par_1_20' title="bbox 183 1988 1838 2046">
     <span class='ocr_line' id='line_1_20' title="bbox 183 1988 1838 2046; baseline 0 0"><span class='ocrx_word' id='word_1_139' title='bbox 183 2007 339 2046; x_wconf 89' lang='lat' dir='ltr'>anno</span> <span class='ocrx_word' id='word_1_140' title='bbox 371 1988 593 2046; x_wconf 88' lang='lat' dir='ltr'>scilicet</span> <span class='ocrx_word' id='word_1_141' title='bbox 644 1990 769 2044; x_wconf 83' lang='grc'>957.</span> <span class='ocrx_word' id='word_1_142' title='bbox 828 1989 1043 2046; x_wconf 92' lang='lat' dir='ltr'>Verum</span> <span class='ocrx_word' id='word_1_143' title='bbox 1098 1990 1438 2046; x_wconf 84' lang='lat' dir='ltr'>Ratherinm</span> <span class='ocrx_word' id='word_1_144' title='bbox 1498 1991 1838 2046; x_wconf 87' lang='lat' dir='ltr'>restitutum</span> 
     </span>
    </p>
   </div>
   <div class='ocr_carea' id='block_1_21' title="bbox 182 2078 1840 2151">
    <p class='ocr_par' dir='ltr' id='par_1_21' title="bbox 182 2078 1840 2151">
     <span class='ocr_line' id='line_1_21' title="bbox 182 2078 1840 2151; baseline -0.001 -15"><span class='ocrx_word' id='word_1_145' title='bbox 182 2095 341 2136; x_wconf 88' lang='lat' dir='ltr'>anno</span> <span class='ocrx_word' id='word_1_146' title='bbox 370 2082 601 2134; x_wconf 89' lang='lat' dir='ltr'>tantum</span> <span class='ocrx_word' id='word_1_147' title='bbox 642 2078 768 2146; x_wconf 82' lang='grc'>961,</span> <span class='ocrx_word' id='word_1_148' title='bbox 816 2095 930 2151; x_wconf 91' lang='lat' dir='ltr'>quo</span> <span class='ocrx_word' id='word_1_149' title='bbox 982 2079 1113 2135; x_wconf 90' lang='lat' dir='ltr'>Otto</span> <span class='ocrx_word' id='word_1_150' title='bbox 1162 2080 1333 2135; x_wconf 90' lang='lat' dir='ltr'>rediit</span> <span class='ocrx_word' id='word_1_151' title='bbox 1386 2080 1446 2135; x_wconf 91' lang='lat' dir='ltr'>in</span> <span class='ocrx_word' id='word_1_152' title='bbox 1490 2078 1737 2147; x_wconf 87' lang='lat' dir='ltr'>Italiam,</span> <span class='ocrx_word' id='word_1_153' title='bbox 1771 2096 1840 2135; x_wconf 84' lang='lat' dir='ltr'>ex</span> 
     </span>
    </p>
   </div>
   <div class='ocr_carea' id='block_1_22' title="bbox 182 2168 1836 2241">
    <p class='ocr_par' dir='ltr' id='par_1_22' title="bbox 182 2168 1836 2241">
     <span class='ocr_line' id='line_1_22' title="bbox 182 2168 1836 2241; baseline 0.001 -17"><span class='ocrx_word' id='word_1_154' title='bbox 182 2169 360 2225; x_wconf 87' lang='lat' dir='ltr'>certis</span> <span class='ocrx_word' id='word_1_155' title='bbox 377 2168 745 2225; x_wconf 86' lang='lat' dir='ltr'>documentis</span> <span class='ocrx_word' id='word_1_156' title='bbox 772 2173 904 2241; x_wconf 90' lang='lat' dir='ltr'>post</span> <span class='ocrx_word' id='word_1_157' title='bbox 926 2186 1111 2240; x_wconf 89' lang='lat' dir='ltr'>pauca</span> <span class='ocrx_word' id='word_1_158' title='bbox 1127 2169 1581 2226; x_wconf 84' lang='lat' dir='ltr'>demonstraturi</span> <span class='ocrx_word' id='word_1_159' title='bbox 1608 2186 1836 2225; x_wconf 90' lang='lat' dir='ltr'>sumus:</span> 
     </span>
    </p>
   </div>
   <div class='ocr_carea' id='block_1_23' title="bbox 183 2256 1835 2327">
    <p class='ocr_par' dir='ltr' id='par_1_23' title="bbox 183 2256 1835 2327">
     <span class='ocr_line' id='line_1_23' title="bbox 183 2256 1835 2327; baseline 0 -15"><span class='ocrx_word' id='word_1_160' title='bbox 183 2257 342 2315; x_wconf 86' lang='lat' dir='ltr'>unde</span> <span class='ocrx_word' id='word_1_161' title='bbox 372 2259 561 2312; x_wconf 84' lang='lat' dir='ltr'>exstat</span> <span class='ocrx_word' id='word_1_162' title='bbox 588 2256 1049 2313; x_wconf 87' lang='lat' dir='ltr'>instrumentum</span> <span class='ocrx_word' id='word_1_163' title='bbox 1075 2257 1298 2313; x_wconf 91' lang='lat' dir='ltr'>mensis</span> <span class='ocrx_word' id='word_1_164' title='bbox 1320 2258 1511 2314; x_wconf 89' lang='lat' dir='ltr'>Martii</span> <span class='ocrx_word' id='word_1_165' title='bbox 1543 2258 1681 2314; x_wconf 87' lang='lat' dir='ltr'>anni</span> <span class='ocrx_word' id='word_1_166' title='bbox 1710 2259 1835 2327; x_wconf 87' lang='lat'>959,</span> 
     </span>
    </p>
   </div>
   <div class='ocr_carea' id='block_1_24' title="bbox 180 2344 1838 2417">
    <p class='ocr_par' dir='ltr' id='par_1_24' title="bbox 180 2344 1838 2417">
     <span class='ocr_line' id='line_1_24' title="bbox 180 2344 1838 2417; baseline 0 -16"><span class='ocrx_word' id='word_1_167' title='bbox 180 2361 252 2401; x_wconf 79' lang='lat' dir='ltr'>ex</span> <span class='ocrx_word' id='word_1_168' title='bbox 282 2361 402 2417; x_wconf 90' lang='lat' dir='ltr'>quo</span> <span class='ocrx_word' id='word_1_169' title='bbox 432 2361 549 2400; x_wconf 91' lang='lat' dir='ltr'>non</span> <span class='ocrx_word' id='word_1_170' title='bbox 582 2344 1017 2411; x_wconf 83' lang='lat' dir='ltr'>Ratberius,sed</span> <span class='ocrx_word' id='word_1_171' title='bbox 1051 2345 1542 2403; x_wconf 89' lang='lat' dir='ltr'>Milo.Veronensi</span> <span class='ocrx_word' id='word_1_172' title='bbox 1573 2346 1838 2403; x_wconf 74' lang='lat' dir='ltr'>Ecclesiaa</span> 
     </span>
    </p>
   </div>
   <div class='ocr_carea' id='block_1_25' title="bbox 180 2434 1840 2509">
    <p class='ocr_par' dir='ltr' id='par_1_25' title="bbox 180 2434 1840 2509">
     <span class='ocr_line' id='line_1_25' title="bbox 180 2434 1840 2509; baseline 0.001 -20"><span class='ocrx_word' id='word_1_173' title='bbox 180 2434 295 2490; x_wconf 90' lang='lat' dir='ltr'>hoc</span> <span class='ocrx_word' id='word_1_174' title='bbox 326 2450 560 2508; x_wconf 90' lang='lat' dir='ltr'>quoque</span> <span class='ocrx_word' id='word_1_175' title='bbox 589 2451 741 2490; x_wconf 90' lang='lat' dir='ltr'>anno</span> <span class='ocrx_word' id='word_1_176' title='bbox 775 2435 1077 2507; x_wconf 74' lang='lat' dir='ltr'>praefuisse</span> <span class='ocrx_word' id='word_1_177' title='bbox 1105 2435 1731 2509; x_wconf 67' lang='lat' dir='ltr'>dignosciturwiouvs.</span> <span class='ocrx_word' id='word_1_178' title='bbox 1751 2436 1840 2491; x_wconf 83' lang='lat' dir='ltr'>di-</span> 
     </span>
    </p>
   </div>
   <div class='ocr_carea' id='block_1_26' title="bbox 178 2522 1839 2597">
    <p class='ocr_par' dir='ltr' id='par_1_26' title="bbox 178 2522 1839 2597">
     <span class='ocr_line' id='line_1_26' title="bbox 178 2522 1839 2597; baseline 0 -18"><span class='ocrx_word' id='word_1_179' title='bbox 178 2524 353 2596; x_wconf 82' lang='lat' dir='ltr'>plom.</span> <span class='ocrx_word' id='word_1_180' title='bbox 386 2523 523 2579; x_wconf 75' lang='grc' dir='ltr'><em>σοιι.</em></span> <span class='ocrx_word' id='word_1_181' title='bbox 555 2539 613 2595; x_wconf 94' lang='lat' dir='ltr'>p.</span> <span class='ocrx_word' id='word_1_182' title='bbox 648 2524 791 2591; x_wconf 69' lang='lat' dir='ltr'>121i).</span> <span class='ocrx_word' id='word_1_183' title='bbox 826 2522 1251 2580; x_wconf 86' lang='lat' dir='ltr'>Testimonium</span> <span class='ocrx_word' id='word_1_184' title='bbox 1297 2524 1529 2597; x_wconf 85' lang='lat' dir='ltr'>Rotgeri</span> <span class='ocrx_word' id='word_1_185' title='bbox 1557 2541 1691 2579; x_wconf 90' lang='lat' dir='ltr'>cum</span> <span class='ocrx_word' id='word_1_186' title='bbox 1723 2523 1839 2579; x_wconf 92' lang='lat' dir='ltr'>illis</span> 
     </span>
    </p>
   </div>
   <div class='ocr_carea' id='block_1_27' title="bbox 189 2612 1840 2684">
    <p class='ocr_par' dir='ltr' id='par_1_27' title="bbox 189 2612 1840 2684">
     <span class='ocr_line' id='line_1_27' title="bbox 189 2612 1840 2684; baseline 0.001 -16"><span class='ocrx_word' id='word_1_187' title='bbox 189 2612 387 2668; x_wconf 84' lang='lat' dir='ltr'>verbis</span> <span class='ocrx_word' id='word_1_188' title='bbox 419 2616 767 2684; x_wconf 74' lang='lat' dir='ltr'>careat,qnae</span> <span class='ocrx_word' id='word_1_189' title='bbox 801 2634 829 2663; x_wconf 85' lang='lat'><strong>«</strong></span> <span class='ocrx_word' id='word_1_190' title='bbox 852 2614 1034 2668; x_wconf 85' lang='lat' dir='ltr'>ferme</span> <span class='ocrx_word' id='word_1_191' title='bbox 1064 2612 1283 2669; x_wconf 90' lang='lat' dir='ltr'>biennii</span> <span class='ocrx_word' id='word_1_192' title='bbox 1318 2636 1344 2662; x_wconf 86' lang='lat'>»</span> <span class='ocrx_word' id='word_1_193' title='bbox 1362 2612 1719 2669; x_wconf 81' lang='lat' dir='ltr'>mentionem</span> <span class='ocrx_word' id='word_1_194' title='bbox 1749 2614 1840 2670; x_wconf 88' lang='lat' dir='ltr'>fa-</span> 
     </span>
    </p>
   </div>
   <div class='ocr_carea' id='block_1_28' title="bbox 186 2698 1838 2774">
    <p class='ocr_par' dir='ltr' id='par_1_28' title="bbox 186 2698 1838 2774">
     <span class='ocr_line' id='line_1_28' title="bbox 186 2698 1838 2774; baseline 0.001 -16"><span class='ocrx_word' id='word_1_195' title='bbox 186 2702 371 2771; x_wconf 89' lang='lat' dir='ltr'>ciunt,</span> <span class='ocrx_word' id='word_1_196' title='bbox 406 2701 466 2756; x_wconf 92' lang='lat' dir='ltr'>id</span> <span class='ocrx_word' id='word_1_197' title='bbox 497 2701 690 2758; x_wconf 90' lang='lat' dir='ltr'>solum</span> <span class='ocrx_word' id='word_1_198' title='bbox 719 2698 1584 2774; x_wconf 80' lang='lat' dir='ltr'>signiﬁcat,S.Brnnonem,etsi</span> <span class='ocrx_word' id='word_1_199' title='bbox 1616 2703 1838 2759; x_wconf 87' lang='lat' dir='ltr'>violen»</span> 
     </span>
    </p>
   </div>
   <div class='ocr_carea' id='block_1_29' title="bbox 187 2790 1842 2849">
    <p class='ocr_par' dir='ltr' id='par_1_29' title="bbox 187 2790 1842 2849">
     <span class='ocr_line' id='line_1_29' title="bbox 187 2790 1842 2849; baseline 0.001 -1"><span class='ocrx_word' id='word_1_200' title='bbox 187 2792 289 2848; x_wconf 68' lang='lat' dir='ltr'>tiae</span> <span class='ocrx_word' id='word_1_201' title='bbox 307 2790 618 2847; x_wconf 87' lang='lat' dir='ltr'>rebellium</span> <span class='ocrx_word' id='word_1_202' title='bbox 635 2792 876 2847; x_wconf 87' lang='lat' dir='ltr'>cesserit</span> <span class='ocrx_word' id='word_1_203' title='bbox 901 2791 1261 2848; x_wconf 89' lang='lat' dir='ltr'>instituendo</span> <span class='ocrx_word' id='word_1_204' title='bbox 1284 2791 1617 2848; x_wconf 74' lang='lat' dir='ltr'>Baldricum</span> <span class='ocrx_word' id='word_1_205' title='bbox 1635 2793 1842 2849; x_wconf 85' lang='lat' dir='ltr'>Rathe-</span> 
     </span>
    </p>
   </div>
   <div class='ocr_carea' id='block_1_30' title="bbox 184 2879 1839 2954">
    <p class='ocr_par' dir='ltr' id='par_1_30' title="bbox 184 2879 1839 2954">
     <span class='ocr_line' id='line_1_30' title="bbox 184 2879 1839 2954; baseline 0.002 -18"><span class='ocrx_word' id='word_1_206' title='bbox 184 2880 271 2937; x_wconf 87' lang='lat' dir='ltr'>rio</span> <span class='ocrx_word' id='word_1_207' title='bbox 301 2879 568 2952; x_wconf 91' lang='lat' dir='ltr'>depulso,</span> <span class='ocrx_word' id='word_1_208' title='bbox 602 2880 795 2954; x_wconf 86' lang='lat' dir='ltr'>egisse</span> <span class='ocrx_word' id='word_1_209' title='bbox 822 2885 1017 2936; x_wconf 87' lang='lat' dir='ltr'>tamen</span> <span class='ocrx_word' id='word_1_210' title='bbox 1050 2885 1253 2954; x_wconf 90' lang='lat' dir='ltr'>postea</span> <span class='ocrx_word' id='word_1_211' title='bbox 1282 2898 1414 2937; x_wconf 91' lang='lat' dir='ltr'>cum</span> <span class='ocrx_word' id='word_1_212' title='bbox 1436 2882 1661 2950; x_wconf 88' lang='lat' dir='ltr'>Ottone,</span> <span class='ocrx_word' id='word_1_213' title='bbox 1697 2888 1763 2939; x_wconf 92' lang='lat' dir='ltr'>ut</span> <span class='ocrx_word' id='word_1_214' title='bbox 1788 2882 1839 2939; x_wconf 90' lang='lat' dir='ltr'>is</span> 
     </span>
    </p>
   </div>
   <div class='ocr_carea' id='block_1_31' title="bbox 184 2969 1839 3044">
    <p class='ocr_par' dir='ltr' id='par_1_31' title="bbox 184 2969 1839 3044">
     <span class='ocr_line' id='line_1_31' title="bbox 184 2969 1839 3044; baseline 0.002 -20"><span class='ocrx_word' id='word_1_215' title='bbox 184 2969 442 3041; x_wconf 72' lang='lat' dir='ltr'>antiquae</span> <span class='ocrx_word' id='word_1_216' title='bbox 472 2969 596 3025; x_wconf 89' lang='lat' dir='ltr'>sedi</span> <span class='ocrx_word' id='word_1_217' title='bbox 625 2969 945 3026; x_wconf 90' lang='lat' dir='ltr'>Veronensi</span> <span class='ocrx_word' id='word_1_218' title='bbox 977 2971 1420 3027; x_wconf 86' lang='lat' dir='ltr'>restitueretur:</span> <span class='ocrx_word' id='word_1_219' title='bbox 1454 2988 1585 3044; x_wconf 69' lang='lat' dir='ltr'>quae</span> <span class='ocrx_word' id='word_1_220' title='bbox 1610 2972 1839 3028; x_wconf 90' lang='lat' dir='ltr'>nullum</span> 
     </span>
    </p>
   </div>
   <div class='ocr_carea' id='block_1_32' title="bbox 185 3058 1840 3133">
    <p class='ocr_par' dir='ltr' id='par_1_32' title="bbox 185 3058 1840 3133">
     <span class='ocr_line' id='line_1_32' title="bbox 185 3058 1840 3133; baseline 0.003 -19"><span class='ocrx_word' id='word_1_221' title='bbox 185 3075 411 3115; x_wconf 86' lang='lat' dir='ltr'>annum</span> <span class='ocrx_word' id='word_1_222' title='bbox 439 3058 836 3131; x_wconf 88' lang='lat' dir='ltr'>designantes,</span> <span class='ocrx_word' id='word_1_223' title='bbox 871 3059 1090 3131; x_wconf 84' lang='lat' dir='ltr'>Optime</span> <span class='ocrx_word' id='word_1_224' title='bbox 1119 3064 1449 3132; x_wconf 84' lang='lat' dir='ltr'>congruunt</span> <span class='ocrx_word' id='word_1_225' title='bbox 1494 3078 1627 3117; x_wconf 89' lang='lat' dir='ltr'>cum</span> <span class='ocrx_word' id='word_1_226' title='bbox 1659 3061 1840 3133; x_wconf 83' lang='lat' dir='ltr'>gestis</span> 
     </span>
    </p>
   </div>
   <div class='ocr_carea' id='block_1_33' title="bbox 184 3146 1840 3207">
    <p class='ocr_par' dir='ltr' id='par_1_33' title="bbox 184 3146 1840 3207">
     <span class='ocr_line' id='line_1_33' title="bbox 184 3146 1840 3207; baseline 0.001 -2"><span class='ocrx_word' id='word_1_227' title='bbox 184 3154 243 3205; x_wconf 90' lang='lat' dir='ltr'>et</span> <span class='ocrx_word' id='word_1_228' title='bbox 273 3146 641 3205; x_wconf 88' lang='lat' dir='ltr'>restitutione</span> <span class='ocrx_word' id='word_1_229' title='bbox 672 3165 807 3204; x_wconf 81' lang='lat' dir='ltr'>mox</span> <span class='ocrx_word' id='word_1_230' title='bbox 855 3148 1314 3205; x_wconf 91' lang='lat' dir='ltr'>demonstranda</span> <span class='ocrx_word' id='word_1_231' title='bbox 1354 3150 1491 3206; x_wconf 88' lang='lat' dir='ltr'>anni</span> <span class='ocrx_word' id='word_1_232' title='bbox 1533 3151 1658 3206; x_wconf 90' lang='lat'>961.</span> <span class='ocrx_word' id='word_1_233' title='bbox 1693 3153 1840 3207; x_wconf 91' lang='lat' dir='ltr'>Tota</span> 
     </span>
    </p>
   </div>
   <div class='ocr_carea' id='block_1_34' title="bbox 1868 1856 1916 1921">
    <p class='ocr_par' dir='ltr' id='par_1_34' title="bbox 1868 1856 1916 1921">
     <span class='ocr_line' id='line_1_34' title="bbox 1868 1856 1916 1921; baseline 0 0"><span class='ocrx_word' id='word_1_234' title='bbox 1868 1856 1916 1921; x_wconf 92' lang='lat' dir='ltr'><strong>B</strong></span> 
     </span>
    </p>
   </div>
   <div class='ocr_carea' id='block_1_35' title="bbox 1947 563 3594 641">
    <p class='ocr_par' dir='ltr' id='par_1_35' title="bbox 1947 563 3594 641">
     <span class='ocr_line' id='line_1_35' title="bbox 1947 563 3594 641; baseline 0.008 -23"><span class='ocrx_word' id='word_1_235' title='bbox 1947 563 2064 636; x_wconf 90' lang='lat' dir='ltr'>psit</span> <span class='ocrx_word' id='word_1_236' title='bbox 2094 586 2121 614; x_wconf 86' lang='lat'><strong>«</strong></span> <span class='ocrx_word' id='word_1_237' title='bbox 2156 563 2383 620; x_wconf 84' lang='lat' dir='ltr'>Italiam</span> <span class='ocrx_word' id='word_1_238' title='bbox 2418 567 2782 634; x_wconf 89' lang='lat' dir='ltr'>revertitur,»</span> <span class='ocrx_word' id='word_1_239' title='bbox 2804 568 3112 641; x_wconf 89' lang='lat' dir='ltr'>scripsisse</span> <span class='ocrx_word' id='word_1_240' title='bbox 3142 571 3211 627; x_wconf 93' lang='lat' dir='ltr'>de</span> <span class='ocrx_word' id='word_1_241' title='bbox 3242 589 3308 627; x_wconf 91' lang='lat' dir='ltr'>eo</span> <span class='ocrx_word' id='word_1_242' title='bbox 3333 574 3594 631; x_wconf 83' lang='lat' dir='ltr'>Ratherii</span> 
     </span>
    </p>
   </div>
   <div class='ocr_carea' id='block_1_36' title="bbox 1946 653 3592 731">
    <p class='ocr_par' dir='ltr' id='par_1_36' title="bbox 1946 653 3592 731">
     <span class='ocr_line' id='line_1_36' title="bbox 1946 653 3592 731; baseline 0.007 -23"><span class='ocrx_word' id='word_1_243' title='bbox 1946 653 2137 709; x_wconf 88' lang='lat' dir='ltr'>reditu</span> <span class='ocrx_word' id='word_1_244' title='bbox 2168 653 2225 707; x_wconf 91' lang='lat' dir='ltr'>in</span> <span class='ocrx_word' id='word_1_245' title='bbox 2256 653 2505 723; x_wconf 89' lang='lat' dir='ltr'>Italiam,</span> <span class='ocrx_word' id='word_1_246' title='bbox 2535 657 2605 711; x_wconf 91' lang='lat' dir='ltr'>de</span> <span class='ocrx_word' id='word_1_247' title='bbox 2638 674 2753 728; x_wconf 89' lang='lat' dir='ltr'>quo</span> <span class='ocrx_word' id='word_1_248' title='bbox 2786 658 3073 730; x_wconf 85' lang='lat' dir='ltr'>Rotgerus</span> <span class='ocrx_word' id='word_1_249' title='bbox 3106 658 3399 731; x_wconf 81' lang='lat' dir='ltr'>loquitur;</span> <span class='ocrx_word' id='word_1_250' title='bbox 3435 663 3592 720; x_wconf 86' lang='lat' dir='ltr'>aliud</span> 
     </span>
    </p>
   </div>
   <div class='ocr_carea' id='block_1_37' title="bbox 1945 742 3593 821">
    <p class='ocr_par' dir='ltr' id='par_1_37' title="bbox 1945 742 3593 821">
     <span class='ocr_line' id='line_1_37' title="bbox 1945 742 3593 821; baseline 0.008 -25"><span class='ocrx_word' id='word_1_251' title='bbox 1945 743 2123 808; x_wconf 90' lang='lat' dir='ltr'>enim,</span> <span class='ocrx_word' id='word_1_252' title='bbox 2156 742 2267 798; x_wconf 80' lang='lat' dir='ltr'>iter</span> <span class='ocrx_word' id='word_1_253' title='bbox 2296 742 2407 799; x_wconf 89' lang='lat' dir='ltr'>isto</span> <span class='ocrx_word' id='word_1_254' title='bbox 2439 745 2719 813; x_wconf 87' lang='lat' dir='ltr'>anterius,</span> <span class='ocrx_word' id='word_1_255' title='bbox 2750 750 2807 802; x_wconf 92' lang='lat' dir='ltr'>et</span> <span class='ocrx_word' id='word_1_256' title='bbox 2851 747 3145 818; x_wconf 86' lang='lat' dir='ltr'>posterius</span> <span class='ocrx_word' id='word_1_257' title='bbox 3192 767 3344 806; x_wconf 91' lang='lat' dir='ltr'>anno</span> <span class='ocrx_word' id='word_1_258' title='bbox 3374 754 3499 821; x_wconf 84' lang='lat'>955,</span> <span class='ocrx_word' id='word_1_259' title='bbox 3535 755 3593 810; x_wconf 91' lang='lat' dir='ltr'>in</span> 
     </span>
    </p>
   </div>
   <div class='ocr_carea' id='block_1_38' title="bbox 1946 831 3595 904">
    <p class='ocr_par' dir='ltr' id='par_1_38' title="bbox 1946 831 3595 904">
     <span class='ocr_line' id='line_1_38' title="bbox 1946 831 3595 904; baseline 0.008 -18"><span class='ocrx_word' id='word_1_260' title='bbox 1946 831 2205 887; x_wconf 91' lang='lat' dir='ltr'>medium</span> <span class='ocrx_word' id='word_1_261' title='bbox 2240 834 2554 904; x_wconf 88' lang='lat' dir='ltr'>producere</span> <span class='ocrx_word' id='word_1_262' title='bbox 2586 835 2866 891; x_wconf 90' lang='lat' dir='ltr'>somniari</span> <span class='ocrx_word' id='word_1_263' title='bbox 2898 837 3333 896; x_wconf 88' lang='lat' dir='ltr'>est.Fnlcuinus</span> <span class='ocrx_word' id='word_1_264' title='bbox 3362 841 3514 897; x_wconf 90' lang='lat' dir='ltr'>sicut</span> <span class='ocrx_word' id='word_1_265' title='bbox 3534 842 3595 899; x_wconf 90' lang='lat' dir='ltr'>in</span> 
     </span>
    </p>
   </div>
   <div class='ocr_carea' id='block_1_39' title="bbox 1946 919 3597 1003">
    <p class='ocr_par' dir='ltr' id='par_1_39' title="bbox 1946 919 3597 1003">
     <span class='ocr_line' id='line_1_39' title="bbox 1946 919 3597 1003; baseline 0.004 -28"><span class='ocrx_word' id='word_1_266' title='bbox 1946 919 2078 975; x_wconf 89' lang='lat' dir='ltr'>aliis</span> <span class='ocrx_word' id='word_1_267' title='bbox 2109 920 2399 993; x_wconf 90' lang='lat' dir='ltr'>episcopis</span> <span class='ocrx_word' id='word_1_268' title='bbox 2429 940 2636 992; x_wconf 90' lang='lat' dir='ltr'>annos,</span> <span class='ocrx_word' id='word_1_269' title='bbox 2671 924 2889 996; x_wconf 88' lang='lat' dir='ltr'>quibus</span> <span class='ocrx_word' id='word_1_270' title='bbox 2931 926 3269 984; x_wconf 89' lang='lat' dir='ltr'>Leodicensi</span> <span class='ocrx_word' id='word_1_271' title='bbox 3300 930 3423 985; x_wconf 92' lang='lat' dir='ltr'>sedi</span> <span class='ocrx_word' id='word_1_272' title='bbox 3457 948 3597 1003; x_wconf 64' lang='lat' dir='ltr'>praa.</span> 
     </span>
    </p>
   </div>
   <div class='ocr_carea' id='block_1_40' title="bbox 1945 1008 3596 1090">
    <p class='ocr_par' dir='ltr' id='par_1_40' title="bbox 1945 1008 3596 1090">
     <span class='ocr_line' id='line_1_40' title="bbox 1945 1008 3596 1090; baseline 0.008 -28"><span class='ocrx_word' id='word_1_273' title='bbox 1945 1008 2199 1075; x_wconf 89' lang='lat' dir='ltr'>fuerunt,</span> <span class='ocrx_word' id='word_1_274' title='bbox 2232 1009 2490 1066; x_wconf 89' lang='lat' dir='ltr'>indicare</span> <span class='ocrx_word' id='word_1_275' title='bbox 2521 1011 2666 1066; x_wconf 89' lang='lat' dir='ltr'>solet</span> <span class='ocrx_word' id='word_1_276' title='bbox 2692 1030 2705 1081; x_wconf 88' lang='lat'><strong>;</strong></span> <span class='ocrx_word' id='word_1_277' title='bbox 2732 1012 2811 1066; x_wconf 90' lang='lat' dir='ltr'>ita</span> <span class='ocrx_word' id='word_1_278' title='bbox 2838 1029 2972 1067; x_wconf 89' lang='lat' dir='ltr'>cum</span> <span class='ocrx_word' id='word_1_279' title='bbox 3006 1014 3342 1076; x_wconf 82' lang='lat' dir='ltr'>Ralheriani</span> <span class='ocrx_word' id='word_1_280' title='bbox 3373 1017 3596 1090; x_wconf 91' lang='lat' dir='ltr'>episco-</span> 
     </span>
    </p>
   </div>
   <div class='ocr_carea' id='block_1_41' title="bbox 1944 1099 3592 1176">
    <p class='ocr_par' dir='ltr' id='par_1_41' title="bbox 1944 1099 3592 1176">
     <span class='ocr_line' id='line_1_41' title="bbox 1944 1099 3592 1176; baseline 0.007 -25"><span class='ocrx_word' id='word_1_281' title='bbox 1944 1101 2117 1169; x_wconf 89' lang='lat' dir='ltr'>patus</span> <span class='ocrx_word' id='word_1_282' title='bbox 2146 1103 2381 1169; x_wconf 89' lang='lat' dir='ltr'>tempus</span> <span class='ocrx_word' id='word_1_283' title='bbox 2407 1099 2703 1156; x_wconf 89' lang='lat' dir='ltr'>omisisset</span> <span class='ocrx_word' id='word_1_284' title='bbox 2724 1101 3104 1174; x_wconf 83' lang='lat' dir='ltr'>Rotgerus,ea</span> <span class='ocrx_word' id='word_1_285' title='bbox 3123 1105 3297 1159; x_wconf 87' lang='lat' dir='ltr'>verba</span> <span class='ocrx_word' id='word_1_286' title='bbox 3326 1105 3592 1176; x_wconf 88' lang='lat' dir='ltr'>inseruit,</span> 
     </span>
    </p>
   </div>
   <div class='ocr_carea' id='block_1_42' title="bbox 1944 1187 3596 1265">
    <p class='ocr_par' dir='ltr' id='par_1_42' title="bbox 1944 1187 3596 1265">
     <span class='ocr_line' id='line_1_42' title="bbox 1944 1187 3596 1265; baseline 0.007 -25"><span class='ocrx_word' id='word_1_287' title='bbox 1944 1187 2162 1258; x_wconf 89' lang='lat' dir='ltr'>quibus</span> <span class='ocrx_word' id='word_1_288' title='bbox 2192 1203 2327 1243; x_wconf 90' lang='lat' dir='ltr'>eum</span> <span class='ocrx_word' id='word_1_289' title='bbox 2356 1210 2383 1239; x_wconf 77' lang='grc' dir='ltr'>α</span> <span class='ocrx_word' id='word_1_290' title='bbox 2418 1189 2598 1243; x_wconf 89' lang='lat' dir='ltr'>ferme</span> <span class='ocrx_word' id='word_1_291' title='bbox 2632 1189 2865 1246; x_wconf 90' lang='lat' dir='ltr'>biennio</span> <span class='ocrx_word' id='word_1_292' title='bbox 2898 1213 2927 1241; x_wconf 69' lang='grc' dir='ltr'><strong>υ</strong></span> <span class='ocrx_word' id='word_1_293' title='bbox 2958 1191 3367 1249; x_wconf 86' lang='lat' dir='ltr'>Leodicensem</span> <span class='ocrx_word' id='word_1_294' title='bbox 3400 1196 3596 1265; x_wconf 87' lang='lat' dir='ltr'>(sicuti</span> 
     </span>
    </p>
   </div>
   <div class='ocr_carea' id='block_1_43' title="bbox 1942 1276 3227 1351">
    <p class='ocr_par' dir='ltr' id='par_1_43' title="bbox 1942 1276 3227 1351">
     <span class='ocr_line' id='line_1_43' title="bbox 1942 1276 3227 1351; baseline 0.005 -20"><span class='ocrx_word' id='word_1_295' title='bbox 1942 1293 2074 1331; x_wconf 86' lang='lat' dir='ltr'>vere</span> <span class='ocrx_word' id='word_1_296' title='bbox 2106 1276 2233 1349; x_wconf 86' lang='lat' dir='ltr'>fuit)</span> <span class='ocrx_word' id='word_1_297' title='bbox 2265 1276 2607 1349; x_wconf 88' lang='lat' dir='ltr'>episcopum</span> <span class='ocrx_word' id='word_1_298' title='bbox 2639 1278 2823 1334; x_wconf 89' lang='lat' dir='ltr'>fuisse</span> <span class='ocrx_word' id='word_1_299' title='bbox 2853 1279 3227 1351; x_wconf 85' lang='lat' dir='ltr'>signiﬁcaret.</span> 
     </span>
    </p>
   </div>
   <div class='ocr_carea' id='block_1_44' title="bbox 2014 1365 3601 1445">
    <p class='ocr_par' dir='ltr' id='par_1_44' title="bbox 2014 1365 3601 1445">
     <span class='ocr_line' id='line_1_44' title="bbox 2014 1365 3601 1445; baseline 0.008 -27"><span class='ocrx_word' id='word_1_300' title='bbox 2014 1366 2103 1418; x_wconf 88' lang='grc'>81.</span> <span class='ocrx_word' id='word_1_301' title='bbox 2137 1365 2430 1437; x_wconf 89' lang='lat' dir='ltr'>Quidquid</span> <span class='ocrx_word' id='word_1_302' title='bbox 2464 1370 2659 1421; x_wconf 88' lang='lat' dir='ltr'>autem</span> <span class='ocrx_word' id='word_1_303' title='bbox 2691 1367 2760 1421; x_wconf 92' lang='lat' dir='ltr'>de</span> <span class='ocrx_word' id='word_1_304' title='bbox 2783 1366 2891 1421; x_wconf 90' lang='lat' dir='ltr'>hoc</span> <span class='ocrx_word' id='word_1_305' title='bbox 2924 1369 3189 1424; x_wconf 84' lang='lat' dir='ltr'>Fulcuini</span> <span class='ocrx_word' id='word_1_306' title='bbox 3210 1375 3369 1427; x_wconf 84' lang='lat' dir='ltr'>textu</span> <span class='ocrx_word' id='word_1_307' title='bbox 3394 1374 3601 1445; x_wconf 86' lang='lat' dir='ltr'>proba-</span> 
     </span>
    </p>
   </div>
   <div class='ocr_carea' id='block_1_45' title="bbox 1944 1453 3597 1534">
    <p class='ocr_par' dir='ltr' id='par_1_45' title="bbox 1944 1453 3597 1534">
     <span class='ocr_line' id='line_1_45' title="bbox 1944 1453 3597 1534; baseline 0.006 -25"><span class='ocrx_word' id='word_1_308' title='bbox 1944 1453 2121 1509; x_wconf 87' lang='lat' dir='ltr'>bilius</span> <span class='ocrx_word' id='word_1_309' title='bbox 2154 1454 2444 1525; x_wconf 83' lang='lat' dir='ltr'>credatur,</span> <span class='ocrx_word' id='word_1_310' title='bbox 2462 1459 2613 1511; x_wconf 91' lang='lat' dir='ltr'>certe</span> <span class='ocrx_word' id='word_1_311' title='bbox 2632 1455 2941 1512; x_wconf 76' lang='lat' dir='ltr'>Itatherins</span> <span class='ocrx_word' id='word_1_312' title='bbox 2961 1457 3353 1515; x_wconf 90' lang='lat' dir='ltr'>Veronensem</span> <span class='ocrx_word' id='word_1_313' title='bbox 3379 1463 3597 1534; x_wconf 84' lang='lat' dir='ltr'>episco-</span> 
     </span>
    </p>
   </div>
   <div class='ocr_carea' id='block_1_46' title="bbox 1944 1544 3601 1620">
    <p class='ocr_par' dir='ltr' id='par_1_46' title="bbox 1944 1544 3601 1620">
     <span class='ocr_line' id='line_1_46' title="bbox 1944 1544 3601 1620; baseline 0.007 -24"><span class='ocrx_word' id='word_1_314' title='bbox 1944 1546 2149 1614; x_wconf 85' lang='lat' dir='ltr'>patum</span> <span class='ocrx_word' id='word_1_315' title='bbox 2181 1560 2296 1598; x_wconf 91' lang='lat' dir='ltr'>non</span> <span class='ocrx_word' id='word_1_316' title='bbox 2328 1544 2544 1615; x_wconf 88' lang='lat' dir='ltr'>recepit</span> <span class='ocrx_word' id='word_1_317' title='bbox 2572 1549 2706 1600; x_wconf 89' lang='lat' dir='ltr'>ante</span> <span class='ocrx_word' id='word_1_318' title='bbox 2736 1562 2957 1600; x_wconf 87' lang='lat' dir='ltr'>annum</span> <span class='ocrx_word' id='word_1_319' title='bbox 2987 1548 3255 1603; x_wconf 91' lang='lat' dir='ltr'>961.Dno</span> <span class='ocrx_word' id='word_1_320' title='bbox 3275 1548 3461 1620; x_wconf 91' lang='lat' dir='ltr'>ipsius</span> <span class='ocrx_word' id='word_1_321' title='bbox 3495 1552 3601 1607; x_wconf 82' lang='lat' dir='ltr'>Ra-</span> 
     </span>
    </p>
   </div>
   <div class='ocr_carea' id='block_1_47' title="bbox 1942 1631 3599 1713">
    <p class='ocr_par' dir='ltr' id='par_1_47' title="bbox 1942 1631 3599 1713">
     <span class='ocr_line' id='line_1_47' title="bbox 1942 1631 3599 1713; baseline 0.006 -26"><span class='ocrx_word' id='word_1_322' title='bbox 1942 1631 2115 1688; x_wconf 87' lang='lat' dir='ltr'>therii</span> <span class='ocrx_word' id='word_1_323' title='bbox 2138 1632 2477 1689; x_wconf 89' lang='lat' dir='ltr'>testimonia</span> <span class='ocrx_word' id='word_1_324' title='bbox 2506 1652 2626 1690; x_wconf 92' lang='lat' dir='ltr'>rem</span> <span class='ocrx_word' id='word_1_325' title='bbox 2646 1636 3003 1707; x_wconf 79' lang='lat' dir='ltr'>exploratam</span> <span class='ocrx_word' id='word_1_326' title='bbox 3019 1638 3235 1694; x_wconf 82' lang='lat' dir='ltr'>facient</span> <span class='ocrx_word' id='word_1_327' title='bbox 3262 1644 3599 1713; x_wconf 90' lang='lat' dir='ltr'>:ntrnmqne</span> 
     </span>
    </p>
   </div>
   <div class='ocr_carea' id='block_1_48' title="bbox 1942 1721 3599 1793">
    <p class='ocr_par' dir='ltr' id='par_1_48' title="bbox 1942 1721 3599 1793">
     <span class='ocr_line' id='line_1_48' title="bbox 1942 1721 3599 1793; baseline 0.006 -18"><span class='ocrx_word' id='word_1_328' title='bbox 1942 1721 2099 1777; x_wconf 90' lang='lat' dir='ltr'>enim</span> <span class='ocrx_word' id='word_1_329' title='bbox 2131 1723 2258 1793; x_wconf 90' lang='lat' dir='ltr'>ejus</span> <span class='ocrx_word' id='word_1_330' title='bbox 2318 1723 2747 1779; x_wconf 89' lang='lat' dir='ltr'>restitutionem</span> <span class='ocrx_word' id='word_1_331' title='bbox 2806 1725 3020 1793; x_wconf 90' lang='lat' dir='ltr'>Ottoni,</span> <span class='ocrx_word' id='word_1_332' title='bbox 3081 1744 3215 1782; x_wconf 87' lang='lat' dir='ltr'>cum</span> <span class='ocrx_word' id='word_1_333' title='bbox 3265 1728 3325 1782; x_wconf 92' lang='lat' dir='ltr'>in</span> <span class='ocrx_word' id='word_1_334' title='bbox 3372 1728 3599 1785; x_wconf 88' lang='lat' dir='ltr'>Italiam</span> 
     </span>
    </p>
   </div>
   <div class='ocr_carea' id='block_1_49' title="bbox 1945 1811 3603 1885">
    <p class='ocr_par' dir='ltr' id='par_1_49' title="bbox 1945 1811 3603 1885">
     <span class='ocr_line' id='line_1_49' title="bbox 1945 1811 3603 1885; baseline 0.006 -21"><span class='ocrx_word' id='word_1_335' title='bbox 1945 1811 2136 1880; x_wconf 90' lang='lat' dir='ltr'>rediit,</span> <span class='ocrx_word' id='word_1_336' title='bbox 2172 1812 2491 1882; x_wconf 86' lang='lat' dir='ltr'>ascribunt,</span> <span class='ocrx_word' id='word_1_337' title='bbox 2516 1813 2616 1885; x_wconf 90' lang='lat' dir='ltr'>qui</span> <span class='ocrx_word' id='word_1_338' title='bbox 2648 1818 2844 1869; x_wconf 87' lang='lat' dir='ltr'>tamen</span> <span class='ocrx_word' id='word_1_339' title='bbox 2878 1832 2992 1869; x_wconf 88' lang='lat' dir='ltr'>non</span> <span class='ocrx_word' id='word_1_340' title='bbox 3023 1816 3194 1871; x_wconf 88' lang='lat' dir='ltr'>rediit</span> <span class='ocrx_word' id='word_1_341' title='bbox 3224 1821 3358 1872; x_wconf 90' lang='lat' dir='ltr'>ante</span> <span class='ocrx_word' id='word_1_342' title='bbox 3377 1835 3603 1874; x_wconf 90' lang='lat' dir='ltr'>annum</span> 
     </span>
    </p>
   </div>
   <div class='ocr_carea' id='block_1_50' title="bbox 1946 1899 3598 1978">
    <p class='ocr_par' dir='ltr' id='par_1_50' title="bbox 1946 1899 3598 1978">
     <span class='ocr_line' id='line_1_50' title="bbox 1946 1899 3598 1978; baseline 0.007 -25"><span class='ocrx_word' id='word_1_343' title='bbox 1946 1899 2071 1954; x_wconf 85' lang='lat'>961.</span> <span class='ocrx_word' id='word_1_344' title='bbox 2107 1900 2309 1955; x_wconf 78' lang='lat' dir='ltr'>Solum</span> <span class='ocrx_word' id='word_1_345' title='bbox 2344 1919 2526 1957; x_wconf 90' lang='lat' dir='ltr'>unum</span> <span class='ocrx_word' id='word_1_346' title='bbox 2580 1903 2983 1960; x_wconf 89' lang='lat' dir='ltr'>testimonium</span> <span class='ocrx_word' id='word_1_347' title='bbox 3014 1905 3194 1978; x_wconf 84' lang='lat' dir='ltr'>exigit</span> <span class='ocrx_word' id='word_1_348' title='bbox 3223 1923 3445 1965; x_wconf 89' lang='lat' dir='ltr'>annum</span> <span class='ocrx_word' id='word_1_349' title='bbox 3469 1908 3598 1977; x_wconf 87' lang='grc'>961,</span> 
     </span>
    </p>
   </div>
   <div class='ocr_carea' id='block_1_51' title="bbox 1947 1986 3604 2065">
    <p class='ocr_par' dir='ltr' id='par_1_51' title="bbox 1947 1986 3604 2065">
     <span class='ocr_line' id='line_1_51' title="bbox 1947 1986 3604 2065; baseline 0.005 -21"><span class='ocrx_word' id='word_1_350' title='bbox 1947 1986 2107 2044; x_wconf 85' lang='lat' dir='ltr'>aliud</span> <span class='ocrx_word' id='word_1_351' title='bbox 2140 1991 2408 2062; x_wconf 87' lang='lat' dir='ltr'>congruit</span> <span class='ocrx_word' id='word_1_352' title='bbox 2436 2008 2590 2047; x_wconf 91' lang='lat' dir='ltr'>anno</span> <span class='ocrx_word' id='word_1_353' title='bbox 2619 1994 2879 2064; x_wconf 71' lang='lat' dir='ltr'>962,quaa</span> <span class='ocrx_word' id='word_1_354' title='bbox 2912 1998 3204 2065; x_wconf 87' lang='lat' dir='ltr'>quatenus</span> <span class='ocrx_word' id='word_1_355' title='bbox 3235 1995 3604 2054; x_wconf 90' lang='lat' dir='ltr'>concilianda</span> 
     </span>
    </p>
   </div>
   <div class='ocr_carea' id='block_1_52' title="bbox 1947 2077 3602 2158">
    <p class='ocr_par' dir='ltr' id='par_1_52' title="bbox 1947 2077 3602 2158">
     <span class='ocr_line' id='line_1_52' title="bbox 1947 2077 3602 2158; baseline 0.006 -27"><span class='ocrx_word' id='word_1_356' title='bbox 1947 2077 2086 2146; x_wconf 90' lang='lat' dir='ltr'>sint,</span> <span class='ocrx_word' id='word_1_357' title='bbox 2119 2077 2461 2150; x_wconf 84' lang='lat' dir='ltr'>explicatnri</span> <span class='ocrx_word' id='word_1_358' title='bbox 2493 2096 2720 2135; x_wconf 90' lang='lat' dir='ltr'>sumus.</span> <span class='ocrx_word' id='word_1_359' title='bbox 2758 2082 2817 2136; x_wconf 93' lang='lat' dir='ltr'>Id</span> <span class='ocrx_word' id='word_1_360' title='bbox 2847 2083 3119 2137; x_wconf 83' lang='lat' dir='ltr'>Invectz’va</span> <span class='ocrx_word' id='word_1_361' title='bbox 3151 2083 3375 2140; x_wconf 91' lang='lat' dir='ltr'>furtum</span> <span class='ocrx_word' id='word_1_362' title='bbox 3396 2087 3602 2158; x_wconf 75' lang='lat' dir='ltr'>co&#39;rpo-</span> 
     </span>
    </p>
   </div>
   <div class='ocr_carea' id='block_1_53' title="bbox 1947 2165 3602 2245">
    <p class='ocr_par' dir='ltr' id='par_1_53' title="bbox 1947 2165 3602 2245">
     <span class='ocr_line' id='line_1_53' title="bbox 1947 2165 3602 2245; baseline 0.005 -24"><span class='ocrx_word' id='word_1_363' title='bbox 1947 2165 2029 2221; x_wconf 89' lang='lat' dir='ltr'>ris</span> <span class='ocrx_word' id='word_1_364' title='bbox 2051 2167 2108 2222; x_wconf 92' lang='lat' dir='ltr'>S.</span> <span class='ocrx_word' id='word_1_365' title='bbox 2139 2167 2608 2240; x_wconf 90' lang='lat' dir='ltr'>Metronis,qnod</span> <span class='ocrx_word' id='word_1_366' title='bbox 2638 2168 3074 2227; x_wconf 87' lang='lat' dir='ltr'>Veronensibus</span> <span class='ocrx_word' id='word_1_367' title='bbox 3104 2172 3451 2245; x_wconf 86' lang='lat' dir='ltr'>subreptum</span> <span class='ocrx_word' id='word_1_368' title='bbox 3475 2190 3602 2229; x_wconf 91' lang='lat' dir='ltr'>cre-</span> 
     </span>
    </p>
   </div>
   <div class='ocr_carea' id='block_1_54' title="bbox 1948 2255 3605 2318">
    <p class='ocr_par' dir='ltr' id='par_1_54' title="bbox 1948 2255 3605 2318">
     <span class='ocr_line' id='line_1_54' title="bbox 1948 2255 3605 2318; baseline 0.005 -8"><span class='ocrx_word' id='word_1_369' title='bbox 1948 2255 2195 2311; x_wconf 90' lang='lat' dir='ltr'>debatur</span> <span class='ocrx_word' id='word_1_370' title='bbox 2224 2279 2252 2306; x_wconf 84' lang='lat'>»</span> <span class='ocrx_word' id='word_1_371' title='bbox 2286 2258 2467 2312; x_wconf 88' lang='lat' dir='ltr'>sextis</span> <span class='ocrx_word' id='word_1_372' title='bbox 2496 2257 2912 2314; x_wconf 66' lang='lat' dir='ltr'>exeunte&#39;Jano</span> <span class='ocrx_word' id='word_1_373' title='bbox 2935 2258 3268 2315; x_wconf 81' lang='lat' dir='ltr'>Kalendis.»</span> <span class='ocrx_word' id='word_1_374' title='bbox 3301 2261 3359 2316; x_wconf 91' lang='lat' dir='ltr'>id</span> <span class='ocrx_word' id='word_1_375' title='bbox 3390 2266 3479 2318; x_wconf 88' lang='lat' dir='ltr'>est</span> <span class='ocrx_word' id='word_1_376' title='bbox 3507 2263 3605 2318; x_wconf 85' lang='lat' dir='ltr'>die</span> 
     </span>
    </p>
   </div>
   <div class='ocr_carea' id='block_1_55' title="bbox 1947 2343 3603 2421">
    <p class='ocr_par' dir='ltr' id='par_1_55' title="bbox 1947 2343 3603 2421">
     <span class='ocr_line' id='line_1_55' title="bbox 1947 2343 3603 2421; baseline 0.004 -22"><span class='ocrx_word' id='word_1_377' title='bbox 1947 2345 2018 2399; x_wconf 89' lang='lat'>27</span> <span class='ocrx_word' id='word_1_378' title='bbox 2046 2343 2332 2412; x_wconf 85' lang='lat' dir='ltr'>Januarii,</span> <span class='ocrx_word' id='word_1_379' title='bbox 2377 2345 2431 2400; x_wconf 92' lang='lat' dir='ltr'>ei</span> <span class='ocrx_word' id='word_1_380' title='bbox 2486 2346 2734 2418; x_wconf 90' lang='lat' dir='ltr'>tempori</span> <span class='ocrx_word' id='word_1_381' title='bbox 2783 2352 2985 2403; x_wconf 89' lang='lat' dir='ltr'>auctor</span> <span class='ocrx_word' id='word_1_382' title='bbox 3038 2348 3301 2421; x_wconf 86' lang='lat' dir='ltr'>assignat</span> <span class='ocrx_word' id='word_1_383' title='bbox 3345 2366 3511 2406; x_wconf 89' lang='lat' dir='ltr'>num.</span> <span class='ocrx_word' id='word_1_384' title='bbox 3542 2350 3603 2419; x_wconf 87' lang='lat'>3,</span> 
     </span>
    </p>
   </div>
   <div class='ocr_carea' id='block_1_56' title="bbox 1949 2434 3604 2509">
    <p class='ocr_par' dir='ltr' id='par_1_56' title="bbox 1949 2434 3604 2509">
     <span class='ocr_line' id='line_1_56' title="bbox 1949 2434 3604 2509; baseline 0.005 -22"><span class='ocrx_word' id='word_1_385' title='bbox 1949 2449 2065 2505; x_wconf 92' lang='lat' dir='ltr'>quo</span> <span class='ocrx_word' id='word_1_386' title='bbox 2098 2456 2124 2483; x_wconf 91' lang='grc'>‹‹</span> <span class='ocrx_word' id='word_1_387' title='bbox 2159 2434 2289 2489; x_wconf 88' lang='lat' dir='ltr'>Otto</span> <span class='ocrx_word' id='word_1_388' title='bbox 2321 2434 2638 2507; x_wconf 87' lang='lat' dir='ltr'>imperator</span> <span class='ocrx_word' id='word_1_389' title='bbox 2663 2437 2964 2509; x_wconf 85' lang='lat' dir='ltr'>Augustus</span> <span class='ocrx_word' id='word_1_390' title='bbox 2996 2437 3223 2493; x_wconf 85' lang='lat' dir='ltr'>Italiam</span> <span class='ocrx_word' id='word_1_391' title='bbox 3245 2437 3488 2495; x_wconf 87' lang='lat' dir='ltr'>feliciter</span> <span class='ocrx_word' id='word_1_392' title='bbox 3515 2438 3604 2495; x_wconf 85' lang='lat' dir='ltr'>in-</span> 
     </span>
    </p>
   </div>
   <div class='ocr_carea' id='block_1_57' title="bbox 1947 2522 3605 2595">
    <p class='ocr_par' dir='ltr' id='par_1_57' title="bbox 1947 2522 3605 2595">
     <span class='ocr_line' id='line_1_57' title="bbox 1947 2522 3605 2595; baseline 0.004 -19"><span class='ocrx_word' id='word_1_393' title='bbox 1947 2524 2201 2577; x_wconf 88' lang='lat' dir='ltr'>traverat</span> <span class='ocrx_word' id='word_1_394' title='bbox 2255 2522 2751 2595; x_wconf 89' lang='lat' dir='ltr'>triumphaturus.</span> <span class='ocrx_word' id='word_1_395' title='bbox 2804 2546 2832 2575; x_wconf 88' lang='lat'><strong>»</strong></span> <span class='ocrx_word' id='word_1_396' title='bbox 2885 2525 2948 2580; x_wconf 94' lang='lat' dir='ltr'>Id</span> <span class='ocrx_word' id='word_1_397' title='bbox 2999 2526 3269 2581; x_wconf 87' lang='lat' dir='ltr'>convenit</span> <span class='ocrx_word' id='word_1_398' title='bbox 3324 2526 3605 2584; x_wconf 84' lang='lat' dir='ltr'>Januario</span> 
     </span>
    </p>
   </div>
   <div class='ocr_carea' id='block_1_58' title="bbox 1950 2610 3604 2691">
    <p class='ocr_par' dir='ltr' id='par_1_58' title="bbox 1950 2610 3604 2691">
     <span class='ocr_line' id='line_1_58' title="bbox 1950 2610 3604 2691; baseline 0.005 -25"><span class='ocrx_word' id='word_1_399' title='bbox 1950 2611 2139 2667; x_wconf 87' lang='lat' dir='ltr'>mensi</span> <span class='ocrx_word' id='word_1_400' title='bbox 2169 2610 2308 2667; x_wconf 91' lang='lat' dir='ltr'>anni</span> <span class='ocrx_word' id='word_1_401' title='bbox 2353 2612 2481 2678; x_wconf 87' lang='lat'>962,</span> <span class='ocrx_word' id='word_1_402' title='bbox 2517 2612 2619 2685; x_wconf 89' lang='lat' dir='ltr'>qui</span> <span class='ocrx_word' id='word_1_403' title='bbox 2677 2613 2904 2686; x_wconf 90' lang='lat' dir='ltr'>primus</span> <span class='ocrx_word' id='word_1_404' title='bbox 2960 2620 3049 2670; x_wconf 91' lang='lat' dir='ltr'>est</span> <span class='ocrx_word' id='word_1_405' title='bbox 3103 2615 3421 2672; x_wconf 90' lang='lat' dir='ltr'>Januarins</span> <span class='ocrx_word' id='word_1_406' title='bbox 3469 2621 3604 2691; x_wconf 84' lang='lat' dir='ltr'>post</span> 
     </span>
    </p>
   </div>
   <div class='ocr_carea' id='block_1_59' title="bbox 1950 2699 3608 2773">
    <p class='ocr_par' dir='ltr' id='par_1_59' title="bbox 1950 2699 3608 2773">
     <span class='ocr_line' id='line_1_59' title="bbox 1950 2699 3608 2773; baseline 0.005 -19"><span class='ocrx_word' id='word_1_407' title='bbox 1950 2699 2177 2755; x_wconf 88' lang='lat' dir='ltr'>Ottonis</span> <span class='ocrx_word' id='word_1_408' title='bbox 2209 2699 2539 2773; x_wconf 79' lang='lat' dir='ltr'>ingressum</span> <span class='ocrx_word' id='word_1_409' title='bbox 2571 2700 2631 2756; x_wconf 91' lang='lat' dir='ltr'>in</span> <span class='ocrx_word' id='word_1_410' title='bbox 2661 2701 2907 2759; x_wconf 90' lang='lat' dir='ltr'>Italiam.</span> <span class='ocrx_word' id='word_1_411' title='bbox 2943 2704 3103 2759; x_wconf 89' lang='lat' dir='ltr'>Licet</span> <span class='ocrx_word' id='word_1_412' title='bbox 3145 2708 3344 2761; x_wconf 89' lang='lat' dir='ltr'>autem</span> <span class='ocrx_word' id='word_1_413' title='bbox 3379 2705 3475 2761; x_wconf 87' lang='lat' dir='ltr'>hic</span> <span class='ocrx_word' id='word_1_414' title='bbox 3506 2722 3608 2764; x_wconf 88' lang='lat' dir='ltr'>eo-</span> 
     </span>
    </p>
   </div>
   <div class='ocr_carea' id='block_1_60' title="bbox 1951 2789 3605 2871">
    <p class='ocr_par' dir='ltr' id='par_1_60' title="bbox 1951 2789 3605 2871">
     <span class='ocr_line' id='line_1_60' title="bbox 1951 2789 3605 2871; baseline 0.004 -27"><span class='ocrx_word' id='word_1_415' title='bbox 1951 2789 2084 2844; x_wconf 91' lang='lat' dir='ltr'>dem</span> <span class='ocrx_word' id='word_1_416' title='bbox 2118 2805 2317 2843; x_wconf 89' lang='lat' dir='ltr'>mense</span> <span class='ocrx_word' id='word_1_417' title='bbox 2344 2790 2605 2845; x_wconf 88' lang='lat' dir='ltr'>nondnm</span> <span class='ocrx_word' id='word_1_418' title='bbox 2636 2796 2791 2846; x_wconf 90' lang='lat' dir='ltr'>esset</span> <span class='ocrx_word' id='word_1_419' title='bbox 2814 2790 3132 2863; x_wconf 84' lang='lat' dir='ltr'>imperator</span> <span class='ocrx_word' id='word_1_420' title='bbox 3147 2796 3448 2866; x_wconf 86' lang='lat' dir='ltr'>Angustus</span> <span class='ocrx_word' id='word_1_421' title='bbox 3474 2795 3605 2871; x_wconf 80' lang='lat' dir='ltr'>;hoc</span> 
     </span>
    </p>
   </div>
   <div class='ocr_carea' id='block_1_61' title="bbox 1948 2877 3600 2954">
    <p class='ocr_par' dir='ltr' id='par_1_61' title="bbox 1948 2877 3600 2954">
     <span class='ocr_line' id='line_1_61' title="bbox 1948 2877 3600 2954; baseline 0.005 -22"><span class='ocrx_word' id='word_1_422' title='bbox 1948 2879 2146 2934; x_wconf 86' lang='lat' dir='ltr'>tamen</span> <span class='ocrx_word' id='word_1_423' title='bbox 2177 2877 2348 2934; x_wconf 87' lang='lat' dir='ltr'>titulo</span> <span class='ocrx_word' id='word_1_424' title='bbox 2393 2879 2578 2934; x_wconf 86' lang='lat' dir='ltr'>ntitnr</span> <span class='ocrx_word' id='word_1_425' title='bbox 2629 2880 2938 2937; x_wconf 82' lang='lat' dir='ltr'>Ratherins</span> <span class='ocrx_word' id='word_1_426' title='bbox 2992 2881 3052 2937; x_wconf 91' lang='lat' dir='ltr'>in</span> <span class='ocrx_word' id='word_1_427' title='bbox 3110 2882 3241 2954; x_wconf 89' lang='lat' dir='ltr'>ipsa</span> <span class='ocrx_word' id='word_1_428' title='bbox 3294 2883 3600 2952; x_wconf 88' lang='lat' dir='ltr'>Invectiva,</span> 
     </span>
    </p>
   </div>
   <div class='ocr_carea' id='block_1_62' title="bbox 1951 2967 3603 3046">
    <p class='ocr_par' dir='ltr' id='par_1_62' title="bbox 1951 2967 3603 3046">
     <span class='ocr_line' id='line_1_62' title="bbox 1951 2967 3603 3046; baseline 0.005 -24"><span class='ocrx_word' id='word_1_429' title='bbox 1951 2967 2167 3040; x_wconf 83' lang='lat' dir='ltr'>quippe</span> <span class='ocrx_word' id='word_1_430' title='bbox 2197 2984 2323 3023; x_wconf 87' lang='lat' dir='ltr'>eam</span> <span class='ocrx_word' id='word_1_431' title='bbox 2359 2973 2559 3041; x_wconf 91' lang='lat' dir='ltr'>postea</span> <span class='ocrx_word' id='word_1_432' title='bbox 2600 2970 2853 3042; x_wconf 91' lang='lat' dir='ltr'>scripsit,</span> <span class='ocrx_word' id='word_1_433' title='bbox 2886 2987 3020 3026; x_wconf 90' lang='lat' dir='ltr'>cum</span> <span class='ocrx_word' id='word_1_434' title='bbox 3051 2971 3147 3027; x_wconf 92' lang='lat' dir='ltr'>ille</span> <span class='ocrx_word' id='word_1_435' title='bbox 3170 2973 3297 3044; x_wconf 89' lang='lat' dir='ltr'>jam</span> <span class='ocrx_word' id='word_1_436' title='bbox 3329 2974 3603 3046; x_wconf 85' lang='lat' dir='ltr'>imperia-</span> 
     </span>
    </p>
   </div>
   <div class='ocr_carea' id='block_1_63' title="bbox 1949 3054 3602 3119">
    <p class='ocr_par' dir='ltr' id='par_1_63' title="bbox 1949 3054 3602 3119">
     <span class='ocr_line' id='line_1_63' title="bbox 1949 3054 3602 3119; baseline 0.005 -9"><span class='ocrx_word' id='word_1_437' title='bbox 1949 3054 2065 3112; x_wconf 91' lang='lat' dir='ltr'>lem</span> <span class='ocrx_word' id='word_1_438' title='bbox 2094 3073 2370 3112; x_wconf 90' lang='lat' dir='ltr'>coronam</span> <span class='ocrx_word' id='word_1_439' title='bbox 2396 3058 2583 3113; x_wconf 85' lang='lat' dir='ltr'>fuerat</span> <span class='ocrx_word' id='word_1_440' title='bbox 2634 3064 2956 3115; x_wconf 89' lang='lat' dir='ltr'>assecutus.</span> <span class='ocrx_word' id='word_1_441' title='bbox 2993 3061 3168 3115; x_wconf 92' lang='lat' dir='ltr'>Porro</span> <span class='ocrx_word' id='word_1_442' title='bbox 3200 3060 3346 3117; x_wconf 90' lang='lat' dir='ltr'>illud</span> <span class='ocrx_word' id='word_1_443' title='bbox 3379 3062 3602 3119; x_wconf 89' lang='lat' dir='ltr'>furtum</span> 
     </span>
    </p>
   </div>
   <div class='ocr_carea' id='block_1_64' title="bbox 1950 3145 3601 3215">
    <p class='ocr_par' dir='ltr' id='par_1_64' title="bbox 1950 3145 3601 3215">
     <span class='ocr_line' id='line_1_64' title="bbox 1950 3145 3601 3215; baseline 0.004 -14"><span class='ocrx_word' id='word_1_444' title='bbox 1950 3145 2235 3201; x_wconf 90' lang='lat' dir='ltr'>accidisse</span> <span class='ocrx_word' id='word_1_445' title='bbox 2265 3147 2622 3215; x_wconf 86' lang='lat' dir='ltr'>tradebatur,</span> <span class='ocrx_word' id='word_1_446' title='bbox 2653 3149 2796 3203; x_wconf 92' lang='lat' dir='ltr'>dum</span> <span class='ocrx_word' id='word_1_447' title='bbox 2847 3149 3158 3204; x_wconf 84' lang='lat' dir='ltr'>Ratherins</span> <span class='ocrx_word' id='word_1_448' title='bbox 3206 3150 3601 3207; x_wconf 89' lang='lat' dir='ltr'>Veronensem</span> 
     </span>
    </p>
   </div>
   <div class='ocr_carea' id='block_1_65' title="bbox 185 3226 3609 3312">
    <p class='ocr_par' dir='ltr' id='par_1_65' title="bbox 185 3226 3609 3312">
     <span class='ocr_line' id='line_1_65' title="bbox 185 3226 3609 3312; baseline 0.001 -19"><span class='ocrx_word' id='word_1_449' title='bbox 185 3237 368 3311; x_wconf 87' lang='lat' dir='ltr'>igitur</span> <span class='ocrx_word' id='word_1_450' title='bbox 396 3236 718 3293; x_wconf 84' lang='lat' dir='ltr'>difﬁcultas</span> <span class='ocrx_word' id='word_1_451' title='bbox 750 3236 863 3293; x_wconf 91' lang='lat' dir='ltr'>sita</span> <span class='ocrx_word' id='word_1_452' title='bbox 893 3243 982 3294; x_wconf 92' lang='lat' dir='ltr'>est</span> <span class='ocrx_word' id='word_1_453' title='bbox 1011 3238 1070 3294; x_wconf 92' lang='lat' dir='ltr'>in</span> <span class='ocrx_word' id='word_1_454' title='bbox 1104 3238 1450 3312; x_wconf 74' lang='lat' dir='ltr'>verbis,qnaa</span> <span class='ocrx_word' id='word_1_455' title='bbox 1482 3256 1551 3295; x_wconf 87' lang='lat' dir='ltr'>ex</span> <span class='ocrx_word' id='word_1_456' title='bbox 1580 3257 1686 3296; x_wconf 92' lang='lat' dir='ltr'>suo</span> <span class='ocrx_word' id='word_1_457' title='bbox 1708 3240 1839 3296; x_wconf 83' lang='lat' dir='ltr'>Fnl-</span> <span class='ocrx_word' id='word_1_458' title='bbox 1868 3226 1912 3294; x_wconf 89' lang='lat' dir='ltr'>C</span> <span class='ocrx_word' id='word_1_459' title='bbox 1948 3235 2351 3307; x_wconf 87' lang='lat' dir='ltr'>episcopatum</span> <span class='ocrx_word' id='word_1_460' title='bbox 2384 3236 2689 3304; x_wconf 89' lang='lat' dir='ltr'>obtineret,</span> <span class='ocrx_word' id='word_1_461' title='bbox 2710 3242 2776 3292; x_wconf 92' lang='lat' dir='ltr'>ut</span> <span class='ocrx_word' id='word_1_462' title='bbox 2806 3254 2873 3293; x_wconf 85' lang='lat' dir='ltr'>ex</span> <span class='ocrx_word' id='word_1_463' title='bbox 2905 3238 3303 3294; x_wconf 90' lang='lat' dir='ltr'>admonitione</span> <span class='ocrx_word' id='word_1_464' title='bbox 3325 3238 3384 3294; x_wconf 90' lang='lat' dir='ltr'>in</span> <span class='ocrx_word' id='word_1_465' title='bbox 3410 3238 3609 3311; x_wconf 82' lang='lat' dir='ltr'>ipsam</span> 
     </span>
    </p>
   </div>
   <div class='ocr_carea' id='block_1_66' title="bbox 186 3326 1844 3387">
    <p class='ocr_par' dir='ltr' id='par_1_66' title="bbox 186 3326 1844 3387">
     <span class='ocr_line' id='line_1_66' title="bbox 186 3326 1844 3387; baseline 0.002 -5"><span class='ocrx_word' id='word_1_466' title='bbox 186 3326 400 3383; x_wconf 90' lang='lat' dir='ltr'>cninns</span> <span class='ocrx_word' id='word_1_467' title='bbox 429 3326 716 3383; x_wconf 87' lang='lat' dir='ltr'>inseruit:</span> <span class='ocrx_word' id='word_1_468' title='bbox 746 3349 775 3378; x_wconf 90' lang='grc'>‹‹</span> <span class='ocrx_word' id='word_1_469' title='bbox 806 3327 1018 3384; x_wconf 82' lang='lat' dir='ltr'>Exacto</span> <span class='ocrx_word' id='word_1_470' title='bbox 1048 3328 1107 3384; x_wconf 93' lang='lat' dir='ltr'>in</span> <span class='ocrx_word' id='word_1_471' title='bbox 1157 3329 1269 3384; x_wconf 91' lang='lat' dir='ltr'>hac</span> <span class='ocrx_word' id='word_1_472' title='bbox 1326 3329 1705 3386; x_wconf 86' lang='lat' dir='ltr'>destitutione</span> <span class='ocrx_word' id='word_1_473' title='bbox 1734 3347 1844 3387; x_wconf 90' lang='lat' dir='ltr'>sna</span> 
     </span>
    </p>
   </div>
   <div class='ocr_carea' id='block_1_67' title="bbox 187 3415 1842 3487">
    <p class='ocr_par' dir='ltr' id='par_1_67' title="bbox 187 3415 1842 3487">
     <span class='ocr_line' id='line_1_67' title="bbox 187 3415 1842 3487; baseline 0.001 -14"><span class='ocrx_word' id='word_1_474' title='bbox 187 3416 505 3473; x_wconf 82' lang='lat' dir='ltr'>Ratberius</span> <span class='ocrx_word' id='word_1_475' title='bbox 536 3415 715 3473; x_wconf 88' lang='lat' dir='ltr'>ferme</span> <span class='ocrx_word' id='word_1_476' title='bbox 745 3417 998 3487; x_wconf 89' lang='lat' dir='ltr'>biennio,</span> <span class='ocrx_word' id='word_1_477' title='bbox 1031 3417 1336 3474; x_wconf 85' lang='lat' dir='ltr'>deficiente</span> <span class='ocrx_word' id='word_1_478' title='bbox 1383 3418 1456 3473; x_wconf 90' lang='lat' dir='ltr'>ab</span> <span class='ocrx_word' id='word_1_479' title='bbox 1501 3436 1567 3475; x_wconf 91' lang='lat' dir='ltr'>eo</span> <span class='ocrx_word' id='word_1_480' title='bbox 1601 3419 1842 3475; x_wconf 89' lang='lat' dir='ltr'>militari</span> 
     </span>
    </p>
   </div>
   <div class='ocr_carea' id='block_1_68' title="bbox 194 3504 1841 3581">
    <p class='ocr_par' dir='ltr' id='par_1_68' title="bbox 194 3504 1841 3581">
     <span class='ocr_line' id='line_1_68' title="bbox 194 3504 1841 3581; baseline 0.002 -20"><span class='ocrx_word' id='word_1_481' title='bbox 194 3504 621 3579; x_wconf 88' lang='lat' dir='ltr'>copia,Italiam</span> <span class='ocrx_word' id='word_1_482' title='bbox 652 3508 1015 3562; x_wconf 87' lang='lat' dir='ltr'>revertitur.»</span> <span class='ocrx_word' id='word_1_483' title='bbox 1037 3508 1274 3581; x_wconf 90' lang='lat' dir='ltr'>Aliquid</span> <span class='ocrx_word' id='word_1_484' title='bbox 1304 3525 1436 3564; x_wconf 82' lang='lat' dir='ltr'>vero</span> <span class='ocrx_word' id='word_1_485' title='bbox 1468 3510 1841 3577; x_wconf 90' lang='lat' dir='ltr'>mendosum,</span> 
     </span>
    </p>
   </div>
   <div class='ocr_carea' id='block_1_69' title="bbox 187 3594 1841 3654">
    <p class='ocr_par' dir='ltr' id='par_1_69' title="bbox 187 3594 1841 3654">
     <span class='ocr_line' id='line_1_69' title="bbox 187 3594 1841 3654; baseline 0.002 -3"><span class='ocrx_word' id='word_1_486' title='bbox 187 3594 275 3651; x_wconf 89' lang='lat' dir='ltr'>vel</span> <span class='ocrx_word' id='word_1_487' title='bbox 308 3594 576 3650; x_wconf 91' lang='lat' dir='ltr'>hiulcum</span> <span class='ocrx_word' id='word_1_488' title='bbox 608 3595 667 3650; x_wconf 92' lang='lat' dir='ltr'>in</span> <span class='ocrx_word' id='word_1_489' title='bbox 700 3595 810 3652; x_wconf 80' lang='lat' dir='ltr'>hec</span> <span class='ocrx_word' id='word_1_490' title='bbox 838 3600 996 3652; x_wconf 87' lang='lat' dir='ltr'>textu</span> <span class='ocrx_word' id='word_1_491' title='bbox 1026 3596 1206 3653; x_wconf 89' lang='lat' dir='ltr'>latere</span> <span class='ocrx_word' id='word_1_492' title='bbox 1251 3597 1397 3654; x_wconf 90' lang='lat' dir='ltr'>nihil</span> <span class='ocrx_word' id='word_1_493' title='bbox 1450 3598 1841 3654; x_wconf 87' lang='lat' dir='ltr'>dubitandum</span> 
     </span>
    </p>
   </div>
   <div class='ocr_carea' id='block_1_70' title="bbox 134 3677 1835 3761">
    <p class='ocr_par' dir='ltr' id='par_1_70' title="bbox 134 3677 1835 3761">
     <span class='ocr_line' id='line_1_70' title="bbox 134 3677 1835 3761; baseline 0.002 -23"><span class='ocrx_word' id='word_1_494' title='bbox 134 3677 145 3685; x_wconf 84' lang='grc'><strong>’</strong></span> <span class='ocrx_word' id='word_1_495' title='bbox 187 3683 442 3740; x_wconf 80' lang='lat' dir='ltr'>videtur.</span> <span class='ocrx_word' id='word_1_496' title='bbox 473 3684 664 3740; x_wconf 90' lang='lat' dir='ltr'>Verba</span> <span class='ocrx_word' id='word_1_497' title='bbox 694 3708 723 3735; x_wconf 85' lang='lat'>«</span> <span class='ocrx_word' id='word_1_498' title='bbox 756 3685 1061 3743; x_wconf 83' lang='lat' dir='ltr'>deﬁciente</span> <span class='ocrx_word' id='word_1_499' title='bbox 1092 3687 1164 3742; x_wconf 92' lang='lat' dir='ltr'>ab</span> <span class='ocrx_word' id='word_1_500' title='bbox 1212 3704 1277 3743; x_wconf 90' lang='lat' dir='ltr'>eo</span> <span class='ocrx_word' id='word_1_501' title='bbox 1321 3687 1561 3744; x_wconf 90' lang='lat' dir='ltr'>militari</span> <span class='ocrx_word' id='word_1_502' title='bbox 1616 3688 1781 3761; x_wconf 86' lang='lat' dir='ltr'>copia</span> <span class='ocrx_word' id='word_1_503' title='bbox 1807 3708 1835 3741; x_wconf 72' lang='grc' dir='ltr'>ι»</span> 
     </span>
    </p>
   </div>
   <div class='ocr_carea' id='block_1_71' title="bbox 187 3772 1841 3844">
    <p class='ocr_par' dir='ltr' id='par_1_71' title="bbox 187 3772 1841 3844">
     <span class='ocr_line' id='line_1_71' title="bbox 187 3772 1841 3844; baseline 0.003 -15"><span class='ocrx_word' id='word_1_504' title='bbox 187 3773 334 3829; x_wconf 86' lang='lat' dir='ltr'>nihil</span> <span class='ocrx_word' id='word_1_505' title='bbox 365 3772 528 3829; x_wconf 89' lang='lat' dir='ltr'>aliud</span> <span class='ocrx_word' id='word_1_506' title='bbox 559 3773 801 3830; x_wconf 89' lang='lat' dir='ltr'>innnere</span> <span class='ocrx_word' id='word_1_507' title='bbox 829 3775 1126 3832; x_wconf 90' lang='lat' dir='ltr'>credimus</span> <span class='ocrx_word' id='word_1_508' title='bbox 1155 3777 1270 3833; x_wconf 90' lang='lat' dir='ltr'>nisi</span> <span class='ocrx_word' id='word_1_509' title='bbox 1309 3776 1545 3844; x_wconf 89' lang='lat' dir='ltr'>milites,</span> <span class='ocrx_word' id='word_1_510' title='bbox 1577 3794 1679 3834; x_wconf 90' lang='lat' dir='ltr'>seu</span> <span class='ocrx_word' id='word_1_511' title='bbox 1713 3796 1841 3834; x_wconf 89' lang='lat' dir='ltr'>ma-</span> 
     </span>
    </p>
   </div>
   <div class='ocr_carea' id='block_1_72' title="bbox 186 3863 1841 3937">
    <p class='ocr_par' dir='ltr' id='par_1_72' title="bbox 186 3863 1841 3937">
     <span class='ocr_line' id='line_1_72' title="bbox 186 3863 1841 3937; baseline 0.004 -18"><span class='ocrx_word' id='word_1_512' title='bbox 186 3868 418 3937; x_wconf 74' lang='lat' dir='ltr'>gnetes,</span> <span class='ocrx_word' id='word_1_513' title='bbox 449 3863 552 3937; x_wconf 89' lang='lat' dir='ltr'>qui</span> <span class='ocrx_word' id='word_1_514' title='bbox 582 3864 663 3919; x_wconf 85' lang='lat' dir='ltr'>ita</span> <span class='ocrx_word' id='word_1_515' title='bbox 712 3881 748 3921; x_wconf 89' lang='lat' dir='ltr'>a</span> <span class='ocrx_word' id='word_1_516' title='bbox 803 3865 1075 3922; x_wconf 86' lang='lat' dir='ltr'>Ratherio</span> <span class='ocrx_word' id='word_1_517' title='bbox 1132 3865 1482 3936; x_wconf 88' lang='lat' dir='ltr'>defecerant,</span> <span class='ocrx_word' id='word_1_518' title='bbox 1525 3872 1591 3923; x_wconf 90' lang='lat' dir='ltr'>ut</span> <span class='ocrx_word' id='word_1_519' title='bbox 1646 3867 1841 3925; x_wconf 92' lang='lat' dir='ltr'>Bruno</span> 
     </span>
    </p>
   </div>
   <div class='ocr_carea' id='block_1_73' title="bbox 185 3950 1840 4027">
    <p class='ocr_par' dir='ltr' id='par_1_73' title="bbox 185 3950 1840 4027">
     <span class='ocr_line' id='line_1_73' title="bbox 185 3950 1840 4027; baseline 0.004 -20"><span class='ocrx_word' id='word_1_520' title='bbox 185 3952 443 4008; x_wconf 89' lang='lat' dir='ltr'>multum</span> <span class='ocrx_word' id='word_1_521' title='bbox 475 3969 546 4008; x_wconf 78' lang='lat' dir='ltr'>ex</span> <span class='ocrx_word' id='word_1_522' title='bbox 574 3950 784 4009; x_wconf 87' lang='lat' dir='ltr'>iisdem</span> <span class='ocrx_word' id='word_1_523' title='bbox 815 3954 1144 4025; x_wconf 88' lang='lat' dir='ltr'>adjutorem</span> <span class='ocrx_word' id='word_1_524' title='bbox 1174 3954 1235 4012; x_wconf 93' lang='lat' dir='ltr'>in</span> <span class='ocrx_word' id='word_1_525' title='bbox 1282 3956 1411 4027; x_wconf 88' lang='lat' dir='ltr'>ejus</span> <span class='ocrx_word' id='word_1_526' title='bbox 1442 3956 1840 4013; x_wconf 89' lang='lat' dir='ltr'>defensionem</span> 
     </span>
    </p>
   </div>
   <div class='ocr_carea' id='block_1_74' title="bbox 186 4040 1840 4119">
    <p class='ocr_par' dir='ltr' id='par_1_74' title="bbox 186 4040 1840 4119">
     <span class='ocr_line' id='line_1_74' title="bbox 186 4040 1840 4119; baseline 0.004 -23"><span class='ocrx_word' id='word_1_527' title='bbox 186 4040 452 4099; x_wconf 85' lang='lat' dir='ltr'>invenire</span> <span class='ocrx_word' id='word_1_528' title='bbox 513 4042 789 4115; x_wconf 89' lang='lat' dir='ltr'>potuerit.</span> <span class='ocrx_word' id='word_1_529' title='bbox 856 4043 998 4100; x_wconf 89' lang='lat' dir='ltr'>Vide</span> <span class='ocrx_word' id='word_1_530' title='bbox 1050 4045 1376 4101; x_wconf 79' lang='lat' dir='ltr'>Phrenesz&#39;m</span> <span class='ocrx_word' id='word_1_531' title='bbox 1432 4047 1492 4101; x_wconf 90' lang='lat' dir='ltr'>in</span> <span class='ocrx_word' id='word_1_532' title='bbox 1559 4048 1840 4119; x_wconf 84' lang='lat' dir='ltr'>proccmio</span> 
     </span>
    </p>
   </div>
   <div class='ocr_carea' id='block_1_75' title="bbox 185 4130 1841 4192">
    <p class='ocr_par' dir='ltr' id='par_1_75' title="bbox 185 4130 1841 4192">
     <span class='ocr_line' id='line_1_75' title="bbox 185 4130 1841 4192; baseline 0.004 -6"><span class='ocrx_word' id='word_1_533' title='bbox 185 4148 351 4186; x_wconf 84' lang='lat' dir='ltr'>num.</span> <span class='ocrx_word' id='word_1_534' title='bbox 388 4131 440 4186; x_wconf 93' lang='lat'>1.</span> <span class='ocrx_word' id='word_1_535' title='bbox 472 4130 518 4187; x_wconf 93' lang='lat' dir='ltr'>Ii</span> <span class='ocrx_word' id='word_1_536' title='bbox 547 4147 679 4187; x_wconf 90' lang='lat' dir='ltr'>vero</span> <span class='ocrx_word' id='word_1_537' title='bbox 710 4132 1045 4189; x_wconf 89' lang='lat' dir='ltr'>defecerunt</span> <span class='ocrx_word' id='word_1_538' title='bbox 1076 4151 1110 4189; x_wconf 90' lang='lat' dir='ltr'>a</span> <span class='ocrx_word' id='word_1_539' title='bbox 1132 4134 1407 4191; x_wconf 85' lang='lat' dir='ltr'>Ratherio</span> <span class='ocrx_word' id='word_1_540' title='bbox 1436 4152 1555 4191; x_wconf 91' lang='lat' dir='ltr'>non</span> <span class='ocrx_word' id='word_1_541' title='bbox 1585 4158 1613 4187; x_wconf 83' lang='lat'><strong>«</strong></span> <span class='ocrx_word' id='word_1_542' title='bbox 1643 4141 1841 4192; x_wconf 87' lang='lat' dir='ltr'>exacto</span> 
     </span>
    </p>
   </div>
   <div class='ocr_carea' id='block_1_76' title="bbox 185 4220 1841 4298">
    <p class='ocr_par' dir='ltr' id='par_1_76' title="bbox 185 4220 1841 4298">
     <span class='ocr_line' id='line_1_76' title="bbox 185 4220 1841 4298; baseline 0.004 -23"><span class='ocrx_word' id='word_1_543' title='bbox 185 4221 369 4277; x_wconf 86' lang='lat' dir='ltr'>ferme</span> <span class='ocrx_word' id='word_1_544' title='bbox 399 4220 635 4277; x_wconf 89' lang='lat' dir='ltr'>biennio</span> <span class='ocrx_word' id='word_1_545' title='bbox 668 4243 697 4273; x_wconf 88' lang='lat'>»</span> <span class='ocrx_word' id='word_1_546' title='bbox 730 4226 861 4294; x_wconf 89' lang='lat' dir='ltr'>post</span> <span class='ocrx_word' id='word_1_547' title='bbox 889 4222 1017 4294; x_wconf 88' lang='lat' dir='ltr'>ejus</span> <span class='ocrx_word' id='word_1_548' title='bbox 1039 4223 1479 4281; x_wconf 89' lang='lat' dir='ltr'>destitutionem</span> <span class='ocrx_word' id='word_1_549' title='bbox 1507 4241 1609 4281; x_wconf 89' lang='lat' dir='ltr'>seu</span> <span class='ocrx_word' id='word_1_550' title='bbox 1641 4225 1841 4298; x_wconf 86' lang='lat' dir='ltr'>expul-</span> 
     </span>
    </p>
   </div>
   <div class='ocr_carea' id='block_1_77' title="bbox 185 4310 1843 4381">
    <p class='ocr_par' dir='ltr' id='par_1_77' title="bbox 185 4310 1843 4381">
     <span class='ocr_line' id='line_1_77' title="bbox 185 4310 1843 4381; baseline 0.003 -14"><span class='ocrx_word' id='word_1_551' title='bbox 185 4310 416 4367; x_wconf 88' lang='lat' dir='ltr'>sionem</span> <span class='ocrx_word' id='word_1_552' title='bbox 445 4326 477 4366; x_wconf 93' lang='lat' dir='ltr'>e</span> <span class='ocrx_word' id='word_1_553' title='bbox 508 4310 786 4367; x_wconf 87' lang='lat' dir='ltr'>cathedra</span> <span class='ocrx_word' id='word_1_554' title='bbox 811 4312 1169 4381; x_wconf 90' lang='lat' dir='ltr'>Leodicensi,</span> <span class='ocrx_word' id='word_1_555' title='bbox 1190 4315 1290 4369; x_wconf 92' lang='lat' dir='ltr'>sed</span> <span class='ocrx_word' id='word_1_556' title='bbox 1322 4315 1432 4371; x_wconf 92' lang='lat' dir='ltr'>sub</span> <span class='ocrx_word' id='word_1_557' title='bbox 1464 4315 1638 4371; x_wconf 83' lang='lat' dir='ltr'>finem</span> <span class='ocrx_word' id='word_1_558' title='bbox 1663 4316 1843 4372; x_wconf 90' lang='lat' dir='ltr'>ferme</span> 
     </span>
    </p>
   </div>
   <div class='ocr_carea' id='block_1_78' title="bbox 186 4399 1842 4478">
    <p class='ocr_par' dir='ltr' id='par_1_78' title="bbox 186 4399 1842 4478">
     <span class='ocr_line' id='line_1_78' title="bbox 186 4399 1842 4478; baseline 0.004 -22"><span class='ocrx_word' id='word_1_559' title='bbox 186 4399 429 4468; x_wconf 88' lang='lat' dir='ltr'>biennii,</span> <span class='ocrx_word' id='word_1_560' title='bbox 464 4416 581 4472; x_wconf 89' lang='lat' dir='ltr'>quo</span> <span class='ocrx_word' id='word_1_561' title='bbox 612 4400 881 4457; x_wconf 84' lang='lat' dir='ltr'>eamdem</span> <span class='ocrx_word' id='word_1_562' title='bbox 910 4401 1251 4458; x_wconf 86' lang='lat' dir='ltr'>cathedram</span> <span class='ocrx_word' id='word_1_563' title='bbox 1282 4404 1490 4460; x_wconf 89' lang='lat' dir='ltr'>tenuit.</span> <span class='ocrx_word' id='word_1_564' title='bbox 1515 4407 1842 4478; x_wconf 88' lang='lat' dir='ltr'>Antequam</span> 
     </span>
    </p>
   </div>
   <div class='ocr_carea' id='block_1_79' title="bbox 186 4488 1841 4567">
    <p class='ocr_par' dir='ltr' id='par_1_79' title="bbox 186 4488 1841 4567">
     <span class='ocr_line' id='line_1_79' title="bbox 186 4488 1841 4567; baseline 0.004 -24"><span class='ocrx_word' id='word_1_565' title='bbox 186 4505 358 4561; x_wconf 84' lang='lat' dir='ltr'>porro</span> <span class='ocrx_word' id='word_1_566' title='bbox 380 4493 515 4561; x_wconf 90' lang='lat' dir='ltr'>post</span> <span class='ocrx_word' id='word_1_567' title='bbox 543 4488 981 4546; x_wconf 88' lang='lat' dir='ltr'>destitutionem</span> <span class='ocrx_word' id='word_1_568' title='bbox 1013 4491 1232 4547; x_wconf 85' lang='lat' dir='ltr'>rediret</span> <span class='ocrx_word' id='word_1_569' title='bbox 1262 4492 1322 4547; x_wconf 91' lang='lat' dir='ltr'>in</span> <span class='ocrx_word' id='word_1_570' title='bbox 1365 4491 1613 4561; x_wconf 88' lang='lat' dir='ltr'>Italiam,</span> <span class='ocrx_word' id='word_1_571' title='bbox 1642 4498 1698 4549; x_wconf 92' lang='lat' dir='ltr'>et</span> <span class='ocrx_word' id='word_1_572' title='bbox 1721 4495 1841 4567; x_wconf 92' lang='lat' dir='ltr'>epi-</span> 
     </span>
    </p>
   </div>
   <div class='ocr_carea' id='block_1_80' title="bbox 185 4577 1839 4655">
    <p class='ocr_par' dir='ltr' id='par_1_80' title="bbox 185 4577 1839 4655">
     <span class='ocr_line' id='line_1_80' title="bbox 185 4577 1839 4655; baseline 0.004 -23"><span class='ocrx_word' id='word_1_573' title='bbox 185 4582 495 4650; x_wconf 88' lang='lat' dir='ltr'>scopatum</span> <span class='ocrx_word' id='word_1_574' title='bbox 520 4577 914 4636; x_wconf 90' lang='lat' dir='ltr'>Veronensem</span> <span class='ocrx_word' id='word_1_575' title='bbox 935 4584 1204 4637; x_wconf 87' lang='lat' dir='ltr'>Brunone</span> <span class='ocrx_word' id='word_1_576' title='bbox 1218 4586 1425 4654; x_wconf 87' lang='lat' dir='ltr'>agente</span> <span class='ocrx_word' id='word_1_577' title='bbox 1450 4588 1839 4655; x_wconf 89' lang='lat' dir='ltr'>recuperaret,</span> 
     </span>
    </p>
   </div>
   <div class='ocr_carea' id='block_1_81' title="bbox 185 4667 1839 4745">
    <p class='ocr_par' dir='ltr' id='par_1_81' title="bbox 185 4667 1839 4745">
     <span class='ocr_line' id='line_1_81' title="bbox 185 4667 1839 4745; baseline 0.004 -22"><span class='ocrx_word' id='word_1_578' title='bbox 185 4684 302 4723; x_wconf 88' lang='lat' dir='ltr'>non</span> <span class='ocrx_word' id='word_1_579' title='bbox 331 4667 518 4723; x_wconf 89' lang='lat' dir='ltr'>ferme</span> <span class='ocrx_word' id='word_1_580' title='bbox 545 4667 853 4725; x_wconf 89' lang='lat' dir='ltr'>biennium</span> <span class='ocrx_word' id='word_1_581' title='bbox 883 4669 945 4726; x_wconf 92' lang='lat' dir='ltr'>in</span> <span class='ocrx_word' id='word_1_582' title='bbox 976 4686 1085 4727; x_wconf 91' lang='lat' dir='ltr'>sua</span> <span class='ocrx_word' id='word_1_583' title='bbox 1114 4671 1491 4733; x_wconf 82' lang='lat' dir='ltr'>destitutione</span> <span class='ocrx_word' id='word_1_584' title='bbox 1522 4674 1839 4745; x_wconf 84' lang='lat' dir='ltr'>exegit,sed</span> 
     </span>
    </p>
   </div>
   <div class='ocr_carea' id='block_1_82' title="bbox 186 4755 1832 4832">
    <p class='ocr_par' dir='ltr' id='par_1_82' title="bbox 186 4755 1832 4832">
     <span class='ocr_line' id='line_1_82' title="bbox 186 4755 1832 4832; baseline 0.004 -20"><span class='ocrx_word' id='word_1_585' title='bbox 186 4755 535 4813; x_wconf 79' lang='lat' dir='ltr'>sexennium</span> <span class='ocrx_word' id='word_1_586' title='bbox 565 4761 624 4813; x_wconf 90' lang='lat' dir='ltr'>et</span> <span class='ocrx_word' id='word_1_587' title='bbox 670 4757 945 4831; x_wconf 90' lang='lat' dir='ltr'>amplius.</span> <span class='ocrx_word' id='word_1_588' title='bbox 995 4759 1141 4816; x_wconf 91' lang='lat' dir='ltr'>Hinc</span> <span class='ocrx_word' id='word_1_589' title='bbox 1200 4777 1305 4832; x_wconf 91' lang='lat' dir='ltr'>pro</span> <span class='ocrx_word' id='word_1_590' title='bbox 1337 4782 1366 4813; x_wconf 84' lang='lat'><strong>«</strong></span> <span class='ocrx_word' id='word_1_591' title='bbox 1398 4762 1776 4819; x_wconf 90' lang='lat' dir='ltr'>destitutione</span> <span class='ocrx_word' id='word_1_592' title='bbox 1805 4786 1832 4815; x_wconf 87' lang='grc'><strong>››</strong></span> 
     </span>
    </p>
   </div>
   <div class='ocr_carea' id='block_1_83' title="bbox 185 4845 1840 4924">
    <p class='ocr_par' dir='ltr' id='par_1_83' title="bbox 185 4845 1840 4924">
     <span class='ocr_line' id='line_1_83' title="bbox 185 4845 1840 4924; baseline 0.005 -23"><span class='ocrx_word' id='word_1_593' title='bbox 185 4845 332 4902; x_wconf 84' lang='lat' dir='ltr'>forte</span> <span class='ocrx_word' id='word_1_594' title='bbox 356 4845 674 4919; x_wconf 88' lang='lat' dir='ltr'>legendum</span> <span class='ocrx_word' id='word_1_595' title='bbox 696 4851 786 4903; x_wconf 89' lang='lat' dir='ltr'>est</span> <span class='ocrx_word' id='word_1_596' title='bbox 814 4848 1249 4906; x_wconf 81' lang='lat' dir='ltr'>«institutione»</span> <span class='ocrx_word' id='word_1_597' title='bbox 1267 4850 1353 4906; x_wconf 91' lang='lat' dir='ltr'>vel</span> <span class='ocrx_word' id='word_1_598' title='bbox 1379 4850 1600 4924; x_wconf 89' lang='lat' dir='ltr'>aliquid</span> <span class='ocrx_word' id='word_1_599' title='bbox 1625 4853 1840 4922; x_wconf 90' lang='lat' dir='ltr'>simile,</span> 
     </span>
    </p>
   </div>
   <div class='ocr_carea' id='block_1_84' title="bbox 186 4934 1841 5015">
    <p class='ocr_par' dir='ltr' id='par_1_84' title="bbox 186 4934 1841 5015">
     <span class='ocr_line' id='line_1_84' title="bbox 186 4934 1841 5015; baseline 0.006 -26"><span class='ocrx_word' id='word_1_600' title='bbox 186 4951 302 5007; x_wconf 90' lang='lat' dir='ltr'>quo</span> <span class='ocrx_word' id='word_1_601' title='bbox 332 4934 706 5007; x_wconf 81' lang='lat' dir='ltr'>signiﬁcetur</span> <span class='ocrx_word' id='word_1_602' title='bbox 733 4941 1000 4994; x_wconf 86' lang='lat' dir='ltr'>exactum</span> <span class='ocrx_word' id='word_1_603' title='bbox 1031 4956 1065 4994; x_wconf 91' lang='lat' dir='ltr'>a</span> <span class='ocrx_word' id='word_1_604' title='bbox 1096 4938 1370 4996; x_wconf 87' lang='lat' dir='ltr'>Ratherio</span> <span class='ocrx_word' id='word_1_605' title='bbox 1398 4940 1455 4995; x_wconf 91' lang='lat' dir='ltr'>in</span> <span class='ocrx_word' id='word_1_606' title='bbox 1503 4942 1841 5015; x_wconf 89' lang='lat' dir='ltr'>episcopatu</span> 
     </span>
    </p>
   </div>
   <div class='ocr_carea' id='block_1_85' title="bbox 187 5023 1843 5100">
    <p class='ocr_par' dir='ltr' id='par_1_85' title="bbox 187 5023 1843 5100">
     <span class='ocr_line' id='line_1_85' title="bbox 187 5023 1843 5100; baseline 0.005 -20"><span class='ocrx_word' id='word_1_607' title='bbox 187 5024 548 5093; x_wconf 85' lang='lat' dir='ltr'>Leodicensi,</span> <span class='ocrx_word' id='word_1_608' title='bbox 581 5023 644 5081; x_wconf 91' lang='lat' dir='ltr'>in</span> <span class='ocrx_word' id='word_1_609' title='bbox 676 5041 794 5098; x_wconf 89' lang='lat' dir='ltr'>quo</span> <span class='ocrx_word' id='word_1_610' title='bbox 824 5025 1082 5100; x_wconf 86' lang='lat' dir='ltr'>legitime</span> <span class='ocrx_word' id='word_1_611' title='bbox 1111 5027 1300 5085; x_wconf 88' lang='lat' dir='ltr'>fuerat</span> <span class='ocrx_word' id='word_1_612' title='bbox 1332 5029 1637 5087; x_wconf 89' lang='lat' dir='ltr'>institutus</span> <span class='ocrx_word' id='word_1_613' title='bbox 1663 5032 1843 5088; x_wconf 90' lang='lat' dir='ltr'>ferme</span> 
     </span>
    </p>
   </div>
   <div class='ocr_carea' id='block_1_86' title="bbox 186 5113 1842 5194">
    <p class='ocr_par' dir='ltr' id='par_1_86' title="bbox 186 5113 1842 5194">
     <span class='ocr_line' id='line_1_86' title="bbox 186 5113 1842 5194; baseline 0.004 -24"><span class='ocrx_word' id='word_1_614' title='bbox 186 5113 493 5171; x_wconf 90' lang='lat' dir='ltr'>biennium</span> <span class='ocrx_word' id='word_1_615' title='bbox 525 5115 599 5171; x_wconf 91' lang='lat' dir='ltr'>ab</span> <span class='ocrx_word' id='word_1_616' title='bbox 628 5131 784 5171; x_wconf 90' lang='lat' dir='ltr'>anno</span> <span class='ocrx_word' id='word_1_617' title='bbox 811 5115 919 5172; x_wconf 84' lang='lat'>953</span> <span class='ocrx_word' id='word_1_618' title='bbox 949 5117 1022 5172; x_wconf 90' lang='lat' dir='ltr'>ad</span> <span class='ocrx_word' id='word_1_619' title='bbox 1054 5134 1275 5174; x_wconf 88' lang='lat' dir='ltr'>annum</span> <span class='ocrx_word' id='word_1_620' title='bbox 1305 5118 1430 5175; x_wconf 85' lang='lat'>955.</span> <span class='ocrx_word' id='word_1_621' title='bbox 1451 5122 1573 5186; x_wconf 89' lang='lat' dir='ltr'>Quo</span> <span class='ocrx_word' id='word_1_622' title='bbox 1604 5121 1842 5194; x_wconf 89' lang='lat' dir='ltr'>quidem</span> 
     </span>
    </p>
   </div>
   <div class='ocr_carea' id='block_1_87' title="bbox 187 5204 1848 5275">
    <p class='ocr_par' dir='ltr' id='par_1_87' title="bbox 187 5204 1848 5275">
     <span class='ocr_line' id='line_1_87' title="bbox 187 5204 1848 5275; baseline 0.004 -15"><span class='ocrx_word' id='word_1_623' title='bbox 187 5204 425 5261; x_wconf 89' lang='lat' dir='ltr'>biennio</span> <span class='ocrx_word' id='word_1_624' title='bbox 453 5205 638 5261; x_wconf 87' lang='lat' dir='ltr'>ferme</span> <span class='ocrx_word' id='word_1_625' title='bbox 667 5209 887 5275; x_wconf 83' lang='lat' dir='ltr'>exacto,</span> <span class='ocrx_word' id='word_1_626' title='bbox 921 5223 1055 5263; x_wconf 92' lang='lat' dir='ltr'>cum</span> <span class='ocrx_word' id='word_1_627' title='bbox 1098 5208 1445 5265; x_wconf 89' lang='lat' dir='ltr'>defecissent</span> <span class='ocrx_word' id='word_1_628' title='bbox 1494 5209 1566 5265; x_wconf 91' lang='lat' dir='ltr'>ab</span> <span class='ocrx_word' id='word_1_629' title='bbox 1598 5227 1665 5266; x_wconf 93' lang='lat' dir='ltr'>eo</span> <span class='ocrx_word' id='word_1_630' title='bbox 1698 5210 1848 5267; x_wconf 89' lang='lat' dir='ltr'>mili-</span> 
     </span>
    </p>
   </div>
   <div class='ocr_carea' id='block_1_88' title="bbox 189 5295 1845 5373">
    <p class='ocr_par' dir='ltr' id='par_1_88' title="bbox 189 5295 1845 5373">
     <span class='ocr_line' id='line_1_88' title="bbox 189 5295 1845 5373; baseline 0.005 -24"><span class='ocrx_word' id='word_1_631' title='bbox 189 5297 409 5365; x_wconf 87' lang='lat' dir='ltr'>tes,sen</span> <span class='ocrx_word' id='word_1_632' title='bbox 437 5297 806 5367; x_wconf 84' lang='lat' dir='ltr'>magnates,«</span> <span class='ocrx_word' id='word_1_633' title='bbox 835 5295 1044 5368; x_wconf 86' lang='lat' dir='ltr'>pulsus</span> <span class='ocrx_word' id='word_1_634' title='bbox 1075 5298 1147 5353; x_wconf 88' lang='lat' dir='ltr'>ab</span> <span class='ocrx_word' id='word_1_635' title='bbox 1178 5314 1246 5354; x_wconf 77' lang='lat' dir='ltr'>ea</span> <span class='ocrx_word' id='word_1_636' title='bbox 1267 5299 1434 5354; x_wconf 81' lang='lat' dir='ltr'>sede»</span> <span class='ocrx_word' id='word_1_637' title='bbox 1470 5299 1610 5373; x_wconf 63' lang='lat' dir='ltr'>(haec</span> <span class='ocrx_word' id='word_1_638' title='bbox 1630 5302 1845 5357; x_wconf 85' lang='lat' dir='ltr'>subau-</span> 
     </span>
    </p>
   </div>
   <div class='ocr_carea' id='block_1_89' title="bbox 191 5381 1844 5462">
    <p class='ocr_par' dir='ltr' id='par_1_89' title="bbox 191 5381 1844 5462">
     <span class='ocr_line' id='line_1_89' title="bbox 191 5381 1844 5462; baseline 0.005 -24"><span class='ocrx_word' id='word_1_639' title='bbox 191 5382 421 5452; x_wconf 87' lang='lat' dir='ltr'>dienda,</span> <span class='ocrx_word' id='word_1_640' title='bbox 438 5381 532 5439; x_wconf 85' lang='lat' dir='ltr'>vel</span> <span class='ocrx_word' id='word_1_641' title='bbox 562 5384 762 5457; x_wconf 92' lang='lat' dir='ltr'>potius</span> <span class='ocrx_word' id='word_1_642' title='bbox 793 5386 1141 5460; x_wconf 89' lang='lat' dir='ltr'>supplenda)</span> <span class='ocrx_word' id='word_1_643' title='bbox 1173 5387 1233 5442; x_wconf 91' lang='lat' dir='ltr'>in</span> <span class='ocrx_word' id='word_1_644' title='bbox 1260 5388 1484 5444; x_wconf 89' lang='lat' dir='ltr'>Italiam</span> <span class='ocrx_word' id='word_1_645' title='bbox 1518 5389 1705 5462; x_wconf 89' lang='lat' dir='ltr'>petiit,</span> <span class='ocrx_word' id='word_1_646' title='bbox 1730 5408 1844 5447; x_wconf 90' lang='lat' dir='ltr'>non</span> 
     </span>
    </p>
   </div>
   <div class='ocr_carea' id='block_1_90' title="bbox 189 5472 1847 5543">
    <p class='ocr_par' dir='ltr' id='par_1_90' title="bbox 189 5472 1847 5543">
     <span class='ocr_line' id='line_1_90' title="bbox 189 5472 1847 5543; baseline 0.005 -16"><span class='ocrx_word' id='word_1_647' title='bbox 189 5477 396 5528; x_wconf 67' lang='lat' dir='ltr'>tamen</span> <span class='ocrx_word' id='word_1_648' title='bbox 426 5472 656 5543; x_wconf 88' lang='lat' dir='ltr'>statim,</span> <span class='ocrx_word' id='word_1_649' title='bbox 688 5475 792 5531; x_wconf 87' lang='lat' dir='ltr'>sed</span> <span class='ocrx_word' id='word_1_650' title='bbox 819 5492 953 5532; x_wconf 90' lang='lat' dir='ltr'>cum</span> <span class='ocrx_word' id='word_1_651' title='bbox 985 5474 1116 5533; x_wconf 91' lang='lat' dir='ltr'>Otto</span> <span class='ocrx_word' id='word_1_652' title='bbox 1173 5478 1379 5535; x_wconf 89' lang='lat' dir='ltr'>eodem</span> <span class='ocrx_word' id='word_1_653' title='bbox 1432 5479 1752 5540; x_wconf 89' lang='lat' dir='ltr'>descendit.</span> <span class='ocrx_word' id='word_1_654' title='bbox 1781 5484 1847 5537; x_wconf 92' lang='lat' dir='ltr'>ut</span> 
     </span>
    </p>
   </div>
   <div class='ocr_carea' id='block_1_91' title="bbox 187 5562 1844 5641">
    <p class='ocr_par' dir='ltr' id='par_1_91' title="bbox 187 5562 1844 5641">
     <span class='ocr_line' id='line_1_91' title="bbox 187 5562 1844 5641; baseline 0.005 -23"><span class='ocrx_word' id='word_1_655' title='bbox 187 5562 572 5635; x_wconf 90' lang='lat' dir='ltr'>sequentibus</span> <span class='ocrx_word' id='word_1_656' title='bbox 600 5564 796 5621; x_wconf 87' lang='lat' dir='ltr'>verbis</span> <span class='ocrx_word' id='word_1_657' title='bbox 825 5582 895 5622; x_wconf 86' lang='lat' dir='ltr'>ex</span> <span class='ocrx_word' id='word_1_658' title='bbox 940 5566 1187 5640; x_wconf 87' lang='lat' dir='ltr'>Rotgero</span> <span class='ocrx_word' id='word_1_659' title='bbox 1236 5568 1490 5641; x_wconf 89' lang='lat' dir='ltr'>sumptis</span> <span class='ocrx_word' id='word_1_660' title='bbox 1521 5568 1844 5627; x_wconf 89' lang='lat' dir='ltr'>Fnlcninus</span> 
     </span>
    </p>
   </div>
   <div class='ocr_carea' id='block_1_92' title="bbox 188 5651 1843 5730">
    <p class='ocr_par' dir='ltr' id='par_1_92' title="bbox 188 5651 1843 5730">
     <span class='ocr_line' id='line_1_92' title="bbox 188 5651 1843 5730; baseline 0.005 -20"><span class='ocrx_word' id='word_1_661' title='bbox 188 5651 347 5727; x_wconf 73' lang='lat' dir='ltr'>[cvm]</span> <span class='ocrx_word' id='word_1_662' title='bbox 373 5652 648 5727; x_wconf 83' lang='lat' dir='ltr'>explicat.</span> <span class='ocrx_word' id='word_1_663' title='bbox 700 5654 833 5713; x_wconf 65' lang='lat' dir='ltr'>Hec</span> <span class='ocrx_word' id='word_1_664' title='bbox 886 5655 1143 5730; x_wconf 43' lang='lat' dir='ltr'>quidem.</span> <span class='ocrx_word' id='word_1_665' title='bbox 1178 5659 1355 5716; x_wconf 87' lang='lat' dir='ltr'>verba</span> <span class='ocrx_word' id='word_1_666' title='bbox 1413 5659 1612 5717; x_wconf 84' lang='lat' dir='ltr'>statim</span> <span class='ocrx_word' id='word_1_667' title='bbox 1672 5660 1745 5721; x_wconf 83' lang='lat' dir='ltr'>ab</span> <span class='ocrx_word' id='word_1_668' title='bbox 1776 5677 1843 5718; x_wconf 86' lang='lat' dir='ltr'>eo</span> 
     </span>
    </p>
   </div>
   <div class='ocr_carea' id='block_1_93' title="bbox 1952 3324 3606 3400">
    <p class='ocr_par' dir='ltr' id='par_1_93' title="bbox 1952 3324 3606 3400">
     <span class='ocr_line' id='line_1_93' title="bbox 1952 3324 3606 3400; baseline 0.004 -22"><span class='ocrx_word' id='word_1_669' title='bbox 1952 3325 2299 3380; x_wconf 78' lang='lat' dir='ltr'>Invectivam</span> <span class='ocrx_word' id='word_1_670' title='bbox 2323 3342 2485 3380; x_wconf 90' lang='lat' dir='ltr'>num.</span> <span class='ocrx_word' id='word_1_671' title='bbox 2517 3324 2773 3398; x_wconf 89' lang='lat' dir='ltr'>3,palam</span> <span class='ocrx_word' id='word_1_672' title='bbox 2792 3326 2907 3382; x_wconf 80' lang='lat' dir='ltr'>flet.</span> <span class='ocrx_word' id='word_1_673' title='bbox 2938 3326 3123 3400; x_wconf 81' lang='lat' dir='ltr'>igitur</span> <span class='ocrx_word' id='word_1_674' title='bbox 3152 3325 3453 3400; x_wconf 85' lang='lat' dir='ltr'>aliquanto</span> <span class='ocrx_word' id='word_1_675' title='bbox 3472 3332 3606 3385; x_wconf 84' lang='lat' dir='ltr'>ante</span> 
     </span>
    </p>
   </div>
   <div class='ocr_carea' id='block_1_94' title="bbox 1951 3413 3609 3474">
    <p class='ocr_par' dir='ltr' id='par_1_94' title="bbox 1951 3413 3609 3474">
     <span class='ocr_line' id='line_1_94' title="bbox 1951 3413 3609 3474; baseline 0.004 -6"><span class='ocrx_word' id='word_1_676' title='bbox 1951 3413 2104 3468; x_wconf 90' lang='lat' dir='ltr'>diem</span> <span class='ocrx_word' id='word_1_677' title='bbox 2135 3415 2206 3468; x_wconf 87' lang='lat'>27</span> <span class='ocrx_word' id='word_1_678' title='bbox 2232 3414 2498 3470; x_wconf 88' lang='lat' dir='ltr'>Januarii</span> <span class='ocrx_word' id='word_1_679' title='bbox 2558 3414 2695 3470; x_wconf 88' lang='lat' dir='ltr'>anni</span> <span class='ocrx_word' id='word_1_680' title='bbox 2727 3416 2833 3469; x_wconf 90' lang='lat'>962</span> <span class='ocrx_word' id='word_1_681' title='bbox 2886 3414 3209 3473; x_wconf 83' lang='lat' dir='ltr'>Veronensi</span> <span class='ocrx_word' id='word_1_682' title='bbox 3259 3417 3385 3473; x_wconf 90' lang='lat' dir='ltr'>sedi</span> <span class='ocrx_word' id='word_1_683' title='bbox 3415 3417 3609 3474; x_wconf 79' lang='lat' dir='ltr'>fuerat</span> 
     </span>
    </p>
   </div>
   <div class='ocr_carea' id='block_1_95' title="bbox 1951 3502 3604 3576">
    <p class='ocr_par' dir='ltr' id='par_1_95' title="bbox 1951 3502 3604 3576">
     <span class='ocr_line' id='line_1_95' title="bbox 1951 3502 3604 3576; baseline 0.003 -18"><span class='ocrx_word' id='word_1_684' title='bbox 1951 3502 2295 3559; x_wconf 87' lang='lat' dir='ltr'>restitutus:</span> <span class='ocrx_word' id='word_1_685' title='bbox 2330 3504 2504 3575; x_wconf 89' lang='lat' dir='ltr'>idque</span> <span class='ocrx_word' id='word_1_686' title='bbox 2535 3503 2898 3576; x_wconf 90' lang='lat' dir='ltr'>probabilius</span> <span class='ocrx_word' id='word_1_687' title='bbox 2954 3504 3194 3576; x_wconf 84' lang='lat' dir='ltr'>contigit</span> <span class='ocrx_word' id='word_1_688' title='bbox 3250 3510 3384 3562; x_wconf 84' lang='lat' dir='ltr'>ante</span> <span class='ocrx_word' id='word_1_689' title='bbox 3425 3506 3604 3563; x_wconf 81' lang='lat' dir='ltr'>finem</span> 
     </span>
    </p>
   </div>
   <div class='ocr_carea' id='block_1_96' title="bbox 1951 3592 3604 3669">
    <p class='ocr_par' dir='ltr' id='par_1_96' title="bbox 1951 3592 3604 3669">
     <span class='ocr_line' id='line_1_96' title="bbox 1951 3592 3604 3669; baseline 0.003 -22"><span class='ocrx_word' id='word_1_690' title='bbox 1951 3593 2090 3647; x_wconf 91' lang='lat' dir='ltr'>anni</span> <span class='ocrx_word' id='word_1_691' title='bbox 2118 3594 2242 3661; x_wconf 89' lang='grc'>961,</span> <span class='ocrx_word' id='word_1_692' title='bbox 2276 3609 2409 3648; x_wconf 92' lang='lat' dir='ltr'>cum</span> <span class='ocrx_word' id='word_1_693' title='bbox 2442 3593 2571 3649; x_wconf 89' lang='lat' dir='ltr'>Otto</span> <span class='ocrx_word' id='word_1_694' title='bbox 2603 3592 2829 3649; x_wconf 88' lang='lat' dir='ltr'>Italiam</span> <span class='ocrx_word' id='word_1_695' title='bbox 2854 3593 3179 3667; x_wconf 90' lang='lat' dir='ltr'>ingressus,</span> <span class='ocrx_word' id='word_1_696' title='bbox 3214 3595 3453 3651; x_wconf 69' lang='lat' dir='ltr'>Veronae</span> <span class='ocrx_word' id='word_1_697' title='bbox 3484 3596 3604 3669; x_wconf 90' lang='lat' dir='ltr'>pri-</span> 
     </span>
    </p>
   </div>
   <div class='ocr_carea' id='block_1_97' title="bbox 1952 3682 3601 3755">
    <p class='ocr_par' dir='ltr' id='par_1_97' title="bbox 1952 3682 3601 3755">
     <span class='ocr_line' id='line_1_97' title="bbox 1952 3682 3601 3755; baseline 0.004 -19"><span class='ocrx_word' id='word_1_698' title='bbox 1952 3698 2116 3737; x_wconf 90' lang='lat' dir='ltr'>mum</span> <span class='ocrx_word' id='word_1_699' title='bbox 2144 3683 2216 3738; x_wconf 87' lang='lat' dir='ltr'>ab</span> <span class='ocrx_word' id='word_1_700' title='bbox 2246 3682 2405 3739; x_wconf 89' lang='lat' dir='ltr'>Italis</span> <span class='ocrx_word' id='word_1_701' title='bbox 2432 3686 2696 3755; x_wconf 85' lang='lat' dir='ltr'>receptus</span> <span class='ocrx_word' id='word_1_702' title='bbox 2728 3683 2857 3739; x_wconf 91' lang='lat' dir='ltr'>fuit.</span> <span class='ocrx_word' id='word_1_703' title='bbox 2894 3684 3203 3740; x_wconf 83' lang='lat' dir='ltr'>Ratherius</span> <span class='ocrx_word' id='word_1_704' title='bbox 3231 3684 3483 3754; x_wconf 90' lang='lat' dir='ltr'>enim,ut</span> <span class='ocrx_word' id='word_1_705' title='bbox 3512 3703 3601 3742; x_wconf 86' lang='lat' dir='ltr'>re-</span> 
     </span>
    </p>
   </div>
   <div class='ocr_carea' id='block_1_98' title="bbox 1951 3771 3608 3845">
    <p class='ocr_par' dir='ltr' id='par_1_98' title="bbox 1951 3771 3608 3845">
     <span class='ocr_line' id='line_1_98' title="bbox 1951 3771 3608 3845; baseline 0.003 -18"><span class='ocrx_word' id='word_1_706' title='bbox 1951 3771 2314 3840; x_wconf 89' lang='lat' dir='ltr'>stitueretur,</span> <span class='ocrx_word' id='word_1_707' title='bbox 2345 3790 2465 3828; x_wconf 90' lang='lat' dir='ltr'>una</span> <span class='ocrx_word' id='word_1_708' title='bbox 2491 3789 2627 3829; x_wconf 91' lang='lat' dir='ltr'>cum</span> <span class='ocrx_word' id='word_1_709' title='bbox 2656 3772 2785 3845; x_wconf 92' lang='lat' dir='ltr'>ipso</span> <span class='ocrx_word' id='word_1_710' title='bbox 2818 3773 3025 3830; x_wconf 90' lang='lat' dir='ltr'>Ottone</span> <span class='ocrx_word' id='word_1_711' title='bbox 3054 3773 3113 3829; x_wconf 91' lang='lat' dir='ltr'>in</span> <span class='ocrx_word' id='word_1_712' title='bbox 3145 3773 3371 3831; x_wconf 90' lang='lat' dir='ltr'>Italiam</span> <span class='ocrx_word' id='word_1_713' title='bbox 3402 3774 3608 3833; x_wconf 82' lang='lat' dir='ltr'>rediis-</span> 
     </span>
    </p>
   </div>
   <div class='ocr_carea' id='block_1_99' title="bbox 1952 3861 2677 3918">
    <p class='ocr_par' dir='ltr' id='par_1_99' title="bbox 1952 3861 2677 3918">
     <span class='ocr_line' id='line_1_99' title="bbox 1952 3861 2677 3918; baseline 0.001 -1"><span class='ocrx_word' id='word_1_714' title='bbox 1952 3878 2014 3917; x_wconf 91' lang='lat' dir='ltr'>se</span> <span class='ocrx_word' id='word_1_715' title='bbox 2041 3861 2535 3917; x_wconf 88' lang='lat' dir='ltr'>verisimillimnm</span> <span class='ocrx_word' id='word_1_716' title='bbox 2569 3867 2677 3918; x_wconf 88' lang='lat' dir='ltr'>est.</span> 
     </span>
    </p>
   </div>
   <div class='ocr_carea' id='block_1_100' title="bbox 2020 3951 3606 4029">
    <p class='ocr_par' dir='ltr' id='par_1_100' title="bbox 2020 3951 3606 4029">
     <span class='ocr_line' id='line_1_100' title="bbox 2020 3951 3606 4029; baseline 0.002 -23"><span class='ocrx_word' id='word_1_717' title='bbox 2020 3953 2110 4006; x_wconf 86' lang='lat'>82.</span> <span class='ocrx_word' id='word_1_718' title='bbox 2143 3952 2291 4029; x_wconf 82' lang='lat' dir='ltr'>Huic</span> <span class='ocrx_word' id='word_1_719' title='bbox 2340 3955 2535 4008; x_wconf 90' lang='lat' dir='ltr'>autem</span> <span class='ocrx_word' id='word_1_720' title='bbox 2586 3951 2887 4008; x_wconf 69' lang='lat' dir='ltr'>sententiae</span> <span class='ocrx_word' id='word_1_721' title='bbox 2945 3954 3151 4009; x_wconf 90' lang='lat' dir='ltr'>obesse</span> <span class='ocrx_word' id='word_1_722' title='bbox 3204 3953 3475 4009; x_wconf 90' lang='lat' dir='ltr'>videntur</span> <span class='ocrx_word' id='word_1_723' title='bbox 3503 3953 3606 4011; x_wconf 89' lang='lat' dir='ltr'>illa</span> 
     </span>
    </p>
   </div>
   <div class='ocr_carea' id='block_1_101' title="bbox 1949 4041 3603 4114">
    <p class='ocr_par' dir='ltr' id='par_1_101' title="bbox 1949 4041 3603 4114">
     <span class='ocr_line' id='line_1_101' title="bbox 1949 4041 3603 4114; baseline -0.001 -15"><span class='ocrx_word' id='word_1_724' title='bbox 1949 4042 2237 4099; x_wconf 76' lang='lat' dir='ltr'>Itinerarz&#39;i</span> <span class='ocrx_word' id='word_1_725' title='bbox 2266 4043 2490 4111; x_wconf 71' lang='lat' dir='ltr'>num.4,</span> <span class='ocrx_word' id='word_1_726' title='bbox 2515 4041 2729 4113; x_wconf 91' lang='lat' dir='ltr'>quibus</span> <span class='ocrx_word' id='word_1_727' title='bbox 2762 4058 2824 4099; x_wconf 89' lang='lat' dir='ltr'>se</span> <span class='ocrx_word' id='word_1_728' title='bbox 2856 4066 2883 4093; x_wconf 84' lang='grc'>‹‹</span> <span class='ocrx_word' id='word_1_729' title='bbox 2919 4042 3322 4098; x_wconf 86' lang='lat' dir='ltr'>misericordia</span> <span class='ocrx_word' id='word_1_730' title='bbox 3351 4042 3603 4114; x_wconf 88' lang='lat' dir='ltr'>piissimi</span> 
     </span>
    </p>
   </div>
   <div class='ocr_carea' id='block_1_102' title="bbox 1951 4130 3603 4204">
    <p class='ocr_par' dir='ltr' id='par_1_102' title="bbox 1951 4130 3603 4204">
     <span class='ocr_line' id='line_1_102' title="bbox 1951 4130 3603 4204; baseline 0 -16"><span class='ocrx_word' id='word_1_731' title='bbox 1951 4131 2215 4199; x_wconf 83' lang='lat' dir='ltr'>Caesaris,</span> <span class='ocrx_word' id='word_1_732' title='bbox 2276 4136 2560 4204; x_wconf 64' lang='lat' dir='ltr'>praecepto</span> <span class='ocrx_word' id='word_1_733' title='bbox 2620 4130 2942 4203; x_wconf 88' lang='lat' dir='ltr'>apostolici,</span> <span class='ocrx_word' id='word_1_734' title='bbox 2977 4132 3075 4203; x_wconf 92' lang='lat' dir='ltr'>qui</span> <span class='ocrx_word' id='word_1_735' title='bbox 3131 4135 3272 4187; x_wconf 89' lang='lat' dir='ltr'>tunc</span> <span class='ocrx_word' id='word_1_736' title='bbox 3328 4132 3603 4189; x_wconf 64' lang='lat' dir='ltr'>Romanae</span> 
     </span>
    </p>
   </div>
   <div class='ocr_carea' id='block_1_103' title="bbox 1950 4218 3606 4295">
    <p class='ocr_par' dir='ltr' id='par_1_103' title="bbox 1950 4218 3606 4295">
     <span class='ocr_line' id='line_1_103' title="bbox 1950 4218 3606 4295; baseline -0.001 -18"><span class='ocrx_word' id='word_1_737' title='bbox 1950 4225 2194 4295; x_wconf 61' lang='lat' dir='ltr'>praeerat</span> <span class='ocrx_word' id='word_1_738' title='bbox 2224 4221 2369 4292; x_wconf 85' lang='lat' dir='ltr'>sedi,</span> <span class='ocrx_word' id='word_1_739' title='bbox 2401 4220 2623 4291; x_wconf 89' lang='lat' dir='ltr'>judicio</span> <span class='ocrx_word' id='word_1_740' title='bbox 2646 4221 3050 4293; x_wconf 89' lang='lat' dir='ltr'>episcoporum</span> <span class='ocrx_word' id='word_1_741' title='bbox 3074 4218 3606 4292; x_wconf 78' lang='lat' dir='ltr'>synodaliterresti-</span> 
     </span>
    </p>
   </div>
   <div class='ocr_carea' id='block_1_104' title="bbox 1949 4308 3605 4383">
    <p class='ocr_par' dir='ltr' id='par_1_104' title="bbox 1949 4308 3605 4383">
     <span class='ocr_line' id='line_1_104' title="bbox 1949 4308 3605 4383; baseline -0.001 -17"><span class='ocrx_word' id='word_1_742' title='bbox 1949 4316 2145 4367; x_wconf 89' lang='lat' dir='ltr'>tntum</span> <span class='ocrx_word' id='word_1_743' title='bbox 2175 4314 2441 4365; x_wconf 90' lang='lat' dir='ltr'>testatur.</span> <span class='ocrx_word' id='word_1_744' title='bbox 2478 4331 2506 4360; x_wconf 87' lang='grc'><strong>››</strong></span> <span class='ocrx_word' id='word_1_745' title='bbox 2530 4311 2799 4383; x_wconf 83' lang='lat' dir='ltr'>Synodus</span> <span class='ocrx_word' id='word_1_746' title='bbox 2823 4310 3179 4380; x_wconf 86' lang='lat' dir='ltr'>enim,cujus</span> <span class='ocrx_word' id='word_1_747' title='bbox 3190 4308 3415 4381; x_wconf 91' lang='lat' dir='ltr'>judicio</span> <span class='ocrx_word' id='word_1_748' title='bbox 3438 4309 3605 4366; x_wconf 40' lang='lat' dir='ltr'>restis</span> 
     </span>
    </p>
   </div>
   <div class='ocr_carea' id='block_1_105' title="bbox 1950 4399 3602 4472">
    <p class='ocr_par' dir='ltr' id='par_1_105' title="bbox 1950 4399 3602 4472">
     <span class='ocr_line' id='line_1_105' title="bbox 1950 4399 3602 4472; baseline 0.001 -16"><span class='ocrx_word' id='word_1_749' title='bbox 1950 4405 2115 4457; x_wconf 91' lang='lat' dir='ltr'>tutus</span> <span class='ocrx_word' id='word_1_750' title='bbox 2148 4399 2347 4467; x_wconf 88' lang='lat' dir='ltr'>fuit,ut</span> <span class='ocrx_word' id='word_1_751' title='bbox 2377 4416 2509 4455; x_wconf 85' lang='lat' dir='ltr'>mox</span> <span class='ocrx_word' id='word_1_752' title='bbox 2537 4399 2884 4470; x_wconf 89' lang='lat' dir='ltr'>videbimus,</span> <span class='ocrx_word' id='word_1_753' title='bbox 2901 4404 2990 4455; x_wconf 90' lang='lat' dir='ltr'>est</span> <span class='ocrx_word' id='word_1_754' title='bbox 3008 4399 3269 4472; x_wconf 81' lang='lat' dir='ltr'>synodus</span> <span class='ocrx_word' id='word_1_755' title='bbox 3301 4399 3602 4472; x_wconf 90' lang='lat' dir='ltr'>Papiensis</span> 
     </span>
    </p>
   </div>
   <div class='ocr_carea' id='block_1_106' title="bbox 1952 4488 3600 4565">
    <p class='ocr_par' dir='ltr' id='par_1_106' title="bbox 1952 4488 3600 4565">
     <span class='ocr_line' id='line_1_106' title="bbox 1952 4488 3600 4565; baseline -0.001 -19"><span class='ocrx_word' id='word_1_756' title='bbox 1952 4488 2429 4565; x_wconf 86' lang='lat' dir='ltr'>[cvm]celcbrata</span> <span class='ocrx_word' id='word_1_757' title='bbox 2449 4494 2581 4561; x_wconf 92' lang='lat' dir='ltr'>post</span> <span class='ocrx_word' id='word_1_758' title='bbox 2610 4490 2869 4545; x_wconf 91' lang='lat' dir='ltr'>medium</span> <span class='ocrx_word' id='word_1_759' title='bbox 2902 4506 3125 4545; x_wconf 86' lang='lat' dir='ltr'>annum</span> <span class='ocrx_word' id='word_1_760' title='bbox 3152 4488 3418 4546; x_wconf 64' lang='lat' dir='ltr'>962.Haec</span> <span class='ocrx_word' id='word_1_761' title='bbox 3447 4506 3600 4557; x_wconf 90' lang='lat' dir='ltr'>vero,</span> 
     </span>
    </p>
   </div>
   <div class='ocr_carea' id='block_1_107' title="bbox 1871 4578 3606 4668">
    <p class='ocr_par' dir='ltr' id='par_1_107' title="bbox 1871 4578 3606 4668">
     <span class='ocr_line' id='line_1_107' title="bbox 1871 4578 3606 4668; baseline -0.001 -32"><span class='ocrx_word' id='word_1_762' title='bbox 1871 4604 1920 4668; x_wconf 72' lang='grc' dir='ltr'>ο</span> <span class='ocrx_word' id='word_1_763' title='bbox 1950 4597 2077 4653; x_wconf 65' lang='lat' dir='ltr'>qua:</span> <span class='ocrx_word' id='word_1_764' title='bbox 2127 4595 2261 4634; x_wconf 90' lang='lat' dir='ltr'>cum</span> <span class='ocrx_word' id='word_1_765' title='bbox 2315 4578 2636 4650; x_wconf 64' lang='lat' dir='ltr'>praemissis</span> <span class='ocrx_word' id='word_1_766' title='bbox 2667 4595 2929 4652; x_wconf 89' lang='lat' dir='ltr'>pugnare</span> <span class='ocrx_word' id='word_1_767' title='bbox 2976 4578 3269 4647; x_wconf 82' lang='lat' dir='ltr'>videntur,</span> <span class='ocrx_word' id='word_1_768' title='bbox 3307 4578 3606 4636; x_wconf 90' lang='lat' dir='ltr'>conciliari</span> 
     </span>
    </p>
   </div>
   <div class='ocr_carea' id='block_1_108' title="bbox 1950 4668 3604 4742">
    <p class='ocr_par' dir='ltr' id='par_1_108' title="bbox 1950 4668 3604 4742">
     <span class='ocr_line' id='line_1_108' title="bbox 1950 4668 3604 4742; baseline 0 -18"><span class='ocrx_word' id='word_1_769' title='bbox 1950 4669 2117 4725; x_wconf 89' lang='lat' dir='ltr'>facile</span> <span class='ocrx_word' id='word_1_770' title='bbox 2148 4675 2389 4742; x_wconf 86' lang='lat' dir='ltr'>queunt,</span> <span class='ocrx_word' id='word_1_771' title='bbox 2425 4669 2475 4724; x_wconf 88' lang='lat' dir='ltr'>si</span> <span class='ocrx_word' id='word_1_772' title='bbox 2505 4670 2773 4724; x_wconf 90' lang='lat' dir='ltr'>dicamus</span> <span class='ocrx_word' id='word_1_773' title='bbox 2805 4668 3145 4724; x_wconf 77' lang='lat' dir='ltr'>Ratherinm</span> <span class='ocrx_word' id='word_1_774' title='bbox 3198 4686 3317 4724; x_wconf 69' lang='lat' dir='ltr'>sum</span> <span class='ocrx_word' id='word_1_775' title='bbox 3364 4668 3604 4741; x_wconf 89' lang='lat' dir='ltr'>quidem</span> 
     </span>
    </p>
   </div>
   <div class='ocr_carea' id='block_1_109' title="bbox 1949 4757 3601 4826">
    <p class='ocr_par' dir='ltr' id='par_1_109' title="bbox 1949 4757 3601 4826">
     <span class='ocr_line' id='line_1_109' title="bbox 1949 4757 3601 4826; baseline -0.001 -12"><span class='ocrx_word' id='word_1_776' title='bbox 1949 4758 2073 4814; x_wconf 92' lang='lat' dir='ltr'>sedi</span> <span class='ocrx_word' id='word_1_777' title='bbox 2128 4759 2200 4815; x_wconf 92' lang='lat' dir='ltr'>ab</span> <span class='ocrx_word' id='word_1_778' title='bbox 2249 4759 2456 4815; x_wconf 86' lang='lat' dir='ltr'>Ottone</span> <span class='ocrx_word' id='word_1_779' title='bbox 2515 4758 2735 4826; x_wconf 87' lang='lat' dir='ltr'>statim,</span> <span class='ocrx_word' id='word_1_780' title='bbox 2796 4774 2928 4813; x_wconf 89' lang='lat' dir='ltr'>eum</span> <span class='ocrx_word' id='word_1_781' title='bbox 2987 4758 3278 4814; x_wconf 88' lang='lat' dir='ltr'>Veronam</span> <span class='ocrx_word' id='word_1_782' title='bbox 3333 4757 3601 4826; x_wconf 90' lang='lat' dir='ltr'>accessit,</span> 
     </span>
    </p>
   </div>
   <div class='ocr_carea' id='block_1_110' title="bbox 1950 4846 3607 4921">
    <p class='ocr_par' dir='ltr' id='par_1_110' title="bbox 1950 4846 3607 4921">
     <span class='ocr_line' id='line_1_110' title="bbox 1950 4846 3607 4921; baseline 0 -18"><span class='ocrx_word' id='word_1_783' title='bbox 1950 4848 2131 4905; x_wconf 91' lang='lat' dir='ltr'>fuisse</span> <span class='ocrx_word' id='word_1_784' title='bbox 2161 4849 2353 4921; x_wconf 89' lang='lat' dir='ltr'>reipsa</span> <span class='ocrx_word' id='word_1_785' title='bbox 2381 4849 2718 4905; x_wconf 90' lang='lat' dir='ltr'>restitutum</span> <span class='ocrx_word' id='word_1_786' title='bbox 2750 4864 2904 4903; x_wconf 88' lang='lat' dir='ltr'>anno</span> <span class='ocrx_word' id='word_1_787' title='bbox 2929 4848 3055 4915; x_wconf 87' lang='lat'>961,</span> <span class='ocrx_word' id='word_1_788' title='bbox 3091 4846 3305 4903; x_wconf 91' lang='lat' dir='ltr'>Milone</span> <span class='ocrx_word' id='word_1_789' title='bbox 3338 4848 3607 4903; x_wconf 86' lang='lat' dir='ltr'>invasorc</span> 
     </span>
    </p>
   </div>
   <div class='ocr_carea' id='block_1_111' title="bbox 1948 4936 3609 5007">
    <p class='ocr_par' dir='ltr' id='par_1_111' title="bbox 1948 4936 3609 5007">
     <span class='ocr_line' id='line_1_111' title="bbox 1948 4936 3609 5007; baseline -0.001 -15"><span class='ocrx_word' id='word_1_790' title='bbox 1948 4937 2009 4993; x_wconf 91' lang='lat' dir='ltr'>in</span> <span class='ocrx_word' id='word_1_791' title='bbox 2042 4937 2305 4995; x_wconf 90' lang='lat' dir='ltr'>ordinem</span> <span class='ocrx_word' id='word_1_792' title='bbox 2339 4938 2573 4994; x_wconf 85' lang='lat' dir='ltr'>redacto</span> <span class='ocrx_word' id='word_1_793' title='bbox 2599 4955 2612 5007; x_wconf 90' lang='lat'><strong>;</strong></span> <span class='ocrx_word' id='word_1_794' title='bbox 2646 4938 2754 4993; x_wconf 89' lang='lat' dir='ltr'>hoc</span> <span class='ocrx_word' id='word_1_795' title='bbox 2782 4941 2979 4993; x_wconf 89' lang='lat' dir='ltr'>tamen</span> <span class='ocrx_word' id='word_1_796' title='bbox 3004 4937 3194 4993; x_wconf 89' lang='lat' dir='ltr'>adhuc</span> <span class='ocrx_word' id='word_1_797' title='bbox 3225 4936 3609 5003; x_wconf 86' lang='lat' dir='ltr'>obnitente,et</span> 
     </span>
    </p>
   </div>
   <div class='ocr_carea' id='block_1_112' title="bbox 1941 5027 3605 5101">
    <p class='ocr_par' dir='ltr' id='par_1_112' title="bbox 1941 5027 3605 5101">
     <span class='ocr_line' id='line_1_112' title="bbox 1941 5027 3605 5101; baseline -0.004 -17"><span class='ocrx_word' id='word_1_798' title='bbox 1941 5028 2044 5100; x_wconf 89' lang='lat' dir='ltr'>jus</span> <span class='ocrx_word' id='word_1_799' title='bbox 2070 5045 2244 5084; x_wconf 90' lang='lat' dir='ltr'>suum</span> <span class='ocrx_word' id='word_1_800' title='bbox 2276 5032 2701 5101; x_wconf 85' lang='lat' dir='ltr'>propugnante,</span> <span class='ocrx_word' id='word_1_801' title='bbox 2736 5027 3008 5083; x_wconf 90' lang='lat' dir='ltr'>eumdem</span> <span class='ocrx_word' id='word_1_802' title='bbox 3041 5027 3384 5099; x_wconf 90' lang='lat' dir='ltr'>principem,</span> <span class='ocrx_word' id='word_1_803' title='bbox 3416 5028 3483 5079; x_wconf 90' lang='lat' dir='ltr'>ut</span> <span class='ocrx_word' id='word_1_804' title='bbox 3512 5040 3605 5079; x_wconf 88' lang='lat' dir='ltr'>ec-</span> 
     </span>
    </p>
   </div>
   <div class='ocr_carea' id='block_1_113' title="bbox 1952 5114 3605 5191">
    <p class='ocr_par' dir='ltr' id='par_1_113' title="bbox 1952 5114 3605 5191">
     <span class='ocr_line' id='line_1_113' title="bbox 1952 5114 3605 5191; baseline -0.004 -18"><span class='ocrx_word' id='word_1_805' title='bbox 1952 5117 2275 5174; x_wconf 87' lang='lat' dir='ltr'>clesiastico</span> <span class='ocrx_word' id='word_1_806' title='bbox 2328 5134 2560 5191; x_wconf 90' lang='lat' dir='ltr'>quoque</span> <span class='ocrx_word' id='word_1_807' title='bbox 2602 5117 2828 5189; x_wconf 90' lang='lat' dir='ltr'>judicio</span> <span class='ocrx_word' id='word_1_808' title='bbox 2888 5116 3145 5172; x_wconf 83' lang='lat' dir='ltr'>Ratherii</span> <span class='ocrx_word' id='word_1_809' title='bbox 3204 5114 3605 5186; x_wconf 88' lang='lat' dir='ltr'>episcopatum</span> 
     </span>
    </p>
   </div>
   <div class='ocr_carea' id='block_1_114' title="bbox 1956 5202 3604 5274">
    <p class='ocr_par' dir='ltr' id='par_1_114' title="bbox 1956 5202 3604 5274">
     <span class='ocr_line' id='line_1_114' title="bbox 1956 5202 3604 5274; baseline -0.004 -11"><span class='ocrx_word' id='word_1_810' title='bbox 1956 5208 2477 5274; x_wconf 81' lang='lat' dir='ltr'>confirmaret,rem</span> <span class='ocrx_word' id='word_1_811' title='bbox 2514 5206 2791 5263; x_wconf 88' lang='lat' dir='ltr'>detulisse</span> <span class='ocrx_word' id='word_1_812' title='bbox 2821 5207 2893 5262; x_wconf 91' lang='lat' dir='ltr'>ad</span> <span class='ocrx_word' id='word_1_813' title='bbox 2922 5206 3205 5261; x_wconf 89' lang='lat' dir='ltr'>Joannem</span> <span class='ocrx_word' id='word_1_814' title='bbox 3237 5203 3336 5258; x_wconf 85' lang='lat' dir='ltr'>XII</span> <span class='ocrx_word' id='word_1_815' title='bbox 3368 5202 3604 5274; x_wconf 79' lang='lat' dir='ltr'>pontifi-</span> 
     </span>
    </p>
   </div>
   <div class='ocr_carea' id='block_1_115' title="bbox 1956 5292 3611 5368">
    <p class='ocr_par' dir='ltr' id='par_1_115' title="bbox 1956 5292 3611 5368">
     <span class='ocr_line' id='line_1_115' title="bbox 1956 5292 3611 5368; baseline -0.004 -15"><span class='ocrx_word' id='word_1_816' title='bbox 1956 5315 2103 5365; x_wconf 90' lang='lat' dir='ltr'>cem,</span> <span class='ocrx_word' id='word_1_817' title='bbox 2132 5314 2265 5352; x_wconf 92' lang='lat' dir='ltr'>cum</span> <span class='ocrx_word' id='word_1_818' title='bbox 2300 5298 2541 5352; x_wconf 81' lang='lat' dir='ltr'>Romam</span> <span class='ocrx_word' id='word_1_819' title='bbox 2570 5297 2862 5368; x_wconf 86' lang='lat' dir='ltr'>profectus</span> <span class='ocrx_word' id='word_1_820' title='bbox 2884 5299 3002 5362; x_wconf 88' lang='lat' dir='ltr'>est;</span> <span class='ocrx_word' id='word_1_821' title='bbox 3038 5294 3374 5364; x_wconf 89' lang='lat' dir='ltr'>ibidemque</span> <span class='ocrx_word' id='word_1_822' title='bbox 3398 5308 3460 5348; x_wconf 87' lang='lat' dir='ltr'>re</span> <span class='ocrx_word' id='word_1_823' title='bbox 3489 5292 3611 5348; x_wconf 81' lang='lat' dir='ltr'>dis-</span> 
     </span>
    </p>
   </div>
   <div class='ocr_carea' id='block_1_116' title="bbox 1956 5382 3607 5460">
    <p class='ocr_par' dir='ltr' id='par_1_116' title="bbox 1956 5382 3607 5460">
     <span class='ocr_line' id='line_1_116' title="bbox 1956 5382 3607 5460; baseline -0.004 -17"><span class='ocrx_word' id='word_1_824' title='bbox 1956 5406 2129 5444; x_wconf 84' lang='lat' dir='ltr'>cussa</span> <span class='ocrx_word' id='word_1_825' title='bbox 2158 5394 2215 5443; x_wconf 87' lang='lat' dir='ltr'>et</span> <span class='ocrx_word' id='word_1_826' title='bbox 2248 5388 2497 5460; x_wconf 85' lang='lat' dir='ltr'>cognita,</span> <span class='ocrx_word' id='word_1_827' title='bbox 2515 5404 2617 5441; x_wconf 81' lang='lat' dir='ltr'>nec</span> <span class='ocrx_word' id='word_1_828' title='bbox 2651 5403 2763 5441; x_wconf 90' lang='lat' dir='ltr'>non</span> <span class='ocrx_word' id='word_1_829' title='bbox 2794 5383 3043 5441; x_wconf 90' lang='lat' dir='ltr'>subinde</span> <span class='ocrx_word' id='word_1_830' title='bbox 3076 5384 3132 5438; x_wconf 91' lang='lat' dir='ltr'>in</span> <span class='ocrx_word' id='word_1_831' title='bbox 3168 5382 3430 5455; x_wconf 89' lang='lat' dir='ltr'>Papiensi</span> <span class='ocrx_word' id='word_1_832' title='bbox 3464 5400 3607 5438; x_wconf 87' lang='lat' dir='ltr'>con—</span> 
     </span>
    </p>
   </div>
   <div class='ocr_carea' id='block_1_117' title="bbox 1955 5472 3608 5550">
    <p class='ocr_par' dir='ltr' id='par_1_117' title="bbox 1955 5472 3608 5550">
     <span class='ocr_line' id='line_1_117' title="bbox 1955 5472 3608 5550; baseline -0.005 -15"><span class='ocrx_word' id='word_1_833' title='bbox 1955 5477 2109 5547; x_wconf 91' lang='lat' dir='ltr'>cilio,</span> <span class='ocrx_word' id='word_1_834' title='bbox 2140 5482 2388 5550; x_wconf 90' lang='lat' dir='ltr'>utraque</span> <span class='ocrx_word' id='word_1_835' title='bbox 2416 5475 2762 5533; x_wconf 88' lang='lat' dir='ltr'>auctoritate</span> <span class='ocrx_word' id='word_1_836' title='bbox 2792 5489 3029 5529; x_wconf 86' lang='lat' dir='ltr'>causam</span> <span class='ocrx_word' id='word_1_837' title='bbox 3066 5472 3338 5530; x_wconf 87' lang='lat' dir='ltr'>Ratherio</span> <span class='ocrx_word' id='word_1_838' title='bbox 3369 5472 3608 5545; x_wconf 86' lang='lat' dir='ltr'>adjndi-</span> 
     </span>
    </p>
   </div>
   <div class='ocr_carea' id='block_1_118' title="bbox 1954 5567 2376 5626">
    <p class='ocr_par' dir='ltr' id='par_1_118' title="bbox 1954 5567 2376 5626">
     <span class='ocr_line' id='line_1_118' title="bbox 1954 5567 2376 5626; baseline -0.012 0"><span class='ocrx_word' id='word_1_839' title='bbox 1954 5573 2143 5626; x_wconf 86' lang='lat' dir='ltr'>catam</span> <span class='ocrx_word' id='word_1_840' title='bbox 2174 5567 2376 5623; x_wconf 90' lang='lat' dir='ltr'>fuisse.</span> 
     </span>
    </p>
   </div>
   <div class='ocr_carea' id='block_1_119' title="bbox 2023 5652 3607 5732">
    <p class='ocr_par' dir='ltr' id='par_1_119' title="bbox 2023 5652 3607 5732">
     <span class='ocr_line' id='line_1_119' title="bbox 2023 5652 3607 5732; baseline -0.003 -18"><span class='ocrx_word' id='word_1_841' title='bbox 2023 5659 2113 5714; x_wconf 90' lang='lat'>83.</span> <span class='ocrx_word' id='word_1_842' title='bbox 2169 5657 2489 5732; x_wconf 81' lang='lat' dir='ltr'>Synodum,</span> <span class='ocrx_word' id='word_1_843' title='bbox 2539 5671 2667 5729; x_wconf 68' lang='lat' dir='ltr'>quae</span> <span class='ocrx_word' id='word_1_844' title='bbox 2716 5653 3059 5713; x_wconf 85' lang='lat' dir='ltr'>Ratherium</span> <span class='ocrx_word' id='word_1_845' title='bbox 3117 5652 3389 5724; x_wconf 86' lang='lat' dir='ltr'>restituit,</span> <span class='ocrx_word' id='word_1_846' title='bbox 3422 5652 3607 5712; x_wconf 87' lang='lat' dir='ltr'>fuisse</span> 
     </span>
    </p>
   </div>
  </div>
