4070 6374
471 341 546 405 91

1433 329 1884 396 RATHERIUS
1931 328 2424 397 VERONENSIS
2467 330 2917 399 EPISCOPUS.

3807 328 3896 397 92

470 472 1126 552 Papiensemindicatur
1147 469 1206 524 in
1227 466 1591 541 Apelogetico
1612 482 1775 526 num,
1809 466 1843 518 7
1869 464 1960 519 his
1989 482 2115 520 ver-
2144 468 2201 534 Α
2227 467 2494 525 S.Petrus
2516 468 2961 541 Damianus,qui
2983 467 3132 524 libro
3156 467 3344 540 primo
3367 466 3537 540 epist.
3563 467 3619 536 9,
3639 467 3847 525 scribit
3875 477 3894 522 :

469 569 582 625 bis:
617 590 644 617 ‹‹
674 564 996 638 Episcopus
1029 577 1189 626 sane,
1223 563 1287 614 ut
1335 558 1392 612 in
1447 555 1666 628 synodo
1707 558 1798 610 est
1846 554 2114 625 Papiensi

470 656 767 730 quondam
787 645 1556 715 clamatum,Veronensium
1583 660 1687 716 ego
1715 645 1763 698 si
1795 660 1988 710 sum,»
2005 647 2112 699 etc.

469 747 730 802 Obscura
759 746 815 796 et
847 741 1189 813 plerumque
1217 733 1507 807 incognita
1528 733 1707 802 hujus
1740 732 1944 803 synodi
1972 731 2115 786 neti-

466 835 550 890 tia
579 851 648 888 ex
701 829 1052 904 quibusdam
1111 823 1341 880 indiciis
1395 821 1746 894 expiscanda
1805 825 1912 874 est.
1974 821 2114 875 Tres

469 925 721 994 majores
752 918 1154 991 episcoporum
1189 928 1398 966 causas
1420 911 1491 965 ad
1525 911 1652 981 ejus
1684 909 1886 981 synodi
1918 909 2114 964 Patres

469 1013 691 1068 delatas
724 1025 787 1063 ac
818 1005 1085 1062 deﬁnitas
1117 998 1805 1056 invenimus.Cencilium
1829 999 2116 1052 Remense

467 1099 605 1157 anni
646 1099 768 1159 992,
829 1112 878 1148 c.
941 1093 1007 1148 43
1064 1091 1224 1163 (edit.
1289 1087 1539 1146 Wecheli
1591 1086 1956 1151 Francefurt,
2017 1104 2110 1140 an.

468 1191 604 1244 1600
634 1205 685 1259 p.
717 1185 828 1256 99),
862 1183 1008 1236 duas
1039 1196 1248 1235 causas
1309 1178 1367 1232 in
1426 1175 1702 1231 anteriori
1765 1173 2008 1229 concilio
2036 1174 2112 1229 si-

463 1276 582 1333 mul
605 1274 954 1346 dijudicatas
975 1270 1222 1342 prmfcrt,
1249 1267 1490 1322 alteram
1514 1264 1770 1319 Ratherii
1814 1263 2112 1318 Veronen-

461 1366 542 1422 sis
593 1363 847 1436 episcopi
895 1364 1095 1414 contra
1143 1356 1418 1411 Milonem
1477 1354 1823 1418 invasorem,
1870 1352 2112 1408 alteram

459 1453 609 1510 Petri
645 1446 1064 1520 archiepiscopi
1120 1443 1471 1500 Ravennatis
1525 1446 1727 1497 contra
1768 1442 2109 1496 Honestum.

462 1543 650 1597 «Item
679 1555 807 1611 quae
827 1538 978 1592 circa
991 1534 1135 1590 Rath
1146 1534 1332 1588 erium
1345 1533 1606 1587 Veronen
1619 1548 1738 1586 sem
1751 1529 2109 1602 episcopum,

460 1631 544 1687 vel
573 1607 727 1684 circa
757 1627 989 1682 Petrum
1017 1625 1297 1679 Ravenna:
1329 1621 1829 1692 archiepiscopum
1875 1637 1984 1674 usu
2021 1618 2111 1674 vel
2141 1607 2149 1612 ’

462 1715 882 1776 consuetudine
939 1715 1347 1785 provenerunt,
1381 1711 1452 1765 ab
1511 1709 1786 1764 omnibus
1839 1710 2114 1780 abrogata

463 1813 621 1865 sunt.
653 1806 907 1876 Uterque
954 1801 1110 1857 enim
1145 1816 1248 1854 nec
1306 1797 1689 1853 abdicationis
1750 1801 2010 1868 porrecto
2045 1796 2110 1850 li-
2141 1839 2190 1903 B

459 1895 632 1964 bello,
668 1910 772 1949 nec
805 1889 1263 1948 sacerdotalibus
1294 1886 1576 1959 depositis
1615 1885 1945 1958 insignibus
1978 1902 2108 1939 suc-

461 1999 752 2042 cessorem
813 1982 1132 2050 acceperat,
1168 1975 1477 2032 Ratherius
1528 1974 1766 2046 quidem
1808 1974 2105 2042 Milonem,

458 2075 664 2130 Petrus
693 2087 827 2127 vero
860 2070 1177 2124 Honestum
1200 2065 1353 2120 beati
1383 2063 1733 2135 Apollinaris
1766 2064 2107 2118 abbatem.»

457 2162 577 2218 Etsi
607 2161 664 2216 in
701 2160 794 2214 his
824 2157 1013 2213 verbis
1045 2154 1208 2211 nulla
1233 2153 1439 2225 synodi
1481 2153 1784 2224 Papiensis
1814 2153 1913 2206 ﬁat
1945 2169 2107 2206 men-

455 2250 556 2318 tio,
587 2252 896 2318 utramque
926 2247 1119 2298 tamen
1151 2239 1408 2297 Ratherii
1452 2239 1803 2295 Veronensis
1860 2243 1916 2294 et
1956 2239 2107 2294 Petri

454 2335 806 2396 Ravennatis
836 2348 1075 2389 causam
1109 2331 1312 2386 eodem
1343 2350 1370 2379 ‹‹
1419 2328 1686 2384 omnium
1721 2351 1746 2376 ››
1772 2327 1997 2397 judicio
2030 2328 2110 2383 die

447 2427 775 2499 judicatam
807 2423 988 2478 fuisse
1019 2420 1369 2491 liquet.Cum
1389 2435 1522 2472 vero
1554 2434 1622 2472 ex
1651 2416 1959 2488 descriptis
1991 2417 2108 2471 Ra-

453 2515 628 2572 therii
656 2513 850 2568 verbis
883 2514 1077 2582 pateat
1104 2508 1284 2579 hujus
1335 2523 1571 2562 causam
1621 2505 1803 2561 fuisse
1850 2505 2108 2561 decisam

456 2605 514 2660 in
551 2603 770 2677 synodo
801 2598 1090 2672 Papiensi,
1125 2597 1279 2652 idem
1312 2596 1381 2651 de
1414 2594 1563 2650 Petri
1598 2595 1946 2650 Ravennatis
1977 2611 2109 2650 can-

457 2711 524 2751 sa
553 2693 866 2749 dicendum
892 2693 1000 2744 est.

527 2785 615 2838 84.
677 2782 876 2836 Patres
931 2779 1186 2834 Joannes
1243 2774 1590 2830 Benedictus
1649 2773 1992 2830 Mitarellius
2051 2777 2109 2829 et

455 2872 767 2929 Anselmus
797 2866 1202 2934 Costadonius,
1235 2863 1334 2936 qui
1394 2862 1580 2918 multo
1639 2862 1833 2917 studio
1891 2866 1947 2917 et
1983 2878 2109 2918 eru-

460 2961 679 3019 ditione
743 2957 996 3032 Annales
1075 2951 1550 3008 Camaldulenses
1629 2952 1944 3023 digessere,
2022 2951 2107 3006 le-

459 3055 704 3125 quentcs
761 3049 832 3104 de
891 3047 1165 3111 Honeste,
1228 3042 1328 3114 qui
1401 3042 1568 3097 Petro
1653 3041 1954 3106 successit,
2015 3041 2107 3096 ni-

457 3141 540 3197 hil
599 3141 670 3195 de
727 3134 1024 3209 Papiensi,
1094 3132 1180 3189 vel
1259 3131 1374 3187 alia
1448 3130 1689 3203 synodo,
1750 3147 1875 3202 qua:
1951 3130 2104 3185 Petri

2227 579 2256 606 ‹‹
2291 557 2494 613 Petrus
2527 559 2704 614 etiam
2737 558 3213 630 archiepiscopus
3243 557 3640 613 Ravennatem
3657 557 3896 614 dimisit

2225 645 2665 715 Ecclesiam,cui
2696 664 2832 702 mox
2863 647 3054 702 adhuc
3084 646 3407 718 superstiti,
3443 646 3734 702 Honestus
3765 647 3892 718 pri-

2226 752 2320 790 mo
2351 735 2614 792 videlicet
2643 736 2848 792 Ottone
2906 735 3165 792 habenas
3222 734 3453 808 imperii
3496 736 3889 808 gubernante,

2226 825 2527 880 successit.
2559 847 2586 874 ››
2612 826 2890 880 Eamdem
2925 841 3421 895 rem,annumque
3447 839 3516 879 ex
3547 823 3657 880 alio
3685 825 3894 897 utique

2226 914 2379 969 fonte
2393 914 2661 985 designat
2674 913 2848 968 etiam
2863 913 3163 968 Albericus
3188 913 3245 966 in
3264 911 3590 968 Chronicon
3609 913 3889 969 editionis

2225 1002 2492 1057 Leibnitii
2546 1003 2616 1057 ad
2672 1019 2892 1056 annum
2941 1002 3086 1055 971:
3123 1024 3149 1050 «
3211 1002 3417 1056 Petrus
3477 1003 3888 1058 Ravennatum

2223 1092 2621 1163 episcopatum
2638 1089 3022 1161 dimisit,post
3041 1106 3216 1161 quem
3239 1089 3366 1145 loco
3390 1089 3575 1162 ipsius
3593 1092 3888 1148 Honestus

2224 1181 2540 1252 praeﬁcitur
2569 1181 2631 1252 (t.
2667 1180 2714 1234 II
2741 1185 2946 1235 Access.
2981 1181 3207 1247 Histor.,
3265 1195 3321 1250 p.
3382 1179 3490 1250 19).
3526 1201 3553 1228 ››
3586 1179 3746 1235 Idem
3779 1179 3887 1236 alii

2224 1286 2426 1326 omnes
2459 1269 2866 1335 tradunt,adco
2899 1273 2962 1322 ut
2991 1267 3143 1322 hanc
3175 1267 3526 1323 sententiam
3559 1291 3586 1317 «
3621 1285 3887 1325 commu-

2225 1375 2358 1413 nem
2394 1380 2420 1407 ››
2454 1358 2563 1428 ipsi
2597 1356 2912 1411 Annalium
2945 1354 3482 1410 Camaldulensium
3505 1361 3772 1412 auctores
3806 1358 3888 1413 fa-

2220 1447 2580 1502 teantur.His
2595 1450 2787 1500 autem
2801 1445 3075 1499 omnibus
3092 1443 3304 1499 erroris
3321 1449 3517 1499 notam
3530 1444 3881 1518 impingere,

2223 1536 2462 1608 perinde
2480 1551 2545 1590 ac
2563 1534 2607 1590 si
2634 1534 2835 1588 Petrus
2849 1550 3000 1588 anno
3017 1532 3112 1588 97-l
3141 1549 3255 1588 non
3271 1533 3562 1590 dimiserit
3577 1533 3882 1607 episcopa-

2221 1631 2368 1691 tum,
2403 1625 2500 1679 sed
2524 1624 2594 1678 ab
2617 1623 2953 1694 episcopatu
2979 1623 3238 1693 dejectus
3263 1621 3457 1688 fuerit,
3491 1625 3621 1677 acta
3645 1623 3882 1678 concilii

2224 1713 2528 1769 Remensis
2550 1729 2663 1766 non
2681 1711 2873 1766 solum
2898 1727 3012 1766 non
3033 1716 3268 1783 cogunt,
3297 1711 3436 1782 quin
3459 1711 3654 1782 potius
3675 1711 3882 1767 viden-

2221 1809 2317 1858 tur
2329 1803 2646 1875 exigere,ut
2669 1802 3052 1873 dejectionem
3076 1802 3203 1872 ejus
3219 1817 3283 1856 ac
3308 1800 3556 1856 subinde
3576 1801 3882 1857 restitute-

2220 1909 2354 1947 nem
2385 1890 2701 1947 evehamus
2722 1894 2856 1944 ante
2873 1906 3094 1946 annum
3111 1891 3236 1957 971,
3271 1893 3326 1945 et
3357 1888 3571 1946 idcirco
3602 1889 3881 1961 dejectio-

2219 1998 2352 2036 nem
2387 1980 2574 2052 ipsius
2607 1979 3044 2052 distinguamus
3093 1997 3128 2034 a
3172 1977 3537 2047 dimissione,
3568 1996 3694 2051 quae
3722 1995 3881 2036 anno

2217 2071 2316 2125 971
2353 2069 2703 2142 assignanda
2733 2069 2910 2124 est.In
2943 2067 3151 2124 iisdem
3178 2067 3459 2122 nimirum
3487 2067 3881 2126 Remensibus

2219 2159 2398 2232 gestis
2426 2175 2536 2212 non
2561 2162 2789 2212 tantum
2806 2156 2955 2212 Pelri
2979 2157 3431 2228 dejectie,quam
3451 2174 3628 2212 unam
3653 2156 3880 2213 laudati

2218 2253 2486 2305 auctores
2512 2247 2976 2314 considerarunt,
3012 2247 3111 2302 sed
3144 2250 3200 2301 et
3249 2245 3542 2302 restitutio
3571 2245 3881 2319 perspicue

2218 2339 2503 2404 innuitur,
2538 2354 2672 2392 cum
2703 2340 2832 2391 acta
2862 2339 3065 2391 contra
3107 2334 3322 2406 ipsum,
3375 2336 3589 2407 quibus
3647 2334 3880 2392 scilicet

2218 2428 2289 2481 ab
2323 2426 2658 2498 episcopatu
2691 2425 2881 2479 fuerat
2909 2425 3148 2496 ejectus,
3179 2445 3207 2473 ‹‹
3237 2424 3308 2478 ab
3339 2423 3613 2479 omnibus
3647 2423 3879 2496 (synodi

2219 2516 2419 2586 utique
2452 2512 2744 2584 Patribus)
2768 2511 2880 2585 [cx]
2913 2513 3192 2585 abrogata
3225 2533 3252 2562 ››
3285 2511 3611 2567 tradunt.In
3643 2528 3710 2567 ea
3739 2528 3878 2568 sen-

2218 2605 2420 2673 tentia,
2454 2621 2571 2675 qua
2601 2603 2864 2673 dejectus
2894 2601 3151 2656 creditur
3195 2618 3347 2657 anno
3376 2601 3504 2668 971,
3536 2600 3790 2656 Honeste
3823 2601 3880 2657 ei

2219 2692 2630 2766 subrogate,de
2660 2691 2844 2762 ipsius
2873 2691 3239 2747 restitutione
3269 2691 3525 2746 Honeste
3547 2689 3780 2746 excluso
3801 2707 3880 2746 ne

2216 2784 2456 2838 verbum
2488 2782 2722 2853 quidem
2749 2797 2874 2848 ;nec
2904 2780 3257 2835 documenta
3278 2781 3406 2851 ejus
3435 2779 3878 2852 temporis,quaa

2217 2873 2536 2928 Honestum
2569 2870 2626 2924 in
2660 2886 2768 2925 sua
2796 2869 2935 2925 sede
2959 2885 3361 2941 perseverasse
3378 2869 3690 2925 ostendant
3717 2885 3878 2926 anno

2214 2963 2320 3017 972
2350 2965 2405 3017 et
2436 2958 2818 3032 sequentibus
2850 2959 3026 3013 etiam
3058 2962 3190 3030 post
3220 2958 3370 3013 Petri
3402 2961 3669 3026 mortem,
3689 2957 3877 3030 hujus

2216 3050 2644 3108 restitutionem
2678 3065 2744 3103 ac
2789 3047 3170 3103 remetienem
3213 3047 3452 3104 Honesti
3484 3063 3550 3103 eo
3608 3049 3877 3119 tempore

2217 3156 2589 3213 nequaquam
2620 3138 2945 3210 patiuntur.
2964 3137 3139 3192 Porro
3170 3136 3229 3190 in
3253 3136 3506 3192 laudatis
3537 3135 3718 3208 gestis
3753 3135 3876 3190 Re-

453 3246 691 3286 causam
722 3222 1144 3298 dijudicavel'it,
1179 3219 1479 3293 suspicati,
1513 3220 1633 3275 haec
1688 3223 1949 3275 actorum
1984 3220 2097 3276 RB-
2130 3206 2174 3273 (ἶ
2215 3229 2517 3285 mensibus
2533 3243 2711 3282 causa
2726 3229 2783 3281 et
2804 3225 3090 3281 restitutio
3112 3223 3269 3280 Petri
3283 3241 3418 3280 cum
3438 3206 3616 3280 causa
3635 3228 3692 3279 et
3708 3224 3878 3280 resti-

456 3318 676 3374 mensis
706 3314 911 3388 synodi
959 3312 1136 3366 verba
1185 3309 1646 3381 praecedentibus
1705 3309 1904 3364 statim
1965 3309 2103 3364 sub-

448 3409 606 3479 jecta
655 3405 915 3460 referunt
967 3418 979 3456 :
1038 3422 1065 3451 «
1125 3400 1329 3454 Petrus
1388 3398 1708 3453 Honestum
1766 3398 2103 3453 monasterii

455 3494 609 3550 beati
638 3490 989 3566 Apollinaris
1024 3489 1294 3545 abbatem
1327 3487 1538 3558 (supple
1567 3489 1903 3558 receperat),
1929 3503 2103 3558 quem

455 3586 777 3642 Honestum
812 3581 944 3652 [cxx]
975 3579 1227 3634 domnus
1255 3577 1510 3632 Joannes
1541 3593 1691 3648 papa
1721 3582 2104 3648 cognomento

455 3675 650 3730 Bonus
682 3671 754 3728 ad
788 3668 1250 3726 consecrandum
1284 3665 1447 3738 prius
1479 3664 1588 3720 sibi
1647 3663 1906 3720 oblatum
1937 3665 2100 3736 vidit,

455 3779 634 3836 quam
656 3761 726 3816 de
747 3757 896 3815 Petri
917 3754 1352 3829 dejectione,vel
1382 3755 1538 3809 fama
1560 3754 1866 3809 nuntiante
1893 3771 2103 3828 cogno-

455 3855 634 3908 verat.
677 3873 706 3902 »
760 3849 915 3904 Duos
964 3863 1133 3918 porro
1191 3847 1475 3899 Honestes
1535 3842 1938 3914 distinguunt;
1984 3843 2104 3899 haec

455 3946 650 3999 autem
675 3939 850 3995 verba
881 3937 949 3992 de
971 3936 1222 3991 Honeste
1253 3934 1298 3988 ΙΙ
1328 3931 1684 4004 intelligunt,
1719 3949 1893 4004 quem
1925 3933 2104 3988 Joan-

455 4049 558 4088 nes
587 4047 738 4104 papa
769 4024 1145 4083 consecravit.
1204 4023 1367 4078 Hunc
1411 4037 1542 4077 vero
1573 4022 1859 4077 Joannem
1892 4039 2102 4095 cogno-

454 4126 650 4177 mento
681 4141 710 4171 «
744 4120 968 4175 Bonum
1004 4138 1030 4164 ››
1063 4130 1178 4169 non
1227 4112 1511 4167 Joannem
1557 4111 1655 4166 XII
1709 4112 1879 4183 cujus
1912 4129 2104 4168 mores

452 4209 963 4284 reprehensionem
1024 4205 1416 4269 incurrerunt,
1481 4201 1582 4256 sed
1641 4201 1923 4256 Joannem
1978 4201 2104 4256 XIII

452 4301 634 4356 fuisse
655 4293 1116 4365 existimant,qui
1137 4293 1205 4348 ad
1223 4290 1606 4363 apostolicam
1621 4291 1818 4345 sedem
1843 4290 2106 4346 ascendit

455 4406 608 4445 anno
635 4387 762 4441 965.
796 4385 899 4440 Hic
921 4389 1115 4439 autem
1140 4381 1188 4435 si
1238 4380 1595 4436 consecravit
1628 4380 1969 4446 Honestum,
1999 4381 2103 4436 Pa-

454 4475 674 4552 piensis
705 4473 908 4546 utique
964 4471 1221 4544 synodus
1263 4469 1400 4524 anni
1455 4470 1561 4523 962
1608 4469 1680 4524 de
1720 4485 1899 4524 causa
1949 4469 2104 4525 Petri

2211 3319 2434 3374 tutiene
2464 3314 2722 3371 Ratherii
2753 3315 2833 3369 ita
2867 3315 2993 3385 cenj
3005 3314 3264 3386 ungitur,
3292 3317 3357 3369 ut
3386 3317 3634 3386 utraque
3659 3313 3871 3369 eodem

2205 3407 2428 3480 judicio
2488 3405 2686 3460 decisa
2743 3403 2934 3470 fuerit,
2993 3407 3050 3458 et
3108 3401 3404 3476 abrogatis
3470 3402 3614 3458 actis
3666 3405 3876 3460 contra.

2214 3501 2550 3568 utrumque,
2587 3493 2803 3566 quibus
2835 3493 3001 3547 Petro
3027 3493 3251 3564 dejecto
3274 3491 3869 3560 Honestus,Ratherio

2215 3591 2407 3642 autem
2441 3583 2575 3639 Milo
2599 3582 2878 3638 suffectus
2900 3582 3359 3653 fuerat,uterque
3382 3581 3440 3635 in
3471 3597 3640 3636 suam
3672 3581 3878 3639 sedem

2214 3675 2390 3731 fuerit
2410 3673 2738 3729 restitutus.
2774 3671 2936 3726 Sicut
2960 3687 3096 3743 ergo
3120 3671 3321 3726 actain
3347 3667 3688 3726 Ratherium
3703 3671 3878 3727 abre-

2213 3767 2350 3836 gata
2373 3762 2606 3817 fuerunt
2626 3761 2685 3815 in
2707 3759 2950 3815 concilio
2972 3759 3242 3832 Papiensi
3268 3759 3404 3816 anni
3422 3761 3548 3827 962,
3583 3758 3665 3813 ita
3695 3759 3877 3816 etiam

2213 3853 2430 3908 ibidem
2461 3851 2780 3922 eodemque
2806 3866 2958 3905 anno
2985 3849 3190 3917 recisa,
3222 3865 3351 3920 quae
3397 3848 3456 3904 in
3489 3849 3725 3904 Petrum
3757 3848 3876 3904 Ra-

2211 3943 2518 3996 vennatem
2550 3942 2714 4010 gesta
2741 3937 2998 3993 fuerunt.
3032 3937 3342 3993 Restitutio
3371 3937 3552 4009 igitur
3581 3935 3760 4007 hujus
3779 3936 3879 3993 de-

2214 4034 2370 4085 creta
2399 4029 2459 4083 in
2491 4027 2709 4100 synodo
2757 4027 3027 4099 Papiensi
3075 4026 3277 4083 referri
3311 4027 3515 4098 nequit
3543 4026 3616 4081 ad
3648 4042 3877 4084 annum

2211 4120 2336 4185 971,
2370 4119 2471 4173 sed
2503 4115 2639 4172 huic
2669 4133 2820 4172 anno
2852 4116 3012 4189 afﬁgi
3045 4116 3216 4172 debet
3272 4133 3340 4172 ea
3369 4116 3747 4188 episcopatus
3781 4114 3878 4171 di-

2215 4207 2621 4279 missie,quam
2640 4207 2699 4262 S.
2719 4206 2922 4262 Petrus
2941 4206 3262 4262 Damianus
3279 4208 3336 4260 et
3365 4205 3462 4261 alii
3495 4222 3698 4261 omnes
3711 4221 3876 4261 cem-

2213 4297 2378 4353 muni
2409 4295 2697 4352 sententia
2728 4295 3337 4367 prodiderunt.1taque
3355 4295 3470 4350 duo
3493 4293 3644 4349 facta
3666 4292 3880 4352 distin-

2214 4387 2462 4461 guenda,
2499 4384 2715 4458 quibus
2747 4384 2946 4440 omnia
2977 4383 3382 4451 conciliantur,
3417 4385 3482 4437 ut
3514 4399 3586 4438 ne
3617 4399 3764 4456 epus
3797 4382 3879 4440 sit

2214 4477 2358 4532 duos
2380 4476 2667 4531 Honestes
2700 4477 2981 4540 astruere,
3017 4491 3081 4529 ac
3131 4471 3435 4529 Remensis
3466 4471 3672 4544 synodi
3690 4472 3878 4528 verba

455 4569 655 4623 contra
683 4564 1002 4619 Honestum
1025 4559 1292 4630 ,Ῑυάὶοθονθ
1319 4575 1434 4613 non
1478 4559 1683 4629 Ροιιιίῐο
1716 4559 1966 4614 censent
1993 4559 2103 4615 ita-
2133 4583 2180 4648 D
2212 4566 2490 4622 aliorsum
2508 4563 3108 4634 interpretari.Petrus
3141 4561 3422 4617 nimirum
3445 4560 3634 4634 primo
3653 4561 3727 4616 ab
3750 4559 3877 4634 epi-

456 4672 568 4728 que
590 4651 842 4709 laudatis
871 4649 1060 4705 verbis
1083 4647 1289 4720 synodi
1321 4647 1624 4702 Remensis
1650 4647 1914 4717 indicari,
1948 4649 2100 4720 quod

457 4743 669 4800 accidit
697 4758 848 4797 anno
874 4741 1000 4808 971,
1029 4754 1145 4810 quo
1177 4738 1381 4792 Petrus
1429 4737 1678 4792 Honeste
1712 4737 2104 4794 Ravennatem

456 4833 1022 4906 archiepiscopatum
1081 4828 1379 4884 dimisisse
1423 4827 1712 4894 traditur;
1765 4828 1865 4882 ubi
1908 4831 2104 4884 tamen

456 4928 697 4981 monent
726 4946 754 4974 ‹‹
790 4938 904 4976 non
935 4936 1062 4975 esse
1094 4917 1321 4973 veritati
1374 4915 1543 4988 plane
1589 4915 1847 4972 innixam
1879 4917 2105 4991 opinio-

455 5031 591 5070 nem
636 5012 821 5079 illam,
856 5027 980 5082 quae
1031 5005 1360 5063 communis
1418 5009 1526 5073 est,
1588 5005 1822 5061 Petrum
1883 5007 2106 5064 scilicet

457 5107 662 5177 sponte
684 5099 980 5158 dimisisse
1003 5095 1574 5152 administrationem
1603 5095 1866 5152 Ecclesiae
1890 5097 2108 5153 Raven-

457 5193 610 5248 natis
628 5192 904 5260 (Honesto
923 5187 1014 5258 ΙΙ),
1046 5202 1180 5241 cum
1214 5183 1504 5254 dejectum
1555 5185 1690 5240 sede
1730 5184 1914 5240 fuisse
1944 5201 2102 5240 asse-

458 5285 587 5336 rant
614 5281 814 5336 Patres
845 5277 1154 5335 Gallicanae
1203 5273 1407 5346 synodi
1440 5296 1467 5323 ››
1502 5273 1823 5330 Remensis.
1860 5274 1984 5330 Non
2016 5292 2105 5330 as—

456 5367 760 5424 sentimur.
798 5369 904 5432 Qui
958 5366 1114 5422 enim
1175 5363 1408 5418 Petrum
1451 5363 1646 5418 sedem
1709 5364 2102 5419 Ravennatem

454 5458 708 5514 Honeste
734 5456 1030 5512 dimisisse
1060 5454 1441 5521 tradunt,non
1467 5454 1817 5510 recentiores
1840 5457 2104 5510 auctores

457 5550 614 5613 sunt,
649 5547 748 5602 sed
781 5544 1031 5618 antiqui,
1064 5561 1232 5616 quos,
1266 5542 1378 5598 nisi
1409 5543 1548 5616 quid
1589 5543 1884 5599 evidenter
1914 5547 2101 5615 cogat,

457 5637 728 5709 deceptos
761 5636 943 5694 fuisse
964 5634 1258 5693 afﬁrmare
1289 5651 1403 5691 non
1437 5650 1773 5707 pessumus.
1806 5632 1869 5691 In
1896 5631 1989 5690 his
2019 5637 2108 5692 est

2212 4658 2453 4726 scopatu
2487 4653 2816 4708 Ravennate
2847 4650 3121 4708 exclusus
3170 4651 3280 4707 sub
3337 4650 3561 4706 Joanne
3618 4648 3742 4716 XII,
3769 4665 3881 4723 qui

2213 4745 2454 4818 ignarus
2488 4741 2826 4811 dejectionis
2845 4741 2971 4810 ejus
3003 4741 3324 4797 Honestum
3356 4738 3733 4796 consecravit.
3759 4737 3877 4794 Ne-

2215 4848 2327 4904 que
2358 4833 2584 4884 meveat
2613 4844 2936 4900 cognomen
2972 4849 3000 4878 «
3033 4828 3287 4884 Bonus.»
3317 4826 3440 4882 Nisi
3463 4825 3620 4883 enim
3647 4824 3876 4882 inhane

2214 4936 2413 4976 vocem
2444 4934 2604 4974 error
2634 4917 3149 4989 irrepsit,Jeannes
3179 4917 3282 4972 XII
3304 4913 3634 4985 ironice,vel
3659 4930 3729 4970 ex
3757 4912 3874 4971 alio

2214 5008 2382 5064 titulo
2415 5023 2592 5079 quam
2624 5022 2694 5062 ex
2720 5007 2987 5062 moribus
3011 5030 3038 5056 ‹‹
3062 5007 3257 5062 Bonus
3291 5028 3320 5055 »
3352 5004 3465 5061 dici
3491 5001 3876 5077 potuit.Certe

2213 5096 2423 5154 Joanni
2445 5095 2570 5151 XIII
2588 5094 2696 5151 etsi
2717 5095 2958 5168 optimis
2980 5095 3244 5151 moribus
3264 5093 3650 5167 praedito,non
3671 5095 3873 5149 tamen

2213 5211 2241 5238 «
2273 5186 2468 5254 boni,»
2502 5185 2602 5240 sed
2634 5207 2662 5235 ‹‹
2695 5185 2923 5258 gallinae
2958 5185 3102 5240 albae
3133 5200 3490 5258 ncognomen
3510 5182 3767 5237 inditum
3781 5198 3876 5238 ac-

2211 5275 2494 5348 cepimus.
2527 5275 2670 5331 Dein
2703 5292 2854 5331 anno
2885 5275 2992 5334 962
3023 5274 3227 5348 synodi
3246 5272 3550 5346 Papiensis
3581 5270 3875 5330 sententia

2211 5363 2507 5437 abrogatis
2537 5363 2716 5436 gestis
2749 5363 2809 5418 in
2837 5365 3075 5420 Petrum
3103 5380 3265 5436 aeque
3311 5380 3377 5418 ac
3407 5361 3466 5416 in
3500 5357 3871 5431 Ratherium,

2211 5455 2384 5510 ambo
2417 5471 2537 5510 sua:
2568 5454 2692 5510 sedi
2725 5453 3156 5510 restituti.Hinc
3185 5453 3424 5526 quidem
3450 5449 3602 5506 Petri
3625 5449 3751 5521 jam
3783 5466 3876 5506 ar-

2211 5542 2568 5617 chiepiscopi
2611 5547 2995 5600 monumenta
3038 5546 3356 5616 supersunt
3412 5554 3700 5598 annorum
3737 5539 3870 5610 963,

2213 5635 2338 5705 965,
2370 5634 2495 5703 967,
2531 5636 2588 5689 et
2616 5631 2838 5690 970.De
2862 5631 2972 5690 hoc
3003 5633 3191 5707 primo
3224 5632 3372 5690 facte
3403 5629 3726 5703 loquuntur
3756 5626 3872 5687 Re-
