4070 6380
228 371 315 437 93
1091 326 1102 330 ἃ
1251 371 1864 436 PROLEGOMENA.
1896 405 1974 418 —
2003 371 2383 435 RATHERII
2425 371 2634 435 VITA.
3197 423 3204 426 .
3539 378 3647 443 Μ

237 507 476 564 mensis
519 506 750 563 concilii
782 507 1000 564 Patres.
1026 507 1266 565 Factum
1297 506 1544 562 alterum
1584 507 1643 563 S.
1694 507 1900 563 Petrus
1922 507 1981 575 Α
2007 506 2219 561 timum
2233 505 2573 578 episcopum
2592 511 2796 564 contra
2814 507 3087 565 Milonem
3110 511 3473 584 probaret,eo
3494 531 3650 573 revo-

234 597 560 653 Damianus
593 601 650 653 et
676 598 905 670 antiqui
931 597 1240 653 chronistaa
1284 597 1580 652 memorias
1635 596 1891 652 tradide-

236 690 379 741 runt
397 688 560 742 Anno
605 685 827 742 scilicet
867 687 968 740 971
1007 687 1231 754 Petrus,
1267 686 1442 741 rebus
1473 703 1608 741 cum
1639 686 1892 742 Honeste

234 775 608 847 compositis,
641 776 1045 847 episcopatum
1077 772 1265 830 eidem
1296 779 1505 846 sponte
1528 774 1754 829 dimisit
1782 792 1795 842 ;
1827 790 1894 829 ac

235 868 547 937 propterea
568 863 989 935 subsequentia
1010 863 1362 918 documenta
1378 863 1614 919 Honesti
1637 862 1894 936 episcopi

236 953 597 1008 mentionem
631 952 872 1022 faciunt,
904 951 1000 1024 qui
1033 968 1171 1024 erga
1202 953 1683 1023 praedecessorem
1718 967 1894 1006 suum

236 1047 466 1115 gratus,
501 1046 634 1114 post
670 1041 856 1114 ipsius
887 1046 1136 1097 mortem
1166 1058 1317 1096 anno
1357 1041 1464 1096 975
1501 1039 1898 1096 anniversaria

239 1147 412 1188 sacra
442 1147 547 1202 pro
569 1131 696 1203 ejus
721 1131 918 1186 anima
945 1130 1221 1197 instituit,
1241 1134 1306 1186 ut
1326 1129 1519 1186 videre
1541 1132 1628 1186 est
1644 1129 1705 1184 in
1719 1130 1895 1184 docu-

239 1224 445 1276 mento
477 1236 510 1275 a
538 1219 877 1275 memoratis
910 1217 1218 1276 annalistis
1238 1218 1784 1274 Camaldulensibus
1807 1235 1896 1274 re-

237 1307 360 1365 lato
393 1313 536 1364 tom.
569 1309 612 1378 I,
655 1309 786 1380 [exn]
819 1307 1156 1381 appendicis
1190 1325 1321 1380 pag.
1354 1308 1442 1363 93.

318 1399 410 1454 85.
445 1399 608 1454 Nunc
637 1398 871 1454 tertiam
905 1397 1207 1470 Papiensis
1253 1399 1458 1471 synodi
1490 1415 1726 1454 causam
1760 1414 1895 1470 pro-

240 1487 525 1542 feramus.
550 1488 917 1544 Frodoardns
935 1488 1006 1543 ad
1027 1504 1248 1543 annum
1262 1488 1372 1544 762
1383 1505 1618 1544 causam
1638 1487 1900 1560 suggerit

242 1576 512 1648 Hugonis
564 1576 891 1644 Remensis,
950 1593 1128 1648 quam
1179 1576 1238 1630 in
1299 1576 1561 1632 Romana
1615 1575 1895 1648 primum,

240 1669 449 1737 postea
467 1681 600 1720 vero
623 1665 682 1718 in
715 1664 986 1736 Papiensi
1007 1665 1226 1737 synodo
1247 1665 1628 1736 dijudicatam
1652 1669 1901 1720 testatur

242 1753 479 1809 Mortuo
532 1752 754 1808 scilicet
799 1753 1030 1808 Attaldo
1057 1754 1371 1809 Remorum
1412 1753 1673 1809 antistite
1715 1753 1899 1826 pridie

244 1841 371 1898 Kal.
392 1841 656 1899 Octobris
677 1843 815 1897 anni
831 1841 956 1910 961,
972 1843 1042 1898 de
1055 1859 1387 1899 successore
1404 1842 1666 1916 eligendo
1686 1859 1901 1916 magna

248 1931 547 1987 contentio
579 1931 708 1996 fuit,
732 1947 858 2002 quae
881 1932 952 1986 ad
985 1948 1206 1986 annum
1240 1935 1579 2004 sequentem
1613 1935 1903 2003 protracta

211 2010 217 2016 ’
242 2020 667 2092 est.Hugonem
685 2019 843 2075 enim
862 2019 1204 2092 episcopum
1232 2025 1404 2076 antea
1446 2021 1903 2076 excommuaica—

247 2112 382 2164 tum
419 2113 552 2164 ante
575 2107 888 2182 depulsum
911 2110 1328 2183 consanguinei
1358 2111 1486 2181 ejus
1511 2110 1903 2183 redintegrare

251 2197 668 2266 moliebantur,
689 2197 914 2254 favente
944 2198 1183 2272 Hugone
1205 2198 1350 2254 duce
1385 2199 1759 2254 Francorum.
1795 2199 1902 2254 Lo-

246 2287 482 2342 tbarius
506 2285 831 2343 Galliarum
854 2304 952 2343 rex
970 2310 997 2339 ‹‹
1018 2286 1247 2343 locutus
1269 2305 1403 2343 cum
1425 2293 1669 2361 Hugone
1699 2305 1904 2344 conso-

247 2376 426 2433 brino
448 2392 608 2444 suo,»
637 2375 719 2432 ait
743 2376 1107 2433 Frodoardus
1130 2377 1189 2432 in
1211 2376 1490 2434 Chronico
1513 2394 1606 2431 an.
1628 2377 1754 2445 962,
1779 2393 1910 2449 «pe-

251 2465 401 2520 titus
424 2468 511 2521 est
531 2465 602 2521 ab
628 2481 714 2534 eo,
741 2469 806 2521 ut
837 2465 1068 2538 przsfato
1093 2465 1320 2539 Hugoni
1344 2467 1691 2522 Remensem
1732 2467 1904 2522 resti-

247 2557 380 2610 tuat
399 2554 800 2626 episcopatum
823 2571 836 2622 ;
854 2554 1104 2626 indeque
1128 2553 1394 2610 inducias
1420 2556 1798 2627 paciscuntur
1813 2573 1906 2612 us-

247 2658 363 2714 que
377 2641 451 2697 ad
466 2642 726 2698 medium
743 2643 960 2698 mensis
973 2643 1409 2717 Aprilis.Synod
1418 2662 1486 2700 us
1499 2646 1776 2701 tredecim
1790 2646 1907 2718 epi-

247 2747 564 2803 scoporum
582 2731 640 2786 in
659 2747 807 2805 pago
821 2730 1102 2788 Meldensi
1116 2750 1292 2805 super
1303 2734 1623 2789 Maternam
1640 2734 1901 2804 fluvium,

256 2836 329 2876 ex
356 2821 632 2877 Remensi
662 2820 929 2877 videlicet
960 2838 1025 2877 ac
1043 2823 1363 2878 Senonensi
1389 2823 1621 2879 dioecesi
1647 2823 1905 2880 celebra-

253 2914 374 2981 tur,
411 2909 757 2982 praesidente
815 2909 1136 2966 Senonensi
1194 2911 1460 2984 praesule,
1503 2915 1904 2985 satagentibus

258 2999 620 3071 quibusdam
652 2998 963 3071 episcopis,
997 3003 1064 3054 ut
1092 3000 1321 3073 Hugoni
1354 3018 1505 3073 saepe
1539 3003 1690 3058 dicto
1708 3004 1905 3059 redde-

253 3093 420 3144 retur
477 3089 763 3144 Remense
817 3088 1219 3162 episcopium;
1269 3089 1658 3146 renitentibus
1707 3098 1902 3148 autem

250 3178 545 3250 przecipue
574 3177 856 3234 Roricone
885 3179 1352 3246 Laudunensi,et
1365 3180 1614 3236 Gibuino
1637 3181 1902 3238 Catalau-

2004 599 2188 666 catur,
2225 595 2366 667 quia
2413 595 2574 651 nullo
2633 599 2912 654 canonico
2935 600 3160 670 judicio
3192 603 3512 674 depositus,
3541 622 3648 662 nec

2002 688 2210 756 sponte
2241 684 2471 753 cedens,
2506 685 2606 740 sed
2643 685 2766 742 sola
2795 687 2849 741 vi
2881 689 3151 745 exclusus
3200 691 3399 747 Miloni
3452 693 3646 752 locum

2003 774 2257 844 dederat.
2294 773 2422 828 Haec
2453 778 2648 830 autem
2680 776 2825 832 ratio
2857 795 2991 834 cum
3030 780 3131 835 illa
3155 782 3425 850 concinit,
3459 800 3583 856 quae
3615 802 3651 842 a

2003 859 2275 931 Papiensi
2307 861 2550 915 concilio
2580 864 2918 935 approbata,
2954 865 3013 921 in
3047 867 3190 924 actis
3223 869 3528 928 Remensis
3554 889 3649 946 sy-

2005 949 2140 1003 nodi
2173 949 2310 1003 anni
2339 949 2434 1004 99!
2465 949 2758 1007 indicatur
2785 953 2856 1009 iis
2885 956 3077 1010 verbis
3103 974 3115 1011 :
3143 980 3169 1007 «
3194 959 3308 1014 Nec
3329 961 3648 1017 abdicatio-

2005 1036 2097 1090 nis
2111 1038 2599 1108 porrectolibello,
2617 1058 2719 1096 nec
2739 1045 3198 1103 sacerdotalibus
3220 1049 3652 1120 depositisinsi—

2004 1125 2219 1197 gnibus
2251 1141 2644 1183 successorem
2678 1137 2989 1202 receperat.
3024 1156 3053 1184 »

2078 1215 2166 1269 86.
2200 1215 2514 1270 Ratherius
2575 1217 2634 1272 in
2687 1219 2853 1289 epist.
2886 1223 2918 1274 8
2947 1223 3018 1277 ad
3066 1223 3362 1294 Milonem,
3395 1245 3560 1284 num.
3592 1229 3646 1298 3,

2007 1302 2307 1375 imperiale
2339 1305 2596 1361 edictum
2629 1314 2932 1376 memorat,
2957 1312 3470 1383 etjusjurandum,
3493 1320 3650 1389 quod

2006 1397 2257 1448 nontam
2291 1394 2817 1468 Ratherius,quam
2851 1398 2986 1454 Milo
3009 1399 3201 1456 Ottoni
3235 1406 3648 1474 pra-astiterunt.

2009 1483 2290 1538 «Suadeo
2348 1483 2585 1554 cogites,
2620 1485 2828 1557 inquit,
2885 1506 3062 1559 quam
3123 1495 3322 1547 contra
3372 1494 3647 1567 teipsum,

2007 1588 2141 1628 cum
2174 1577 2478 1643 persancte
2523 1573 2882 1646 imperatori,
2920 1582 2985 1633 ut
3015 1582 3071 1634 et
3098 1597 3223 1652 ego,
3258 1579 3432 1637 ﬁdem
3485 1585 3652 1655 jura-

2007 1660 2180 1727 veris,
2201 1677 2338 1733 agas
2366 1680 2378 1730 ;
2403 1679 2536 1716 cum
2561 1664 2783 1718 BdIlUIIl
2817 1665 2973 1722 illius
2997 1668 3296 1726 destruere
3326 1672 3571 1739 moliris,
3595 1679 3656 1732 et

2007 1748 2158 1818 illos,
2184 1750 2282 1821 qui
2299 1750 2351 1805 ei
2374 1750 2527 1806 idem
2547 1752 2969 1824 jusjurandum
2997 1757 3274 1829 fecerunt,
3300 1763 3453 1833 quod
3472 1767 3556 1831 tu,
3581 1764 3655 1820 ad

2009 1839 2093 1894 tui
2125 1838 2183 1893 in
2217 1838 2324 1894 hoc
2355 1839 2636 1897 trahendo
2669 1843 2951 1900 auxilium
2984 1847 3251 1918 pejuraro
3273 1851 3597 1923 compellis.
3625 1874 3654 1904 ››

2013 1928 2280 1982 Edictum
2315 1928 2563 1997 Ottonis,
2596 1933 2750 2003 quod
2784 1933 2917 1989 Milo
2945 1940 3150 2010 postea
3180 1937 3420 1996 molitus
3445 1946 3534 1997 est
3563 1943 3659 1998 de-

2013 2020 2256 2083 struere,
2275 2034 2407 2072 cum
2443 2019 2784 2076 Ratherium
2814 2039 3152 2096 oppugnare
3184 2043 3298 2082 non
3324 2029 3568 2098 destitit,
3601 2035 3659 2088 et

2012 2109 2374 2162 Veronenses
2407 2106 2645 2164 clericos
2676 2110 2932 2168 fautores
2960 2131 3098 2170 suos
3122 2115 3179 2170 in
3201 2119 3471 2175 eumdem
3499 2137 3658 2177 com-

2013 2195 2210 2263 movit,
2236 2194 2380 2250 illud
2411 2213 2538 2252 esse
2558 2198 2805 2268 videtur,
2827 2218 2940 2274 quo
2962 2201 3234 2261 laudatus
3251 2223 3348 2262 rex
3367 2208 3656 2267 Veronam

2012 2283 2335 2356 ingressus,
2361 2285 2700 2342 Ratherium
2731 2288 2788 2342 in
2813 2307 2980 2345 suam
3003 2293 3199 2348 sedem
3232 2296 3569 2367 restituens,
3593 2302 3659 2355 ut

2014 2371 2343 2445 legitimum
2376 2375 2716 2449 episcopum
2749 2378 2820 2433 ab
2854 2380 3130 2436 omnibus
3161 2382 3338 2455 recipi
3368 2384 3568 2452 voluit,
3602 2391 3661 2444 et

2013 2479 2084 2518 ne
2116 2463 2254 2534 quid
2285 2462 2344 2517 in
2368 2481 2501 2519 eum
2525 2470 2868 2536 tentaretur,
2894 2469 3162 2542 praacepit
3185 2487 3198 2526 ε
3222 2472 3376 2528 unde
3398 2479 3540 2531 sunt
3557 2474 3661 2534 illa

2014 2551 2070 2607 in
2091 2553 2293 2608 eadem
2309 2554 2379 2608 ad
2405 2552 2679 2610 Milonem
2703 2555 2947 2627 epistola
2972 2575 2984 2612 :
3013 2582 3038 2607 ‹‹
3065 2560 3658 2635 Contraimperatoris

2013 2639 2377 2697 malaomnia
2399 2641 3658 2722 interdicentispraaceptum.»Jusjurandum

2011 2746 2166 2796 vero,
2195 2747 2309 2802 quo
2335 2735 2460 2786 tum
2489 2731 2645 2798 Milo,
2672 2751 2798 2788 tum
2824 2735 3151 2805 Ratherius,
3177 2741 3302 2794 tum
3329 2742 3517 2796 caeteri
3541 2759 3660 2799 om-

2013 2838 2118 2876 nes
2140 2820 2325 2876 eidem
2350 2821 2599 2895 principi
2623 2823 2794 2877 ﬁdem
2821 2824 3062 2896 polliciti
3083 2831 3243 2897 sunt,
3267 2829 3397 2900 ejus
3427 2847 3660 2904 quoque

2013 2910 2186 2965 edicti
2216 2910 2608 2966 obedientiam
2635 2912 3004 2983 requirebat;
3039 2932 3104 2970 ac
3162 2922 3469 2990 prepterea
3517 2921 3659 2977 dum

2013 2999 2147 3054 Milo
2163 3003 2362 3055 contra
2376 2999 2715 3055 Ratherium
2730 3001 2933 3059 turbas
2944 3003 3229 3075 excitavit,
3245 3005 3389 3062 illud
3403 3009 3660 3066 edictum

2014 3089 2180 3144 nisus
2209 3089 2388 3144 fuisse
2419 3090 2736 3158 destruere,
2767 3095 2823 3145 et
2843 3108 2959 3146 una
2990 3109 3122 3148 cum
3157 3094 3483 3152 fautoribus
3533 3097 3660 3156 suis

2016 3177 2254 3250 perjurii
2284 3179 2503 3233 crimen
2532 3178 2748 3233 dicitur
2777 3179 3108 3236 incurrisse.
3148 3182 3220 3237 Ut
3248 3183 3383 3240 Milo
3435 3186 3508 3240 ad
3567 3203 3658 3243 ce-

250 3249 449 3323 nensii
480 3265 852 3340 praesulibus,
886 3273 941 3324 et
970 3268 1388 3339 asserentibus,
1423 3271 1576 3342 quod
1609 3290 1643 3328 a
1666 3275 1752 3327 tot
1779 3272 1898 3345 epi-
1931 3249 1973 3316 C
2013 3249 2270 3323 dendum
2296 3267 2566 3323 Ratherio
2588 3267 2987 3340 episcopatum
3012 3269 3240 3328 facilius
3260 3271 3654 3344 induceretur,

251 3355 449 3428 scopis
462 3357 1059 3426 excommunicatus,a
1073 3358 1283 3413 minori
1295 3377 1538 3415 numero
1552 3361 1772 3416 absolvi
1787 3379 1900 3418 non

253 3449 500 3518 poterat.
531 3445 618 3501 Ita
660 3445 1012 3518 relinquitur
1066 3464 1253 3519 usque
1283 3448 1356 3504 ad
1387 3448 1902 3522 interrogationem

253 3551 419 3608 papae
451 3535 719 3592 Romani.
757 3557 784 3584 »
817 3537 885 3590 Et
933 3541 1066 3608 post
1115 3536 1399 3593 nonnulla
1453 3539 1654 3595 eodem
1707 3557 1898 3596 anno:

251 3648 278 3674 ‹‹
307 3623 544 3698 Legatio
565 3625 803 3680 veniens
833 3625 904 3680 ab
934 3626 1158 3682 Joanne
1187 3626 1629 3699 papaintimataa
1644 3630 1900 3702 prfatum

249 3714 560 3786 Hugonem
589 3714 886 3785 quondam
918 3715 1258 3788 episcopum
1288 3720 1409 3772 tam
1441 3717 1512 3773 ab
1569 3718 1696 3790 ipso
1728 3737 1898 3792 papa,

248 3819 432 3876 quam
464 3803 537 3858 ab
567 3803 728 3858 omni
763 3803 1026 3860 Romana
1055 3805 1275 3877 synodo
1307 3807 1898 3878 excommunicatum,

253 3893 357 3948 sed
392 3893 465 3948 ab
500 3891 615 3948 alia
645 3894 866 3965 synodo
897 3895 1051 3966 apud
1093 3894 1332 3966 Papiam
1381 3895 1687 3953 celebrata.
1721 3898 1902 3970 Cujus

242 3980 558 4054 legationis
589 3981 798 4038 redditi
830 3983 1102 4040 certiores
1131 4001 1234 4056 per
1263 3985 1594 4041 Brunoncm
1625 3987 1906 4062 archiepi-

243 4088 496 4145 scopum
527 4071 979 4144 (Coloniensem)
1021 4072 1309 4146 elegimus
1369 4075 1440 4129 ad
1499 4075 1898 4149 episcopatum

244 4161 600 4217 Remensem
641 4161 977 4218 Odalricum
1027 4161 1322 4218 illustram
1370 4163 1736 4222 clericum....
1768 4168 1900 4240 qui-

243 4266 359 4323 que
386 4250 588 4306 Remis
619 4251 923 4307 ordinatur
953 4253 1025 4307 ab
1053 4252 1341 4324 episcopis
1373 4253 1619 4310 Widone
1642 4257 1900 4313 Suessio-

244 4339 398 4408 nico,
432 4339 719 4397 Roricone
776 4342 1164 4410 Laudunensi,
1202 4363 1229 4392 ››
1261 4347 1371 4398 etc.
1408 4343 1659 4400 Inducize
1703 4364 1737 4401 a
1766 4363 1899 4421 rege

241 4430 518 4486 Lothario
548 4433 605 4486 et
660 4430 902 4504 Hugone
953 4431 1102 4486 duce
1158 4431 1372 4488 idcirco
1417 4437 1598 4505 pactae
1628 4435 1900 4492 videntur

243 4542 272 4570 ‹‹
307 4535 498 4592 usque
521 4519 593 4574 ad
616 4518 876 4576 medium
909 4521 1130 4576 mensis
1158 4519 1372 4593 Aprilis
1397 4543 1424 4571 ››
1449 4522 1584 4578 anni
1607 4524 1897 4597 962,quod

2015 3358 2251 3429 sponsio
2285 3358 2545 3426 forsitan,
2577 3362 2676 3412 aut
2702 3357 2911 3414 saltem
2935 3376 3149 3432 magna
3169 3377 3302 3433 spes
3324 3363 3657 3420 succedenti

2015 3448 2098 3503 illi
2131 3448 2428 3520 proposita
2459 3447 2588 3515 fuit,
2624 3464 2757 3502 cum
2790 3447 2934 3503 alter
2963 3454 3118 3505 esset
3137 3451 3250 3506 fere
3271 3456 3658 3525 septuagena-

2013 3538 2157 3604 rius,
2173 3538 2318 3594 alter
2344 3554 2477 3593 vero
2499 3538 2570 3592 ad
2584 3537 3092 3607 modumjuvenis.
3109 3539 3251 3594 Hinc
3274 3539 3658 3599 Ratheriusin

2013 3631 2337 3682 memorata
2361 3626 2604 3699 epistola
2624 3626 2926 3697 inquirens
2949 3645 3052 3683 cur
3073 3645 3106 3683 a
3129 3628 3342 3686 Milone
3359 3647 3658 3704 oppugne-

2011 3721 2110 3772 tur
2143 3734 2155 3771 ;
2188 3716 2316 3772 Haec
2349 3733 2547 3782 causa,
2571 3715 2831 3786 inquit,»
2855 3717 3158 3786 recentior,
3193 3718 3310 3774 imo
3332 3719 3662 3792 praesentis-

2013 3809 2164 3863 sima
2221 3810 2327 3874 est,
2363 3806 2518 3877 quod
2578 3821 2684 3860 nec
2714 3805 2951 3872 morior,
2984 3823 3089 3862 nec
3137 3807 3288 3876 ineo,
3323 3813 3387 3864 ut
3426 3808 3656 3880 incitas,

2016 3898 2214 3970 fugam
2250 3912 2262 3951 ε
2298 3917 2326 3945 ››
2362 3894 2639 3950 alterutro
2682 3895 2838 3949 enim
2870 3896 3041 3952 modo
3102 3895 3198 3952 ille
3226 3896 3285 3952 in
3339 3897 3661 3955 Veronensi

2011 3987 2348 4060 episcOpatu
2381 3984 2780 4050 successisset,
2812 3984 2898 4040 uti
2925 3985 3160 4057 quidem
3189 3986 3492 4056 successit,
3525 4005 3660 4045 cum

2013 4075 2325 4131 Ratherius
2358 4090 2510 4129 anno
2540 4075 2646 4128 968
2677 4073 3079 4146 episcopatum
3113 4092 3355 4146 prorsus
3376 4075 3621 4132 dimisit.

2080 4165 2170 4220 87.
2195 4163 2253 4219 S.
2281 4163 2560 4219 Metronis
2581 4179 2814 4234 corpus,
2839 4163 2993 4234 quod
3016 4163 3076 4217 in
3103 4163 3343 4218 basilica
3365 4167 3421 4218 S.
3452 4163 3660 4222 Vitalis

2013 4253 2287 4327 martyris
2315 4252 2742 4322 continebatur,
2762 4267 2826 4306 ac
2859 4251 3387 4308 innumerabilibus
3404 4251 3662 4310 clarebat

2013 4341 2330 4410 miraculis,
2354 4341 2505 4396 clam
2523 4341 2868 4413 subreptum
2887 4342 3067 4414 [cxm]
3082 4345 3137 4398 et
3157 4342 3270 4398 alio
3296 4345 3660 4416 asportatum

2012 4434 2123 4490 fuit
2155 4432 2245 4488 die
2267 4433 2336 4486 27
2355 4429 2618 4486 Januarii
2651 4430 2810 4485 annii
2839 4431 2968 4497 962,
2993 4435 3056 4486 ut
3085 4430 3660 4506 indicavimuspaulo

2012 4528 2165 4587 ante,
2199 4520 2673 4591 num.81,Hujus
2696 4520 2930 4592 quidem
2955 4519 3093 4575 furti
3119 4521 3664 4596 dubiuminspergit

243 4609 354 4664 sub
378 4608 437 4664 id
458 4612 694 4680 tempus
720 4608 1112 4666 controversia
1134 4609 1190 4664 in
1217 4610 1436 4683 synodo
1459 4610 1738 4669 Meldensi
1761 4614 1900 4669 diri-
1931 4623 1978 4688 D
2010 4611 2322 4668 Ratherius
2339 4611 2397 4665 in
2421 4609 2587 4666 titulo
2610 4609 2927 4678 Invectivze,
2944 4609 3659 4683 hisverbiszccExportatio

242 4697 461 4754 menda
490 4703 844 4770 speraretur.
869 4699 1014 4756 Cum
1044 4715 1178 4755 vero
1199 4700 1456 4772 episcOpi
1477 4700 1538 4756 in
1565 4707 1760 4774 partes
1781 4703 1896 4760 dis-

240 4786 378 4842 cissi
399 4787 671 4844 eamdem
690 4805 926 4844 causam
942 4789 1014 4844 ad
1038 4789 1285 4844 Romani
1301 4790 1596 4861 pontiﬁcis
1605 4792 1900 4863 judicium

239 4876 636 4945 remisissent,
658 4877 922 4933 Romana
953 4879 1212 4951 synodus
1236 4883 1369 4950 post
1396 4879 1654 4952 Aprilem
1677 4881 1897 4953 habita,

238 4968 296 5022 et
307 4964 631 5039 aliquando
646 4967 819 5022 etiam
834 4967 1120 5039 posterior
1132 4968 1392 5040 synodus
1413 4968 1715 5042 Papiensis
1729 4988 1901 5044 agno-

240 5055 460 5111 scitur.
481 5054 566 5110 Ne
596 5071 768 5128 porro
801 5057 948 5112 duas
977 5057 1231 5128 synodos
1261 5056 1452 5129 Papia:
1483 5057 1593 5114 hoc
1623 5077 1774 5116 anno
1794 5061 1901 5117 962

243 5143 573 5200 celebratas
603 5145 827 5217 absque
867 5145 1212 5201 necessitate
1243 5150 1600 5215 astruamus,
1649 5167 1899 5221 quarum

242 5231 426 5288 altera
456 5222 538 5289 de.
561 5233 834 5290 Ratherio
879 5233 1203 5290 Veronensi
1250 5251 1314 5290 ac
1346 5236 1514 5292 Petro
1545 5238 1899 5310 Ravennate,

245 5321 428 5378 altera
461 5321 532 5378 de
563 5321 806 5397 HugOne
837 5319 1108 5380 Reménsi
1143 5324 1493 5379 sententiam
1523 5325 1757 5396 tulerit;
1784 5333 1899 5385 tres

244 5411 540 5484 ejusmodi
571 5427 750 5469 causa
780 5413 839 5468 in
871 5414 1072 5470 eadem
1106 5413 1328 5486 synodo
1354 5413 1617 5486 Papiensi
1647 5417 1755 5473 sub
1786 5435 1900 5474 me-

242 5501 408 5556 dium
440 5501 582 5557 anni
601 5501 883 5577 962(cx11)
902 5503 1166 5576 cognitas
1184 5503 1365 5558 fuisse
1395 5519 1460 5559 ac
1488 5504 1754 5563 deﬁnitas
1767 5525 1899 5581 pro-

243 5590 506 5647 babilius
563 5591 942 5660 arbitramur,
989 5591 1176 5659 Ratio,
1237 5609 1415 5666 quam
1474 5593 1784 5653 Ratherius
1839 5597 1900 5653 in

240 5681 415 5753 epist.
449 5681 486 5738 5
512 5682 585 5739 ad
617 5681 906 5742 Joannem
938 5681 1274 5756 pontificem
1297 5682 1559 5756 protulit,
1586 5689 1650 5744 ut
1669 5702 1729 5745 se
1760 5685 1902 5762 leg‘i-

2012 4701 2348 4775 deploratur
2378 4700 2555 4756 sextis
2589 4703 2831 4755 exeunte
2872 4699 3020 4755 Jano
3076 4699 3373 4769 Kalendis,
3408 4699 3662 4757 inaniter

2015 4791 2302 4864 quamvis.
2335 4791 2574 4846 Factum
2607 4806 2862 4861 namque
2895 4788 2973 4844 sit
2995 4807 3100 4845 nec
3133 4806 3224 4856 ne,
3245 4788 3661 4861 temporalium

2013 4879 2158 4936 nulli
2192 4880 2490 4953 cognitum
2524 4879 2669 4934 bene
2702 4878 2892 4934 fuerit.
2930 4901 2958 4928 »
2992 4879 3226 4935 Addens
3273 4895 3444 4951 porro
3467 4901 3494 4929 ‹‹
3527 4877 3662 4934 licet

2009 4969 2345 5035 verisimile,
2376 4973 2514 5024 tunc
2545 4969 2826 5040 temporis
2853 4984 2987 5024 cum
3018 4973 3215 5023 actum
3264 4971 3372 5034 est,
3405 4966 3662 5022 creditur

2011 5063 2164 5116 certe
2199 5075 2210 5114 :
2249 5081 2275 5108 ››
2303 5057 2602 5131 vulgarem
2633 5058 2702 5112 de
2735 5058 2891 5113 furto
2915 5056 3206 5129 ejusmodi
3229 5055 3566 5128 opinionem
3587 5053 3663 5110 si-

2010 5149 2275 5223 gnificat:
2293 5164 2358 5203 ac
2380 5147 2436 5202 in
2463 5146 2590 5219 ipsa
2609 5149 2879 5203 Invectiva
2900 5147 3121 5202 furtum
3145 5147 3338 5217 ipsum
3355 5148 3658 5216 peractum

2009 5236 2330 5311 praesumit.
2352 5237 2513 5292 Certe
2545 5253 2677 5292 vero
2709 5236 2795 5292 vel
2828 5237 2979 5291 idem
3004 5241 3270 5290 sanctum
3293 5250 3505 5307 corpus
3519 5235 3660 5291 sub-

2011 5333 2242 5400 reptum
2275 5343 2389 5382 non
2422 5325 2548 5394 fuit,
2581 5324 2667 5381 vel
2701 5342 2814 5381 non
2850 5325 3032 5379 multo
3067 5327 3197 5395 post
3228 5327 3658 5395 recuperatum;

2011 5434 2143 5471 cum
2171 5433 2238 5472 ex
2257 5414 2704 5470 immemorabili
2731 5411 3663 5470 traditioneinS.Vitalisecclesia

2011 5506 2391 5573 custodiatur,
2410 5503 2684 5575 nullaque
2713 5502 2826 5559 alia
2847 5502 3048 5559 civitas
3075 5521 3335 5577 unquam
3359 5502 3663 5571 fuerit,aut

2013 5613 2168 5653 nunc
2202 5595 2294 5663 sit,
2329 5611 2455 5665 qua:
2502 5591 2646 5648 illud
2704 5591 2817 5649 sibi
2872 5593 3200 5665 vindicarit,
3236 5597 3336 5650 aut
3380 5593 3656 5649 vindicet.

2011 5685 2218 5744 Confer
2249 5700 2375 5756 quae
2434 5681 2542 5739 hac
2601 5682 2672 5739 de
2729 5699 2790 5740 re
2844 5684 3254 5743 animadvertit
3307 5684 3369 5741 P.
3402 5684 3655 5740 Joannes
