4070 6384
446 331 547 401 ~95

1423 331 1870 396 RATHERIUS
1912 327 2404 403 VERONENSIS
2446 324 2896 393 EPISCOPUS.

3796 322 3887 389 96

467 468 812 527 Franciscus
826 467 1165 525 Manzonius
1183 466 1427 523 Oratorii
1444 465 1813 539 presbyterio
1828 465 2111 538 opusculo
2140 465 2197 532 Α
2227 468 2510 537 praecepto
2540 462 2781 536 perinde
2801 461 3120 528 constricti,
3143 459 3370 516 veniam
3392 458 3734 515 eorumdem
3759 458 3843 513 cri
3856 488 3884 499 -

465 560 618 615 edito
648 563 884 613 Veronae
918 574 1011 612 an.
1047 558 1207 622 1756,
1241 556 1333 611 cui
1362 554 1570 611 titulus
1605 572 1616 611 :
1651 556 1862 610 Notizie
1893 556 2111 609 interno
2220 554 2445 608 minam
2462 549 3295 624 deprecantes,perlocasacra
3318 546 3878 621 peregrinabantur;

465 666 496 702 a
525 652 681 702 santo
712 648 963 701 Matrona.
997 646 1289 716 Frequens
1341 648 1463 698 erat
1520 660 1622 714 per
1670 643 1790 698 haec
1850 648 2113 715 tempora
2220 646 2459 696 sanctus
2496 645 2691 695 autem
2720 640 2899 694 Metro
2922 642 3124 693 catena
3145 637 3277 710 pedi
3317 635 3881 708 imposita,plumbo

464 752 659 791 sacras
691 734 972 806 reliquias
997 739 1098 788 aut
1130 750 1372 805 corpora
1400 732 1600 787 furari.
1625 733 1741 787 Hoc
1774 737 1969 787 autem
1996 732 2111 786 fur-

461 830 588 881 tum
621 841 687 879 eo
720 823 949 879 facilius
983 822 1210 888 accidit,
1246 821 1384 893 quia
1423 838 1557 876 cum
1615 838 1682 875 ex
1732 822 1861 891 ejus
1921 820 2109 875 aetatis

464 914 653 969 abusu
674 914 799 984 jam
828 929 861 966 a
882 911 1179 982 sexaginta
1201 908 1372 965 annis
1393 909 1641 965 laudatae
1657 909 1907 964 basilica:
1926 908 2111 963 reddi-

461 1007 558 1058 tus
589 1002 754 1057 laicis
785 1001 841 1054 in
866 999 1208 1054 beneﬁcium
1236 997 1486 1052 militare
1510 997 1706 1052 traditi
1735 1001 1951 1062 essent,
1986 995 2110 1050 nul-

460 1090 555 1146 lus
587 1090 889 1162 presbyter
917 1087 1035 1140 illic
1065 1087 1328 1155 degebat,
1365 1086 1465 1156 qui
1525 1102 1756 1140 sacrum
1812 1101 2022 1155 corpus
2054 1087 2111 1139 et

459 1177 764 1235 ecclesiam
788 1176 1125 1231 custodiret.
1152 1179 1224 1229 Ut
1248 1173 1503 1246 primum
1528 1174 1665 1228 furti
1691 1173 1963 1228 notitiain
1983 1171 2108 1227 vul-

458 1284 596 1341 gum
618 1266 833 1337 prodiit
859 1267 1029 1337 (forte
1062 1263 1342 1335 proccdiit
1367 1262 1458 1317 die
1480 1267 1679 1317 octava
1700 1262 1855 1329 Maii,
1885 1279 1997 1333 qua
2016 1263 2112 1315 de-

458 1356 668 1429 positio
691 1356 749 1411 S.
775 1354 1054 1410 Metronis
1084 1351 1427 1421 celebratur)
1450 1350 1644 1422 plures
1676 1353 1734 1406 in
1766 1351 2107 1422 episcopum

456 1446 689 1518 culpam
722 1443 983 1514 rejicere,
1018 1446 1076 1496 et
1108 1439 1302 1495 acrius
1331 1440 1588 1512 obloqui,
1622 1457 1687 1495 ac
1718 1440 1765 1496 si
1798 1440 1985 1512 ipsius
2016 1456 2109 1494 ne-

456 1534 755 1608 gligentia,
783 1531 871 1585 vel
927 1529 1102 1585 etiam
1158 1546 1446 1584 consensu
1493 1530 1714 1583 furtum
1766 1527 2106 1598 bujusmodi

458 1627 755 1695 patratum
786 1619 1011 1675 fuisset.
1047 1622 1189 1673 Cum
1220 1617 1549 1689 episcopus,
1584 1617 1684 1689 qui
1714 1617 2102 1689 pangebatur,

458 1715 612 1768 esset
650 1710 775 1782 ipse
834 1707 1166 1774 Ratherius,
1204 1707 1552 1762 Invectivam
1611 1705 1957 1771 lucubravit,
1991 1722 2108 1775 qua

458 1801 599 1855 dum
626 1798 686 1853 in
719 1797 865 1853 alios
894 1796 1127 1868 culpam
1160 1796 1350 1861 refert,
1374 1811 1434 1851 se
1456 1795 1651 1867 ipsum
1685 1795 1962 1849 defendit.
1989 1794 2106 1849 Hoc

458 1887 807 1962 opusculum
824 1890 952 1958 post
970 1885 1198 1940 tertiam
1215 1883 1472 1939 Rathcrii
1496 1883 1918 1939 rectitutionem
1942 1883 2107 1937 lucu-

459 1979 692 2033 bratum
725 1976 868 2032 satis
904 1966 1123 2030 indicat
1154 1972 1541 2047 Frisingensis
1565 1973 1760 2041 codex,
1785 1972 1843 2027 in
1868 1989 1981 2043 quo
2013 1971 2106 2026 in—

458 2070 689 2138 tegrum
723 2064 1077 2120 describitur
1109 2080 1121 2118 :
1157 2063 1214 2117 in
1246 2079 1311 2117 eo
1343 2063 1498 2117 enim
1532 2061 1719 2134 ipsius
1751 2077 1927 2132 opera
1977 2062 2109 2132 post

456 2155 689 2210 tertiam
713 2153 1145 2209 restitutionem
1173 2151 1390 2223 scripta
1409 2150 1782 2205 solummodo
1805 2149 2105 2205 continen-

456 2247 569 2299 tur.
608 2244 765 2298 Idem
786 2241 969 2297 multo
1002 2240 1326 2296 evidentius
1355 2239 1664 2295 confirmat
1686 2262 1712 2288 «
1738 2236 2108 2309 imperatoris

452 2332 751 2405 Augusti»
774 2330 986 2386 titulus
1008 2328 1205 2385 Ottoni
1226 2327 1483 2383 tributus
1515 2344 1680 2382 num.
1707 2328 1761 2392 3,
1788 2326 1885 2398 qui
1908 2343 2107 2381 mense

456 2420 769 2476 Februario
798 2419 935 2474 anni
965 2418 1074 2472 962
1093 2418 1166 2472 ab
1187 2417 1389 2471 eodem
1422 2421 1764 2487 assumptus
1797 2415 1924 2469 fuit.
1951 2415 2110 2470 Licet

454 2525 629 2581 porro
658 2508 856 2579 ipsum
888 2507 1110 2561 furtum
1142 2504 1450 2576 contigerit
1480 2504 1572 2559 die
1594 2508 1659 2559 27
1681 2504 1944 2560 Januarii
1968 2505 2105 2559 anni

457 2598 742 2670 ejusdem,
767 2599 830 2651 ut
851 2594 1041 2650 fusius
1072 2594 1129 2648 in
1162 2593 1557 2649 admonitione
1586 2593 1963 2665 conjecimus;
1998 2593 2105 2649 boc

455 2691 655 2742 tamen
686 2683 1034 2757 opusculum
1069 2682 1341 2755 deinceps
1365 2687 1684 2747 exaratum,
1711 2682 1900 2738 eidem
1926 2699 2103 2753 anno,

456 2775 546 2831 vel
577 2775 649 2830 ad
682 2790 984 2829 summum
1017 2773 1241 2828 ineunti
1275 2789 1428 2828 anno
1459 2771 1723 2844 sequenti
1745 2772 2103 2844 afﬁgendum

457 2865 668 2922 suadet
698 2862 971 2919 laudatus
1026 2862 1417 2935 Frisingensis
1446 2862 1643 2927 codex,
1678 2860 1737 2915 in
1796 2878 1911 2932 quo
1968 2876 2102 2916 cum

458 2954 658 3010 omnia
690 2952 946 3009 Ratherii
979 2968 1154 3023 opera
1183 2950 1241 3005 in
1277 2949 1744 3022 chronologicam
1775 2949 1985 3006 seriem
2013 2950 2103 3005 vi-

453 3045 672 3100 dentur
700 3041 1007 3115 disposita,
1040 3045 1166 3096 tum
1197 3057 1330 3096 vero
1361 3038 1468 3095 hoc
1500 3038 1856 3112 opusculum
1914 3039 2102 3112 primo

454 3133 581 3188 loco
612 3131 965 3189 describitur
993 3134 1128 3185 ante
1160 3128 1414 3184 Ratberii
1450 3128 1615 3199 [cx1v]
1648 3128 1997 3184 sententiam
2040 3129 2100 3184 in

2139 1839 2186 1903 B

2220 745 2349 783 eam
2381 729 2438 784 in
2474 746 2685 801 magno
2712 728 2903 799 lapide
2924 728 3318 798 antejanuam
3343 726 3590 781 laudatae
3614 723 3881 780 ecclesiae

2217 820 2557 885 obtirmans,
2593 817 2894 890 septennio
2929 815 3145 871 ibidem
3178 815 3465 888 pmnitens
3517 814 3879 869 immoratus

2217 913 2324 975 est,
2359 908 2540 962 donec
2571 907 2769 972 clavis,
2802 924 2918 978 qua
2948 910 3163 961 catenae
3190 898 3411 959 'seram
3461 903 3775 971 clauserat,
3812 903 3877 958 in

2218 997 2548 1069 proximum
2567 996 2828 1051 Athesim
2851 996 2922 1050 ab
2946 995 3070 1067 ipso
3097 992 3498 1066 projeeta,Deo
3521 992 3876 1064 disponente

2216 1085 2447 1141 inventa
2481 1086 2609 1140 fuit.

2287 1178 2375 1229 88.
2410 1176 2494 1230 Ad
2528 1174 2637 1229 hoc
2670 1174 2898 1229 circiter
2925 1178 3161 1245 tempus
3192 1172 3493 1228 referenda
3540 1174 3678 1227 sunt
3736 1187 3872 1243 quae

2218 1269 2417 1319 narrat
2475 1263 2784 1319 Ratherius
2836 1269 2986 1335 part.
3024 1281 3041 1317 1
3075 1267 3151 1318 De
3210 1263 3517 1333 contemptu
3570 1276 3874 1328 canonum,

2217 1369 2378 1407 num.
2403 1355 2455 1407 8.
2484 1375 2512 1401 «
2542 1353 2687 1407 Nam
2710 1356 2767 1407 et
2791 1368 2896 1424 ego
2921 1352 3041 1422 ipse
3065 1352 3383 1423 quondam,
3411 1367 3546 1406 cum
3574 1348 3871 1421 imperiali

2217 1445 2498 1513 praecepto
2532 1449 2872 1512 urgeremur
2901 1441 3152 1496 Gardam
3184 1441 3451 1495 obsidere
3495 1445 3777 1505 castrum,
3812 1443 3873 1494 et

2217 1530 2472 1601 episcopi
2507 1534 2561 1584 et
2592 1528 2784 1584 clerici
2820 1528 2990 1584 istius
3023 1528 3349 1600 provinciae,
3386 1545 3501 1583 non
3564 1526 3869 1600 religionis

2217 1618 2452 1689 quidem
2484 1635 2700 1683 amore,
2735 1620 2831 1673 sed
2869 1617 3088 1673 laboris
3148 1617 3531 1673 obtenderent
3585 1616 3737 1685 odio,
3770 1616 3869 1672 sui

2215 1708 2323 1763 hoc
2336 1707 2555 1762 ordinis
2574 1707 2814 1761 minime
2829 1708 2976 1762 forte
2996 1705 3300 1778 petulanti,
3318 1709 3381 1760 ut
3394 1724 3564 1778 saepe,
3591 1705 3871 1778 respondi

2216 1813 2484 1851 sermone
2518 1814 2529 1851 :
2565 1796 2636 1851 Ut
2666 1813 2781 1850 non
2815 1794 3162 1867 permittunt
3191 1812 3441 1850 canones
3499 1793 3706 1850 clerico
3756 1812 3873 1867 pu-

2218 1902 2417 1959 gnare,
2449 1885 2529 1940 ita
2551 1901 2657 1940 nec
2689 1888 2979 1956 stuprare.
3019 1905 3046 1933 »
3077 1884 3315 1938 Factum
3366 1882 3678 1950 indicatur,
3706 1884 3869 1955 quod

2218 1974 2539 2047 contigerat
2562 1972 2715 2029 circa
2744 1990 2965 2029 annum
2983 1973 3109 2028 962.
3135 1976 3277 2027 Cum
3305 1971 3461 2026 enim
3494 1972 3625 2027 Otto
3660 1972 3717 2027 in
3752 1972 3871 2028 Ita-

2216 2061 2352 2117 liam
2387 2062 2641 2117 venisset
2670 2062 2779 2117 sub
2815 2062 2990 2117 fmem
3022 2061 3158 2116 anni
3185 2060 3309 2127 961,
3334 2065 3398 2115 ut
3444 2060 3871 2133 Berengarium

2218 2151 2264 2205 II
2296 2156 2439 2222 [cxv]
2471 2150 2784 2222 subigeret,
2803 2150 2852 2204 is
2876 2150 2930 2204 in
2956 2154 3011 2203 S.
3030 2148 3236 2204 Leonis
3263 2148 3547 2221 oppidum
3565 2165 3692 2204 sese
3706 2165 3868 2205 rece-

2217 2241 2320 2311 pit,
2355 2239 2527 2295 Willa
2555 2243 2749 2294 autem
2781 2240 2909 2310 ejus
2938 2256 3082 2294 uxor
3110 2238 3167 2292 in
3223 2238 3540 2309 quamdam
3581 2237 3864 2309 insulam,

2216 2346 2342 2401 quae
2364 2327 2578 2385 dicitur
2594 2328 2665 2383 ad
2685 2328 2741 2383 S.
2758 2327 3002 2394 Julium,
3025 2344 3090 2382 ac
3108 2331 3385 2399 praeterea
3403 2330 3523 2382 tres
3536 2326 3659 2382 aliae
3674 2326 3870 2382 muni-

2215 2418 2423 2483 tiones,
2456 2417 2665 2483 Garda,
2692 2415 3073 2486 Travallium,
3098 2421 3153 2471 et
3175 2415 3336 2471 lacus
3366 2415 3611 2471 Cumani
3644 2415 3864 2485 insula,

2215 2508 2286 2563 ab
2318 2508 2579 2578 ejusdem
2613 2506 2938 2561 fautoribus
2966 2506 3333 2560 tenebantur.
3367 2509 3536 2559 Anno
3564 2505 3671 2559 962
3700 2509 3867 2578 post-

2215 2613 2392 2668 quam
2426 2596 2580 2651 idem
2612 2595 2745 2651 Otto
2777 2596 2971 2651 Romae
3003 2594 3318 2667 imperator
3338 2594 3705 2651 renuntiatus
3726 2596 3862 2664 fuit,

2213 2685 2468 2740 insulam
2492 2685 2561 2740 ad
2591 2685 2648 2741 S.
2668 2683 2891 2740 Julium
2917 2683 3109 2757 cmpit.
3130 2685 3273 2742 Cum
3296 2684 3605 2757 verozalias
3627 2703 3869 2758 quoque

2215 2774 2572 2829 munitiones
2604 2790 2942 2846 Oppugnare
2973 2774 3269 2847 cogitaret,
3305 2775 3415 2830 sub
3438 2774 3591 2829 idem
3622 2779 3869 2848 tempus

2212 2863 2516 2936 episcopos
2549 2868 2605 2918 et
2637 2863 2876 2920 clericos
2907 2864 3077 2920 istius
3101 2864 3411 2937 provindim
3462 2864 3746 2937 compulit
3785 2868 3866 2923 ad

2213 2951 2579 3008 obsidionem
2595 2951 2816 3021 Gardze,
2838 2970 2965 3025 quae
2991 2956 3183 3009 tamen
3201 2957 3444 3009 exeunte
3460 2958 3689 3009 tantum
3708 2972 3866 3021 anno

2209 3042 2314 3096 963
2345 3041 2403 3096 in
2436 3042 2563 3113 ejus
2593 3045 2938 3114 potestatem
2968 3043 3146 3113 venit,
3180 3047 3246 3098 ut
3276 3043 3645 3099 continuator
3683 3044 3867 3117 Regi—

2212 3130 2383 3186 nonis
2408 3134 2464 3185 et
2495 3128 2791 3185 annalista
2822 3131 2970 3186 Saxo
3006 3130 3394 3187 tradiderunt.
3431 3133 3559 3187 Haec
3599 3137 3865 3191 castrum

451 3221 691 3279 clericos
717 3221 788 3276 ab
819 3220 1085 3275 invasere
1117 3218 1435 3284 ordinatos,
1461 3233 1637 3289 quam
1660 3218 1856 3273 datam
1879 3217 2099 3273 videbi-
2129 3208 2172 3275 C
2211 3223 2334 3274 erat
2365 3219 2829 3275 munitissimum
2861 3219 2920 3274 in
2952 3219 3180 3276 diaecesi
3227 3220 3544 3278 Veronensi
3577 3223 3648 3277 ad
3696 3240 3863 3280 oram

452 3329 586 3368 mus
606 3311 807 3367 Idibus
828 3308 1126 3365 Februarii
1154 3307 1288 3363 anni
1313 3307 1630 3379 sequentis.
1659 3307 1919 3379 Idipsum
1941 3323 2099 3362 com-

451 3402 659 3474 probat
689 3397 976 3472 particula
1000 3420 1027 3448 «
1054 3413 1240 3469 nuper
1270 3417 1298 3444 »
1326 3395 1385 3450 in
1413 3412 1724 3451 numerum
1748 3396 1985 3452 tertium
2010 3396 2099 3451 in-

451 3496 627 3562 serta,
687 3505 803 3562 qua
861 3491 1065 3542 auctor
1121 3486 1269 3541 hanc
1330 3485 1677 3540 Invectivam
1738 3503 1854 3540 non
1915 3484 2100 3540 multo

449 3583 583 3648 post
610 3576 981 3651 imperatoris
1013 3575 1346 3648 ingressum
1380 3574 1438 3629 in
1469 3574 1697 3630 Italiam
1724 3575 2001 3646 scriptam
2020 3574 2102 3629 si-

449 3668 708 3742 gniﬁcat.
734 3667 890 3723 Idem
924 3670 1118 3721 autem
1147 3663 1498 3737 opusculum
1523 3663 1761 3719 maximi
1784 3663 1985 3719 haberi
2002 3664 2099 3719 de-

449 3760 547 3815 bet
578 3775 591 3814 :
626 3757 840 3813 etenim
897 3754 1189 3810 vetustius
1245 3758 1334 3810 est
1390 3754 1834 3823 documentum,
1867 3770 1935 3809 ex
1984 3770 2099 3825 quo

378 3884 383 3893 ι
452 3849 510 3904 S.
544 3847 823 3903 Metronis
850 3843 1171 3918 gesta,licct
1193 3843 1455 3916 pressius
1476 3842 1829 3910 indicata,ad
1848 3860 1955 3898 nos
1977 3860 2102 3915 per-

448 3936 908 3994 venerunt.Dum
930 3932 1242 3989 Ratberius
1262 3935 1485 4000 num.2,
1500 3933 1793 3988 veteribus
1817 3931 2099 4003 laudatis,

447 4028 547 4101 qui
579 4029 915 4082 sanctorum
948 4022 1323 4095 antiquorum
1356 4026 1486 4077 acta
1517 4020 1804 4093 scripsere
1831 4039 1843 4089 ;
1879 4044 1906 4072 «
1942 4038 2098 4077 nunc

442 4134 595 4186 vero,
644 4116 789 4189 proh
822 4113 1045 4188 pudor!
1076 4135 1101 4162 ››
1127 4111 1345 4180 subdit,
1381 4134 1409 4161 «
1437 4110 1656 4167 nostris
1703 4110 1906 4183 utique
1965 4128 2096 4167 avo-

444 4223 695 4280 rumque
725 4204 1159 4277 temporibus...
1194 4206 1358 4257 tanta
1388 4202 1589 4257 orbem
1630 4199 1827 4272 inopia
1884 4199 2100 4257 invasit

443 4296 821 4368 scriptorum,
853 4299 919 4347 ut
949 4292 997 4347 si
1030 4308 1146 4363 qua
1174 4289 1261 4346 vel
1295 4290 1535 4357 nostris,
1560 4288 1654 4345 vel
1678 4288 2098 4362 illorum,quos

442 4380 1089 4459 protulit,tcmporibus
1122 4379 1322 4452 aliqua
1350 4378 1691 4434 meritorum
1719 4376 1939 4435 effulsit
1961 4396 2100 4451 prae-

442 4472 720 4545 rogativa,
738 4471 926 4545 magis
958 4470 1067 4526 hoc
1096 4469 1327 4541 vulgus,
1350 4484 1528 4540 quam
1561 4467 1808 4539 quilibet
1830 4467 2099 4523 extulerit

2209 3307 2373 3363 lacus
2405 3307 2632 3376 Benasi,
2668 3308 2725 3362 in
2760 3325 2873 3380 quo
2904 3308 3078 3381 paulo
3111 3314 3244 3365 ante
3272 3308 3579 3367 Adelaides
3601 3311 3864 3369 Lotharii

2211 3397 2363 3470 regis
2393 3396 2569 3452 vidua
2599 3398 2831 3470 (Domzo
2888 3400 3003 3455 Vita
3031 3399 3226 3467 Matil.,
3248 3398 3348 3455 lib.
3382 3400 3416 3472 I)
3448 3418 3482 3456 a
3511 3401 3861 3475 Berengario

2210 3485 2259 3541 II
2287 3487 2517 3559 captiva
2545 3487 2780 3543 detenta
2810 3487 3019 3543 fuerat.
3054 3486 3319 3560 Episcopi
3373 3506 3505 3545 vero
3550 3493 3607 3546 et
3662 3489 3863 3547 clerici

2210 3575 2381 3631 istius
2406 3575 2733 3647 provinciae,
2757 3593 2904 3648 quos
2935 3576 3065 3631 Otto
3091 3578 3161 3631 ad
3194 3578 3448 3633 Gardam
3470 3578 3862 3636 obsidendam

2209 3663 2491 3735 incitavit,
2515 3664 2600 3719 illi
2626 3666 2880 3733 fuerunt,
2898 3665 2997 3738 qui
3026 3666 3177 3721 hanc
3208 3666 3384 3722 Italia:
3408 3672 3631 3739 partem
3657 3668 3863 3725 Gardaa

2208 3753 2544 3810 viciniorem
2576 3753 2925 3824 incolebant,
2942 3772 3057 3809 non
3085 3773 3217 3812 vero
3241 3773 3443 3812 omnes
3466 3757 3626 3831 regni
3651 3757 3861 3828 Italici,

2209 3847 2311 3898 aut
2337 3844 2773 3917 Longobardize,
2809 3848 2872 3900 ut
2902 3862 3018 3900 non
3044 3845 3265 3900 nemini
3322 3846 3513 3901 visum
3571 3851 3680 3903 est.
3714 3848 3865 3905 Nam

2207 3932 2387 3989 Valdo
2405 3933 2715 4006 episcopus
2727 3933 3027 3990 Comensis
3044 3934 3101 3989 in
3116 3933 3231 3991 alia
3245 3935 3481 3991 militari
3494 3936 3867 4009 expeditione

2207 4026 2546 4094 occupatus,
2571 4022 2826 4078 insulam
2851 4023 2909 4078 in
2931 4022 3059 4078 lacu
3093 4023 3351 4080 Cumano
3373 4024 3725 4097 expugnavit
3749 4043 3845 4081 an.

2206 4111 2413 4182 964,ut
2439 4110 2753 4184 Reginonis
2782 4111 3152 4169 continuator
3182 4117 3398 4169 narrat.
3432 4113 3705 4187 Episcopi
3759 4114 3850 4170 ni-

2208 4199 2422 4257 mirum
2455 4206 2511 4257 et
2534 4200 2728 4257 clerici
2746 4203 2871 4273 jam
2904 4200 3040 4258 inde
3071 4220 3105 4257 a
3131 4202 3321 4270 Caroli
3353 4204 3549 4276 Magni
3582 4205 3860 4277 tempori-

2207 4290 2317 4345 bus
2345 4307 2510 4346 arma
2551 4291 2812 4357 induere,
2847 4296 2904 4347 et
2946 4291 3007 4346 in
3059 4293 3374 4349 exercitum
3431 4294 3724 4366 proficisci
3782 4295 3858 4351 ab

2208 4379 2352 4452 ipsis
2386 4379 2620 4453 regibus
2652 4381 3008 4453 cogebantur
3037 4398 3102 4437 eo
3150 4383 3405 4452 nomine,
3440 4384 3593 4455 quod
3652 4382 3858 4439 multis

2208 4470 2505 4543 regalibus
2536 4470 2886 4538 fruerentur,
2907 4474 2965 4526 et
2985 4471 3239 4528 ferendis
3259 4471 3645 4529 vassallorum
3672 4473 3861 4530 oneri-

441 4563 756 4630 litteratus;
779 4556 2098 4625 »nullamS.Metronisvitam,nullamiracula
2126 4580 2174 4644 Β
2205 4559 2315 4615 bus
2375 4561 2751 4616 crederentur
2805 4559 3089 4616 obstricti.
3124 4561 3240 4617 Hac
3297 4562 3535 4635 quidem
3574 4563 3646 4618 de
3678 4580 3859 4621 causa

443 4651 662 4723 scripta
693 4652 876 4706 fuisse
898 4649 1191 4721 signiﬁcat
1215 4666 1228 4716 ;
1262 4646 1564 4718 solamque
1588 4663 1895 4719 superesse
1919 4647 2095 4702 tradi-

445 4741 663 4797 tionem
693 4738 1016 4811 vulgarem,
1039 4755 1106 4793 ex
1136 4754 1254 4809 qua
1282 4753 1400 4791 una
1431 4735 1556 4807 ipse
1582 4735 1860 4806 proficere
1884 4736 2090 4807 potuit.

442 4831 633 4887 Verba
649 4844 1102 4903 porrottavorum
1119 4826 1516 4898 temporibus»
1536 4824 1807 4880 eumdem
1825 4829 2095 4882 sanctum

447 4944 476 4973 «
512 4935 750 4975 avorum
786 4940 814 4967 »
844 4916 1000 4971 aetati
1027 4931 1363 4988 supparem,
1394 4913 1481 4969 vel
1515 4912 1722 4969 saltem
1758 4931 1873 4970 non
1908 4915 2094 4972 multo

448 5008 838 5081 antiquiorem
869 5005 1145 5071 innuunt,
1181 5002 1283 5075 qui
1315 5006 1618 5074 propterea
1647 5002 1719 5057 ad
1753 5020 1973 5059 nonum
2003 5004 2092 5061 vel

445 5103 716 5155 octavum
779 5094 1060 5153 saeculum
1115 5092 1403 5167 pertinere
1459 5092 1705 5147 videtur.
1738 5092 2092 5150 Paenitentite

443 5204 651 5261 genus,
686 5186 779 5243 cui
829 5185 925 5241 ille
981 5200 1108 5239 sese
1140 5180 1379 5250 addixit,
1414 5184 1479 5235 ut
1508 5180 1692 5237 ferrea
1721 5185 1926 5238 catena
1955 5200 2092 5239 saxo

441 5275 715 5347 alligatus
748 5280 882 5332 ante
912 5280 967 5329 S.
996 5272 1207 5327 Vitalis
1240 5271 1512 5343 martyris
1543 5270 1848 5327 ecclesiam
1889 5273 2094 5328 tandiu

442 5367 641 5432 staret,
671 5364 859 5434 quoad
884 5364 1034 5417 Deus
1052 5361 1219 5433 signo
1243 5358 1436 5432 aliquo
1457 5365 1690 5432 peccata
1711 5360 1821 5415 sibi
1848 5361 2093 5417 dimissa

442 5453 909 5519 ostenderet,usu
926 5451 1211 5522 frequenti
1232 5454 1528 5523 receptum
1551 5449 1798 5504 aliorum
1823 5456 2094 5521 exempta

441 5559 474 5597 a
497 5539 807 5596 Mabilonio
838 5538 1015 5595 allata
1044 5537 1341 5595 declarant
1366 5538 1615 5607 (Prmfat.
1638 5538 1709 5593 ad
1743 5538 1861 5594 Sam
1883 5537 2087 5595 II.0rd.

440 5630 642 5688 Boned.
668 5632 815 5699 n.4).
840 5628 949 5686 Alii
971 5628 1163 5686 solum
1185 5628 1258 5686 ob
1299 5628 1547 5685 crimina
1568 5626 1803 5701 publica
1830 5627 2092 5705 episcopi

2211 4670 2238 4699 «
2270 4648 2485 4704 dicitur
2514 4648 2687 4705 hodie
2734 4648 3121 4718 levissimum,
3154 4651 3348 4723 inquit
3405 4651 3737 4720 Ratherius,
3791 4658 3861 4710 ut

2205 4738 2375 4810 quasi
2408 4742 2644 4811 propter
2676 4738 3012 4795 fidelitatem
3042 4741 3131 4796 sui
3167 4741 3511 4811 senioris(id
3543 4746 3632 4798 est
3650 4742 3864 4815 princi-

2204 4828 2320 4900 pis)
2352 4827 2519 4883 malit
2545 4827 2846 4899 presbyter
2873 4827 3152 4886 loricatus
3185 4830 3456 4904 praaliari,
3491 4848 3669 4904 quam
3727 4848 3861 4903 per-

2196 4919 2372 4990 jurus
2425 4916 2824 4985 vocari;cum
2874 4922 3071 4974 tamen
3120 4920 3448 4992 perjurium
3508 4919 3863 4993 gravissima

2205 5006 2565 5079 pmnitentia,
2600 5005 2756 5063 istud
2782 5024 2915 5064 vero
2946 5008 3112 5063 nulla
3140 5010 3360 5081 expiari
3393 5009 3622 5065 dicatur
3653 5010 3805 5081 (Par.
3841 5028 3861 5067 ι

2201 5098 2277 5152 De
2300 5104 2610 5167 contemptu
2636 5113 2754 5152 con.
2789 5114 2845 5152 n.
2876 5098 2944 5152 12
2974 5097 3103 5169 (col.
3136 5099 3261 5166 351,
3296 5099 3377 5169 h).
3411 5122 3440 5150 »

2276 5186 2364 5241 89.
2397 5185 2572 5241 Plura
2597 5186 2777 5258 hujus
2804 5187 3143 5260 corruptelae
3176 5189 3442 5262 exempla
3462 5190 3630 5245 affert
3658 5189 3856 5245 Mura-

2202 5275 2391 5331 torius
2427 5276 2488 5347 (ι.
2523 5276 2783 5349 IIAntiq.
2837 5278 3014 5333 Italic.
3064 5277 3205 5333 diss.
3266 5279 3378 5352 26).
3440 5279 3598 5335 Licet
3655 5283 3855 5335 autem

2202 5364 2598 5422 immanitatis
2630 5365 2999 5438 privilegium
3031 5367 3101 5422 ab
3134 5367 3243 5423 hoc
3273 5369 3510 5425 servitio
3551 5368 3852 5425 eximeret.

2201 5472 2316 5510 non
2348 5459 2544 5511 tamen
2597 5455 2886 5511 eximebat
2928 5460 3207 5526 omnino;
3243 5460 3397 5519 unde
3457 5459 3516 5513 in
3548 5456 3856 5530 privilegio

2200 5544 2614 5614 immanitatis,
2646 5545 2800 5617 quod
2826 5545 2898 5601 ab
2930 5546 3138 5604 Ottone
3160 5550 3182 5604 Ι
3204 5565 3548 5605 concsssum
3581 5546 3856 5620 episcopo

2198 5634 2616 5694 Wormatiensi
2647 5652 2801 5693 anno
2829 5635 2935 5693 966
2959 5638 3113 5712 apud
3141 5640 3416 5697 eumdem
3461 5637 3853 5698 Muratorium
