4070 6378
190 343 311 407 101

1213 346 1829 418 PROLEGOMENA.
1865 392 1945 404 --
1974 354 2350 425 RATHERII
2397 353 2613 427 VI'rA.‘

3500 368 3617 434 102

190 478 905 576 morphitarumhaaresis
934 484 1221 540 renatain
1264 485 1502 543 dioecesi
1550 487 1856 546 Vicentina
1883 492 1938 560 Α
1967 507 2232 565 mosyna,
2267 512 2332 551 ac
2386 497 2728 569 poenitentia
2777 515 2913 555 cum
2959 500 3185 572 jejunio
3239 504 3616 576 copulantur.

187 565 519 626 Veronensi
549 570 822 639 finitima,
854 590 1031 646 quam
1063 574 1383 630 confutavit
1406 576 1717 635 Ratherius
1737 595 1855 634 ser-

190 672 372 714 mone
402 675 445 715 u
472 659 640 717 valde
678 662 901 735 prolixo
933 663 1004 719 de
1050 663 1529 737 Quadragesima.
1571 686 1591 714 ε
1625 666 1853 724 Nudius

190 744 354 803 enim
384 748 616 817 tertius,
632 770 663 801 »
691 749 886 823 inquit
906 768 1070 807 num.
1084 751 1177 819 29,
1198 773 1220 803 ι
1247 751 1486 824 quidam
1501 756 1852 812 nostratium

189 836 397 893 retulit
423 839 618 911 nobis,
652 841 1021 915 presbyteros
1053 840 1372 898 Vicentinae
1420 844 1710 915 dioecesis,
1744 864 1853 902 no-

189 928 355 984 stros
384 927 590 1001 utique
615 929 859 1000 vicinos,
884 935 1091 1003 putare
1117 947 1461 1004 corporeum
1486 933 1670 991 Deum
1702 952 1851 1003 esse,

189 1013 309 1071 hac
337 1015 632 1090 siquidem
647 1019 950 1077 occasione
965 1020 1256 1088 inductos,
1280 1023 1436 1093 quod
1457 1023 1517 1078 in
1535 1023 1853 1097 Scripturis

192 1101 447 1177 legatur:
510 1106 668 1164 Oculi
717 1110 936 1166 Domini
962 1125 1124 1181 super
1176 1109 1363 1179 iustos,
1415 1119 1466 1168 et
1520 1128 1681 1169 aures
1736 1113 1854 1185 ejus

190 1195 258 1248 in
281 1211 471 1266 preces
517 1211 708 1254 eorum
757 1199 931 1271 (Psat.
978 1216 1178 1266 xxxm,
1232 1198 1344 1272 16);
1378 1204 1474 1256 et:
1525 1202 1719 1258 Manus
1747 1209 1855 1257 tua:

190 1284 445 1355 fecerunt
482 1303 571 1344 me
623 1287 797 1359 (Psat.
829 1303 1022 1355 cxvm,
1058 1287 1187 1360 73);
1237 1292 1294 1344 et
1343 1291 1624 1348 Faciamus
1676 1290 1851 1347 homi-

190 1389 327 1428 nem
352 1374 425 1431 ad
452 1377 755 1446 imaginem
775 1380 825 1433 ct
869 1377 1295 1433 similitudinem
1341 1387 1590 1435 nostram
1624 1379 1776 1453 (Gen.
1810 1396 1850 1451 ι,

189 1462 313 1533 26).
339 1487 361 1516 ι
396 1464 457 1519 ld
488 1480 621 1520 cum
640 1466 1058 1537 pcrmovissset
1077 1465 1437 1539 episcopum,
1457 1467 1656 1524 habito
1674 1468 1734 1523 in
1757 1485 1854 1541 po-

192 1550 337 1624 pulo
367 1568 657 1621 sermone,
693 1570 808 1626 quo
840 1554 985 1613 tanti
1017 1555 1229 1611 erroris
1261 1555 1586 1627 periculum
1617 1574 1651 1611 a
1692 1573 1846 1612 com-

193 1638 383 1697 misso
412 1641 523 1697 sibi
553 1656 730 1715 grege
759 1647 999 1711 arceret,
1031 1643 1417 1715 deprehendit
1462 1645 1738 1701 eumdem
1768 1645 1853 1701 ita

195 1730 555 1802 quibusdam
584 1729 916 1797 inbaesisse,
943 1736 1009 1787 ut
1030 1732 1344 1790 nonnullos
1365 1733 1543 1790 etiam
1565 1734 1854 1791 Veronen-

195 1834 295 1875 ses
318 1820 647 1877 sacerdotes
678 1824 1006 1894 occuparet,
1044 1821 1419 1895 quiepiscopi
1450 1821 1727 1879 concione
1749 1840 1852 1879 au-

195 1907 329 1964 dita
373 1908 892 1966 obmurmurantes
936 1910 1229 1967 dixerunt:
1263 1933 1291 1961 ‹‹
1325 1911 1470 1974 Quid
1520 1911 1853 1968 faciemus?

193 1995 397 2070 Usque
427 2015 580 2055 nunc
611 1998 835 2071 aliquid
860 1999 1049 2056 visum
1082 2004 1173 2056 est
1199 2000 1371 2056 nobis
1419 2000 1491 2056 de
1521 2001 1638 2056 Deo
1678 2001 1849 2057 scire.

194 2085 374 2142 Modo
401 2087 631 2143 videtur
655 2088 856 2155 nobis,
882 2089 1036 2160 quod
1061 2087 1460 2145 nihilomnino
1505 2089 1582 2146 sit
1611 2089 1785 2158 Deus,
1803 2089 1849 2145 si

194 2178 379 2248 caput
397 2191 511 2232 non
540 2175 740 2245 habet,
775 2176 973 2233 oculos
1005 2194 1118 2235 non
1150 2177 1345 2248 habet,
1375 2195 1589 2235 manus
1618 2195 1733 2235 non
1754 2177 1853 2234 ba-

192 2263 319 2332 bet,
343 2264 517 2337 pedes
566 2283 684 2321 non
742 2264 936 2322 habet.
972 2286 1001 2315 »
1045 2267 1301 2323 Tantum
1350 2267 1551 2340 itaque
1594 2283 1849 2325 errorem

194 2352 377 2410 ofﬁcii
410 2352 499 2409 sui
530 2370 659 2410 esse
689 2353 1051 2410 duxitlatius
1075 2353 1332 2411 refellere
1361 2355 1421 2411 in
1462 2355 1697 2412 laudato
1730 2372 1850 2412 ser-

195 2458 374 2499 mone
403 2443 659 2498 secundo
681 2443 751 2499 de
765 2443 1247 2515 Quadragesima,
1267 2444 1366 2516 qui
1386 2444 1470 2501 sic
1486 2444 1847 2500 inscribitur:

202 2551 234 2583 υ
262 2531 468 2587 Sermo
494 2529 662 2587 valde
692 2530 954 2604 prolixus
987 2532 1056 2587 de
1086 2532 1546 2606 Quadragesima
1592 2532 1851 2589 Ratherii

193 2619 575 2689 Veronensis,
606 2619 700 2676 vel
732 2620 1000 2677 inefficax
1029 2638 1091 2677 se
1121 2621 1366 2688 vivente,
1400 2624 1466 2676 ut
1495 2625 1584 2678 est
1613 2621 1726 2678 sibi
1764 2621 1849 2677 vi-

198 2724 358 2780 sum,
390 2708 664 2782 garritus.
698 2732 727 2759 ››
760 2709 925 2765 Hunc
947 2726 1277 2766 sermonem
1299 2711 1587 2783 pertinere
1606 2711 1678 2766 ad
1700 2711 1849 2776 Qua-

198 2796 593 2870 dragesimam
624 2797 765 2854 anni
794 2799 902 2854 964
916 2815 984 2854 ex
1014 2803 1133 2854 not.
1160 2799 1185 2853 1
1220 2798 1585 2871 exploratum
1608 2801 1725 2856 fiet.
1753 2801 1852 2855 Hic

198 2903 418 2956 sermo,
449 2903 553 2943 seu
579 2885 778 2960 potius
807 2889 1091 2943 tractatus
1121 2886 1344 2945 divisus
1375 2887 1431 2943 in
1456 2887 1851 2961 paragraphos

205 2976 298 3045 41,
328 2992 513 3031 unum
540 2980 631 3032 est
650 2993 719 3031 ex
738 2975 1161 3049 insignioribus
1189 2994 1252 3033 ec
1283 2976 1634 3050 perutilibus
1665 2977 1850 3049 operi-

205 3065 321 3121 bus
349 3080 477 3137 quze
523 3064 837 3120 Ratherius
868 3065 1121 3136 scripsit.
1173 3067 1400 3122 Etenim
1448 3083 1582 3122 cum
1636 3065 1850 3140 stylum

201 3153 349 3211 satis
377 3153 633 3210 nitidum
656 3155 906 3226 praefert,
938 3158 1067 3210 tum
1096 3172 1230 3211 vero
1263 3160 1469 3228 praeter
1498 3154 1851 3211 confutatio—

2029 581 2119 636 95.
2153 583 2362 639 Praeter
2387 586 3118 660 Anthropomorphitarum
3141 590 3412 648 haeresim
3435 610 3613 667 quam

1961 666 2138 725 latius
2160 674 2215 726 et
2245 673 2469 729 naviter
2496 674 2727 745 refellit,
2761 675 2942 732 alium
2975 678 3320 735 crassiorem
3361 666 3616 739 errorem

1962 757 2022 813 in
2053 759 2255 815 eodem
2283 778 2551 819 sermone
2596 765 2959 839 perstringit,
3013 782 3129 838 quo
3158 768 3217 824 S.
3279 769 3616 829 Michaelem

1961 845 2105 903 feria
2133 849 2390 905 secunda
2403 850 2644 908 missam
2671 858 2904 909 cantare
2928 854 3168 927 quidam
3193 857 3613 931 existimantes,

1961 935 2265 992 ecclesiam
2297 939 2423 1009 ejus
2453 942 2654 996 eodem
2687 941 2782 997 die
2809 942 3003 1012 potius
3025 960 3200 1014 quam
3225 945 3357 1002 aliis
3382 948 3618 1007 visitare

1962 1023 2229 1097 religioni
2260 1026 2572 1085 ducebant.
2602 1030 2780 1086 Recta
2810 1029 2947 1086 licet
2973 1035 3030 1086 et
3055 1049 3200 1088 sana
3228 1040 3384 1091 esset
3430 1037 3492 1093 in
3523 1037 3619 1095 his

1962 1112 2220 1169 Ratherii
2253 1114 2536 1185 doctrina;
2566 1118 2749 1173 vitare
2768 1123 2963 1174 tamen
3010 1138 3122 1176 non
3181 1125 3372 1194 potuit
3418 1143 3617 1199 repre-

1961 1200 2305 1259 hensionem
2320 1205 2863 1279 nonnullorum,qni
2889 1208 3107 1280 aliquot
3129 1213 3450 1270 sententias
3472 1232 3613 1272 con-

1961 1293 2053 1345 tra
2098 1291 2748 1366 Anthropomorphitas,
2799 1302 2857 1350 et
2888 1302 3090 1352 contra
3136 1301 3611 1371 superstitiosum

1961 1381 2017 1434 S.
2052 1378 2351 1438 Michaelis
2382 1381 2607 1438 cultum
2640 1383 2839 1441 minus
2879 1391 3030 1439 recte
3062 1388 3290 1444 fuerant
3338 1392 3612 1449 assecuti.

1963 1466 2162 1540 Itaque
2192 1485 2319 1526 sese
2350 1470 2563 1528 clarius
2596 1471 2883 1544 explicare
2915 1473 3321 1548 debuit,idque
3347 1481 3618 1551 appendi-

1961 1555 2013 1610 ci
2041 1556 2406 1630 apologeticae
2439 1559 2703 1631 ejusdem
2736 1562 3025 1617 sermonis
3055 1580 3294 1621 causam
3326 1566 3503 1623 dedit.

1960 1662 1991 1736 §
2023 1663 2141 1743 ξν.
2174 1696 2243 1704 -
2272 1665 2455 1743 ΙλίικνΔ
2489 1666 2760 1743 Rathcrii;
2784 1669 2893 1743 De
2916 1740 2926 1743 Α
2947 1656 3265 1743 contemptu
3320 1688 3615 1742 canonum,

2034 1735 2164 1818 Quae
2187 1808 2198 1819 ‘
2223 1752 2404 1792 causae
2422 1740 2639 1819 fuerint
2659 1740 3008 1819 scribendi.”
3029 1735 3179 1819 Vitia'
3198 1747 3251 1819 et
3297 1745 3497 1819 abusus
3522 1735 3620 1819 qui

2036 1808 2095 1862 in
2144 1808 2292 1883 clero
2340 1808 2760 1883 grassabantur.
2802 1813 2886 1867 De
2944 1813 3247 1883 itlegitimis
3293 1808 3620 1874 clericorum

2030 1879 2321 1954 conjugiis.
2341 1882 2429 1954 De
2455 1883 2642 1936 minus
2672 1899 2829 1954 aequa
2860 1879 3175 1940 reddituum
3217 1886 3616 1946 ecclrsiustico-

2029 1966 2156 2040 tunc
2185 1950 2585 2040 distributione,
2618 1962 2668 2008 et
2697 1950 2861 2040 uictis
2888 1954 3089 2040 exinde
3135 1959 3411 2040 profectis.
3455 1960 3618 2017 Nisus

2030 2022 2278 2099 [father-ii
2300 2026 2359 2077 ut
2385 2025 2683 2099 requiorem
2734 2022 3179 2099 distributionem
3221 2022 3524 2099 induceret,
3563 2041 3623 2090 et

2028 2096 2338 2166 potestatem
2396 2097 2771 2166 episcoporum
2828 2098 3129 2153 canonibus
3183 2110 3448 2157 assertum
3493 2096 3617 2159 uin-

2028 2164 2251 2219 dicaret.
2282 2164 2901 2233 Quautumbbstitcrint
2927 2170 3134 2237 clerici,
3166 2179 3220 2226 et
3246 2188 3364 2227 cur.

1972 2330 1977 2331 ί
2028 2271 2117 2325 96.
2154 2271 2275 2326 Sub
2305 2274 2544 2344 tempus
2571 2272 2713 2342 (vid.
2766 2278 2886 2330 not.
2940 2274 2999 2330 in
3032 2274 3132 2331 lib.
3185 2279 3258 2333 De
3309 2285 3617 2355 contemptu

1957 2358 2105 2431 can.)
2139 2360 2601 2444 quadragesimae
2636 2362 2777 2417 anni
2822 2363 2931 2418 964
2963 2362 3120 2419 aliud
3181 2365 3411 2440 insigne
3467 2386 3616 2442 opus

1959 2447 2270 2505 Ratherius
2285 2449 2468 2505 edidit
2481 2449 2701 2523 duplici
2720 2451 2894 2507 titulo
2912 2452 3284 2525 inscriptum,
3305 2456 3614 2531 Perpendi-

1959 2535 2292 2604 culum,seu
2312 2539 2386 2593 De
2400 2543 2734 2611 contemptu
2752 2557 3062 2597 canonum.
3084 2541 3159 2598 Ut
3172 2547 3406 2615 pateant
3427 2563 3615 2604 causas

1958 2624 2139 2698 hujus
2171 2625 2381 2698 operis,
2416 2644 2531 2699 quo
2562 2628 2727 2684 vitiis
2760 2630 2819 2685 in
2852 2629 3004 2686 clero
3052 2634 3463 2705 grassantibus
3514 2636 3617 2692 ob-

1956 2714 2110 2770 viam
2142 2714 2247 2781 ire,
2277 2721 2333 2772 et
2355 2733 2655 2773 sacrorum
2690 2734 2979 2775 canonum
3001 2720 3433 2780 observantiam
3456 2741 3615 2784 ravo.

1959 2819 2091 2859 care
2120 2805 2347 2860 studuit
2377 2805 2611 2879 [CXXIII],
2646 2823 2738 2862 res
2760 2807 2942 2864 altius
2971 2811 3285 2881 repetenda
3309 2815 3417 2868 est.
3444 2814 3618 2870 Sem-

1959 2909 2063 2965 per
2082 2893 2210 2964 jam
2240 2892 2375 2950 inde
2406 2911 2439 2949 a
2467 2895 2558 2951 sui
2590 2896 2962 2969 episcopatus
2993 2897 3158 2955 initio
3198 2899 3352 2956 inter
3402 2901 3617 2959 Rathe-

1960 2981 2113 3037 rium
2153 2987 2211 3037 et
2239 2982 2478 3039 clericos
2509 2984 2871 3042 Veronenses
2904 2986 3217 3043 dissidium
3248 2989 3438 3062 viguit
3466 2991 3617 3063 (Dis—

1958 3069 2165 3137 cordia,
2226 3089 2285 3128 n.
2343 3073 2394 3139 1,
2428 3072 2507 3143 5),
2570 3075 2724 3145 quod
2783 3090 2851 3130 ex
2881 3077 3305 3134 sententiarum
3366 3078 3615 3136 dissidio

1960 3158 2246 3232 originem
2273 3161 2537 3216 duxerat.
2556 3161 2880 3234 Episcopus
2905 3164 3061 3219 enim
3092 3164 3150 3219 in
3175 3165 3359 3222 sacris
3383 3167 3618 3223 canoni-

200 3259 337 3299 nem
381 3241 618 3300 haeresis
657 3243 1389 3317 Anthropomorphitarum
1442 3243 1658 3300 multas
1707 3243 1852 3301 alias
1881 3231 1926 3299 C
1962 3247 2074 3304 bus
2103 3249 2388 3317 eruditus,
2421 3265 2556 3304 cum
2573 3231 2671 3307 eos
2688 3231 2948 3307 desertos
2969 3255 3025 3307 et
3049 3251 3344 3324 neglectos
3364 3254 3610 3324 videret,

197 3332 463 3407 egregias
493 3332 911 3389 instructiones
953 3334 1231 3390 continet.
1288 3334 1461 3389 Initio
1512 3334 1857 3406 perstringit

196 3421 488 3495 quosdam
508 3421 977 3495 abusus,quibus
1000 3422 1460 3495 quadragesima
1486 3423 1856 3479 observantia

195 3510 585 3567 inﬁciebatur.
602 3510 739 3567 Illos
766 3511 1075 3584 vituperat,
1103 3512 1201 3584 qui
1225 3511 1449 3568 alterno
1472 3512 1564 3568 die
1577 3512 1854 3584 jejunan-

196 3603 308 3669 tes,
360 3602 419 3656 et
466 3598 691 3656 alterno
749 3600 1000 3673 crapulae
1057 3605 1115 3656 et
1142 3600 1406 3657 ebrietati
1459 3600 1850 3675 indulgentes,

198 3690 713 3765 quadragesimam
743 3708 805 3747 se
832 3691 1138 3747 observare
1158 3691 1590 3758 existimabant,
1614 3707 1748 3747 cum
1770 3690 1853 3745 vi-

197 3780 345 3855 ginti
376 3783 607 3836 tantum
639 3779 845 3853 jejunii
877 3781 1002 3837 dies
1031 3779 1389 3849 vicesimam,
1417 3798 1533 3840 non
1552 3797 1685 3836 vero
1708 3797 1853 3853 qua-

198 3869 593 3943 dragesimam
627 3869 899 3926 facerent.
930 3869 1187 3941 Antiqua
1204 3869 1511 3941 jejunandi
1545 3869 1854 3941 disciplina

191 3961 319 4032 jam
345 3957 634 4032 mitigata,
663 3958 875 4015 licebat
933 3975 1088 4014 nona
1116 3957 1262 4013 hora
1281 3959 1575 4030 jejunium
1609 3958 1849 4014 solvere.

200 4047 450 4112 Quidam
480 4064 615 4103 vero
645 4047 756 4103 hac
788 4064 1064 4104 concessa
1094 4047 1238 4103 hora
1262 4046 1408 4102 nihil
1438 4051 1758 4116 sumentes,
1786 4064 1852 4104 eo

199 4136 315 4193 ﬁne
344 4136 418 4193 ad
448 4142 680 4193 noctem
713 4153 900 4209 usque
931 4136 1193 4210 quotidie
1208 4137 1581 4208 jejunahant,
1616 4141 1681 4192 ut
1703 4159 1730 4188 «
1756 4153 1853 4192 no-

200 4229 291 4284 cte
320 4224 492 4300 quasi
523 4242 659 4281 cum
690 4224 925 4281 licentia
971 4229 1229 4281 ventrem
1279 4224 1537 4281 valerent
1584 4226 1852 4299 ingurgi-

197 4319 342 4373 tare.
382 4336 412 4367 »
440 4314 599 4371 Alios
627 4314 842 4388 arguit,
871 4314 1189 4388 quijejunii
1211 4312 1685 4370 solvendihoram
1710 4316 1852 4372 adeo

196 4405 633 4479 praeveniebant
662 4404 792 4477 ipso
813 4404 1065 4460 Sabbato
1088 4407 1308 4473 sancto,
1341 4408 1407 4459 ut
1436 4403 1580 4460 hora
1598 4405 1767 4460 tertia
1779 4405 1852 4461 ob

200 4493 501 4568 crapulam
532 4497 590 4550 et
618 4493 957 4550 ebrietatem
991 4492 1239 4566 pedibus
1272 4496 1565 4561 nutarent;
1600 4510 1705 4550 nec
1736 4512 1850 4551 non

197 4580 353 4651 illos,
388 4582 492 4656 qui
522 4583 617 4639 die
647 4581 831 4638 Cinnae
862 4582 1092 4638 Domini
1127 4586 1262 4638 ante
1282 4598 1496 4637 nonam
1530 4582 1744 4638 missas
1767 4600 1854 4639 ce-
1882 4605 1930 4671 Β

197 4671 527 4741 lebrabant,
562 4672 758 4745 [cxxn]
789 4675 845 4727 et
896 4671 1145 4728 subinde
1186 4671 1481 4743 jejunium
1532 4671 1851 4728 solvebant:

198 4760 635 4835 nonnullasque
657 4760 949 4818 exstitisse
971 4760 1324 4827 subindicat,
1359 4760 1458 4833 qui
1479 4759 1852 4817 violationem

198 4851 405 4924 jejunii
435 4850 531 4907 bis
562 4851 795 4907 duobus
824 4850 1029 4907 diebus
1050 4851 1233 4907 (laenae
1266 4850 1493 4906 Domini
1527 4855 1583 4906 et
1611 4851 1849 4907 Sabbati

201 4940 391 4997 sancti
420 4957 489 4997 ea
509 4940 730 4998 ratione
742 4940 1132 4996 excusandam
1152 4940 1455 5013 putabant,
1477 4940 1629 5012 quod
1653 4940 1712 4995 hi
1736 4941 1851 4996 duo

202 5028 325 5086 dies
355 5027 725 5103 compensari
750 5028 1007 5085 dicerent
1027 5029 1257 5085 duobus
1278 5027 1407 5085 aliis
1421 5029 1852 5101 jejuniidiebus

202 5118 667 5192 quadragesimae
702 5115 966 5189 adjectis,
1001 5116 1282 5173 nimirum
1317 5121 1528 5190 quarta
1554 5121 1610 5173 et
1648 5118 1853 5190 quinta

202 5206 342 5263 feria
371 5212 508 5264 ante
536 5207 791 5281 primam
820 5205 1184 5263 Dominicam
1206 5205 1686 5279 quadragesima),
1712 5223 1846 5262 cum

201 5295 338 5353 olim
369 5319 400 5348 ‹‹
431 5301 610 5370 caput
633 5295 846 5369 jejunii
879 5317 908 5345 »
940 5314 972 5352 a
1003 5296 1193 5369 prima
1210 5294 1514 5351 Dominica
1547 5296 1846 5368 inciperet.

198 5385 323 5443 Alia
351 5391 528 5460 atque
557 5385 675 5443 alia
703 5380 844 5443 vitia
870 5385 929 5441 in
951 5385 1290 5458 jejunantes
1321 5384 1638 5458 irrepentia
1664 5384 1845 5456 n'otat,

200 5490 324 5547 qua
354 5475 576 5533 nostris
607 5486 842 5549 quoque
890 5473 1254 5548 temporibus
1303 5475 1641 5532 communia
1687 5480 1849 5545 sunt;

196 5562 1099 5638 veramqueexplicatjejunandi
1124 5563 1433 5635 rationem,
1448 5581 1567 5638 qua
1589 5583 1705 5623 non
1726 5569 1847 5623 tam

197 5669 232 5718 δ
259 5654 427 5728 cibis,
458 5671 643 5735 quam
665 5670 701 5713 a
724 5653 979 5732 peccatis
1004 5653 1335 5714 abstinetur
1362 5657 1422 5714 et
1449 5654 1653 5728 oratio,
1699 5654 1847 5723 elsc-

1961 3353 2162 3393 eorum
2175 3338 2601 3394 observantiam
2616 3338 2935 3411 disciplina:
2948 3339 3068 3396 zelo
3081 3340 3349 3397 volebant
3369 3342 3613 3399 induce-

1962 3425 2251 3483 re.Clerici
2266 3431 2505 3483 econtra
2518 3427 2739 3484 abusus
2753 3427 3109 3501 adisciplina
3120 3446 3412 3487 canonum
3426 3432 3616 3488 maxi-

1962 3531 2055 3571 me
2068 3515 2576 3588 abborrentes,qui
2587 3516 2764 3573 latius
2776 3517 2790 3571 i
2801 3517 3151 3586 noleverant,
3170 3520 3615 3578 consuetudinis

1961 3605 2197 3661 nomine
2227 3604 2420 3660 licitos
2449 3605 2582 3674 rati,
2635 3607 2907 3679 episcopo
2954 3606 3256 3676 obsistere,
3307 3625 3379 3665 ne
3404 3626 3438 3665 a
3466 3609 3612 3678 suis,

1961 3692 2044 3747 uti
2066 3694 2368 3767 vocabant,
2413 3694 2940 3751 consuetudinibus
2988 3696 3438 3767 abducerentur,
3476 3712 3612 3754 =non

1961 3781 2328 3839 desinebant.
2361 3782 2507 3839 Hinc
2566 3783 2625 3839 in
2657 3782 2805 3839 libro
2864 3784 3197 3854 Discordiae,
3254 3802 3420 3841 num.
3456 3788 3511 3857 1,
3555 3804 3617 3845 se

1961 3888 2265 3944 nunquam
2296 3873 2556 3945 potuisse
2587 3872 2669 3927 ait
2686 3889 2821 3928 cum
2848 3873 3056 3930 iisdem
3076 3873 3303 3931 clericis
3321 3875 3468 3932 mire
3484 3892 3619 3932 con-

1960 3961 2242 4028 cordiam,
2278 3983 2307 4011 ‹‹
2340 3976 2474 4016 cum
2498 3960 2580 4015 illi
2602 3964 3327 4033 semperconsuetudinem
3352 3968 3616 4021 anteces-

1960 4065 2161 4105 sorum
2190 4049 2567 4121 pontificibus
2597 4049 2722 4106 suis
2754 4050 3116 4107 incessanter
3138 4051 3462 4120 rebellium,
3487 4069 3619 4109 san-

1960 4139 2069 4195 ctis
2101 4143 2158 4194 et
2187 4155 2221 4194 a
2250 4139 2366 4194 Deo
2393 4138 2640 4194 decretis
2697 4138 3060 4211 praetulerint
3111 4140 3458 4196 canonibus:
3508 4156 3614 4213 ego

1960 4232 2193 4284 sanctos
2224 4231 2281 4284 et
2310 4245 2345 4284 a
2368 4228 2484 4283 Deo
2514 4228 2776 4284 decretos
2789 4244 3041 4284 canones
3059 4228 3338 4284 adiabolo
3362 4229 3615 4287 inventis

1959 4317 2346 4389 praeferendos
2377 4316 2703 4389 putaverim
2726 4317 2954 4373 usibus.
2981 4339 3011 4369 »
3035 4317 3326 4374 Maximus
3346 4317 3611 4391 quidem,

1960 4410 2019 4463 et
2047 4422 2082 4461 a
2110 4405 2291 4462 sacris
2322 4405 2647 4463 canonibus
2685 4406 2940 4463 maxime
2984 4407 3339 4480 reprobatus
3388 4408 3612 4465 abusus

1960 4498 2084 4551 erat
2112 4493 2454 4550 clericorum
2486 4516 2515 4546 ‹‹
2553 4494 2973 4564 mulierositas,
3006 4518 3034 4545 »
3066 4513 3245 4569 quam
3277 4495 3392 4553 late
3417 4501 3475 4553 et
3506 4515 3614 4570 pu-

1960 4583 2108 4640 blice
2138 4589 2504 4657 grassantem
2538 4584 2598 4639 in
2630 4584 2932 4641 Discordia
2983 4584 3076 4642 his
3124 4585 3316 4643 verbis
3365 4585 3616 4660 explicat

1963 4689 2128 4728 num.
2165 4674 2215 4727 1:
2254 4694 2281 4723 ‹‹
2314 4672 2644 4729 Probihitas
2676 4673 2832 4729 enim
2859 4674 2919 4729 in
2950 4674 3183 4730 Nicaena
3229 4675 3450 4748 synodo
3482 4692 3614 4732 mu-

1960 4760 2133 4817 lieres
2149 4764 2269 4816 tam
2283 4761 3112 4836 consuetudinaliter,tamque
3124 4762 3355 4836 publice
3375 4763 3612 4831 habere,

1960 4854 2082 4906 tam
2115 4850 2463 4924 parvipensa
2512 4851 2607 4907 Dei
2637 4855 2695 4907 et
2742 4851 3050 4907 hominum
3096 4852 3433 4921 reverentia,
3485 4853 3612 4925 ipso

1962 4957 2078 5013 quo
2132 4941 2343 4996 timore
2416 4939 2692 5013 gehennae
2763 4940 3057 4996 intantum
3131 4941 3485 5013 posthabito,
3544 4945 3612 4996 ut

1960 5033 2169 5103 putent
2191 5030 2333 5086 adeo
2365 5029 2490 5085 ﬁeri
2525 5046 2641 5086 non
2674 5031 2848 5087 modo
2879 5029 3072 5096 licere,
3105 5030 3207 5086 sed
3238 5030 3413 5086 etiam
3432 5044 3608 5101 opor-

1958 5121 2099 5187 tere,
2133 5121 2197 5173 ut
2226 5135 2398 5174 nemo
2428 5117 2538 5175 hoc
2571 5118 2755 5176 facere
2785 5119 3048 5175 devitans
3072 5118 3339 5173 videatur
3366 5117 3450 5173 eis
3472 5134 3608 5190 pes-

1958 5208 2107 5265 simo
2130 5206 2248 5275 illo,
2283 5208 2440 5281 quod
2470 5206 2783 5281 Apostolus
2815 5208 2873 5264 in
2904 5205 3163 5280 Epistola
3191 5206 3263 5261 ad
3313 5206 3611 5265 Romanos

1957 5300 2263 5364 memorat,
2292 5296 2510 5353 scelere
2536 5313 2707 5369 posse
2723 5314 2938 5361 carere,
2958 5313 3072 5352 non
3091 5294 3196 5351 tibi
3225 5295 3460 5352 videtur
3480 5296 3604 5353 dia-

1956 5384 2158 5442 bolum
2184 5384 2506 5442 invenisse?
2535 5407 2564 5435 »
2596 5385 2798 5442 Clerici
2825 5384 3046 5441 scilicet
3073 5383 3154 5439 ita
3204 5385 3426 5457 passim
3477 5402 3609 5444 mu-

1956 5474 2129 5532 lieres
2157 5474 2472 5546 habebant,
2506 5478 2569 5529 ut
2622 5474 2920 5530 crederent
2965 5473 3191 5530 licitum
3243 5476 3400 5548 quod
3448 5492 3608 5534 com-

1957 5565 2123 5623 muni
2154 5581 2267 5621 usu
2297 5568 2421 5620 erat
2449 5567 2768 5635 receptum;
2793 5567 2852 5619 et
2870 5580 2986 5621 non
3016 5562 3209 5621 solum
3232 5563 3481 5636 licitum,
3505 5568 3606 5623 sed

1958 5652 2355 5722 necessarium
2398 5651 2575 5711 etiam
2624 5651 2925 5726 haberent,
2953 5669 3028 5714 ne
3073 5653 3210 5732 quis
3258 5653 3607 5721 mulieribus
