4070 6370
481 330 599 393 103

1445 326 1896 392 RATHERIUS
1936 324 2428 393 VERONENSIS
2474 326 2929 392 EPISCOPUS.
2982 272 2987 279 ‘

3779 329 3913 390 104

478 480 707 537 expers,
741 462 992 519 nefando
1018 478 1084 519 ac
1106 462 1364 535 pessimo
1395 460 1789 534 sceleri,quod
1810 461 2134 516 detestatur
2160 462 2215 527 Α
2245 478 2404 516 num.
2454 462 2507 531 4,
2558 465 2760 518 auctor
2805 464 3003 517 noster
3039 459 3280 518 clericos
3329 464 3494 518 notat
3544 484 3573 512 ‹‹
3602 462 3908 517 canonica:

478 551 814 626 Apostolus,
847 551 1184 609 deserviret.

551 686 640 740 97.
674 686 792 740 Hoc
825 685 1032 740 vitium
1064 689 1186 739 tam
1217 684 1329 739 late
1359 684 1675 748 obtinebat,
1710 688 1775 737 ut
1805 699 1870 738 eo
1894 700 2009 737 non
2041 700 2133 738 so-

476 773 604 830 lum
638 776 890 846 majores
919 773 1225 829 ctditiores
1243 773 1455 841 clerici,
1486 774 1588 829 sed
1614 773 1872 828 minores
1892 772 2066 827 etiam
2080 776 2137 828 et

481 863 859 936 pauperiores
891 862 1239 918 laborarent.
1270 862 1519 933 Majores
1540 862 1777 934 quidem
1809 878 1874 916 ac
1896 860 2135 917 ditiores

482 955 765 1009 notantur
785 957 932 1024 part.
973 953 995 1005 1
1032 951 1111 1005 De
1144 953 1482 1021 contemptu
1513 966 1826 1016 canonum,
1863 967 2027 1004 num.
2079 951 2131 1017 4,

487 1056 622 1096 cum
653 1057 750 1096 eos
783 1039 1103 1112 potioribus
1130 1042 1184 1094 et
1206 1039 1597 1110 amplioribus
1619 1038 1883 1095 Ecclesia
1904 1037 2138 1094 redditi-

477 1129 590 1185 bus
621 1130 832 1184 ditatos
865 1128 972 1182 hac
1004 1129 1074 1184 de
1106 1145 1286 1184 causa
1317 1129 1470 1183 inter
1499 1132 1734 1183 caeteras
1760 1128 1975 1198 tradat,
2010 1150 2038 1178 ‹‹
2071 1132 2136 1182 ut

478 1217 732 1272 habeant
759 1233 1013 1289 quoque,
1051 1216 1203 1271 unde
1235 1215 1371 1272 ﬁliis
1401 1233 1630 1283 uxores,
1666 1216 1900 1272 ﬁliabus
1937 1216 2134 1288 acqui-

476 1309 609 1361 rant
639 1305 906 1361 maritos.
943 1327 971 1355 »
1004 1305 1260 1360 Minores
1290 1322 1425 1360 vero
1456 1310 1513 1360 et
1542 1305 1920 1377 pauperiores
1942 1304 2134 1361 clerici

474 1394 812 1450 indicantur
842 1393 903 1449 in
933 1393 1256 1459 Discordia,
1291 1411 1451 1449 num.
1487 1396 1540 1462 6,
1576 1394 1675 1449 ubi
1699 1399 2007 1466 postquam
2036 1410 2135 1451 eos

475 1483 545 1539 ad
571 1482 850 1543 mulieres
880 1481 1258 1538 dimittendas
1275 1482 1564 1555 imperiali
1588 1487 1875 1555 praecepto
1898 1484 2134 1539 adactos

475 1569 753 1644 prodidit,
788 1569 940 1626 hanc
973 1588 1177 1627 eorum
1210 1571 1647 1628 excusationem
1685 1572 1905 1627 subdit:
1938 1594 1966 1622 «
1998 1572 2133 1627 Om-

477 1662 643 1717 nium
675 1677 823 1733 pene
853 1661 1149 1716 excusatio
1179 1662 1421 1730 exstitit,
1443 1680 1560 1718 non
1580 1678 1750 1735 posse
1768 1661 2136 1735 prepterino-

474 1748 633 1822 piam
666 1748 776 1804 hoc
797 1748 914 1804 ullo
948 1750 1120 1804 modo
1146 1750 1287 1818 ﬁeri;
1314 1750 1574 1822 potuisse
1594 1766 1725 1805 vero
1745 1754 2062 1822 utcunque,
2083 1749 2133 1804 si

2244 550 2356 623 legi
2391 551 2667 608 adversos
2696 564 2886 623 usque
2935 552 3005 607 ad
3038 555 3290 623 nuptum
3340 551 3664 624 publicum.
3702 574 3730 601 n
3764 552 3908 623 (Ne-

2244 657 2356 712 que
2403 639 2496 696 his
2548 640 2953 697 contradicunt
3006 641 3106 697 illa
3157 640 3413 697 auctoris
3468 640 3645 696 verba
3702 640 3838 695 libri
3873 659 3913 696 v

2242 729 2721 801 Praeloquiorum,
2756 746 2920 785 num.
2970 731 3057 795 18,
3091 730 3201 784 col.
3246 731 3366 798 155,
3418 747 3468 785 c.
3503 729 3718 802 quibus
3749 729 3914 785 inter

2244 827 2361 883 alia
2408 828 2755 884 discrimina
2797 827 3329 883 ecclesiasticorum
3378 845 3412 883 a
3440 827 3606 883 laicis
3637 832 3913 883 recenset

2244 917 2421 983 istud,
2457 939 2484 968 «
2517 917 2673 988 quod
2731 933 2845 972 non
2891 934 2924 971 a
2954 917 3143 985 nobis,
3204 921 3270 971 ut
3299 916 3369 972 ab
3432 917 3537 983 eis,
3598 916 3911 972 ducuntur

2244 1023 2470 1061 uxores.
2508 1028 2535 1056 »
2567 1006 2697 1061 Haec
2739 1006 2897 1061 enim
2928 1006 2998 1061 ab
3052 1005 3180 1078 ipso
3211 1006 3431 1078 scripta
3470 1006 3703 1078 jamdiu
3737 1011 3908 1073 ante,

2242 1112 2311 1150 ex
2340 1099 2461 1150 toto
2495 1098 2766 1150 contextu
2825 1111 2941 1149 non
2975 1094 3310 1149 referuntur
3366 1094 3437 1148 ad
3489 1094 3748 1163 clericos,
3794 1095 3906 1151 sed

2243 1184 2314 1240 ad
2346 1185 2671 1256 episcopos,
2703 1184 2774 1238 de
2804 1200 3055 1255 quorum
3102 1183 3365 1239 moribus
3412 1183 3630 1239 ibidem
3661 1201 3729 1239 ex
3759 1201 3905 1256 pro-

2244 1282 2434 1355 posito
2464 1281 2725 1337 disserit.
2757 1280 2917 1337 Alias
2971 1297 3108 1336 vero
3140 1286 3304 1352 parte
3355 1282 3612 1337 secunda
3652 1281 3732 1338 De
3762 1299 3907 1338 con-

2241 1376 2468 1443 temptu
2504 1387 2815 1437 canonum,
2851 1386 3017 1425 num.
3048 1374 3105 1441 2,
3138 1369 3246 1426 col.
3298 1371 3426 1436 367,
3457 1387 3507 1426 c.
3544 1371 3640 1426 ubi
3673 1370 3797 1443 agit
3829 1372 3905 1426 de

2243 1462 2507 1517 moribus
2562 1458 2926 1528 clericorum,
2979 1476 3113 1514 cum
3152 1460 3305 1515 inter
3360 1460 3706 1516 discrimina
3752 1460 3905 1516 isto-

2243 1568 2376 1606 rum
2414 1569 2447 1606 a
2490 1549 2678 1616 laicis,
2729 1548 2937 1605 iisdem
2987 1550 3103 1605 fere
3150 1549 3605 1622 Praaloquiorum
3653 1549 3906 1607 vocibus

2242 1641 2516 1704 referens,
2552 1656 2680 1711 quae
2714 1637 2939 1695 clericis
2971 1643 3112 1694 sunt
3142 1655 3275 1694 cum
3303 1639 3594 1711 episcopis
3625 1656 3906 1695 commu-

2244 1739 2343 1793 nia
2368 1739 2547 1806 istud,
2583 1760 2610 1787 «
2647 1737 2803 1810 quod
2835 1754 2951 1792 non
2984 1737 3054 1792 ab
3085 1736 3251 1808 ipsis,
3285 1741 3349 1792 ut
3379 1753 3412 1792 a
3440 1736 3626 1804 laicis,
3673 1738 3904 1793 ducun-

476 1838 839 1910 stipendium
865 1840 1067 1910 [cxxiv]
1090 1834 1351 1894 debitum
1368 1856 1435 1894 ex
1461 1838 1635 1894 rebus
1656 1838 2003 1894 habuissent
2025 1840 2125 1894 Ec-
2153 1837 2200 1902 B
2229 1834 2327 1885 tur
2356 1843 2584 1893 UXOI‘OS.
2621 1848 2648 1876 ))
2679 1824 2894 1880 ideirco
2926 1824 3155 1879 Videtur
3186 1824 3475 1892 οῐῐιίεῖεδθν
3511 1824 3649 1897 quia
3678 1825 3903 1897 nuptiae

475 1926 688 1983 clesize.
725 1949 754 1976 n
785 1927 1063 1982 Notandze
1092 1944 1258 1983 voces
1308 1949 1336 1977 «
1371 1928 1635 1983 omnium
1670 1950 1697 1978 ››
1748 1933 1805 1983 et
1836 1951 1862 1977 ‹‹
1895 1931 2130 2001 prepter

474 2015 757 2087 inopiam,
794 2037 824 2065 »
853 2033 977 2088 quae
1009 2032 1133 2071 rem
1164 2016 1610 2088 pauperioribus
1656 2015 1823 2072 valde
1862 2034 2126 2072 commu-

474 2120 609 2159 nem
659 2104 986 2177 designant.
1046 2105 1342 2169 Quatenus
1400 2110 1597 2161 autem
1652 2105 1910 2178 «inepiae
1945 2128 1973 2155 »
2024 2122 2128 2179 per

472 2192 750 2249 mulieres
813 2193 1229 2266 prospicerent,
1292 2193 1566 2267 explicari
1632 2199 1822 2267 potest
1877 2213 1946 2250 ex
2003 2194 2124 2267 epi-

472 2280 624 2337 stola
654 2282 824 2338 coaevi
858 2281 1111 2355 episcOpi
1143 2282 1371 2338 Attonis
1411 2282 1796 2338 Vercellensis
1845 2284 1915 2338 ad
1949 2300 2123 2338 suum

472 2371 692 2427 claram
726 2372 1006 2427 adversus
1037 2370 1276 2426 clericos
1308 2371 1737 2427 incontinentes
1779 2373 1844 2445 (t.
1880 2373 1901 2427 Ι
1928 2374 2123 2444 szcz'l.

471 2461 715 2526 Acmen,
749 2477 807 2532 p.
840 2460 985 2530 440).
1019 2482 1046 2509 ‹‹
1081 2460 1231 2515 Sunt
1262 2459 1361 2531 qui
1400 2461 1471 2514 de
1521 2460 1873 2516 feminarum
1922 2466 2125 2517 contu-

472 2548 675 2603 bernio
710 2564 771 2603 se
796 2564 1072 2603 excusare
1093 2553 1377 2620 quaerunt,
1402 2548 1541 2604 dum
1562 2566 1728 2605 suam
1748 2549 1917 2621 quasi
1935 2568 2124 2606 neces-

475 2636 707 2692 sitatem
738 2640 1054 2708 exponunt.
1086 2637 1266 2692 Aiunt
1294 2638 1472 2705 enim,
1505 2639 1644 2710 qnia
1692 2639 1804 2694 nisi
1861 2639 2122 2712 ipsarum

474 2726 751 2781 manibus
800 2728 1283 2794 sustentaremur,
1329 2727 1455 2798 jam
1515 2728 1686 2796 fame,
1730 2726 1814 2783 vel
1860 2728 2123 2784 nuditate

476 2814 885 2870 deﬁceremus.

544 2944 633 2999 98.
668 2944 934 3000 Dubitari
967 2947 1175 3018 potest,
1236 2963 1379 3001 num
1420 2947 1542 3003 haec
1595 2947 1938 3005 clericorum
1992 2968 2122 3005 mu-

473 3032 766 3091 lierositas
797 3035 939 3090 adeo
994 3036 1326 3092 communis
1354 3041 1412 3092 et
1470 3036 1721 3110 publica,
1784 3056 1911 3111 quae
1963 3039 2124 3096 licita

473 3122 817 3191 habebatur,
852 3124 923 3178 de
979 3124 1345 3193 concubinis,
1380 3142 1415 3197 q
1448 3143 1553 3182 uas
1583 3126 1710 3199 ipso
1768 3128 1962 3184 divino
1990 3129 2122 3199 jure

472 3211 795 3284 probibitas
827 3212 1094 3285 ignorare
1126 3218 1349 3285 poterat
1380 3232 1569 3281 nemo,
1600 3216 1979 3290 intelligenda
2022 3218 2116 3273 sit.
2151 3208 2193 3275 C

472 3300 782 3356 Ratherius
796 3302 1033 3373 quidem
1049 3324 1076 3352 ‹‹
1105 3303 1442 3375 conjugium
1466 3324 1494 3353 »
1518 3305 1917 3362 intercessisse
1939 3306 2120 3379 signi-

472 3388 627 3455 ﬁcat,
658 3404 792 3443 cum
817 3388 877 3444 in
909 3388 1217 3455 Qualitatis
1248 3393 1597 3464 conjectura,
1634 3411 1796 3450 num.
1827 3395 2123 3453 chericos

472 3477 763 3547 ejusmodi
796 3478 1146 3535 mulieribus
1194 3481 1433 3551 junetos
1483 3482 1755 3553 adulterii
1814 3501 2119 3555 accusans,

476 3589 504 3616 ‹‹
534 3565 763 3638 illegale
792 3568 1129 3640 conjugium
1183 3571 1447 3626 nominat
1495 3571 1869 3643 adulterium;
1907 3596 1934 3624 ››
1976 3578 2032 3629 et
2060 3576 2119 3630 in

470 3654 861 3728 Apologetico,
925 3675 1086 3713 num.
1118 3661 1153 3713 7
1185 3660 1257 3715 de
1312 3660 1537 3716 clericis
1595 3665 1963 3736 monogamis
2020 3664 2117 3720 ait:

477 3766 505 3794 «
534 3745 900 3801 Adulterium
933 3746 1236 3819 publicum
1269 3750 1410 3804 dum
1460 3749 1683 3822 illegale
1729 3753 1931 3825 utique
1980 3770 2121 3808 con-

465 3833 701 3907 jugium
734 3835 828 3904 sit;
869 3858 896 3886 »
950 3842 1004 3891 et
1035 3836 1091 3891 in
1142 3838 1466 3909 Discordia,
1518 3858 1681 3895 num.
1718 3844 1766 3896 l:
1819 3866 1845 3892 ‹‹
1879 3842 2123 3898 Adulter

472 3922 628 3977 enim
660 3923 830 3979 nobis
859 3929 966 3992 est,
1001 3925 1100 3997 qui
1128 3930 1329 3981 contra
1359 3943 1611 3984 canones
1661 3929 1901 3985 uxorius
1951 3935 2056 3986 est.
2093 3953 2120 3981 ››

469 4009 591 4067 Vox
623 4035 650 4064 «
685 4013 986 4069 uxorius»
1037 4014 1376 4088 conjugium
1427 4033 1559 4072 cum
1609 4017 1853 4075 muliere
1906 4020 2122 4076 initum

469 4103 789 4173 praesumit.
825 4103 969 4159 I-Iinc
997 4104 1294 4160 decretum
1328 4107 1533 4177 synodi
1588 4108 1942 4166 Ravennatis
1985 4127 2120 4166 con-

468 4193 558 4246 tra
588 4190 931 4249 clericorum
967 4193 1451 4251 mulierositatem
1502 4199 1627 4251 tum
1678 4198 1923 4254 Romani
1977 4216 2120 4271 pon-

465 4280 640 4335 tiﬁcis
673 4282 1017 4338 auctoritate
1059 4288 1185 4339 tum
1239 4283 1610 4356 imperatoris
1659 4292 1943 4360 prmcepto
1992 4306 2122 4344 mu-

469 4369 680 4437 nitum,
715 4370 1026 4426 Ratherius
1054 4371 1114 4425 in
1151 4373 1464 4440 Discordia,
1499 4392 1663 4431 nnm.
1695 4378 1749 4431 6.
1783 4376 1873 4432 his
1929 4379 2122 4435 verbis

469 4458 773 4528 expressit:
811 4480 838 4507 «
872 4459 1017 4513 Cum
1050 4460 1120 4515 de
1147 4461 1495 4518 dimittenda
1544 4464 1964 4523 mulierositate
2012 4469 2122 4523 Au-

469 4545 718 4646 gustalis
751 4547 1415 4646 intonuisset‘ad‘versus
1442 4551 1572 4607 illos
1601 4554 1893 4622 voluntas,
1929 4579 1949 4605 υ
1987 4562 2119 4626 etc.,

468 4634 528 4688 in
573 4635 817 4706 epistola
874 4654 1007 4693 vero
1065 4638 1137 4693 ad
1197 4639 1538 4696 Nannonem
1598 4660 1760 4698 num.
1817 4647 1852 4698 2
1903 4648 2122 4703 vocavit

472 4746 500 4774 «
534 4721 881 4795 legationem
914 4726 1103 4798 ipsius
1124 4744 1285 4800 papae
1315 4728 1386 4783 de
1409 4731 2119 4793 uxoribusdimittendism

470 4812 554 4867 ita
583 4817 651 4868 ut
706 4813 861 4871 idem
906 4816 983 4871 sit
1031 4840 1059 4867 «
1093 4817 1164 4871 de
1212 4816 1559 4875 dimittenda
1617 4823 2053 4895 mulierositate,
2091 4849 2119 4877 »

470 4919 536 4958 ac
562 4925 588 4951 ‹‹
624 4902 694 4959 de
720 4904 1003 4960 uxoribus
1036 4904 1423 4962 dimittendis.
1457 4930 1486 4957 ››
1537 4909 1750 4967 Uxores
1804 4914 1984 4987 igitur
2015 4916 2119 4971 ha-

469 4990 776 5060 bebantur,
813 5010 937 5065 quae
964 5011 1097 5048 cum
1128 4993 1352 5050 clericis
1380 4996 1791 5057 cohabitabant
1821 5004 2117 5061 mulieres:

468 5080 645 5153 idque
704 5082 815 5138 etsi
863 5082 1187 5140 eanonibus
1245 5089 1402 5141 esset
1454 5086 1849 5161 interdictum,
1883 5097 1941 5148 et
1969 5116 1998 5145 ς(
2029 5093 2121 5149 lex

469 5168 633 5225 nulla
663 5171 870 5227 altaris
902 5171 1190 5228 ministris
1235 5172 1534 5248 indulgeat
1580 5181 1856 5254 conjugia
1906 5183 2118 5254 (Itiner.

470 5274 526 5313 n.
590 5260 700 5331 1.5);
762 5283 791 5313 »
852 5278 1025 5317 omne
1081 5266 1277 5318 tamen
1324 5262 1667 5335 bujusmodi
1743 5268 2122 5326 interdictum

471 5350 895 5405 consuetudine
926 5352 1292 5423 abrogatum,
1321 5358 1379 5409 et
1409 5360 1649 5412 eatenus
1681 5357 1803 5413 haec
1849 5359 2125 5432 conjugia

468 5433 641 5491 licere
689 5438 1091 5508 credebantur;
1152 5446 1209 5497 et
1235 5442 1317 5498 ita
1363 5445 1750 5502 credebantur
1803 5446 1995 5516 licere,
2054 5454 2122 5504 ut

471 5524 694 5598 absque
748 5525 869 5582 ulla
921 5528 1230 5588 formidine
1288 5533 1516 5606 publice
1575 5536 1752 5592 etiam
1802 5554 1836 5592 a
1896 5535 2121 5595 clericis

2238 1935 2351 1973 non
2411 1915 2492 1970 ita
2546 1917 2712 1969 erant
2767 1930 2801 1967 a
2853 1911 3097 1979 clericis,
3157 1915 3222 1966 ut
3280 1913 3351 1967 ab
3417 1911 3704 1984 episcopis
3754 1911 3899 1967 alie-

2236 2007 2367 2079 nae.)
2424 2010 2543 2060 Hoc
2604 2003 2801 2075 itaque
2873 2000 3081 2057 sacculo
3141 2001 3197 2057 in
3258 2002 3475 2057 nostris
3555 2000 3899 2075 regionibus

2236 2114 2352 2152 non
2380 2096 2630 2150 obscura
2658 2091 2911 2147 emicant
2958 2090 3126 2146 initia
3182 2091 3310 2161 ejus
3388 2089 3729 2163 corruptela
3761 2108 3898 2163 quae

2240 2183 2510 2257 sequenti
2570 2180 2781 2237 saeculo
2839 2180 3029 2253 magis
3078 2180 3263 2237 multo
3313 2180 3621 2251 deferbuit,
3674 2180 3897 2236 multo-

2237 2299 2349 2355 que
2380 2282 2512 2337 nisu
2572 2280 2812 2335 defensa
2864 2278 2976 2333 fuit
3024 2295 3059 2334 a
3111 2278 3315 2334 multis
3372 2279 3896 2353 propugnantibus

2235 2370 2406 2427 licere
2464 2369 2738 2442 conjugia
2789 2367 3153 2424 clericorum.
3217 2370 3301 2423 Ita
3359 2368 3535 2424 etiam
3613 2370 3720 2425 sub
3778 2368 3895 2426 hoc

2232 2464 2467 2533 tempus
2525 2459 2699 2531 «ipsi
2759 2457 2952 2513 clerici
3001 2457 3194 2530 palam
3245 2476 3456 2515 uxores
3511 2458 3822 2527 ducebant,
3856 2481 3886 2509 ››

2234 2551 2320 2605 uti
2379 2549 2628 2604 habetur
2685 2548 3026 2621 (MABILLON.
3086 2563 3134 2602 c.
3193 2548 3227 2601 7
3267 2549 3381 2605 Act.
3438 2548 3537 2605 SS.
3603 2548 3663 2605 0.
3725 2549 3788 2604 B.
3827 2566 3889 2622 p.

2231 2640 2355 2711 841)
2388 2640 2445 2692 in
2491 2637 2624 2692 Vita
2653 2638 2713 2691 S.
2761 2635 3056 2692 Adalberti
3115 2636 3371 2709 episcopi
3421 2637 3728 2709 Pragensis
3778 2654 3891 2692 saa-

2233 2726 2350 2782 culi
2384 2726 2568 2798 [exxv]
2603 2724 2811 2780 decimi
2845 2742 3007 2779 num.
3044 2726 3131 2792 11,
3165 2725 3458 2794 necnonln
3479 2724 3703 2797 Anglia,
3728 2730 3794 2780 ut
3810 2726 3895 2782 vi-

2232 2817 2367 2872 dere
2398 2819 2486 2871 est
2499 2815 2653 2887 apud
2671 2814 3005 2869 Ordericum
3024 2813 3294 2877 Vitalem,
3313 2813 3414 2869 lib.
3432 2832 3466 2868 v
3488 2813 3702 2870 Hister.
3729 2815 3889 2870 Eccl.

2231 2922 2362 2978 pag.
2394 2906 2544 2973 574,,
2563 2904 2808 2975 ejusque
2827 2904 2906 2958 rei
2936 2902 3218 2958 indicium
3242 2906 3433 2959 exstat
3456 2903 3632 2959 etiam
3665 2903 3723 2958 in
3745 2904 3889 2959 Vita

2232 3003 2289 3058 S.
2323 3001 2645 3057 Etholvoldi
2677 3000 2931 3073 episcopi
2960 3000 3387 3057 Wintoniensis
3410 3019 3466 3056 n.
3498 3002 3564 3057 16
3594 3002 3888 3075 (ΜΑΒιίιί..,

2230 3092 2330 3159 ib.,
2365 3109 2421 3163 p.
2453 3091 2601 3161 60:2).
2632 3090 3069 3146 Observandum
3103 3107 3236 3146 vero
3273 3094 3360 3147 est
3389 3090 3510 3146 haec
3542 3090 3820 3164 conjugia
3853 3110 3891 3148 a

2231 3179 2457 3236 clericis
2487 3178 2693 3235 saltem
2727 3178 3021 3251 plerisque
3050 3178 3196 3234 inita
3221 3184 3353 3236 ante
3386 3179 3622 3236 ordines
3663 3197 3886 3250 sacros,

2229 3269 2314 3324 ita
2341 3274 2534 3325 tamen
2569 3273 2634 3323 ut
2664 3268 2763 3341 qui
2794 3267 2877 3324 sic
2924 3268 3228 3324 duxissent
3277 3286 3483 3325 uxores
3533 3287 3649 3325 non
3680 3269 3886 3325 dimit-

2228 3362 2417 3414 terent
2446 3356 2687 3425 clerum,
2706 3358 2803 3413 sed
2820 3357 2878 3412 in
2897 3374 2962 3413 eo
2987 3363 3415 3430 permanerent,
3431 3359 3575 3414 etab
3598 3359 3886 3417 uxoribus

2230 3473 2602 3529 nequaquam
2635 3455 2906 3528 separati,
2939 3457 3010 3511 ad
3045 3474 3240 3512 sacros
3272 3457 3445 3512 etiam
3476 3457 3708 3514 ordines
3744 3475 3884 3529 pro-

2232 3550 2618 3603 movercntur.
2662 3546 2849 3615 Hujus
2901 3546 2981 3601 rei
3009 3546 3299 3618 praecipua
3349 3547 3621 3602 videntur
3667 3546 3889 3603 indicia

2231 3635 2288 3689 in
2321 3635 2603 3707 opusculo
2663 3634 2919 3690 Ratherii
2980 3635 3050 3691 de
3101 3636 3296 3707 Nuptu
3346 3635 3568 3692 illicito.
3619 3637 3888 3709 Nuptum

2232 3724 2525 3793 illicitum,
2562 3726 2730 3797 cujus
2752 3741 2931 3779 causa
2951 3724 3059 3779 hoc
3081 3725 3427 3797 opusculum
3444 3725 3697 3798 scripsit,
3722 3726 3889 3782 fuere

2230 3816 2448 3887 nuptiis
2481 3814 2786 3885 cujusdam
2846 3813 3058 3881 clerici,
3122 3831 3296 3885 quem
3343 3819 3504 3887 pater
3554 3817 3681 3887 ejus
3740 3815 3886 3871 item

2233 3902 2479 3958 clericus
2511 3901 3681 3975 cumclericitiliamatrimoniojunxerat.
3707 3903 3888 3960 Aliud

2231 4010 2463 4065 quoque
2495 3991 2737 4048 alterius
2759 3992 2953 4048 clerici
2975 3992 3316 4065 conjugium
3339 3997 3500 4065 patre
3534 3999 3888 4065 procurante

2229 4089 2442 4145 initum
2466 4089 2681 4146 ibidem
2706 4095 3010 4147 memorat.
3036 4091 3151 4146 Hos
3181 4095 3375 4146 autem
3408 4095 3467 4147 et
3492 4090 3638 4147 alios
3659 4090 3889 4148 similes

2234 4179 2475 4235 clericos
2506 4181 2632 4251 conj
2646 4179 2763 4252 ugii
2797 4196 2975 4235 causa
3004 4197 3119 4236 non
3151 4180 3407 4236 evasisse
3454 4179 3654 4251 laicos,
3689 4180 3789 4236 sed
3819 4180 3885 4236 in

2231 4268 2383 4325 clero
2415 4270 2744 4342 perstitisse
2775 4269 3031 4325 innuunt
3054 4268 3154 4325 illa
3175 4287 3338 4325 num.
3373 4271 3425 4338 4,
3451 4269 3662 4343 quibus
3685 4274 3888 4326 noster

2232 4360 2538 4432 episcopus
2571 4358 2810 4415 clericos
2841 4358 3270 4414 incontinentes
3300 4359 3626 4431 alloquens,
3665 4382 3693 4409 ‹‹
3728 4360 3885 4423 Quo-

2232 4447 2401 4517 circa,
2434 4470 2462 4499 »
2496 4448 2708 4520 inquit,
2743 4472 2771 4499 «
2805 4448 3080 4504 monendi
3128 4453 3185 4504 et
3233 4448 3596 4513 obsecrandi,
3648 4448 3880 4521 fratres,

2231 4542 2296 4592 ut
2327 4537 2467 4609 quia
2498 4537 2813 4609 prohiberi,
2847 4537 2991 4609 proh
3024 4537 3205 4593 dolor!
3241 4556 3275 4594 a
3302 4537 3646 4594 mulieribus
3676 4537 3882 4594 valetis

2234 4624 2395 4691 nullo
2424 4636 2617 4705 modo;
2654 4635 2804 4691 ﬁlios
2834 4637 2903 4691 de
2940 4637 3101 4692 vobis
3151 4641 3459 4710 generatos
3510 4635 3881 4694 dimitteretis

2232 4724 2438 4780 saltem
2472 4740 2599 4779 esse
2630 4724 2830 4793 laicos,
2866 4725 3014 4782 ﬁlias
3044 4726 3209 4782 laicis
3233 4725 3581 4801 jungeretis,
3612 4730 3676 4781 ut
3700 4726 3788 4782 vel
3819 4726 3881 4782 in

2230 4815 2345 4869 ﬁne
2404 4812 2611 4869 saltem
2667 4817 2858 4870 vestro
2909 4816 3340 4885 terminaretur,
3403 4819 3459 4872 et
3492 4833 3787 4888 nusquam
3821 4817 3882 4873 in

2230 4904 2409 4958 ﬁnem
2441 4903 2638 4958 saeculi
2671 4903 2907 4961 duraret
2938 4906 3289 4962 adulterium
3316 4911 3599 4964 vestrum.
3635 4928 3664 4956 »
3699 4905 3881 4961 Adul-

2229 4991 2441 5047 terium
2474 4991 2569 5047 hic
2612 5009 2845 5065 quoque
2898 4999 3064 5050 vocat
3116 4995 3461 5052 clericorum
3514 4994 3879 5067 conjugium.

2231 5102 2258 5131 «
2292 5080 2597 5152 Nusquam
2630 5104 2658 5132 ››
2691 5100 2824 5139 vero
2858 5106 2885 5135 «
2919 5084 2977 5138 in
3012 5084 3187 5139 ﬁnem
3227 5084 3422 5141 saeculi
3454 5107 3483 5135 ››
3517 5085 3729 5139 durare
3776 5102 3881 5155 po-

2232 5177 2444 5233 tuisset
2474 5178 2827 5235 adulterium
2851 5197 2920 5236 ex
2951 5180 3288 5238 memoratis
3345 5181 3660 5255 conjugiis,
3694 5182 3744 5237 si
3771 5180 3882 5237 ﬁlii

2230 5265 2421 5322 clerici
2453 5273 2584 5340 post
2633 5269 2973 5342 eonjugium
3027 5270 3377 5329 excidissent
3428 5288 3457 5327 e
3489 5270 3663 5341 clero,
3713 5273 3771 5325 et
3819 5271 3880 5327 in

2230 5353 2511 5412 laico'rum
2542 5357 2792 5430 gradum
2814 5358 3186 5415 transissent.
3218 5362 3349 5417 Ideo
3373 5365 3569 5417 autem
3594 5359 3654 5414 in
3677 5376 3883 5433 perpe-

2228 5448 2396 5501 tuum
2428 5447 2775 5503 duraturum
2809 5448 3080 5517 traditur,
3114 5451 3253 5522 quia
3281 5468 3412 5507 cum
3445 5449 3530 5505 illi
3560 5455 3693 5522 post
3741 5466 3879 5506 con-

2221 5543 2458 5619 jugium
2489 5549 2686 5602 essent
2713 5545 2772 5601 in
2792 5544 3027 5613 clero,et
3038 5548 3108 5604 ad
3136 5549 3401 5606 altiorem
3415 5549 3589 5604 etiam
3612 5546 3881 5605 ordinem

468 5611 777 5673 inirentur.
812 5617 998 5687 Quare
1028 5618 1089 5677 in
1127 5636 1398 5681 sermone
1445 5623 1516 5681 de
1549 5623 1734 5683 Maria
1782 5628 1839 5684 et
1869 5625 2115 5702 Martha,
2225 5611 2727 5710 promoverentur,
2753 5634 2905 5694 ﬁlios
2934 5652 3004 5694 ex
3023 5636 3364 5713 bujusmodi
3385 5637 3655 5713 conjugio
3677 5654 3881 5697 suscen-
