4070 6408
203 360 317 423 105

1210 363 1822 430 PROLEGOMENA.
1856 398 1935 413 -—
1962 364 2337 430 RATHERII
2380 369 2589 433 VITA.

3497 366 3613 442 {0‘6

204 502 332 569 ptes
380 495 533 552 clero
599 497 954 565 addicerent,
1005 503 1061 554 et
1093 500 1469 556 matrimonio
1516 502 1848 573 jungereut,
1881 500 1937 566 Α
1966 499 2343 558 ecclesiarum
2392 504 2669 561 omnibus
2709 504 2965 561 ecclesiae
3006 505 3251 577 clericis,
3294 509 3405 565 sed
3437 503 3610 582 juxta

203 584 594 658 similiterque
634 586 695 642 in
744 588 922 642 ﬁnem
964 587 1159 644 saeculi
1185 593 1480 646 contracta
1505 590 1849 649 clericorum

202 674 496 747 conjugia,
546 675 905 732 adulterium
952 681 1301 750 perpetuum
1346 680 1672 736 redderent.
1726 680 1850 735 Huc

203 763 496 835 pertinent
535 764 640 819 illa
691 767 957 837 ejusdem
1003 767 1270 823 numeri:
1300 791 1326 817 ‹‹
1356 768 1501 822 Cum
1528 769 1846 840 presbyter,

203 856 305 908 aut
326 853 633 921 diaconus,
657 871 897 910 uxorem
925 855 1243 928 legitimam
1277 874 1391 913 non
1424 857 1608 929 possit
1639 856 1852 913 habere

201 941 252 996 si
279 940 471 996 filium
500 942 570 998 de
601 942 731 1015 ipsa
762 942 1159 1012 fornicatione,
1198 944 1305 1014 vel,
1341 946 1495 1017 quod
1539 946 1707 1017 pejus
1738 949 1847 1011 est,

202 1029 491 1087 adulterio
540 1032 830 1104 genitum,
879 1055 909 1082 ››
957 1033 1209 1088 subaudi
1257 1056 1285 1083 «
1319 1038 1375 1089 et
1414 1035 1787 1090 matrimonio
1820 1052 1854 1090 a

201 1121 645 1192 patrejunctum
671 1121 809 1176 facit
830 1123 1233 1194 presbyterum
1259 1141 1271 1191 ;
1304 1122 1400 1178 ille
1432 1122 1678 1179 alterum
1694 1124 1764 1177 de
1790 1139 1854 1178 se

201 1207 477 1264 similiter
523 1210 788 1282 genitum
839 1211 975 1265 facit
1012 1212 1459 1283 presbyterum;
1509 1211 1607 1267 ille
1639 1211 1850 1267 iterum

202 1315 377 1352 suum
406 1300 613 1367 ;suu'm
637 1298 786 1355 alter
806 1300 1015 1355 iterum
1045 1318 1058 1369 ;
1087 1300 1383 1372 pullulans
1408 1300 1551 1356 illud
1585 1318 1769 1373 usque
1791 1300 1850 1355 in

201 1387 379 1445 ﬁnem
412 1387 604 1443 taliter
634 1388 1009 1455 adulterium,
1059 1391 1229 1461 cujus
1270 1394 1376 1456 est,
1412 1390 1525 1444 nisi
1557 1389 1718 1446 illius
1749 1389 1850 1462 qui

198 1475 346 1532 illud
360 1477 635 1548 primitus
647 1478 996 1534 seminavit?
1013 1479 1309 1534 nNotanda
1321 1479 1652 1535 distinctio<<
1667 1478 1850 1533 filium

199 1567 271 1621 de
305 1565 705 1633 fornicatione,
755 1568 864 1633 vel,
899 1568 1053 1640 quod
1089 1570 1257 1640 pejus
1305 1572 1412 1636 est,
1466 1569 1536 1624 de
1561 1568 1851 1624 adulterio

200 1655 705 1728 genitum.l"ilium
731 1656 800 1712 de
823 1657 1201 1714 fornicatione
1224 1680 1252 1706 ››
1276 1674 1410 1713 eum
1435 1663 1637 1713 auctor
1657 1656 1853 1730 appel-

201 1742 487 1817 lat,quem
500 1743 748 1801 clericus
759 1762 827 1802 ex
840 1744 1023 1802 libera
1036 1747 1511 1819 muliere,[cxxvx]
1527 1764 1629 1802 seu
1644 1763 1854 1802 concu-

201 1833 345 1888 bina
362 1835 752 1906 suscepisset;
782 1858 807 1884 ‹‹
835 1835 905 1891 de
927 1835 1211 1891 adulterio
1231 1860 1258 1886 ››
1284 1841 1478 1891 autem
1512 1851 1848 1908 eum,quem

199 1923 642 1995 suscepissetex
663 1922 880 1996 illegali
901 1925 1360 1997 conjugio,quod
1380 1924 1635 1980 Rathcrii
1651 1924 1851 1998 lingua

202 2036 229 2063 α
280 2006 636 2068 adulterium
685 2035 713 2063 »
764 2014 997 2069 dicitur.
1046 2016 1223 2069 Erant
1267 2015 1445 2086 igitur
1492 2013 1708 2083 clerici,
1748 2014 1848 2085 qui

201 2102 564 2159 concubinas
602 2102 858 2169 alebant,
910 2109 1076 2159 erant
1106 2104 1202 2160 alii
1234 2103 1334 2175 qui
1365 2121 1594 2160 uxores.
1630 2103 1850 2159 Horum

200 2196 403 2247 autem
426 2191 659 2247 ﬁliifere
689 2208 893 2248 omnes
914 2193 1148 2247 erantin
1181 2192 1401 2248 clerum
1425 2192 1682 2265 ascripti,
1707 2193 1850 2248 adeo

202 2286 267 2337 ut
296 2281 357 2335 in
392 2305 422 2332 «
455 2281 755 2337 Itinerario
782 2304 808 2331 n
834 2298 998 2337 num.
1021 2285 1074 2338 5.
1104 2282 1197 2336 vix
1228 2280 1484 2355 aliquem
1534 2281 1848 2354 puerulum

200 2370 261 2425 in
293 2369 451 2425 clero
472 2370 778 2426 inventum
800 2370 868 2424 iri
896 2371 1165 2437 afﬁrmet,
1202 2371 1300 2444 qui
1330 2393 1356 2421 «
1385 2388 1701 2439 manzeres,
1727 2391 1754 2421 »
1790 2370 1847 2425 id

201 2463 289 2515 est
320 2475 390 2515 ex
417 2458 814 2526 fornicatione,
843 2466 945 2515 aut
973 2460 1259 2516 adulterio
1284 2466 1457 2516 natus
1482 2478 1596 2515 non
1620 2449 1795 2516 esset.
1819 2481 1848 2511 »

203 2548 263 2605 Si
316 2564 615 2605 manzeres
663 2547 994 2619 abjicercm,
1049 2561 1222 2621 quem
1252 2566 1321 2604 ex
1350 2549 1557 2605 iisdem
1588 2548 1850 2622 puerulis

201 2637 619 2693 stareinchoro
648 2638 1045 2709 permitterem
1077 2640 1150 2692 ?»
1186 2638 1401 2693 Omnes
1432 2638 1571 2693 item
1597 2639 1850 2710 exceptis

202 2724 469 2799 puerulis
507 2725 617 2781 hoc
646 2725 865 2799 illegali
897 2726 1439 2799 conjugioirretitos
1476 2726 1671 2782 innuit
1702 2725 1847 2783 scri-

202 2812 486 2870 bens.»Si
530 2813 897 2870 multinubos
919 2832 953 2870 a
991 2814 1262 2871 clericatu
1296 2814 1845 2887 repellerem,quem

204 2903 319 2959 nisi
371 2903 648 2974 puerulos
681 2903 739 2958 iu
772 2902 1013 2960 ecclesia
1035 2904 1468 2976 relinquerem?
1521 2928 1541 2954 υ
1578 2906 1714 2960 Esto
1749 2922 1850 2976 per

204 2991 580 3066 hyperbolem
603 2998 662 3048 et
686 2995 1189 3067 exaggerationem
1213 2995 1530 3067 scripserit,
1560 3012 1627 3050 ex
1648 2995 1740 3049 his
1761 3000 1849 3050 ta-

203 3097 339 3138 men
391 3081 667 3139 omnibus
712 3081 911 3155 negari
941 3082 1055 3139 non
1092 3088 1282 3156 potest
1320 3083 1525 3139 vilium
1559 3084 1849 3156 ejusmodi

204 3172 427 3227 multos
450 3171 566 3227 imo
596 3170 907 3244 plerosque
924 3172 1164 3228 clericos
1195 3190 1532 3245 occupasse.

272 3261 365 3317 99.
390 3260 738 3317 Inferiorum
760 3262 1102 3318 clericorum
1116 3262 1545 3318 excusationem
1571 3266 1848 3336 «propter
1876 3240 1920 3308 (ἶ

200 3351 464 3423 inopiam
491 3372 519 3399 »
568 3350 745 3423 paulo
777 3353 910 3407 ante
936 3351 1344 3407 indicavimus.
1373 3351 1535 3409 Alius
1565 3351 1846 3407 nimirum

200 3440 429 3495 abusus
457 3438 801 3507 increverat,
830 3457 944 3513 quo
974 3456 1106 3496 cum
1142 3441 1391 3512 majores
1424 3440 1613 3496 clerici
1645 3456 1849 3496 omnes

200 3531 322 3586 fere
352 3527 609 3585 ecclesiae
645 3529 907 3586 redditus
938 3530 1048 3586 sibi
1089 3530 1505 3599 vindicassent,
1547 3530 1850 3586 inferiores

201 3619 466 3675 maxima
493 3623 746 3689 egestate
778 3620 1209 3691 premebantur.
1241 3642 1268 3669 ‹‹
1294 3620 1483 3674 Causa
1504 3640 1531 3670 »
1557 3620 1612 3673 id
1644 3624 1851 3686 est,res

200 3715 255 3765 et
284 3711 441 3764 bona
466 3732 495 3759 ‹‹
526 3708 759 3763 illorum
788 3731 815 3758 ››
838 3707 1179 3764 clericorum
1212 3708 1467 3764 ecclesia:
1499 3707 1852 3763 cathedralis

203 3821 231 3850 ‹‹
264 3814 401 3853 cum
434 3798 549 3853 Deo
570 3798 757 3871 gratia
787 3814 902 3852 non
928 3797 1238 3853 mediocris
1269 3797 1452 3863 sit,ita
1495 3815 1597 3870 per
1626 3814 1851 3853 massa-

202 3888 368 3943 ritias
400 3891 458 3941 et
486 3886 601 3942 alia
632 3885 1010 3955 husjusmodi
1045 3890 1233 3941 exstat
1278 3884 1483 3953 divisa,
1520 3888 1584 3939 ut
1614 3884 1855 3955 quidam

200 3977 442 4032 illorum
490 3976 627 4032 inde
672 3976 979 4043 ditescant,
1014 3974 1328 4031 multitudo
1353 3992 1485 4031 vero
1512 3978 1856 4047 paupertate

206 4066 592 4138 languescat;
626 4070 683 4120 et
720 4064 888 4138 (proh
921 4064 1147 4136 nefas!)
1174 4064 1274 4136 qui
1308 4065 1500 4135 majus
1532 4064 1647 4118 Deo
1672 4063 1733 4118 in
1763 4079 1853 4119 ec-

207 4155 389 4212 clesia
406 4154 684 4210 exhibent
704 4152 1138 4222 servitium,aut
1159 4150 1323 4222 nihil,
1342 4157 1441 4208 aut
1458 4152 1753 4208 modicum
1769 4169 1858 4208 ac-

209 4245 435 4318 cipiant
455 4263 469 4311 ;
489 4243 591 4317 qui
604 4260 751 4316 pene
764 4242 909 4298 nihil
928 4244 1000 4299 dc
1024 4241 1307 4299 famulitio
1322 4258 1582 4313 unquam
1614 4241 1861 4297 actitant

207 4334 465 4403 Domini,
489 4332 808 4405 locupletes
857 4332 927 4388 de
977 4333 1155 4388 rebus
1196 4330 1603 4387 ecclesiasticis
1633 4332 1793 4385 ﬁant.
1830 4352 1858 4379 »

208 4423 295 4479 Ita
322 4423 382 4479 in
416 4422 699 4479 Discordia
729 4438 891 4477 num.
916 4423 968 4477 6.
992 4421 1149 4475 «Per
1173 4420 1536 4476 massaritias
1558 4442 1587 4469 »
1606 4420 1861 4476 dividere

208 4513 365 4567 idem
413 4515 524 4579 est,
576 4527 644 4567 ac
688 4527 790 4582 per
840 4526 1060 4583 campos
1088 4514 1139 4566 et
1184 4526 1367 4565 vincas
1396 4509 1668 4577 dividere,
1705 4511 1861 4582 quod

1960 588 2254 660 propriam
2277 590 2638 648 voluntatem
2662 593 2803 650 solis
2816 593 3159 651 diaconibus
3183 592 3608 673 etpresbyteris

1959 677 2190 746 debent,
2241 696 2369 751 quae
2418 680 2739 738 Veronensi
2786 683 3041 739 ecclesia:
3086 684 3292 743 collata
3323 693 3479 756 sunt,
3512 680 3607 746 ee-

1960 764 2120 835 dere,
2147 788 2174 816 »
2197 771 2305 822 etc.
2324 770 2531 825 Confer
2545 768 2720 826 etiam
2736 772 3173 844 Apologeticum
3190 773 3417 849 [σιξ-νη)
3438 793 3605 836 num.

1957 854 2012 906 7.
2043 854 2203 917 Quod
2235 876 2261 907 «
2282 856 2424 912 solis
2455 858 2797 915 diaconibus
2825 864 2883 915 et
2911 862 3267 935 presbyteris
3289 886 3318 915 υ
3351 865 3453 934 ait,
3488 883 3604 924 non

1961 941 2032 997 de
2062 944 2337 1000 omnibus
2355 946 2698 1004 diaconibus
2719 950 3139 1024 etpresbyteris
3158 946 3605 1027 intelligendum

1960 1035 2067 1097 est,
2100 1033 2199 1087 sed
2232 1033 2304 1089 de
2336 1034 2678 1105 majoribus,
2712 1054 2858 1109 quos
2886 1041 3172 1096 canonicos
3200 1032 3605 1114 appellamus;

1961 1124 2129 1175 erant
2149 1121 2304 1177 enim
2328 1122 2742 1182 aliiinferiores
2757 1120 3100 1199 presbyteri,
3128 1130 3230 1201 qui
3262 1131 3323 1185 in
3352 1132 3607 1190 Judzoato

1962 1207 2298 1265 indicantur
2342 1228 2649 1285 pauperes,
2704 1220 2761 1269 et
2789 1237 2817 1265 «
2868 1217 3190 1290 presbyteri
3238 1219 3525 1293 capellani
3575 1242 3605 1274 »

1962 1297 2366 1356 nominantur:
2390 1300 2497 1357 hos
2515 1305 2707 1359 autem
2727 1308 2860 1360 ante
2876 1296 3309 1379 presbyteratus
3336 1311 3604 1367 ordinem

1960 1386 2020 1442 in
2049 1387 2361 1445 diaconatu
2391 1389 2734 1463 aliquandiu
2766 1394 3100 1451 constitisse
3130 1394 3276 1453 nihil
3307 1402 3397 1456 est
3427 1388 3605 1456 dubi-

1960 1477 2225 1532 tandum.

2034 1566 2155 1623 100.
2180 1565 2307 1621 Haec
2333 1568 2527 1625 minus
2544 1572 3056 1643 aequareddituum
3076 1573 3603 1637 ecclesiasticorum

1962 1652 2298 1711 distributio
2313 1655 2562 1713 aliorum
2581 1660 3259 1736 quoquevitiorum,quaa
3275 1666 3604 1738 tat-majores

1960 1747 2017 1797 et
2046 1743 2349 1800 inferiores
2376 1745 2617 1804 clericos
2642 1749 2999 1819 inliciebant,
3025 1767 3263 1808 causam
3286 1754 3607 1826 prmbuiss'e

1963 1832 2213 1888 traditur
2242 1835 2338 1905 (De
2365 1841 2671 1909 contemptu
2700 1854 2848 1907 crm.,
2883 1844 3034 1911 part.
3089 1858 3127 1909 ι,
3162 1858 3219 1897 n.
3246 1841 3322 1914 4).
3355 1828 3605 1916 Majores

1961 1918 2117 1975 enim
2168 1922 2355 1991 ditati,
2404 1925 2632 1982 facilius
2680 1933 2882 1984 contra
2936 1912 3289 2003 episcopum
3328 1912 3606 2005 "poterant

1960 2008 2264 2081 rebellare,
2314 2018 2368 2067 et
2420 2014 2500 2069 ita
2548 2015 2838 2072 dominari
2875 2016 3272 2087 inferioribus,
3317 2025 3386 2077 ut
3414 2023 3604 2081 eosin

1961 2112 2098 2153 suas
2150 2106 2368 2172 partes,
2418 2120 2551 2158 cum
2599 2104 2830 2173 vellent,
2876 2106 3053 2164 etiam
3103 2124 3206 2181 per
3252 2115 3602 2183 potestatem

1959 2186 2164 2243 laicam
2190 2190 2555 2262 compellere,
2587 2197 2646 2248 et
2674 2194 2746 2248 ad
2753 2195 3173 2265 jusjurandum
3189 2197 3485 2256 ﬁdelitatis
3503 2200 3603 2257 alii

1959 2277 2251 2350 episcopo,
2309 2296 2481 2351 quem
2540 2282 3335 2356 attraxissent,przestandum
3376 2303 3601 2361 cogere,

1960 2369 2015 2420 et
2041 2366 2088 2421 si
2121 2384 2236 2422 non
2268 2369 2588 2438 obcdirent,
2621 2372 2692 2426 de
2722 2371 2965 2428 ecclesia
3013 2373 3188 2429 etiam
3229 2375 3437 2447 ejicere
3465 2394 3602 2450 pos-

1960 2461 2108 2511 sent.
2161 2457 2467 2514 Inferiores
2519 2464 2713 2516 autem
2755 2478 2887 2517 cum
2941 2479 3056 2519 non
3100 2463 3403 2535 haberent,
3444 2468 3604 2525 nnde

1961 2561 2213 2617 congrue
2239 2548 2516 2615 viverent,
2549 2553 2605 2606 et
2625 2550 2837 2606 studiis
2849 2551 3173 2625 ofﬁciisque
3194 2552 3607 2614 ecclesiasticis

1956 2639 2247 2703 vacarent,
2284 2634 2404 2691 haec
2436 2637 2700 2694 deserere
2744 2638 2832 2694 vel
2864 2639 3160 2714 negligere
3187 2658 3305 2699 non
3328 2643 3605 2702 vereban-

1959 2726 2082 2792 tur;
2117 2740 2183 2779 cx
2213 2740 2328 2795 quo
2360 2725 2526 2781 initia
2551 2726 3290 2799 detegunturetcausaacur
3308 2732 3602 2791 minorum

1960 2811 2231 2868 ordinum
2311 2814 2499 2869 ollioia
2563 2815 2876 2884 declinare,
2936 2835 3002 2873 ac
3074 2819 3294 2876 sensim
3359 2820 3605 2880 deﬁcere

1959 2902 2253 2973 coeperint.
2316 2902 2519 2959 Tantis
2585 2904 2758 2961 malis
2805 2911 2872 2961 ut
2927 2908 3252 2982 remedium
3319 2912 3606 2982 praeberet

1959 2991 2606 3064 episcopus,mquiorem
2640 2995 2973 3050 reddituum
2996 2981 3471 3057 distributionem
3504 3000 3603 3057 in-

1910 3091 1923 3102 '
1959 3080 2285 3136 ducendam
2309 3081 2571 3136 credidit.
2598 3082 2658 3137 Id
2682 3099 2801 3138 suae
2823 3085 3128 3155 potestatis
3150 3094 3277 3143 esse
3291 3090 3602 3146 contende-

1957 3169 2057 3224 bat
2104 3186 2173 3224 ex
2214 3170 2396 3226 sacris
2439 3171 2782 3240 canonibus,
2817 3189 2963 3244 quos
3014 3174 3073 3229 in
3129 3175 3282 3233 hanc
3312 3192 3436 3233 rem
3466 3178 3600 3235 ante

1958 3274 2127 3313 suam
2174 3260 2491 3314 secundam
2540 3260 2941 3331 expulsionem
2987 3264 3279 3319 memoria
3321 3262 3598 3337 juvandaa

1958 3363 2137 3402 causa
2164 3347 2494 3420 collegerat.
2519 3348 2716 3421 Neque
2744 3367 2877 3406 vero
2908 3367 3075 3408 mens
3106 3354 3233 3425 ejus
3264 3354 3388 3411 erat
3403 3355 3600 3413 cathe-

1960 3436 2141 3492 dralis
2171 3436 2424 3492 ecclesiis
2455 3437 2626 3494 bonis
2655 3438 2979 3511 quidquam
3001 3441 3326 3515 decerpere,
3354 3440 3603 3518 aliisque

1958 3525 2251 3581 vindicare
2268 3544 2280 3595 ;
2297 3526 2397 3582 sed
2413 3526 2469 3581 id
2487 3544 2669 3582 unum
2685 3528 3166 3602 prospiciebat,ut
3195 3548 3322 3605 quae
3334 3534 3602 3605 ejusdem

1962 3614 2215 3671 ecclesiae
2259 3615 2410 3671 clero
2455 3617 2776 3688 generatim
2824 3618 3057 3674 fuerant
3103 3619 3332 3691 collata,
3366 3622 3605 3695 zequiori

1939 3704 2272 3776 partitione
2317 3704 2659 3776 congruenti
2709 3706 2973 3762 omnium
3014 3710 3301 3782 cujusque
3330 3701 3605 3769 ordinum

1962 3794 2303 3849 clericorum
2332 3794 2742 3850 sustentationi
2764 3795 3205 3867 sufﬁcerent,ue
3226 3798 3461 3870 divinus
3488 3800 3608 3859 ‘cul-

1963 3888 2059 3939 tus
2092 3888 2147 3939 et
2177 3900 2343 3939 sacra
2373 3883 2563 3939 ofﬁcia
2593 3884 3009 3943 detrimentum
3031 3893 3388 3960 caperent,et
3412 3888 3510 3947 alii
3532 3893 3604 3948 ob

1964 3972 2205 4028 nimiam
2238 3989 2434 4028 rerum
2465 3973 2889 4030 abundantiam
2915 3980 3089 4049 atque
3108 3979 3431 4050 potentiam
3452 3981 3610 4038 inso-

1966 4062 2269 4124 lescerent,
2304 4062 2402 4118 alii
2430 4063 2502 4118 ob
2533 4062 2739 4135 inopiae
2762 4065 3161 4121 causationem
3193 4068 3606 4126 mulierositati

1968 4153 2287 4218 studerent,
2335 4168 2655 4224 omnesque
2698 4152 2755 4207 in
2785 4153 2995 4209 diversi
3027 4155 3258 4227 generis
3287 4156 3428 4213 vitia
3458 4156 3609 4214 dila-

1968 4242 2262 4297 berentur.
2296 4240 2452 4296 Nihil
2477 4242 2717 4312 justius,
2752 4245 2808 4297 et
2839 4242 3020 4299 sacris
3061 4240 3385 4320 canonibus
3416 4240 3608 4320 magis

1969 4348 2313 4386 consonum.
2347 4330 2491 4384 Huic
2511 4336 2704 4385 tamen
2728 4330 3052 4387 auctoritati
3076 4337 3133 4388 et
3151 4326 3410 4406 aequitati
3429 4334 3610 4392 Vero-

1972 4437 2185 4475 nenses
2216 4418 2408 4473 clerici
2459 4418 2919 4491 haudquaquam
2970 4420 3392 4494 acquiscentes.
3422 4422 3609 4481 solam

1971 4509 2062 4563 cui
2089 4507 2510 4573 innitebantur,
2535 4507 3027 4578 prmdccessorum
3051 4525 3292 4565 suorum
3308 4517 3615 4569 consuetu-

209 4601 670 4674 inaequalitatem
694 4599 862 4656 facile
896 4600 1123 4655 induxit
1163 4600 1247 4671 (ι’.
1275 4604 1394 4654 not.
1419 4601 1472 4664 7,
1506 4599 1562 4653 in
1595 4600 1860 4672 Πίερον-(ἰ.)
1891 4616 1940 4684 D
1975 4597 2172 4654 dinem
2192 4596 2584 4668 opponebant,
2599 4597 3614 4673 eamquecuiquemquitati,quibus¥

212 4691 576 4747 Potentiores
591 4689 747 4745 enim
764 4694 823 4745 et
836 4691 1085 4761 majores
1098 4688 1290 4744 clerici
1307 4687 1403 4760 plu
1414 4705 1501 4743 res
1513 4705 1577 4743 ac
1594 4688 1864 4746 meliores

212 4797 452 4853 campos
477 4779 594 4837 sibi
616 4778 1150 4844 vindicaverant,ex
1179 4778 1392 4850 quibus
1423 4779 1865 4849 praebendarum

214 4871 598 4943 pinguiorum
631 4867 794 4943 origo
842 4867 1227 4941 dignoscitur.
1266 4866 1545 4922 Similiter
1572 4865 1632 4921 in
1663 4868 1864 4923 eodem

216 4962 387 5032 opere
431 4975 599 5014 num.
644 4960 699 5012 2.
751 4955 1178 5029 conqueritur:
1239 4979 1266 5006 «
1315 4956 1473 5020 Quod
1522 4955 1868 5028 generaliter

216 5047 496 5103 omnibus
515 5048 605 5102 est
619 5044 844 5101 clericis
859 5044 1300 5117 delegatum,ita
1323 5043 1587 5116 inaequali
1601 5050 1683 5099 ter
1700 5050 1753 5099 et
1766 5062 1869 5116 per

217 5136 592 5191 massaritias
623 5134 923 5200 dividitur,
958 5139 1022 5189 ut
1050 5133 1291 5205 quidam
1315 5133 1546 5189 illorum
1569 5134 1704 5189 inde
1727 5135 1869 5189 [iant

217 5242 283 5282 ex
300 5223 1176 5297 pauperrimislocupletissimi,
1212 5223 1450 5295 quidam
1481 5223 1867 5293 mediocriter,

220 5315 470 5387 quidam
503 5312 654 5369 nihil
691 5328 759 5368 ex
805 5329 872 5368 eo
904 5312 1194 5384 accipiant
1220 5312 1458 5368 omnino
1485 5328 1586 5384 per
1615 5329 1789 5368 usum
1817 5318 1873 5368 et

220 5403 731 5471 consuetudinem,
760 5424 788 5451 ››
815 5418 934 5475 qua
962 5418 1029 5457 ea
1060 5401 1269 5457 divisio
1301 5402 1872 5475 propugnabatur.Et

221 5498 371 5565 part.
426 5494 455 5547 1
509 5493 584 5548 De
624 5494 936 5562 contemptu
981 5507 1272 5559 canonum,
1331 5508 1492 5548 num.
1534 5493 1567 5545 4
1612 5509 1625 5547 :
1674 5512 1702 5543 ››
1756 5491 1873 5565 Ipsi

220 5581 421 5639 clerici
473 5581 744 5638 dividunt
794 5579 948 5637 inter
994 5598 1076 5649 se,
1126 5584 1300 5654 prout
1356 5580 1603 5654 quilibet
1668 5598 1873 5638 eorum

218 5671 522 5752 potentior
549 5674 641 5729 est
669 5674 727 5728 et
757 5687 874 5728 non
914 5670 1087 5744 juxta
1116 5670 1596 5733 consuetudinem
1626 5670 1874 5733 aliarum

543 5798 813 5873 PATROL.
857 5797 1165 5888 CXXXVI,

1974 4704 2085 4760 que
2099 4684 2420 4741 canonibus
2438 4685 2869 4742 auteferendam
2892 4688 3271 4759 putabant.Et
3286 4706 3401 4746 non
3422 4691 3613 4748 solum

1977 4778 2230 4849 majores
2262 4774 2455 4830 clerici
2488 4774 2714 4843 divites,
2745 4793 2948 4831 verum
2980 4777 3153 4834 etiam
3185 4780 3365 4852 (quod
3399 4780 3615 4838 mirum

1975 4866 2214 4937 accidet)
2246 4864 2549 4920 inferiores
2580 4882 2866 4938 pauperes
2895 4867 3326 4940 congruentiori
3358 4868 3441 4925 illi
3471 4868 3616 4925 divi-

1976 4956 2122 5013 sioni
2139 4954 2886 5026 reddituum,qucc[exxvm]
2900 4955 3010 5011 sibi
3026 4957 3617 5029 profuisset.maxime

1977 5044 2341 5102 obsistebant
2372 5044 2601 5098 duabus
2633 5043 2703 5098 de
2734 5044 3070 5116 causis(lbi.
3106 5064 3164 5101 n.
3187 5048 3238 5115 4,
3265 5050 3320 5102 et
3337 5045 3619 5102 Discordia

1981 5153 2036 5190 n.
2069 5137 2122 5189 6.
2153 5153 2165 5190 :
2200 5134 2414 5206 prima,
2450 5138 2511 5187 ut
2557 5134 2918 5206 paupertatis
2964 5135 3267 5191 occasione
3296 5152 3357 5191 se
3386 5134 3617 5192 facilius

1978 5227 2217 5298 possent
2248 5240 2281 5278 a
2311 5222 2503 5277 divino
2527 5222 2757 5278 servitio
2780 5223 3103 5279 subducere
3123 5241 3136 5292 ;
3153 5222 3354 5293 altera,
3378 5225 3534 5297 quod
3557 5242 3620 5282 se

1982 5314 2232 5387 quisque
2245 5312 2721 5384 sperarettandiu
2734 5311 3313 5383 victurum,quoadin
3328 5314 3619 5386 majorum

1982 5402 2324 5461 obeuntium
2356 5402 2604 5475 gradum
2633 5400 2946 5472 aliquando
2977 5401 3423 5459 ascenderet.lta
3449 5421 3621 5477 porro

1980 5493 2255 5550 omnibus
2278 5490 2675 5547 obnitentibus
2696 5489 2965 5562 cpis00po
2989 5490 3136 5546 nihil
3157 5491 3504 5566 episcopalis
3527 5485 3625 5568 po-

1981 5584 2209 5641 testatis
2238 5582 2351 5638 sibi
2398 5579 2665 5635 relictum
2697 5579 2962 5654 queritur
2985 5601 3014 5633 «
3043 5585 3249 5654 praeter
3288 5572 3627 5641 chrismatis

1986 5672 2427 5743 confectionem,
2461 5671 2518 5728 et
2563 5667 2927 5729 chrismandi
2971 5670 3256 5752 quidlibet
3278 5670 3629 5750 potestatem

3267 5799 3312 5889 ι
