4070 6372
457 342 575 406 107

1417 326 1868 401 RATHEBIUS
1911 320 2405 395 VERONENSIS
2449 317 2893 392 EPISGOPUS.

3745 312 3907 383 108.

458 426 559 550 (De
582 481 906 545 comlemplu
937 475 1221 546 can.part.
1253 470 1371 543 xxx)
1410 485 1423 524 :
1458 490 1486 518 »
1509 467 1635 525 sola
1665 465 1887 524 scilicet
1915 468 2103 537 potes—
2131 463 2188 531 Α
2217 477 2459 550 scopum
2505 461 2859 550 concitatum
2907 457 3167 550 vidisset,
3199 456 3439 550 tempus
3464 455 3876 550 Opportunum

454 568 577 622 tate
622 563 845 620 ordinis
870 562 985 636 ipsi
1024 561 1334 635 permissa,
1366 558 1622 632 potestas
1645 552 2101 628 jurisdictionis,

453 652 845 721 distributiva,
875 656 933 708 et
978 650 1332 707 vindicativa
1381 645 1617 703 omnino
1648 643 2102 716 impediebatur.

530 743 656 800 401.
705 742 1144 814 Canoncs,quos
1193 742 1394 794 contra
1452 736 1629 792 hosce
1689 734 1911 790 abusus
1973 737 2104 787 ante

453 831 776 889 secundam
788 829 1191 904 expulsionem
1205 824 1604 899 collegerat,in
1622 826 1945 880 memorato
1956 820 2104 876 libro

457 920 540 977 De
568 924 903 993 contemptu
951 932 1238 974 canonum
1272 916 1382 971 sub
1424 910 1940 986 quadragesimam
1968 907 2105 965 anni

463 1010 570 1065 964
615 1008 879 1083 digessit,
927 1011 985 1063 et
1030 1005 1232 1063 edidit.
1292 1004 1396 1061 Hic
1445 1002 1593 1058 liber
1636 1001 1696 1056 in
1733 1001 1883 1057 duas
1913 1002 2108 1071 partes

465 1097 867 1171 distinguitur.
904 1095 963 1151 In
998 1093 1190 1168 prima
1219 1097 1354 1165 post
1388 1092 1562 1147 breve
1588 1089 1957 1163 prooemium,
1991 1102 2107 1158 quo

462 1184 753 1243 scribendi
798 1180 1164 1239 occasionem
1213 1179 1456 1248 indicat,
1509 1193 1761 1233 canones
1791 1179 1849 1232 et
1880 1176 2111 1231 decreta

460 1272 748 1347 producit,
777 1272 994 1345 quibus
1024 1271 1299 1343 episcopo
1330 1285 1447 1323 non
1478 1265 1670 1323 solum
1702 1281 1898 1321 rerum
1938 1262 2109 1336 spiri-

460 1361 712 1418 tualium
743 1362 845 1418 sed
870 1358 1282 1432 temporalium
1313 1356 1490 1413 etiam
1521 1354 1776 1411 ecclesiae
1815 1355 2103 1409 bonorum

465 1466 607 1506 cura
637 1453 695 1506 et
725 1448 1083 1522 dispensatio
1112 1447 1536 1503 committitur:
1567 1461 1682 1516 qua
1725 1444 1774 1499 si
1806 1446 2016 1509 careat,
2050 1442 2111 1496 in

462 1538 610 1611 ipsis
640 1538 818 1593 rebus
841 1535 1248 1609 spiritualibus
1270 1534 1588 1601 modicum,
1613 1536 1713 1589 aut
1740 1530 1993 1587 nihilum
2018 1546 2116 1602 pos

461 1625 876 1692 terit.Etenim,
896 1625 1281 1696 inquit,num.
1309 1626 1364 1693 4,
1400 1646 1427 1673 ‹‹
1448 1638 1582 1678 cum
1598 1621 1897 1677 rarissime
1917 1617 2114 1675 videas

463 1715 649 1788 gratis
663 1714 1018 1786 aliquos,sed
1031 1716 1133 1769 aut
1146 1713 1480 1777 timore,aut
1493 1708 1870 1767 confoederari
1887 1723 2113 1775 amore;

2214 549 2478 617 credidit,
2509 564 2623 620 quo
2655 549 2921 621 ejusdem
2946 545 3083 603 cleri
3113 544 3405 617 capitibus
3421 559 3624 599 secum
3644 542 3876 604 ascitis.

2213 638 2275 694 in
2301 654 2434 694 eum
2468 636 2691 709 aliquid
2720 636 3034 692 violentius
3065 637 3339 691 tentaret.
3365 632 3555 703 Hujus
3568 631 3878 704 conspira-

2213 726 2622 783 tionisindicia
2654 724 3071 782 suboleverunt
3093 746 3114 774 α
3137 722 3366 795 inclytae
3397 720 3484 776 illi
3515 720 3670 788 duci,
3697 737 3878 794 nque

2216 815 2558 873 Ratherium
2577 814 2792 871 idcirco
2808 812 3041 870 tuitioni
3059 811 3299 869 comitis
3320 809 3878 878 commendavit,uti

2215 906 2466 962 traditur
2495 904 2554 959 in
2588 927 2615 955 ‹‹
2647 902 2957 968 Qualitatis
2987 902 3324 973 conjectura
3347 921 3374 949 ››
3397 915 3563 955 num.
3599 899 3684 954 14.
3707 920 3734 949 ‹‹
3759 896 3883 954 Hu-

2209 993 2541 1066 juscemodi
2589 993 2649 1048 in
2705 1008 2798 1048 me
2848 992 2966 1047 dux
3004 989 3225 1063 inclyta
3254 987 3619 1060 comperiens
3650 989 3879 1054 mores,

2216 1084 2471 1155 indeque
2519 1082 2663 1137 mihi
2712 1080 2985 1137 inimicos
3016 1097 3120 1153 per
3150 1078 3370 1152 plures,
3403 1077 3879 1149 destitutumque

2219 1172 2541 1228 amicorum
2573 1170 2867 1243 praesidio,
2899 1173 3099 1241 utpote
3130 1168 3438 1235 advenam,
3477 1166 3877 1233 omnium,ve-

2220 1261 2332 1317 rita
2362 1277 2433 1316 ne
2481 1260 2648 1332 pejus
2691 1259 2869 1315 etiam
2911 1257 3056 1314 mihi
3084 1274 3264 1331 quam
3316 1255 3562 1329 contigit
3590 1254 3875 1323 eveniret,

2224 1349 2655 1407 commendavit
2683 1364 2777 1405 me
2806 1347 3041 1404 tuitioni
3063 1346 3295 1403 comitis
3316 1362 3432 1401 non
3455 1345 3660 1417 ignoti.
3688 1366 3715 1393 ››
3739 1344 3877 1400 Haec

2223 1462 2252 1492 «
2297 1441 2415 1495 dux
2461 1437 2723 1511 inclyta»
2777 1441 2902 1493 erat
2951 1435 3198 1493 Juditha
3229 1433 3457 1491 Henrici
3492 1434 3541 1490 II
3590 1432 3883 1505 Bajoarise~

2223 1528 2389 1585 ducis
2420 1532 2627 1598 mater,
2660 1544 2787 1599 quae
2821 1543 2954 1581 cum
2986 1524 3262 1596 Bajoariae
3292 1524 3572 1578 ducatum
3606 1519 3786 1578 simul
3816 1525 3879 1577 et

2225 1617 2543 1673 Marchiam
2576 1616 2966 1672 Veronensem
3000 1613 3104 1668 filii
3158 1616 3327 1669 aetate
3355 1609 3603 1668 minoris
3636 1609 3880 1666 nomine

2225 1706 2680 1770 administraret,
2728 1705 2837 1760 hoc
2879 1708 3138 1776 tempore
3169 1719 3288 1758 una
3318 1718 3451 1757 cum
3482 1700 3602 1756 ﬁlio
3631 1699 3879 1755 Veronae

465 1804 623 1860 unde
667 1806 725 1859 te
775 1802 1088 1870 verebitur,
1139 1800 1232 1856 cui
1287 1800 1433 1855 nihil
1461 1797 1619 1855 vales
1655 1796 1928 1895 auferre?
1961 1796 2115 1895 un‘de
2144 1830 2194 1895 B
2227 1796 2491 1869 degebat.
2551 1793 2778 1893 Confer.
2821 1795 2848 1861 §
2900 1794 2986 1861 12,
3037 1809 3202 1895 num.
3233 1793 3305 1895 "76
3342 1795 3407 1895 et
3426 1793 3518 1845 77.
3547 1812 3576 1841 «
3606 1790 3815 1895 Comes
3852 1809 3875 1837 υ

465 1890 707 1960 amabit,
753 1889 849 1947 cui
918 1888 1065 1946 nihil
1112 1893 1277 1962 potes
1329 1887 1590 1944 conferre
1614 1885 1642 1940 Ἰ
1685 1908 1712 1936 ››
1756 1884 1881 1941 Alia
1930 1882 2114 1938 multa
2144 1877 2193 1895 "
2225 1886 2419 1938 autem
2453 1904 2481 1932 «
2519 1898 2635 1937 non
2680 1880 2918 1954 ignotus
2942 1902 2970 1930 »
3020 1880 3337 1935 vocabatur
3367 1879 3575 1946 Bucco,
3609 1877 3722 1933 sub
3754 1892 3879 1949 quo

465 1977 869 2051 addit,quibus
885 1978 1002 2034 etsi
1019 1977 1092 2033 ob
1119 1977 1770 2047 invalescentem,quem
1798 1973 2115 2045 exstirpare

465 2067 1115 2138 studet,Veronensium
1137 2065 1480 2122 clericorum
1503 2065 1754 2120 abusum
1775 2080 1875 2119 eos
1907 2062 2117 2119 acriter

464 2161 523 2214 et
554 2155 838 2214 acerbiori
867 2154 1017 2228 stylo
1046 2154 1298 2228 exagitet
1328 2155 1396 2226 (V
1420 2153 1761 2210 Discordiam
1782 2171 1840 2208 n.
1864 2151 1943 2223 5.)
1968 2166 2114 2211 :non

463 2250 664 2303 tamen
679 2245 735 2300 vi
766 2248 823 2301 et
851 2249 1157 2318 praecepto,
1178 2244 1281 2300 sed
1303 2243 1527 2299 ratione
1549 2246 1607 2298 et
1622 2241 1897 2297 suasione
1910 2239 2113 2294 utitur.

362 2400 367 2406 .
467 2335 707 2392 Transit
731 2334 803 2391 ad
835 2350 1126 2390 canonum
1169 2335 1597 2405 contemptum,
1644 2346 1821 2401 quem
1851 2333 1972 2384 tam
2001 2327 2118 2383 late

466 2428 666 2497 patere
699 2423 782 2479 ait
812 2440 975 2478 num.
1007 2424 1062 2490 6,
1098 2427 1161 2478 ut
1194 2420 1490 2477 neminem
1523 2419 1997 2476 invenireeorum
2016 2433 2116 2472 va-

465 2512 622 2569 leam
652 2515 1005 2582 curatorem,
1040 2528 1075 2567 a
1101 2509 1388 2566 vilissimo
1419 2509 1622 2581 utique
1647 2506 1901 2564 ecclesiae
1932 2522 2121 2578 usque

470 2602 543 2658 ad
575 2599 1160 2674 praastantissimumn
1176 2642 1189 2668 ,
1206 2598 1497 2655 etc.Tanti
1518 2600 1888 2668 contemptus
1909 2611 2119 2651 causas

477 2689 671 2747 fusius
702 2689 1352 2763 prosequitur,quarum
1384 2686 1677 2760 praecipua
1706 2688 1849 2754 erat,
1874 2701 1993 2752 eos,
2019 2682 2118 2756 qui

404 2779 411 2782 ’
474 2794 777 2835 canonum
827 2777 1256 2834 observantiam
1303 2791 1660 2849 promovere,
1713 2778 1771 2829 et
1815 2772 2120 2829 violatores

474 2868 767 2925 debebant
809 2882 1197 2940 compescere,
1246 2866 1306 2921 in
1355 2880 1608 2921 canones
1651 2862 1811 2935 ipsos
1860 2878 2119 2935 peccare.

465 2956 709 3029 Aliquot
758 2955 1023 3028 exempla
1068 2955 1293 3022 inserit,
1343 2971 1471 3026 quae
1517 2952 1655 3009 cleri
1687 2951 2117 3023 corruptionem

465 3061 879 3118 canonumque
925 3048 1327 3117 contemptum
1374 3041 1698 3098 maximum
1755 3040 2119 3097 astruunt.ln

468 3138 632 3210 parte
680 3134 878 3203 altera,
931 3150 1060 3207 quae
1104 3132 1288 3189 multo
1336 3131 1565 3188 brevior
1610 3134 1718 3199 est,
1771 3129 2116 3186 clericorum

2224 1972 2345 2027 haec
2375 1969 2728 2042 conspiratio
2760 1968 3024 2042 contigit.
3054 1968 3201 2024 Vide
3231 1965 3539 2040 epistolam
3569 1968 3637 2022 12
3651 1966 3882 2022 adAm-

2222 2059 2508 2127 brosium,
2559 2075 2724 2114 num.
2773 2059 2827 2112 3.
2886 2057 2989 2112 Hic
3037 2057 3295 2129 primum
3344 2055 3617 2112 Ralherio
3686 2054 3884 2110 fuerat

2224 2147 2508 2215 infensus,
2542 2147 2683 2203 adeo
2704 2150 2770 2202 ut
2797 2146 2848 2202 is
2874 2162 2935 2202 se
2953 2146 3025 2201 ab
3047 2162 3112 2201 eo
3134 2144 3369 2202 liberari
3392 2143 3880 2217 percuperetgsed

2226 2237 2556 2293 interventu
2623 2235 2875 2292 laudatae
2944 2235 3133 2307 [cxxx]
3189 2235 3358 2291 ducis
3425 2233 3616 2290 eidem
3682 2233 3883 2289 favere

2227 2327 2399 2399 ccapit
2426 2343 2493 2382 ac
2521 2329 2827 2398 propterea
2855 2324 2969 2397 ipsi
2991 2323 3191 2380 comiti
3216 2327 3415 2380 noster
3430 2323 3739 2396 episcopus
3770 2339 3881 2395 ap-

2225 2415 2370 2480 tavit
2397 2413 2498 2470 illa
2527 2412 2713 2470 Ovidii
2744 2413 2863 2486 (Ep.
2897 2430 2936 2468 ιι
2962 2413 3031 2468 ad
3057 2413 3341 2481 Nannon.)
3369 2431 3381 2469 :

2321 2520 2520 2570 Probra
2545 2519 3032 2584 Theraphnetequi
3061 2519 3266 2584 dixerat
3289 2523 3413 2584 ante
3431 2520 3657 2579 maritae,

2447 2584 2566 2633 Mox
2594 2584 2787 2633 cecinit
2814 2582 2998 2633 laudes
3025 2583 3367 2647 prosperiore
3397 2583 3532 2647 lyra.

2228 2682 2300 2738 Et
2327 2681 2609 2737 rationem
2643 2682 2803 2738 addit
2827 2700 2839 2750 ;
2863 2703 2891 2733 α
2922 2681 3239 2755 Postquam
3252 2681 3410 2739 enim
3423 2682 3495 2738 de
3525 2680 3649 2751 illo,
3677 2702 3705 2732 »
3728 2681 3885 2738 mihi

2228 2769 2431 2843 utique
2459 2770 2710 2839 infenso,
2740 2793 2769 2821 «
2797 2771 3053 2827 dixeram
3085 2788 3098 2827 :
3156 2770 3265 2837 Qui
3304 2769 3574 2827 liberavit
3603 2769 3885 2827 lsraelem

2229 2860 2300 2915 de
2330 2877 2510 2916 manu
2558 2860 2898 2929 Pharaonis,
2945 2859 3154 2917 liberet
3195 2859 3539 2916 Ratherium
3594 2859 3666 2916 de
3695 2876 3886 2916 manu

2228 2949 2565 3018 Bucconis;
2610 2949 2752 3004 dum
2801 2948 2898 3006 ille
2946 2949 3219 3006 abiturus
3249 2947 3543 3005 meliorari
3585 2949 3882 3022 coepisset,

2228 3038 2372 3111 ccepi
2421 3042 2478 3094 et
2506 3055 2611 3111 ego
2655 3038 2852 3095 taliter
2880 3039 3165 3112 aggarire.
3193 3060 3220 3089 »
3267 3040 3568 3104 Quatenus
3598 3042 3797 3095 autem
3830 3037 3887 3095 is

2228 3128 2289 3183 in
2340 3127 2679 3186 memoratis
2721 3128 3010 3202 angustiis
3060 3127 3330 3185 Rutberio
3388 3127 3614 3196 faverit,
3676 3126 3885 3184 videa-

471 3197 1163 3293 incontinentiam,aliam
1185 3220 1538 3297 peculiarem
1566 3223 1937 3291 cantemptus
1951 3235 2119 3275 cano—
2148 3197 2192 3266 (ἶ
2231 3234 2387 3274 mus.

473 3330 619 3373 num
648 3329 887 3370 causam
920 3311 1172 3385 praefert,
1206 3328 1275 3367 ex
1304 3327 1423 3383 qua
1449 3310 1627 3365 iidem
1654 3308 1851 3366 clerici
1882 3326 1916 3364 a
1957 3307 2122 3364 laicis

476 3401 733 3461 maximo
773 3398 1156 3471 comtemptui
1186 3398 1573 3455 habebantur.
1601 3402 1911 3453 Sacrorum
1942 3395 2123 3452 libro-

478 3504 612 3544 rum
631 3485 1074 3543 auctoritatibus
1086 3489 1143 3541 et
1154 3485 1330 3541 minis
1342 3484 1717 3558 potissimum
1738 3485 2124 3542 utitur.Uber-

475 3580 598 3647 tus,
629 3577 698 3632 ad
733 3591 908 3648 quem
941 3574 1049 3631 hoc
1063 3591 1209 3647 opus
1241 3572 2125 3646 direxitepistolaenomine,erat

475 3666 788 3738 episcopus
816 3663 1150 3720 Parmensis
1195 3662 1425 3720 Ottonis
1454 3663 1822 3736 imperatoris
1852 3662 2119 3733 intimus,

472 3754 575 3826 qui
606 3753 681 3809 ab
701 3753 903 3809 eodem
926 3752 1267 3809 comitatum
1287 3753 1338 3825 ej
1348 3753 1555 3809 usdem
1579 3751 1832 3808 civitatis
1853 3752 2121 3809 obtinue-

467 3847 593 3901 rat:
625 3842 760 3898 dein
786 3858 923 3898 vero
946 3842 1017 3897 ad
1036 3840 1533 3898 archicancellarii
1553 3840 1900 3914 dignitatem
1923 3857 2123 3897 ascen-

467 3931 571 3988 dit.
604 3932 815 4004 [cxx1x]
847 3931 902 3988 Is
934 3931 1231 4004 quondam
1263 3948 1297 3986 a
1328 3930 1600 3986 Ratherio
1623 3930 1888 4003 petierat,
1916 3933 1981 3985 ut
2010 3929 2121 3986 ali-

462 4037 641 4094 quam
675 4037 928 4095 precem,
965 4037 1093 4093 quae
1119 4019 1232 4093 ipsi
1264 4018 1569 4077 familiaris
1602 4022 1776 4087 esset,
1798 4019 1869 4074 ad
1898 4035 1961 4075 se
1981 4018 2120 4075 diri-

460 4114 639 4184 geret.
668 4110 838 4166 Nunc
856 4109 1047 4168 eidem
1067 4107 1563 4174 satisfacturus,in
1578 4108 1693 4163 ﬁne
1713 4108 1899 4179 partis
1916 4124 2120 4164 secun-

461 4200 547 4255 da;
579 4220 609 4250 «
643 4197 952 4255 collectam
979 4219 1006 4247 »
1038 4197 1318 4269 appendit
1340 4201 1672 4270 excerptum
1704 4213 1735 4252 e
1778 4195 1927 4253 libro
1957 4195 2121 4252 litur-

462 4288 592 4361 gieo
615 4287 770 4343 alius
795 4284 1124 4358 Uberti,qui
1144 4285 1479 4342 Parmensis
1500 4290 1624 4342 erat
1646 4285 1928 4354 amicus,«
1945 4290 2121 4358 atque

465 4376 538 4432 ad
569 4375 904 4447 me,inquit,
951 4375 1425 4447 persequendum
1458 4374 1673 4431 socius.
1702 4395 1732 4424 »
1763 4374 1909 4430 Hinc
1938 4375 2120 4432 Uber-

464 4468 591 4520 tum
616 4464 992 4520 Parmensem
1026 4463 1287 4519 Ratherii
1318 4462 1589 4520 hostibus
1619 4464 1830 4521 favisse
1862 4464 2118 4538 suspicio

2304 3307 2425 3361 103.
2448 3306 2586 3362 Erat
2612 3306 2850 3361 Veronae
2876 3305 2935 3362 in
2982 3305 3243 3364 inferiori
3282 3311 3444 3380 parte
3475 3307 3601 3379 ejus
3633 3305 3885 3377 montis,

2230 3394 2292 3450 in
2324 3411 2440 3467 quo
2470 3411 2626 3451 nunc
2646 3395 2704 3451 S.
2729 3395 2880 3451 Petri
2900 3400 3165 3452 castrum
3183 3397 3365 3452 situm
3393 3400 3502 3463 est,
3536 3395 3882 3470 praesidium

2231 3501 2337 3557 pro
2368 3500 2433 3540 eo
2463 3486 2722 3555 tempore
2754 3484 2899 3540 satis
2920 3485 3299 3557 tutum,quod
3327 3506 3354 3536 ‹‹
3374 3484 3885 3542 Palatiumndice-

2231 3573 2508 3645 batur(V.
2543 3573 2735 3641 Quali:
2778 3575 3004 3644 conject.
3052 3592 3111 3629 n.
3148 3575 3234 3640 14,
3269 3581 3321 3630 et
3344 3572 3504 3646 not).
3538 3573 3660 3630 Huc
3690 3577 3757 3629 ut
3786 3590 3886 3631 se-

2233 3679 2296 3719 se
2325 3661 2636 3718 Ratherius
2668 3662 2968 3735 reciperet,
3003 3663 3190 3719 Bucco
3232 3663 3629 3720 mandaverat.
3658 3663 3884 3720 Verum

2231 3750 2593 3824 episcopales
2625 3752 2777 3807 aades
2803 3751 2899 3807 illo
2929 3752 3161 3808 deserre
3208 3751 3415 3809 noluit.
3448 3752 3512 3808 In
3545 3750 3650 3808 has
3681 3752 3887 3826 itaque

2231 3844 2592 3897 armatorum
2623 3839 2872 3914 irruptio
2895 3841 3049 3897 facta
3079 3844 3188 3909 est,
3213 3841 3652 3914 quaepiscopus
3673 3845 3888 3913 captus

2229 3933 2286 3985 et
2333 3930 2623 3986 abductus
2671 3929 2802 3986 fuit.
2850 3929 3123 3986 Milonem
3168 3931 3532 4004 praecipuum
3583 3934 3886 3987 auctorem

2230 4019 2412 4075 fuisse
2457 4018 2640 4091 liquet
2687 4036 2756 4074 ex
2802 4019 2971 4092 epist.
3004 4022 3039 4075 8
3083 4020 3154 4076 ad
3187 4021 3460 4076 eumdem
3491 4019 3885 4093 impetitorem

2230 4125 2404 4164 suum
2436 4109 2673 4181 scripta.
2707 4129 2735 4159 «
2766 4109 2857 4165 Me
2887 4109 3405 4182 comprehendisti,
3426 4108 3888 4182 adduxisti,spo-

2227 4196 2688 4265 liasti,exsulasti
2713 4214 2726 4254 :
2752 4199 2824 4254 ad
2837 4198 3092 4255 dedecus
3116 4198 3237 4255 haec
3266 4201 3466 4256 omnia
3485 4205 3681 4255 tamen
3702 4197 3889 4271 impe-

2230 4287 2462 4355 ratoris,
2494 4291 2569 4356 et,
2599 4286 2737 4343 licet
2764 4286 3160 4360 dissimulent,
3208 4289 3425 4345 ducum
3456 4292 3814 4356 nostrorum,
3848 4309 3879 4340 »

2230 4376 2510 4432 nimirum
2526 4375 2780 4432 Judithae
2794 4381 2851 4432 et
2866 4377 3097 4434 Henrici
3122 4378 3192 4434 ll.
3209 4383 3272 4432 In
3288 4378 3553 4435 eamdem
3577 4376 3881 4450 conspira-

2227 4466 2450 4523 tionem
2497 4481 2701 4522 omnes
2759 4483 2905 4538 pene
2955 4466 3197 4524 clericos
3245 4467 3636 4533 consensisse,
3668 4466 3791 4522 imo
3821 4470 3883 4523 et

462 4556 573 4609 est.
601 4557 732 4625 Ipsa
757 4569 892 4609 vero
922 4576 944 4603 α
996 4550 1287 4608 collecta»
1315 4553 1375 4607 in
1408 4552 1597 4609 Missae
1648 4554 1934 4610 sacriﬁcio
1965 4554 2116 4611 reci-
2148 4574 2195 4640 D
2228 4556 2557 4628 conjunctis
2590 4555 2804 4613 studiis
2824 4556 3089 4613 eamdem
3113 4556 3482 4614 machinatos
3501 4556 3562 4612 in
3582 4557 3880 4613 Itineraria

460 4642 872 4711 tanda,oontra
901 4658 1192 4698 canonum
1216 4640 1526 4699 violatores
1548 4646 1605 4698 et
1632 4647 2116 4716 contrapersecu-

456 4736 614 4788 tores
645 4734 948 4803 compacta
969 4731 1219 4788 videtur.

455 4857 645 4928 §XVI.
697 4889 764 4898 —
812 4859 1039 4914 Ineunte
1083 4874 1228 4914 anno
1280 4858 1406 4926 965,
1458 4858 1747 4915 Ralherius
1779 4860 1987 4916 Milone
2018 4861 2113 4915 in~

522 4945 715 4987 vasore
735 4933 950 5004 agente
996 4931 1232 5004 capitur.
1270 4931 1569 5004 Restitutus
1595 4933 1765 5003 paulo
1791 4936 1910 5004 post
1937 4934 2109 4987 inter-

520 5010 686 5058 ventu
714 5002 867 5075 ducis
893 5001 1158 5059 Juditha.
1180 5001 1461 5059 Judicium
1490 5010 1553 5075 et
1570 5001 1880 5075 compositio
1909 5012 2106 5059 contra

520 5075 766 5131 rebelles.
821 5073 1034 5142 Quanto
1084 5075 1139 5128 in
1186 5075 1432 5144 periculo
1464 5074 1641 5129 all/mc
1685 5073 2021 5140 bersaretur,
2055 5083 2108 5131 et

521 5162 629 5217 qua
678 5144 1053 5202 sollicitudine
1109 5146 1220 5217 sibi
1247 5147 1472 5201 caverit.
1507 5146 1781 5216 Impulsus
1810 5154 1869 5202 ut
1897 5147 2107 5216 episco-

517 5215 708 5287 patum
739 5217 934 5273 Miloni
973 5215 1300 5283 concederet,
1335 5217 1540 5284 renuit,
1574 5215 1704 5272 Duae
1752 5218 1823 5273 ad
1851 5215 2105 5273 Milonem

521 5289 766 5371 epistolae
789 5289 888 5371 sub
918 5288 1183 5371 natalitia
1205 5290 1348 5371 festa
1367 5293 1603 5371 scriptae.
1628 5289 1961 5371 Reproducil
1980 5305 2104 5345 cum

522 5358 889 5415 additamento
954 5358 1371 5417 Conclusionem
1436 5358 1867 5417 deliberativam.
1935 5360 2104 5416 Locus

512 5431 873 5502 perobscurus
902 5430 968 5485 de
996 5430 1184 5487 Sikero
1213 5432 1542 5504 explicatur.

520 5537 646 5593 102.
700 5536 847 5592 Cum
887 5536 1023 5594 Milo
1087 5537 1347 5595 Ratherii
1396 5537 1645 5595 aemulus
1704 5536 2096 5595 Veronensem

445 5626 665 5709 clerum
691 5625 1029 5690 memoratis
1059 5627 1130 5723 de
1154 5626 1349 5693 causis
1369 5628 1650 5693 adversus
1672 5627 1950 5692 eumdem
1972 5627 2095 5704 epi-

830 5800 835 5811 ν

808 5812 841 5847 ν,

2229 4645 2434 4702 scribit
2480 4662 2645 4701 num.
2697 4646 2749 4700 4.
2802 4668 2830 4696 ‹‹
2875 4646 2960 4701 Ab
3004 4647 3207 4703 eodem
3253 4646 3574 4703 invasere»
3617 4645 3880 4713 (Milone)

2224 4757 2252 4785 ‹‹
2287 4734 2451 4792 vobis
2484 4751 2597 4789 non
2618 4734 2851 4806 penitus
2872 4733 2932 4790 in
2956 4738 3187 4791 tantum
3208 4735 3456 4809 ignaris,
3478 4750 3667 4807 neque
3686 4734 3880 4791 eidem

2223 4821 2549 4891 contrariis,
2602 4827 2669 4877 ut
2717 4822 2878 4879 mille
2921 4840 3038 4880 non
3082 4823 3392 4895 defuerint,
3448 4823 3547 4896 qui
3593 4839 3695 4879 vos
3726 4839 3880 4896 pene

2220 4928 2429 4968 omnes
2454 4912 2671 4967 nedum
2706 4913 3095 4982 consensisse,
3129 4913 3239 4969 hoc
3265 4912 3875 4978 crediderint‘machi-

2219 5018 2410 5070 nasse,
2445 5006 2646 5073 postea
2676 5003 3191 5075 comprehensum,
3214 5001 3472 5075 pulsum,
3497 5001 3872 5073 injuriatum,

2218 5090 2628 5162 exspoliatum,
2661 5091 2937 5147 custodiae
2985 5091 3409 5164 mancipatum,
3436 5112 3466 5140 »
3511 5094 3621 5147 etc.
3671 5089 3871 5148 Unum

2221 5184 2417 5236 autem
2449 5196 2564 5253 prae
2594 5180 2815 5237 caateris
2837 5202 2866 5231 ‹‹
2899 5181 3313 5237 conductorem
3347 5181 3708 5253 praecipuum
3739 5197 3867 5236 om-

2217 5267 2405 5336 nium,
2454 5290 2482 5320 »
2527 5269 2626 5342 qui
2673 5287 2736 5326 se
2775 5269 3364 5342 comprehenderunt,
3397 5270 3459 5325 in
3495 5291 3524 5321 ‹‹
3556 5267 3900 5336 Qualitatis.

2214 5358 2555 5429 conjectura
2578 5380 2605 5411 »
2625 5363 2875 5415 testatur
2896 5375 3057 5415 num.
3086 5360 3175 5426 16,
3197 5359 3299 5415 ubi
3318 5358 3543 5416 caeteris
3565 5357 3866 5415 calamita-

2209 5446 2390 5515 tibus,
2412 5465 2538 5521 quaa
2561 5448 2669 5504 hac
2681 5448 2986 5505 occasione
3007 5448 3120 5520 ipsi
3135 5448 3376 5505 fuerunt
3391 5447 3586 5517 illatae,
3606 5446 3866 5506 ecclesiae

2208 5536 2596 5610 direptionem
2641 5540 2699 5594 et
2748 5537 2959 5593 domus
3007 5536 3356 5611 episcopalis
3396 5537 3861 5595 destructionem

2207 5625 2570 5706 adjicit.Haeo
2588 5625 2848 5692 Eutherii
2874 5630 3115 5706 captura
3145 5626 3389 5709 contigit
3416 5627 3573 5689 circa
3600 5627 3758 5696 diem
3785 5628 3891 5711 21‘
