4070 6390
500 361 610 430 Hi

1461 352 1908 419 RATHERIUS
1953 348 2448 416 VERONENSIS
2491 345 2943 417 EPISCOPUS.

3794 340 3926 410 112

499 469 652 563 sent,
689 513 718 544 ‹‹
747 507 839 550 me
861 492 1077 561 adito,»
1108 493 1362 564 subdit,«
1389 491 1459 546 de
1481 489 1754 545 thesauro
1776 485 2031 543 ecclesiae
2050 485 2149 542 tri-
2174 487 2230 555 Α
2261 486 2418 553 dam,
2454 485 2531 541 im
2538 485 2850 558 perium,et
2873 502 2990 541 non
3011 501 3114 558 per
3133 479 3592 557 signiﬁcantium
3614 479 3922 553 aliquam»

499 583 662 657 ginta
682 581 1000 646 ferelibras
1021 583 1370 654 acceperunt
1389 583 1592 634 mutuo
1615 577 1725 632 sub
1750 577 1860 632 hac
1889 579 2148 632 attamen

501 670 790 740 eautioue,
823 675 890 727 ut
919 670 970 726 si
1001 671 1074 727 ad
1106 675 1338 742 tempus
1368 669 1476 723 hoc
1506 665 1873 740 persolutum
1905 681 2017 720 non
2045 664 2148 718 ha-

498 759 772 816 buissent
791 752 2148 830 statutum,duplacomponerentemendatione.

503 849 654 904 Sunt
675 849 804 920 jam
835 849 970 905 anni
1017 851 1156 914 tres,
1210 845 1354 900 nihil
1413 844 1669 900 reddunt
1721 843 1982 898 omnino.
2012 864 2040 891 »
2073 841 2155 895 Ex

505 937 598 994 his
627 937 938 1010 postremis
965 935 1155 992 verbis
1181 939 1416 1006 tempus
1455 932 1676 988 laudati
1719 931 1951 1002 judicii,
1987 933 2042 985 et
2068 945 2156 984 ca-

506 1031 688 1100 pturaa
713 1025 966 1082 Ratherii
995 1023 1189 1097 palam
1211 1019 1694 1079 elicitur-.Etenim
1717 1018 1966 1093 epistola
1993 1018 2063 1073 42
2083 1017 2155 1072 ad

505 1115 878 1175 Ambrosium
932 1113 1150 1187 scripta
1185 1113 1292 1169 fuit
1351 1110 1628 1167 Kalendis
1669 1109 1810 1165 Julii
1844 1108 1981 1164 anni
2029 1108 2155 1162 968.

507 1203 850 1265 Triennium
872 1203 1192 1276 erge,quod
1217 1220 1250 1258 a
1275 1200 1461 1256 multa
1479 1199 1581 1254 illa
1606 1199 1664 1252 in
1687 1197 1924 1254 laudato
1933 1195 2158 1268 judicio

507 1291 756 1363 decreta,
782 1296 842 1348 et
873 1309 906 1347 a
935 1293 1141 1348 mutuo
1165 1290 1316 1346 datis
1337 1289 1502 1345 libris
1523 1287 1765 1360 triginta
1795 1286 2037 1353 effluxit,
2071 1285 2161 1339 in-

505 1381 646 1456 cipit
674 1381 868 1440 medio
900 1379 1131 1436 circiter
1183 1396 1334 1435 anno
1383 1379 1508 1447 965,
1543 1394 1608 1432 ac
1657 1376 1900 1448 proinde
1957 1375 2017 1429 in
2054 1374 2163 1429 hoc

505 1457 743 1544 tempus
770 1467 913 1525 illud
935 1467 1226 1540 judicium
1260 1473 1316 1524 et
1364 1465 1710 1539 compositio
1770 1465 2053 1520 incidunt.
2091 1462 2165 1517 Ut

509 1563 706 1616 autem
727 1574 1052 1632 congruum
1083 1561 1316 1630 tempus
1345 1558 1516 1612 detur
1549 1555 1618 1610 iis
1652 1553 1908 1610 Ratherii
1941 1551 2164 1608 vicissi-

509 1645 818 1704 tudinibus
849 1663 976 1718 quae
1009 1663 1040 1700 a
1069 1645 1161 1701 die
1193 1650 1444 1718 captura:
1476 1645 1604 1716 ejus
1635 1643 1706 1698 ad
1739 1641 1847 1698 hoc
1871 1641 2164 1714 judicium

513 1751 701 1808 usque
733 1733 1120 1808 contigerunt,
1152 1733 1305 1790 idem
1358 1736 1563 1805 captus
1611 1731 1960 1804 perspicitur
2016 1731 2170 1784 circa

2259 575 2361 648 (uti
2381 578 2572 630 actum
2601 575 2789 630 fuerat
2812 575 2964 648 apud
2986 573 3262 647 inclytam
3277 570 3677 644 ducem),»sed
3691 569 3930 642 simpli-

2259 664 2402 720 citer
2421 667 2478 719 et
2507 668 2703 736 aperte
2733 665 2802 719 ad
2835 663 3458 736 intelligendum,nam
3486 663 3692 716 caetera
3720 659 3931 716 omnia

2261 751 2484 808 moliris
2516 753 2838 808 incassum.
2875 775 2902 802 »
2949 753 3238 809 Memorat
3268 773 3296 802 «
3343 749 3648 824 pontiﬁces
3679 771 3707 801 ››
3740 748 3801 804 id
3835 752 3931 804 est

2261 842 2586 914 episcopos,
2621 841 2854 898 Milonis
2887 864 2914 892 ‹‹
2949 842 3228 897 fautores.
3254 861 3282 890 »
3318 839 3379 894 In
3421 839 3746 912 fragmento
3774 836 3931 894 alte-

2265 931 2388 986 rius
2417 929 2670 1002 epistolzc
2699 931 2769 986 ad
2804 932 3076 986 eumdem
3107 932 3300 1002 (Epist.
3331 929 3410 1000 9),
3443 945 3570 1000 quae
3621 928 3732 984 sub
3765 927 3930 982 idem

2265 1023 2520 1090 tempus,
2555 1019 2876 1092 eademque
2907 1020 2976 1074 de
3007 1036 3185 1075 causa
3213 1017 3431 1090 scripta
3463 1017 3712 1083 fuit,duo
3737 1016 3934 1072 homi-

2267 1123 2408 1162 num
2443 1123 2655 1179 genera
2684 1107 3406 1179 distinguuntur,quorum
3439 1103 3538 1159 alii
3568 1103 3767 1160 Miloni
3787 1120 3931 1159 cou-

2269 1193 2724 1262 sentiebant,alii
2757 1195 3028 1250 Ratberio
3059 1209 3432 1267 nequaquam
3459 1191 3928 1265 opitulabantur.

2271 1283 2748 1354 l‘teproduxithac
2763 1283 3066 1340 occasione
3081 1283 3486 1338 Conclusionmn
3510 1280 3933 1336 deliberativam

2269 1371 2464 1427 Leodii
2496 1373 2773 1444 scriptam
2805 1389 2956 1428 anno
2983 1374 3109 1441 955,
3135 1388 3268 1427 cum
3317 1371 3390 1426 ad
3439 1370 3765 1426 cedendum
3799 1369 3932 1426 Bal-

2273 1461 2431 1516 drico
2451 1461 2854 1532 episcopatum
2879 1461 3289 1517 Leodicensem
3305 1459 3576 1532 pluribus
3598 1458 3934 1530 impellere-

2275 1555 2390 1606 tur.
2425 1552 2617 1604 Pauca
2648 1555 2877 1605 tantum
2910 1551 3125 1622 adjecit
3173 1551 3230 1604 in
3265 1552 3398 1615 (ine,
3427 1549 3643 1620 quibus
3671 1547 3934 1604 declarat

2277 1656 2374 1694 sex
2405 1642 2461 1694 et
2491 1639 2688 1694 decem
2717 1639 2940 1711 priores
2999 1641 3264 1711 ejusdem
3323 1637 3589 1710 opusculi
3647 1637 3930 1706 rationes,

2277 1745 2424 1801 quas
2456 1728 2514 1783 in
2538 1727 2871 1784 Leodicensi
2897 1745 3036 1784 casu
3067 1713 3448 1800 attulit,zeque
3465 1726 3651 1784 valere
3677 1727 3738 1782 in
3757 1725 3936 1783 Vero-

513 1825 666 1884 diem
713 1826 771 1880 S.
801 1823 1040 1896 Agnetis
1069 1822 1207 1880 anni
1235 1823 1520 1895 ejusdem.
1551 1821 1716 1876 Hunc
1762 1820 2032 1875 eumdem
2065 1835 2167 1874 an-
2199 1853 2247 1918 B
2279 1817 2466 1885 nensi,
2501 1833 2713 1888 easque
2772 1834 2927 1872 nunc
2986 1817 3387 1890 reproducere,
3423 1821 3488 1871 ut
3546 1840 3572 1866 ‹‹
3608 1815 3934 1888 pravigeris

517 1931 662 1976 num
691 1913 998 1968 confirmat
1041 1929 1231 1969 sermo
1292 1912 1348 1966 in
1407 1914 1622 1966 octavis
1680 1909 1912 1966 Pascha:
1965 1907 2164 1963 habito

519 2019 672 2058 anno
691 2001 816 2056 968.
855 2002 917 2057 In
943 2001 1058 2056 hoc
1087 2001 1243 2056 enim
1275 1999 1454 2055 libras
1486 2000 1666 2054 ferme
1697 1997 2084 2070 quadraginta
2107 1997 2166 2050 in

531 2090 953 2153 restaurationc
983 2090 1194 2145 domus
1225 2087 1724 2160 episcopalis,quaz
1755 2086 1813 2140 in
1846 2089 2171 2140 memorata

518 2178 829 2236 rebellione
859 2178 1156 2234 destructa
1184 2178 1390 2246 fuerat,
1427 2193 1488 2232 se
1521 2199 1548 2227 «
1584 2177 1692 2231 hoc
1733 2175 1983 2230 triennio
2019 2196 2046 2222 ››
2073 2191 2170 2229 ex-

518 2269 794 2344 pendisse
822 2266 1120 2322 tradit.Ab
1151 2265 1368 2322 octavis
1403 2267 1598 2320 autem
1630 2263 1865 2318 Pascha:
1886 2261 2022 2318 anni
2040 2261 2168 2333 968,

518 2358 569 2414 si
602 2373 706 2430 per
732 2377 761 2406 «
792 2355 1111 2410 triennium
1146 2378 1172 2404 ››
1206 2353 1510 2419 ascendas,
1539 2370 1607 2406 ex
1637 2369 1752 2423 quo
1781 2351 2170 2406 restaurandaz

519 2445 722 2502 domni
753 2443 1066 2516 episcopali
1125 2458 1361 2516 operam
1413 2442 1551 2496 dare
1609 2440 1782 2512 coepit
1838 2439 2172 2505 Ratherius,

519 2533 718 2590 venies
749 2533 819 2588 ad
851 2547 1071 2586 annum
1103 2531 1228 2585 965.

597 2623 722 2679 107.
753 2621 890 2677 Post
919 2619 1063 2674 illud
1088 2619 1407 2691 judicium,
1437 2635 1552 2690 quo
1584 2615 1724 2671 nihil
1757 2616 1827 2671 de
1858 2615 2028 2671 malis
2057 2615 2176 2688 epi-

529 2727 708 2784 scOpo
760 2708 937 2764 illatis
987 2711 1179 2763 actum
1226 2711 1284 2762 et
1340 2707 1656 2782 multatum
1707 2705 1838 2773 fuit,
1871 2704 2178 2760 rebellium

531 2799 712 2856 animi
739 2797 898 2871 pacis
928 2795 1174 2852 consilia
1201 2813 1316 2852 non
1371 2795 1644 2851 inierunt.
1681 2795 1802 2850 Imo
1851 2810 1986 2849 cum
2020 2793 2182 2850 nulla

534 2884 958 2943 conciliationis
989 2899 1122 2956 spes
1149 2883 1468 2956 effulgeret,
1501 2881 1644 2937 illud
1698 2899 1882 2937 unum
1911 2881 2182 2938 Ratherio

539 2990 845 3048 superesse
872 2973 1065 3028 visum
1083 2973 1255 3040 est,si
1288 2995 1314 3022 «
1347 2975 1580 3044 accepto
1613 2969 1941 3026 animarum
1963 2969 2182 3042 pretio)",

539 3063 740 3120 Miloni
761 3063 1160 3136 episcopatum
1179 3061 1694 3132 cederet(Qualitat.
1727 3059 1948 3132 conject.
1978 3077 2035 3114 n.
2071 3061 2180 3132 16).

537 3153 725 3226 Hujus
755 3151 982 3208 consilii
1033 3151 1297 3206 incentor
1351 3149 1478 3220 ipse
1530 3147 1685 3216 Milo,
1737 3148 1838 3220 qui
1881 3147 2186 3221 episcopos

534 3244 800 3316 ejusdem
823 3239 1049 3297 consilii
1077 3239 1334 3295 fautores
1358 3237 1766 3294 invenit.Unus
1791 3254 1858 3292 ex
1885 3237 2180 3309 bis,atque
2212 3227 2256 3292 C

533 3331 864 3406 praecipuus
884 3329 994 3384 fuit
1014 3329 1262 3384 Ubertus
1285 3327 1532 3398 [cxxxrvj
1566 3326 1875 3398 episcopus
1907 3326 2182 3382 Parmen-

527 3408 816 3491 ‘sis,cujus
837 3416 976 3472 alibi
1008 3417 1362 3472 mentionem
1387 3415 1631 3471 fecimus
1659 3416 2179 3487 (Qualifat.conject.

532 3527 592 3564 η.
625 3507 735 3577 16).
764 3507 960 3577 Neque
983 3505 1135 3560 inter
1163 3504 1419 3560 Ratherii
1453 3503 1841 3560 amicissimos
1872 3504 2184 3560 defuerunt

536 3597 636 3671 qui
659 3597 814 3659 idem
834 3593 1142 3652 concilium
1169 3593 1672 3666 probarent.Unus
1688 3593 1958 3648 interhos
1976 3594 2182 3664 pretio,

537 3689 638 3742 aut
661 3683 1004 3748 muneribus
1036 3681 1390 3752 victus,adiit
1423 3683 1608 3754 ipsam
1639 3683 1846 3737 ducem
1877 3681 2182 3758 Judiiham

533 3775 773 3831 Veronae
827 3773 1153 3846 degentem,
1203 3789 1328 3844 qua:
1384 3771 1660 3826 Ratherio
1719 3771 1962 3839 favebat,
2015 3771 2184 3844 eique

537 3862 848 3920 affirmavit
875 3863 1285 3934 imperatorem
1319 3859 1519 3916 itidem
1551 3859 1714 3927 velle,
1749 3863 1805 3914 et
1834 3860 1978 3915 forte
2009 3861 2183 3916 etiam

537 3951 1212 4025 addiditpraecepissemt
1234 3949 1328 4005 ille
1343 3949 1740 4021 episcopatum
1761 3948 1958 4004 Miloni
1983 3949 2182 4006 dimit-

533 4046 696 4100 teret.
731 4041 848 4098 Hoc
898 4039 1174 4095 molimen
1231 4039 1339 4094 sub
1389 4037 1568 4093 ﬁnem
1611 4038 1750 4092 anni
1794 4037 1902 4092 965
1934 4038 2184 4096 maxime

533 4129 818 4189 efferbuit.
837 4129 982 4186 Hinc
1015 4127 1325 4184 Ratherius
1353 4125 1608 4181 instante
1639 4125 1902 4180 natalitio
1934 4127 2078 4182 festo
2111 4129 2182 4184 ad

535 4220 810 4278 Milonem
833 4218 1058 4272 litteras
1079 4215 1322 4285 dedit,in
1349 4214 1564 4286 quibus
1586 4231 1751 4270 euma
1771 4214 2182 4272 Vicentinum»

532 4313 700 4366 vocat
720 4307 1086 4379 origine,non
1117 4305 1453 4378 episcopatu
1487 4305 1679 4376 (Epist.
1709 4304 1800 4374 8);
1835 4303 2184 4362 Veronensis

535 4396 693 4453 enim
721 4396 1030 4468 episcopus
1061 4393 1616 4450 contraRatherium
1643 4395 1829 4448 fuerat
1858 4394 2180 4462 ordinatus,

535 4486 692 4542 unde
723 4508 750 4535 ‹‹
784 4483 1177 4556 impetitorem
1203 4483 1788 4538 vehementissimam
1813 4505 1840 4532 ››
1874 4483 2070 4554 ipsum
2090 4501 2186 4556 ap-

2279 1906 2748 1978 compulsoribus
2781 1931 2806 1956 »
2841 1907 3288 1978 respondeat.Se
3317 1922 3448 1961 vero
3481 1922 3595 1960 non
3624 1921 3934 1962 cessurum

2277 2013 2537 2068 unquam
2568 1995 2890 2066 profitetur,
2952 1995 3062 2050 nisi
3094 1994 3182 2050 vel
3229 1995 3507 2050 canonico
3549 1993 3798 2066 judicio,
3847 1993 3936 2050 vel

2279 2085 2564 2158 imperiali
2598 2088 2880 2156 potestate
2917 2083 3181 2156 pellatur.

2353 2176 2474 2229 108.
2509 2173 2752 2245 Magnas
2781 2173 2962 2229 fuisse
3013 2173 3304 2245 ejusmodi
3364 2173 3685 2246 angustias,
3716 2173 3938 2246 quibus

2283 2263 2592 2319 Ralherius
2623 2262 2835 2334 partim
2868 2261 3060 2318 oblato
3092 2261 3297 2335 pretio.
3317 2263 3534 2335 partim
3565 2263 3790 2334 [cxxxv]
3823 2261 3937 2318 im-

2283 2352 2550 2424 portunis
2581 2352 2756 2406 etiam
2807 2351 3214 2423 episc0porum
3263 2349 3663 2418 suasionibus,
3715 2352 3937 2423 partim

2285 2441 2459 2495 minis
2493 2440 2562 2495 ad
2594 2439 2930 2495 cathedram
2951 2439 3481 2496 Milonicedendam
3503 2438 3936 2512 impellebatur,

2285 2547 2353 2586 ex
2384 2547 2448 2586 eo
2481 2529 3035 2602 cognoscitur,quod
3068 2529 3222 2584 idem
3245 2529 3378 2585 Milo
3401 2529 3509 2584 hoc
3537 2533 3798 2600 tempore
3816 2530 3940 2603 epi-

2287 2623 2590 2691 scopatum
2622 2635 2746 2673 sese
2777 2617 3096 2672 evicturum
3125 2617 3525 2674 conﬁderetJd
3557 2617 3940 2675 manifestum

2289 2709 2354 2762 fit
2385 2725 2452 2763 ex
2482 2708 2628 2762 fscto
2651 2707 2859 2772 Sikeri,
2885 2707 3039 2779 quod
3073 2706 3244 2761 annis
3275 2713 3526 2778 quatuor
3555 2713 3686 2779 post
3703 2707 3941 2764 tertiam

2292 2795 2547 2853 Ratherii
2563 2795 2989 2852 restitutionem
3008 2795 3346 2867 contigitlli
3362 2793 3515 2851 enim
3532 2800 3785 2868 quatuor
3801 2796 3944 2854 anni

2291 2885 2666 2958 computandi
2697 2885 2768 2940 ab
2802 2901 2954 2940 anno
2983 2886 3080 2939 961
3113 2889 3517 2952 exeunte,cum
3539 2884 3854 2942 Ratherius
3872 2885 3944 2942 ab

2292 2976 2498 3032 Ottone
2529 2972 2637 3028 fuit
2667 2973 2832 3028 tertio
2883 2973 3210 3042 restitutus,
3245 2975 3524 3030 desinunt
3565 2979 3810 3030 exeunte
3842 2992 3948 3048 pa-

2293 3065 2434 3122 riter
2463 3081 2614 3119 anno
2643 3064 2770 3129 965,
2805 3079 2919 3134 quo
2947 3063 3074 3136 ipse
3104 3063 3175 3118 ad
3216 3063 3585 3136 episc0patus
3616 3064 3947 3122 cessionem

2295 3153 2548 3209 maxime
2581 3152 2916 3224 urgebatur.
2949 3153 3006 3207 Id
3041 3153 3256 3208 factum
3301 3153 3548 3208 obscure
3576 3153 3948 3225 propositum

2295 3243 2352 3298 in
2386 3242 2680 3310 Qualitatis
2710 3241 3019 3312 conjectura.
3043 3258 3212 3301 num.
3237 3241 3271 3294 9
3317 3241 3376 3296 in
3407 3258 3535 3297 eam
3567 3242 3948 3316 sententiam,

2293 3349 2421 3406 quae
2453 3330 2642 3386 multa
2673 3329 3135 3386 consideratione
3183 3329 3522 3403 explicanda
3568 3330 3700 3398 fuit,
3735 3331 3820 3387 sie
3849 3348 3948 3388 ex-

2295 3419 2628 3492 ponendum
2659 3419 2906 3474 videtur.
2943 3419 3276 3486 Ratherius,
3327 3423 3641 3492 antequam
3685 3421 3950 3476 secundo

2294 3509 2624 3582 pelleretur,
2659 3507 2859 3564 Sikero
2890 3509 3128 3563 dederat
3173 3507 3478 3564 castellum
3533 3509 3606 3564 ad
3630 3509 3733 3580 jus
3759 3509 3949 3566 Vero-

2294 3598 2493 3654 nensis
2519 3597 2772 3654 ecclesia:
2791 3596 3182 3669 pertinens,ex
3199 3614 3312 3670 quo
3331 3601 3537 3670 praeter
3556 3598 3949 3656 vassallorum

2294 3687 2596 3744 servitium
2614 3685 2795 3742 libras
2818 3703 2917 3742 sex
2940 3685 3311 3742 denariorum
3337 3687 3742 3744 Veneticorum
3773 3689 3950 3748 annis

2295 3775 2546 3849 singulis
2581 3779 2775 3848 posset
2806 3776 3120 3848 percipere.
3156 3776 3306 3831 Dum
3339 3794 3490 3833 anno
3520 3777 3647 3844 961,
3675 3777 3806 3834 Otto
3837 3779 3950 3836 Ve-

2294 3883 2496 3922 ronam
2531 3866 2832 3938 ingressus
2865 3867 3137 3920 eumdem
3172 3865 3509 3938 episcopum
3553 3866 3827 3924 restituit.
3858 3867 3950 3925 Si-

2293 3957 2469 4011 kerus
2501 3955 2571 4010 ab
2599 3955 2800 4010 eodem
2849 3955 3059 4010 Ottone
3109 3955 3479 4027 privilegium
3525 3956 3798 4024 obtinuit,
3831 3973 3950 4030 quo

2292 4044 2445 4100 idem
2480 4043 2790 4100 castellum
2819 4043 2931 4099 sibi
2963 4043 3371 4099 confirmatum
3400 4045 3527 4100 fuit.
3562 4046 3673 4101 Ter
3703 4044 3799 4101 ille
3825 4045 3952 4119 epi-

2295 4151 2540 4207 scopum
2591 4133 2948 4200 oll'enderat;
2979 4149 3044 4187 ac
3079 4133 3323 4188 forsitan
3381 4139 3648 4190 metuens
3705 4152 3778 4192 ne
3821 4133 3948 4208 ipse

2294 4223 2604 4294 episcopus
2622 4221 2930 4278 restitutus
2954 4221 3063 4276 hoc
3092 4220 3394 4278 castellum
3419 4221 3530 4278 sibi
3553 4223 3950 4296 adimeret,di-

2293 4311 2491 4384 ploma
2514 4309 2800 4382 ejusmodi
2825 4309 3172 4382 procuravit,
3190 4310 3282 4365 cui
3301 4311 3608 4384 episcopus
3628 4329 3742 4368 non
3765 4313 3948 4369 aude-

2291 4404 2380 4456 ret
2411 4400 2603 4467 reniti,
2639 4399 2937 4454 autetiam
2971 4397 3164 4455 nollet.
3198 4399 3342 4456 Cum
3373 4417 3506 4456 vero
3555 4399 3650 4457 ille
3693 4402 3946 4459 subinde

2294 4489 2633 4546 Ratherium
2665 4488 2776 4544 sibi
2809 4488 3040 4544 fecisset
3061 4487 3506 4558 amicissimum,
3531 4489 3582 4546 is
3613 4507 3728 4546 non
3752 4491 3947 4549 solum

535 4573 978 4648 pellat.Causas,
1011 4590 1114 4628 cur
1135 4572 1246 4627 sibi
1275 4575 1360 4626 tot
1392 4571 1546 4660 mala
1575 4570 2016 4639 intulerit,duas
2051 4591 2183 4646 pro-
2215 4595 2262 4660 D
2297 4583 2428 4652 post
2458 4594 2622 4634 suam
2659 4577 3088 4632 restitutionem
3143 4595 3276 4633 eum
3332 4579 3393 4632 in
3438 4579 3660 4636 castelli
3702 4582 3949 4652 paciﬁca

438 4728 444 4736 ν
535 4663 904 4735 ponit,unam
934 4660 1332 4725 vetustiorem,
1367 4659 1507 4730 quia
1533 4659 1658 4732 ipse
1691 4661 1760 4715 ad
1790 4661 2185 4720 Veronensem

534 4751 872 4811 cathedram
907 4755 1210 4822 promotus
1243 4749 1448 4816 fuerat,
1477 4754 1792 4820 antequam
1825 4750 1961 4806 Milo
1989 4770 2186 4808 nasce-

535 4845 736 4909 retur;
771 4839 1148 4895 recentiorem
1194 4837 1460 4905 alteram,
1494 4837 1632 4909 quia
1680 4855 1783 4894 nec
1841 4846 2047 4909 morte,
2082 4859 2187 4898 nec

533 4934 673 5006 fuga
701 4928 891 4985 eidem
923 4929 1326 5001 episcopatum
1358 4927 1922 4985 dimitteret.Indicat
1943 4931 2069 5002 ejus
2099 4932 2186 4986 ni-

535 5038 658 5088 sus,
692 5023 758 5076 ut
789 5035 852 5075 se
881 5018 953 5074 ad
987 5017 1332 5089 fugiendum
1366 5015 1752 5088 compelleret.
1787 5018 2186 5076 Constantiam

525 5119 666 5166 vero
700 5125 869 5166 suam
915 5107 1227 5180 praeferens
1275 5105 1334 5160 in
1395 5104 1646 5160 ferendis
1704 5107 2080 5179 quibuslibet,
2113 5127 2188 5166 ne

535 5198 782 5254 cessieni
812 5197 1184 5270 episcopatus
1215 5193 1588 5262 consentiret,
1611 5195 1708 5250 uni
1739 5201 1967 5253 tantum
2001 5200 2185 5272 impe-

535 5286 746 5342 ratoris
779 5291 836 5342 et
867 5287 1083 5340 ducum
1117 5284 1386 5356 imperio,
1419 5283 1467 5338 si
1518 5285 1688 5340 modo
1719 5291 1943 5342 cert-um
2001 5287 2096 5356 sit,
2131 5293 2188 5343 et

534 5391 895 5446 expressum,
931 5391 993 5430 se
1025 5389 1332 5429 cessurum
1361 5371 1670 5446 significat.
1697 5398 1725 5425 «
1758 5376 1815 5430 Si
1848 5377 2186 5448 resipiscere

533 5479 838 5536 nunquam
907 5463 1216 5528 deliberas,
1286 5461 1496 5535 inquit,
1565 5463 1678 5519 alia
1739 5465 1953 5531 moliri,
2031 5467 2186 5538 quod

533 5551 778 5628 coepisti,
813 5553 991 5624 tenta,
1026 5568 1296 5626 suggero,
1323 5553 1435 5621 via,
1472 5553 1844 5625 imperatoris
1887 5558 1944 5608 et
1971 5555 2187 5612 dueum

529 5645 893 5718 nostrorum,
927 5643 976 5704 si
1007 5641 1186 5718 vales,
1221 5641 1575 5724 acquirendo
1623 5643 1849 5718 utique,
1882 5659 1996 5725 quo
2027 5661 2188 5708 recc.

2293 4667 2663 4740 possessione
2691 4665 2863 4721 annis
2891 4669 3142 4737 quatuor
3166 4667 3628 4740 reliquit,verum
3659 4669 3836 4726 etiam
3862 4689 3952 4728 cc-

2296 4755 2483 4812 clesiis
2512 4755 2864 4810 Veronensis
2896 4759 3110 4810 terram
3130 4760 3290 4812 trans
3316 4756 3725 4814 lacumGardin
3748 4759 3946 4832 sitam,

2295 4850 2352 4900 ct
2384 4843 2626 4900 forsitan
2650 4849 2970 4899 memorato
2993 4843 3229 4900 castello
3252 4845 3575 4918 proximam
3606 4847 3794 4904 eidem
3816 4867 3952 4906 con-

2295 4933 2488 4988 cessit.
2523 4935 2780 4998 Quatuor
2809 4949 2978 5004 porro
3001 4933 3170 4988 annis
3217 4935 3432 4990 exactis
3455 4935 3565 4991 sub
3598 4936 3776 4992 finem
3809 4938 3950 4995 anni

2293 5023 2418 5090 965,
2457 5044 2483 5072 ‹‹
2515 5038 2580 5075 eo
2611 5022 2701 5076 die
2733 5039 2845 5093 quo
2872 5020 3006 5076 Milo
3037 5028 3339 5094 putaverat
3378 5025 3738 5097 episcopium
3771 5045 3953 5102 super

2297 5127 2430 5165 eum
2467 5133 2494 5158 »
2525 5109 2908 5182 (Ratherium)
2945 5133 2970 5159 ‹‹
3006 5111 3284 5179 evincere,
3318 5134 3346 5163 ››
3397 5113 3634 5168 Sikerus
3683 5114 3755 5169 ad
3787 5115 3950 5173 hunc

2294 5199 2585 5270 descripta
2608 5197 2767 5254 misit
2790 5198 2845 5252 in
2872 5199 3162 5255 breviculo
3177 5217 3536 5274 quaecunque
3555 5202 3666 5275 ipsi
3683 5205 3950 5263 muneris

2297 5287 2530 5344 nomine
2560 5287 2907 5353 contulerat,
2966 5289 3262 5361 simulque
3320 5291 3673 5359 affirmabat,
3733 5311 3798 5350 se
3834 5295 3954 5352 ista.

2304 5397 2326 5426 α
2360 5394 2474 5431 non
2507 5393 2610 5448 pro
2641 5375 2762 5431 ulla
2787 5377 3229 5450 compositione,
3262 5381 3362 5436 sed
3418 5397 3520 5452 pro
3560 5385 3717 5438 terra
3744 5384 3955 5458 acqui-

2297 5466 2477 5520 renda
2508 5487 2535 5514 »
2568 5465 2799 5522 dedisse
2826 5482 2839 5521 :
2875 5484 2942 5520 ex
2972 5484 3086 5540 quo
3127 5469 3484 5540 sequebatur
3537 5470 3700 5526 illam
3731 5476 3956 5532 terram

2296 5553 2473 5610 veluti
2503 5559 2761 5627 emptam
2782 5572 2948 5611 suam
2977 5573 3235 5628 esse,nec
3261 5558 3330 5613 ad
3356 5559 3460 5632 jus
3491 5559 3748 5618 ecclesiae
3771 5565 3960 5636 perti-

2298 5643 2579 5708 nere.Hac
2609 5644 2855 5706 forsitan
2888 5645 3112 5708 ratione
3143 5665 3342 5708 cavere
3373 5649 3485 5709 sibi
3513 5649 3699 5712 voluit
3723 5651 3798 5713 de
3825 5652 3964 5736 ipsa,
