4070 6380
457 337 588 410 ,115

1427 340 1880 410 RATHERIUS
1924 339 2416 408 VERONENSIS
2459 325 2912 409 EPISCOPUS.

3761 336 3899 406 “6

461 480 573 539 rici
599 479 673 537 ad
703 478 1072 539 diaconatum
1105 478 1176 538 ab
1207 478 1474 537 invasere
1497 480 1767 552 promoti,
1819 478 1922 551 qui
1981 494 2115 533 cum
2146 477 2201 545 Α
2230 475 2619 534 dioecesanam
2651 478 2940 551 synodum
2971 475 3450 545 convocavit.Qui
3481 477 3678 534 autem
3700 474 3893 551 hujus

464 575 682 626 terram
704 571 859 642 juris
889 570 1238 643 episcopalis
1269 587 1370 643 per
1400 572 1744 641 potestatem
1777 566 2116 624 saecularem

465 663 706 727 teneret,
740 662 915 732 atque
944 659 1223 731 diriperet
1251 678 1264 726 ;
1294 681 1320 708 ‹‹
1350 659 1421 713 ad
1453 658 1629 729 pedes
1659 657 1892 713 nemine
1924 673 2117 730 perse-

467 751 684 822 quente
714 748 1058 821 confugiens
1100 747 1330 804 Domini
1386 746 1777 818 imperatoris,
1839 745 2119 801 mentitus

465 841 556 894 est
586 837 746 909 quod
778 859 807 886 »
840 836 1192 908 (Ratherius)
1223 858 1250 884 «
1276 852 1449 890 suum
1472 835 1522 890 ei
1546 835 1892 890 beneﬁcium
1927 835 2123 889 abstu-

467 925 656 982 lisset.
691 947 721 976 »
749 929 862 980 Cur
890 925 998 980 hoc
1021 923 1370 996 opusculum
1389 923 1700 995 afﬁgamus
1724 923 1945 979 ineunti
1967 939 2120 978 anno

467 1014 594 1082 966,
629 1032 699 1070 ex
727 1013 1019 1069 notatione
1060 1011 1272 1084 prima,
1333 1029 1511 1084 quam
1571 1012 1681 1086 ipsi
1739 1011 2118 1084 subjecimus,

469 1103 832 1176 exploratum
865 1101 983 1156 ﬁet.

540 1193 660 1247 110.
694 1190 810 1246 Hoc
840 1189 1046 1245 eodem
1076 1191 1358 1261 tempore,
1387 1204 1502 1259 quo
1530 1187 1842 1245 Ratherius
1873 1212 1900 1239 «
1926 1205 1984 1243 m
2003 1187 2122 1244 ale-

466 1278 730 1337 volorum
805 1277 1274 1334 cavillationibus
1325 1300 1353 1328 »
1410 1277 1690 1333 acerrime
1736 1277 2125 1350 impetebatur

471 1366 822 1441 Opusculum
879 1365 1064 1421 edidit
1091 1365 1156 1421 de
1211 1366 1495 1421 Abbatiola
1550 1365 1899 1435 Magonzaz'am'
1968 1383 2124 1422 nunc

469 1457 784 1526 Maguzam',
813 1455 912 1510 ubi
944 1453 1290 1510 mutationis
1318 1453 1378 1509 in
1409 1470 1536 1509 eam
1568 1455 1815 1510 inductae
1840 1455 2123 1510 rationem

471 1546 728 1619 exponit.
762 1543 893 1600 Haec
923 1541 1239 1610 abbatiola,
1267 1541 1325 1596 in
1357 1543 1608 1598 conﬁnio
1642 1543 1900 1598 diaacesis
1954 1543 2128 1599 Vero-

473 1633 694 1700 nensis,
723 1631 1006 1690 Brixianae
1026 1629 1288 1703 proximo
1317 1631 1449 1699 sita,
1474 1648 1607 1686 cum
1631 1648 1735 1687 suo
1785 1631 2000 1704 praedio
2044 1632 2126 1688 ita

473 1720 846 1795 dispositioni
923 1719 1329 1792 episcoporum
1380 1720 1643 1791 subjecta
1699 1725 1844 1786 erat,
1903 1725 1968 1777 ut
2025 1725 2127 1777 aut

475 1813 725 1870 obeunte
749 1809 967 1864 ibidem
998 1809 1224 1908 abbate,
1258 1811 1361 1863 aut
1390 1809 1541 1908 male
1565 1813 1787 1864 morato
1807 1814 1863 1864 et
1884 1809 2124 1865 incorri-
2157 1843 2203 1911 Β

477 1899 662 1974 gibili,
691 1898 842 1954 alius
853 1896 1205 1954 Veronensis
1219 1897 1517 1952 diuecessis
1535 1898 1606 1952 ab
1619 1898 1889 1970 episcopo
1907 1899 2127 1954 substi-

475 1992 762 2056 tueretur,
791 1987 892 2060 qui
925 1986 1179 2043 efficeret
1211 1989 1274 2040 ut
1302 1985 1623 2042 militantes
1654 1985 1714 2041 in
1745 2003 1814 2043 ea
1843 1987 2124 2044 monasti-

477 2095 606 2135 cam
634 2077 815 2132 vitam
875 2074 1252 2131 custodirent.
1306 2073 1368 2129 Id
1427 2078 1620 2130 autem
1675 2092 1744 2130 ex
1800 2076 2129 2133 fundatoris

478 2169 671 2222 mente
698 2182 814 2221 non
843 2164 990 2220 bene
1021 2166 1274 2218 cesserat
1297 2163 1569 2234 [cxxxix].
1605 2162 1993 2236 Hungari,qui
2021 2165 2129 2220 hoc

475 2253 686 2315 seculo
717 2252 946 2310 Italiam
975 2251 1334 2318 invadentes,
1359 2251 1645 2307 incendiis
1669 2269 1736 2308 ac
1757 2253 2132 2326 depradatio-

477 2345 651 2401 nibus
678 2345 1065 2407 vastaverant,
1093 2339 1358 2411 ejusdem
1389 2339 1636 2395 abbatia:
1670 2342 1999 2398 coenobium
2040 2343 2130 2398 in-

477 2433 815 2498 cenderant,
847 2444 1030 2500 eoque
1061 2426 1345 2499 angustiae
1378 2443 1469 2483 res
1516 2427 1703 2498 ipsius
1748 2429 2011 2500 abbatiee,
2076 2435 2134 2487 et

476 2526 810 2593 temporum
843 2515 1171 2588 corruptela
1194 2521 1616 2587 processerant,
1648 2521 1714 2572 ut
1733 2517 1894 2574 solus
1915 2519 2130 2576 ibidem

480 2611 664 2667 abbas
693 2607 983 2673 existeret,
1043 2604 1316 2676 idemque
1376 2605 1638 2660 moribus
1689 2623 1966 2678 nequam,
2028 2610 2129 2681 qui

479 2688 714 2772 publico
745 2711 880 2753 cum
913 2691 1187 2750 seandalo
1204 2709 1441 2748 uxorem
1474 2698 1532 2749 et
1555 2693 1706 2750 ﬁlios
1728 2695 1939 2753 alebat.
1965 2696 2129 2754 Hunc

480 2786 790 2844 Ratherius
816 2784 890 2840 ad
918 2781 1384 2840 emendationem
1416 2799 1680 2839 revocare
1712 2784 1938 2841 studuit
1967 2805 1981 2854 ;
2025 2788 2129 2843 sed

480 2877 719 2934 frustra.
752 2874 866 2930 Ter
890 2872 1046 2928 enim
1080 2871 1216 2943 fuga
1247 2887 1308 2926 se
1329 2871 1624 2938 subduxit,
1673 2888 1739 2927 ac
1768 2889 1897 2945 per
1949 2873 2127 2931 inter.

480 2965 718 3022 nuntios
746 2961 942 3018 oblata
976 2960 1248 3033 episcopo
1300 2965 1570 3031 pecunta,
1630 2976 1754 3016 rem
1808 2978 1942 3017 cum
2001 2963 2128 3036 ipso

479 3069 826 3126 componere
854 3051 1022 3107 nisus
1054 3052 1161 3106 est.
1196 3049 1506 3105 Exhorruit
1536 3049 1846 3106 Ratherius
1897 3054 2128 3108 tantum

478 3143 709 3210 scelus;
743 3137 1265 3211 haesitatiquandiu
1297 3136 1436 3209 quid
1456 3141 1670 3210 ageret.
1704 3163 1731 3190 «
1748 3139 1807 3194 Si
1829 3139 1985 3196 enim
1999 3158 2124 3215 ego,

2228 565 2433 636 synodi
2465 567 2655 622 exitus
2713 567 2905 634 fuerit,
2971 568 3147 622 refert
3201 566 3261 622 in
3321 566 3556 622 laudato
3599 567 3891 640 opusculo

2229 671 2394 710 num.
2429 656 2482 709 6.
2516 656 2663 710 Ante
2697 657 2987 728 synodum
3018 660 3394 728 praeceperat,
3429 661 3495 711 ut
3520 656 3701 712 biduo
3750 661 3892 712 ante

2230 742 2698 815 archipresbyter
2725 749 2781 799 et
2814 744 3256 800 archidiaconus
3271 761 3404 800 cum
3418 745 3755 815 ordinariis,
3781 762 3892 801 seu

2228 833 2524 887 canonicis
2556 833 2926 900 cathedralis,
2961 850 3060 890 eos
3090 834 3189 905 qui
3217 838 3342 888 tum
3373 851 3440 889 ex
3471 832 3660 890 titulis
3699 835 3890 902 urbis,

2228 924 2358 976 tum
2371 937 2437 976 ex
2449 920 2717 992 plebibus
2732 921 3028 978 ruralibus
3042 923 3322 978 interesse
3335 923 3890 996 debebantsynodo,

2229 1009 2608 1078 discuterent,
2642 1015 2698 1066 et
2728 1011 2778 1066 si
2809 1028 2936 1084 quae
2967 1017 3163 1068 essent
3187 1011 3551 1085 corrigenda,
3577 1013 3897 1086 diligenter

2230 1098 2614 1170 inquirerent,
2650 1103 2717 1155 ut
2745 1100 2837 1155 die
2857 1101 3051 1166 tertia,
3085 1117 3202 1173 qua
3242 1099 3388 1174 [cnx]
3434 1099 3746 1174 epiSCOpus
3794 1120 3894 1174 sy—

2230 1187 2382 1243 nodo
2415 1204 2662 1260 prwesse
2709 1189 2978 1255 debebat,
3011 1189 3122 1262 ipsi
3169 1190 3537 1245 emendanda
3579 1191 3892 1247 referrent.

2230 1275 2356 1332 Non
2379 1275 2541 1332 solus
2571 1276 3055 1350 archipresbyter,
3089 1293 3194 1334 nec
3224 1277 3386 1334 solus
3416 1278 3892 1349 archidiaconus,

2230 1365 2332 1420 sed
2361 1380 2562 1421 omnes
2592 1365 2854 1420 canonici
2877 1382 2992 1437 prae
3024 1366 3399 1424 multitudine
3416 1368 3896 1426 convenientium

2231 1453 2304 1509 ad
2337 1453 2649 1525 synodum,
2689 1457 2756 1509 ut
2785 1470 3024 1510 examen
3057 1454 3235 1509 biduo
3267 1456 3670 1524 conﬁceretur,
3693 1456 3894 1530 inqui-

2232 1540 2397 1597 rendi
2429 1542 2686 1598 ofﬁcium
2712 1546 3105 1615 susceperant.
3128 1542 3337 1599 Coacta
3361 1545 3580 1617 synodo
3603 1545 3695 1601 die
3718 1546 3900 1602 tertia

2231 1646 2366 1686 cum
2397 1631 2708 1704 epiSCOpus
2739 1631 3000 1688 residens
3032 1632 3452 1706 interrogasset
3499 1633 3640 1706 quid
3691 1639 3897 1692 actum

2231 1718 2460 1784 fuisset,
2475 1721 2964 1791 responditunus,
2988 1722 3158 1793 cujus
3179 1722 3557 1794 potissimum
3588 1722 3895 1792 intererat,

2233 1823 2332 1862 eos
2363 1807 2681 1878 inquisisse
2707 1807 2777 1863 de
2807 1808 3052 1880 psalmis
3082 1809 3221 1864 etde
3239 1807 3372 1864 aliis
3394 1809 3759 1879 hujusmodi,
3796 1816 3902 1866 »et

2237 1895 2354 1953 Deo
2384 1895 2602 1969 gratias
2634 1912 2749 1952 non
2781 1895 3003 1952 malum
3034 1897 3177 1952 adeo
3210 1897 3520 1953 invenisse.
3553 1919 3582 1949 »
3643 1899 3724 1954 Ad
3769 1899 3900 1954 haec

2237 1986 2568 2057 episcopus,
2599 1985 2699 2058 qui
2729 1984 2882 2041 mala
2918 1985 3102 2040 multa
3135 2002 3247 2041 non
3300 1985 3626 2059 ignorabat,
3676 1987 3904 2044 ironice

2238 2074 2536 2130 subdidit:
2573 2097 2600 2125 «
2632 2075 2776 2138 Quid
2809 2073 3086 2130 haberem
3117 2091 3252 2147 ergo
3284 2076 3354 2130 de
3379 2079 3464 2131 tot
3492 2077 3736 2148 sanctis,
3784 2077 3906 2133 nisi

2238 2162 2355 2219 Deo
2385 2162 2603 2236 gratias
2635 2163 2824 2219 dicere
2843 2163 2871 2218 ‘I
2903 2185 2930 2212 »
2965 2165 3030 2218 Et
3053 2169 3186 2235 post
3213 2181 3401 2237 pauca
3427 2179 3442 2221 :
3470 2187 3499 2214 ‹‹
3531 2165 3588 2219 Si
3612 2166 3684 2221 de
3733 2165 3906 2238 psal-

2237 2251 2372 2318 mis,
2405 2255 2461 2306 et
2490 2268 2604 2306 non
2638 2251 2707 2307 de
2731 2251 2844 2307 alio
2877 2251 2934 2306 in
2964 2252 3076 2309 isto
3106 2252 3327 2309 concilo
3371 2254 3542 2310 debet
3571 2270 3700 2310 esse
3753 2272 3907 2311 con-

2239 2341 2491 2413 questio,
2524 2358 2614 2397 me
2642 2341 2901 2413 primum
2933 2343 3004 2398 ad
3019 2358 3260 2398 examen
3277 2343 3906 2415 producite;convinci

2239 2446 2375 2486 nam
2406 2446 2669 2501 possum,
2704 2447 2798 2485 me
2827 2429 2960 2485 illos
2991 2447 3128 2499 non,
3175 2434 3239 2486 ut
3295 2434 3668 2502 competeret,
3723 2433 3902 2489 scire.

2240 2518 2401 2575 Unde
2432 2519 2611 2591 igitur
2641 2519 2898 2591 synodus
2929 2523 3217 2592 ageretur,
3277 2519 3360 2575 nil
3421 2519 3678 2592 amplius
3739 2523 3903 2594 quod

2239 2608 2955 2664 emendareturinvcnto?
2993 2608 3338 2665 Sciscitatus
3395 2608 3593 2681 itaque
3650 2611 3722 2666 de
3781 2611 3905 2667 fide

2240 2697 2496 2765 illorum,
2531 2697 2722 2752 inveni
2753 2696 3040 2770 plurimos
3073 2714 3176 2754 nec
3208 2697 3404 2770 ipsum
3435 2715 3638 2771 sapere
3660 2701 3904 2773 symbo-

2239 2786 2384 2853 lum,
2417 2787 2572 2858 quod
2604 2786 2784 2842 fuisse
2815 2786 3073 2844 creditur
3113 2785 3536 2860 apostolorum.
3586 2787 3703 2845 Hac
3726 2807 3905 2847 occa-

2239 2874 2403 2930 sione
2435 2875 2781 2947 Synodicam
2813 2875 3064 2930 scribere
3081 2875 3358 2932 omnibus
3378 2877 3736 2949 presbyteris
3760 2894 3901 2934 sum

2237 2962 2577 3035 conpulsus.
2616 2985 2642 3012 ››
2676 2963 2833 3018 Hanc
2865 2964 3153 3036 synodum
3187 2987 3214 3014 «
3248 2964 3538 3020 mediante
3561 2965 3905 3039 Quadrage-

2237 3051 2389 3110 sima
2421 3075 2449 3102 »
2481 3051 2762 3119 habitam,
2788 3056 2844 3108 et
2871 3052 2930 3107 in
2951 3053 3395 3125 ea-Synodicam
3413 3053 3628 3109 editam
3646 3054 3901 3112 indicat:

2240 3143 2396 3215 quod
2424 3141 2873 3213 intelligendum
2907 3142 2976 3198 de
3009 3143 3202 3198 media
3245 3141 3703 3216 Quadragesima
3753 3146 3903 3201 anni

477 3231 691 3305 inquit,
749 3225 1288 3302 possessiunculam
1338 3225 1438 3282 Dei
1504 3225 1782 3282 Genitrici
1857 3212 2127 3286 collatam
2160 3212 2204 3280 Ο
2240 3212 2347 3285 έὸὃ
2376 3231 2435 3285 in
2465 3212 2872 3286 Admonitione
2900 3231 2972 3286 ad
3034 3231 3224 3304 ipsam
3280 3212 3622 3306 Synodicam
3673 3234 3899 3306 proba-

480 3321 694 3378 melius
723 3317 889 3390 quasi
923 3316 1370 3388 dispensaturus
1436 3315 1581 3370 mihi
1640 3317 1970 3386 retinerem,
2033 3323 2135 3375 aut

483 3422 750 3466 meorum
780 3404 955 3463 alicui
993 3405 1212 3472 darem,
1245 3418 1319 3459 ne
1347 3419 1719 3462 sucessorum
1739 3403 1952 3478 aliquis
1973 3423 2132 3464 meo-

485 3514 618 3554 rum
650 3511 780 3551 meo
811 3492 1082 3550 similiter
1110 3491 1328 3547 faciens
1357 3492 1641 3565 exemplo,
1701 3492 2131 3568 eleemosynam

481 3585 718 3643 illorum
749 3583 1037 3640 bonorum
1068 3580 1412 3647 destrueret,
1444 3599 1556 3637 non
1600 3581 1746 3636 nihil
1804 3584 2064 3639 verebar.
2098 3608 2125 3636 »

479 3675 626 3731 Cum
656 3676 852 3728 autem
884 3684 1184 3742 perrarum
1215 3673 1273 3723 et
1300 3667 1537 3724 difﬁcile
1568 3673 1722 3725 esset
1752 3686 1818 3726 eo
1873 3678 2129 3744 tempore

481 3760 800 3818 monachos
813 3756 1176 3832 propositum
1189 3760 1382 3813 exacte
1395 3756 1770 3815 observantes
1787 3759 2126 3834 subrogare,

477 3855 596 3908 tres
626 3849 992 3923 presbyteros
1021 3863 1155 3902 cum
1181 3845 1445 3914 diacono,
1480 3845 1860 3915 subdiacono,
1906 3853 1963 3904 et
2017 3848 2129 3905 ali-

476 3943 620 4013 quot
648 3936 871 3994 clericis
896 3935 956 3991 in
987 3935 1189 3992 eadem
1221 3933 1455 3990 abbatia
1471 3934 1794 4002 collocavit,
1818 3937 1917 4008 qui
1943 3937 2126 3994 sacris

472 4027 680 4087 ofﬁciis
708 4029 996 4084 vacarent.
1026 4025 1206 4080 Suam
1239 4023 1448 4096 cuique
1479 4024 1694 4078 taxavit
1706 4024 2048 4095 portionem,
2068 4031 2125 4082 et

471 4116 784 4175 declaravit
812 4115 1024 4172 ofﬁcia.
1082 4113 1277 4169 Alium
1339 4112 1741 4184 presbyterum
1801 4113 2121 4185 graviorem

469 4208 746 4265 omnibus
776 4203 1048 4278 praefecit,
1080 4202 1181 4274 qui
1212 4200 1532 4274 disciplina:
1562 4205 1618 4257 et
1635 4201 1971 4258 reddituum
2002 4203 2121 4260 dis-

467 4295 773 4353 tributioni
803 4293 1158 4366 praesideret.
1191 4291 1322 4347 Alia
1351 4289 1634 4348 nonnulla
1677 4291 2117 4364 desideraniur;

467 4401 606 4442 nam
638 4382 988 4456 opusculum
1014 4382 1130 4436 ﬁne
1160 4384 1336 4436 caret.

538 4473 663 4529 411.
698 4473 844 4528 Cum
875 4471 1084 4541 (ltiner.
1119 4486 1283 4525 num.
1314 4469 1370 4540 5)
1399 4468 1490 4524 bis
1519 4467 1580 4523 in
1612 4485 1764 4526 anno
1813 4470 2118 4544 episcopos

2239 3335 2454 3376 Vimus.

2314 3409 2436 3464 112.
2462 3409 2590 3464 Haec
2615 3408 2887 3482 Synodica
2934 3410 3186 3466 maxime
3245 3408 3475 3484 insigne
3532 3413 3621 3466 est
3678 3411 3900 3467 decimi

2241 3498 2437 3555 saculi
2463 3499 2903 3568 documentum,
2935 3515 3002 3554 ex
3035 3515 3148 3571 quo
3185 3498 3562 3572 disciplinam
3621 3501 3898 3572 ejusdem

2239 3587 2518 3660 temporis
2551 3586 2927 3660 potissimum
2946 3588 3341 3660 agnoscimus.
3359 3587 3642 3661 Inscripta
3661 3593 3753 3645 est
3768 3607 3900 3648 om-

2239 3677 2413 3732 nibus
2444 3676 2795 3749 presbyteris
2817 3677 3104 3733 etcazteris
3117 3676 3423 3733 ordinibus
3436 3694 3538 3750 per
3556 3678 3898 3736 universam

2237 3763 2533 3820 dioecesim
2565 3765 2918 3820 constitutis.
2947 3767 3059 3821 Ter
3083 3781 3182 3822 eos
3213 3766 3284 3821 ad
3316 3782 3557 3821 examen
3586 3765 3644 3822 in
3669 3770 3897 3839 synodo

2235 3860 2574 3910 vocaverat:
2609 3858 2666 3910 et
2694 3871 2829 3910 cum
2860 3855 2932 3910 ob
2965 3853 3284 3911 multarum
3317 3872 3513 3911 rerum
3561 3856 3789 3928 cepiam
3823 3876 3896 3915 ac

2234 3944 2525 4015 potiorum
2557 3944 2818 4016 capitum
2851 3943 3274 4017 ignorationem
3289 3944 3434 4000 nihil
3459 3945 3574 4000 fere
3599 3947 3895 4018 potuisset

2232 4032 2424 4088 verbis
2481 4033 2785 4100 conﬁcere,
2847 4031 2956 4088 hac
3012 4032 3273 4106 synodali
3335 4032 3580 4104 epistola
3652 4034 3894 4108 scriptis

2231 4120 2468 4194 vulgata
2497 4121 2918 4195 providendum
2951 4121 3216 4177 credidit.
3251 4121 3323 4177 Ut
3349 4122 3680 4178 mederetur
3721 4123 3890 4196 ignoo

2232 4210 2430 4266 rantiaa
2463 4211 2614 4267 circa
2644 4210 2999 4284 symbolum,
3033 4211 3146 4267 tria
3177 4210 3442 4284 symbola
3472 4211 3782 4268 scribenda
3832 4219 3892 4269 et

2232 4299 2526 4354 memoriae
2559 4300 2893 4354 mandanda
2924 4299 3218 4373 praecepit,
3244 4299 3300 4354 id
3331 4303 3421 4355 est
3449 4299 3758 4372 symbolum
3779 4318 3885 4358 seu

2227 4388 2571 4444 collationem
2599 4389 2983 4460 apostolorum,
3025 4411 3053 4438 «
3104 4389 3258 4445 sicut
3311 4389 3370 4444 in
3414 4388 3707 4461 spalteriis
3756 4407 3888 4447 cor-

2229 4477 2402 4532 rectis
2432 4477 2742 4546 invenitur,
2780 4500 2808 4527 »
2842 4477 2984 4532 illud
3009 4478 3162 4549 quod
3195 4477 3253 4533 in
3286 4482 3472 4534 mtssa
3515 4479 3766 4548 canitur,
3827 4485 3887 4536 et

465 4562 757 4635 synodum
790 4561 1003 4652 habere
1033 4557 1182 4652 sacri
1214 4573 1466 4652 canones
1491 4557 1840 4652 jubeant,-id
1885 4563 2119 4652 exsequi
2151 4587 2198 4652 Β
2231 4564 2374 4621 illud
2408 4565 2562 4638 quod
2594 4570 2650 4620 S.
2683 4565 2986 4623 Athanasii
3018 4565 3254 4623 nomine
3285 4567 3711 4637 circumfertur,
3757 4585 3882 4625 mo-

465 4666 584 4708 non
613 4647 1081 4722 praetermisisset
1110 4645 1441 4714 Ratherius,
1476 4645 1524 4702 si
1565 4647 1708 4718 quid
1763 4647 1822 4702 in
1881 4651 2118 4722 synodis

463 4738 689 4796 utiliter
711 4753 882 4810 agere
911 4753 974 4792 se
1003 4752 1176 4808 posse
1201 4735 1566 4791 credidisset.
1599 4735 1859 4792 Verum«
1885 4739 2111 4806 scitis,»

462 4826 660 4900 inquit
685 4828 746 4882 in
773 4827 1068 4882 ltinerario
1098 4826 1169 4881 ad
1195 4841 1334 4880 suos
1391 4824 1654 4892 clericos,
1716 4848 1743 4875 ‹‹
1804 4826 1968 4884 scitis
2020 4846 2113 4885 me

459 4931 692 4988 semper
718 4915 828 4971 hoc
859 4911 1504 4987 agereideodistulisse,
1540 4915 1692 4986 quod
1716 4915 1970 4973 dicerem
1996 4934 2110 4986 me,

457 5003 615 5062 unde
652 5001 939 5075 synodare
997 4999 1291 5071 deberem,
1353 5001 1591 5056 omnino
1649 5003 1891 5059 nescire.
1954 5004 2113 5062 Solet

454 5090 612 5148 enim
642 5090 702 5146 in
735 5089 993 5163 synodis,
1027 5088 1077 5144 si
1105 5089 1244 5162 quid
1281 5093 1482 5145 nontra
1513 5106 1764 5148 canones
1787 5097 1981 5149 actum
2000 5099 2110 5167 est,

453 5179 776 5236 emendari.
809 5179 918 5236 Sed
947 5179 997 5234 si
1029 5178 1138 5234 hoc
1170 5194 1338 5251 agere
1371 5179 1769 5249 tentavissem,
1812 5182 2107 5250 omnibus,

453 5283 582 5342 qum
610 5269 669 5324 in
699 5267 1024 5326 canonibus
1056 5271 1194 5324 sunt
1224 5266 1462 5340 scripta,
1495 5269 1799 5341 regyratis,
1824 5271 1894 5326 de
1943 5271 2106 5328 nullo

451 5373 654 5414 eorum
684 5374 786 5413 vos
809 5374 1011 5414 curare
1049 5356 1307 5413 viderem
1365 5357 1722 5414 omnimodo.
1785 5381 1813 5408 ››
1865 5359 2105 5432 Aliquot

450 5445 654 5502 subdit
681 5445 962 5517 exempla,
997 5463 1122 5517 quae
1155 5446 1433 5517 temporis
1463 5448 1807 5520 pravitatem
1852 5464 1918 5503 ac
1973 5464 2106 5520 per-

449 5532 778 5589 versitatem
813 5532 1127 5589 declarant.
1162 5533 1231 5589 Ut
1259 5538 1453 5590 autem
1486 5535 1950 5608 experimentum
1996 5536 2104 5592 ali-

448 5622 604 5696 quod
634 5621 863 5692 faceret,
899 5621 1008 5680 hoc
1037 5624 1324 5690 ann0966,
1356 5623 1824 5696 Quadragesima:
1843 5626 2101 5698 tempore

2229 4654 2474 4727 nuitque
2505 4655 2799 4711 neminem
2829 4655 2902 4710 ad
2951 4655 3338 4712 sacerdotium
3393 4657 3880 4728 promovendum,

2223 4748 2325 4799 aut
2348 4744 2406 4798 in
2441 4743 2759 4798 sacerdotio
2777 4760 3160 4816 psrmansuru
3172 4744 3373 4811 m,nisi
3388 4745 3590 4800 eadem
3615 4746 3884 4818 symbola

2223 4831 2564 4888 memoriam
2591 4837 2832 4900 teneret,
2868 4851 3001 4890 cum
3034 4834 3341 4906 «proxime
3373 4855 3400 4884 ››
3430 4833 3503 4889 ad
3527 4850 3768 4890 examen
3790 4853 3885 4892 vo-

2222 4922 2451 4978 cabitur
2479 4921 2692 4994 (Itiner.
2726 4939 2890 4979 num.
2918 4923 2995 4996 7):
3029 4923 3267 4980 Vocavit
3293 4927 3630 4995 autempost
3650 4921 3884 4996 aliquot

2223 5028 2475 5080 menses,
2508 5028 2641 5068 cum
2677 5013 2781 5068 hoc
2811 5013 3014 5069 eodem
3037 5031 3189 5070 anno
3208 5014 3537 5070 Romanum
3559 5011 3671 5068 iter
3691 5013 3879 5069 medi-

2221 5103 2478 5168 taretur;
2510 5117 2576 5156 ac
2629 5106 2934 5174 propterea
2988 5101 3387 5157 inobedientes
3448 5099 3664 5156 inventi
3711 5104 3879 5158 tanto

2219 5193 2379 5244 metu
2414 5207 2718 5262 poenarum
2771 5191 3008 5246 fuerunt
3065 5189 3338 5263 perculsi,
3389 5194 3456 5245 ut
3507 5205 3624 5244 non
3681 5189 3879 5246 solum

2219 5278 2595 5349 promiserint
2627 5296 2689 5334 se
2728 5280 3003 5352 deinceps
3061 5280 3258 5336 omnia
3307 5297 3432 5352 qua
3488 5278 3880 5351 imperaverat

2216 5369 2601 5440 prwstituros,
2634 5386 2834 5424 verum
2867 5369 3038 5444 [ωειλ]
3062 5368 3236 5426 etiam
3269 5369 3493 5436 multae,
3523 5372 3588 5424 ut
3618 5367 3873 5438 videtur,

2216 5457 2452 5513 nomine
2485 5458 2557 5512 ad
2592 5457 2730 5513 illue
2762 5458 3238 5531 itercarpendum
3263 5476 3432 5532 opem
3457 5455 3701 5530 polliciti
3725 5457 3872 5514 sint.

2213 5545 2555 5602 Utilissimis
2587 5564 2757 5618 porra
2783 5547 3256 5605 institutionibus
3285 5553 3407 5604 tota
3447 5543 3738 5619 Synodica
3791 5564 3878 5604 re-

2211 5635 2357 5691 ferta
2387 5640 2494 5692 est.
2532 5635 2611 5692 De
2637 5637 3096 5696 sanctiﬁcatione
3127 5639 3220 5697 dei
3251 5635 3564 5697 Dominicze
3595 5638 3655 5694 et
3693 5635 3874 5696 festo-
