4070 6398
175 375 304 448 11⁸1

1202 382 1811 452 PROLEGOMENA.
1839 415 1919 434 -
1947 380 2326 452 RATHERII
2369 385 2578 453 Vl'I‘A.

3473 345 3596 453 ut

185 532 321 576 rum
350 516 622 592 pluribus
651 517 792 594 agit,
828 533 1051 577 necnon
1093 518 1164 576 de
1207 520 1301 589 iis,
1333 538 1458 594 quae
1502 520 1693 578 clerici
1725 520 1839 577 cal-
1867 521 1924 589 Α
1953 519 2050 576 sia
2083 520 2349 592 clericus,
2375 521 2475 596 qui
2513 523 2573 580 in
2615 523 2960 597 praecedenti
2991 521 3448 597 Quadragesima
3477 515 3600 579 filio

182 607 300 664 lere
330 612 390 664 et
431 608 491 663 in
533 607 752 681 quibus
794 607 1044 664 exerceri
1084 610 1313 664 debent.
1351 611 1499 664 Dum
1532 609 1708 666 studii
1741 626 1840 664 ne-

183 698 515 755 cessitatem
547 696 827 768 inculcat,
856 696 1114 753 declarat
1155 691 1510 754 ordinandos
1556 698 1720 753 nulla
1751 714 1842 753 ra-

178 787 339 844 tione
373 787 444 842 ad
475 786 712 843 ordines
739 788 1075 858 promotum
1114 786 1368 853 iri,«nisi
1395 793 1494 842 aut
1524 787 1582 842 in
1617 786 1844 842 civitate

184 880 406 943 nostra,
425 899 446 924 ιι
476 875 668 947 inquit
692 896 719 925 «
744 874 800 928 id
830 877 920 930 est
940 874 998 928 in
1023 873 1224 930 schola
1252 875 1439 948 ipsius
1465 875 1841 947 eathedralis)

180 987 211 1017 (ι
244 968 346 1020 aut
391 965 450 1019 in
494 963 692 1036 aliquo
751 962 1128 1029 monasterio,
1159 962 1247 1018 vel
1305 965 1458 1036 apud
1518 963 1842 1036 quemlibet

178 1054 506 1127 sapientem
537 1053 611 1108 ad
645 1056 878 1124 tempus
912 1053 1239 1108 conversati
1271 1053 1508 1121 fuerint,
1543 1057 1599 1108 et
1629 1052 1841 1108 litteris

181 1141 617 1214 aliquantulum
650 1141 887 1209 eruditi,
911 1145 976 1196 ut
1005 1141 1198 1197 idonei
1229 1142 1538 1197 videantur
1567 1139 1843 1196 ecclesia-

181 1233 343 1288 sticee
375 1231 666 1304 dignitati.
693 1251 722 1281 »
752 1229 1068 1286 Peculiaris
1119 1234 1208 1286 est
1257 1229 1613 1286 abstinentia
1653 1247 1686 1285 a
1717 1246 1844 1284 car-

183 1321 360 1377 nibus
393 1323 640 1392 quatuor
687 1318 1154 1374 hebdomadibus
1186 1323 1318 1375 ante
1368 1320 1569 1375 Natale
1608 1318 1842 1375 Domini

182 1409 376 1483 (festis
404 1409 610 1464 diebus
640 1406 919 1481 exceptis)
953 1408 1312 1480 prsescripta,
1347 1408 1520 1464 sicuti
1561 1412 1619 1464 et
1658 1407 1841 1463 conti-

183 1498 388 1555 nentia
417 1497 756 1570 praescripta
786 1497 1115 1569 conjugatis
1146 1501 1272 1552 tum
1304 1497 1363 1552 in
1397 1498 1688 1564 Adventu,
1711 1502 1840 1552 tum

182 1588 364 1645 etiam
390 1585 593 1643 diebus
618 1585 826 1658 viginti
858 1590 990 1658 post
1014 1586 1236 1654 Natale,
1261 1586 1320 1641 in
1355 1586 1573 1642 octavis
1605 1585 1839 1642 Pascha:

180 1681 238 1733 et
269 1677 660 1744 Pentecostes,
692 1674 754 1730 in
795 1674 1034 1743 litaniis,
1069 1679 1126 1731 et
1154 1675 1421 1730 omnium
1452 1674 1837 1730 festivitatum

179 1763 603 1837 vigiliis,sextis
635 1763 813 1820 etiam
838 1763 1016 1828 feriis,
1033 1763 1319 1836 praecipue
1341 1768 1535 1819 autem
1561 1762 1838 1818 omnibus

182 1854 394 1909 diebus
439 1851 780 1908 Dominicis.
809 1852 1008 1917 Quoad
1065 1851 1272 1906 horam
1313 1851 1524 1923 jejunii
1575 1852 1836 1907 solvendi
1867 1894 1915 1960 B

177 1941 648 2013 Quadragesimze
678 1943 959 2013 tempore,
983 1939 1181 1996 mitior
1205 1940 1448 1996 inducta
1469 1940 1840 2013 cognoscitur

177 2030 576 2088 ecclesiastica
604 2028 1097 2102 diseiplina.Cum
1123 2030 1279 2085 enirn
1310 2047 1379 2085 ex
1406 2029 1582 2086 veteri
1607 2029 1840 2085 institu-

174 2119 337 2176 tione
365 2118 522 2175 idem
544 2118 842 2190 jejunium
875 2119 1336 2191 protrahendum
1366 2124 1522 2174 esset
1547 2119 1618 2174 ad
1639 2135 1837 2191 vespe-

177 2226 308 2266 ram
341 2225 547 2280 usque,
572 2207 632 2263 in
665 2207 936 2280 Synodz’ea
955 2207 1169 2264 solutio
1201 2209 1330 2279 ejus
1352 2208 1689 2264 conceditur
1708 2211 1840 2281 post

179 2298 390 2355 horam
423 2314 657 2353 nonam.
693 2299 804 2353 liae
831 2298 902 2352 de
942 2314 1003 2352 re
1032 2297 1249 2353 videsis
1279 2297 1448 2370 plura
1479 2297 1539 2352 in
1569 2298 1837 2353 eamdem

180 2387 534 2460 Synodicam,
595 2390 716 2442 not.
752 2387 839 2442 48.
873 2387 1122 2460 Expetit,
1183 2403 1254 2442 ne
1306 2385 1438 2441 ullae
1498 2386 1838 2443 festivitates

187 2481 528 2535 sanctorum
561 2475 836 2549 (exceptis
866 2475 1031 2532 festis
1072 2481 1134 2530 Β.
1169 2475 1382 2548 Mariae,
1414 2475 1834 2548 apostolorum,

183 2583 249 2625 ac
284 2564 540 2623 ecclesiae
571 2565 825 2638 patroni)
859 2565 916 2620 in
946 2565 1422 2638 Quadragesima,
1451 2570 1509 2620 et
1540 2565 1598 2620 in
1631 2565 1838 2621 diebus

172 2655 392 2728 jejunii
424 2659 676 2727 quatuor
704 2659 1038 2726 temporum
1069 2654 1454 2721 celebrentur,
1479 2654 1584 2710 hac
1615 2654 1838 2710 ratione

180 2745 381 2803 allata.
409 2745 546 2818 quia
575 2744 669 2801 his
697 2745 902 2801 diebus
933 2767 958 2798 α
977 2743 1165 2817 magis
1189 2744 1484 2816 jejunium
1515 2745 1836 2800 tenendum

183 2853 365 2909 quam
396 2835 680 2891 festivitas
702 2834 1102 2890 celebranda.»
1128 2834 1271 2889 Cum
1299 2833 1519 2890 scilicet
1547 2850 1616 2889 ex
1646 2833 1833 2889 Eccle-

181 2924 279 2981 siae
314 2922 628 2996 disciplina
659 2924 865 2980 diebus
897 2923 1118 2979 festivis
1158 2939 1274 2978 non
1314 2927 1640 2978 servaretur
1679 2924 1835 2995 jeju-

180 3014 452 3082 nium,ut
490 3030 559 3069 ex
596 3012 744 3086 ipsis
768 3012 1235 3086 Quadragesimze
1274 3011 1591 3068 Dominicis
1630 3010 1830 3084 liquet,

180 3103 349 3171 festa,
375 3118 502 3175 quae
532 3103 592 3158 in
643 3102 765 3158 dies
806 3102 1168 3174 jejuniorum
1210 3101 1553 3168 inciderent,
1583 3102 1834 3156 transfe-

182 3193 366 3250 renda
422 3190 815 3248 existimabat.
845 3190 990 3246 Illud
1022 3191 1257 3247 tandem
1317 3207 1434 3246 non
1488 3190 1834 3262 praetermit-

1952 627 2057 665 suo
2085 611 2223 667 item
2249 612 2453 668 clerico
2475 631 2713 670 uxorem
2733 613 3072 670 tradiderat.
3091 619 3233 669 Cum
3251 613 3598 669 clericorum

1951 700 2186 771 nuptias
2217 703 2524 774 episcopus
2555 720 2785 775 semper
2814 707 2903 759 est
2940 704 3280 770 detestatus,
3312 706 3437 758 tum
3466 719 3601 758 vero

1952 788 2010 843 in
2046 789 2151 845 has
2175 790 2496 862 praesertim
2521 791 2834 857 invehitur,
2861 809 2926 848 eo
2950 793 3104 865 quod
3135 791 3470 865 illegalitate
3494 784 3603 846 du-

1953 876 2088 948 plici
2127 882 2184 932 et
2226 879 2693 951 Quadragesimae
2745 885 3006 953 tempore
3055 877 3208 935 initae
3261 879 3496 948 fuerint,
3551 882 3608 934 et

1953 969 2118 1034 nocte
2148 966 2452 1022 Dominica
2478 973 2917 1024 consummatae.
2945 969 3146 1025 Simile
3169 969 3470 1042 quidpiam
3500 985 3603 1022 an-

1953 1058 2047 1109 tea
2080 1056 2290 1110 fecerat
2321 1056 2734 1126 Pedrevertus;
2768 1059 2868 1114 sed
2914 1058 2974 1113 in
3024 1074 3092 1113 ea
3139 1058 3405 1113 cautione
3459 1073 3604 1113 usus

1953 1142 2239 1211 fuerat,ut
2259 1145 2702 1202 matrimonium
2735 1164 2768 1201 a
2801 1145 2919 1202 ﬁlio
2951 1146 3326 1203 contrahetur
3354 1145 3600 1212 occulte,

1950 1231 2206 1287 Joannes
2226 1249 2358 1288 vero
2385 1257 2413 1282 ‹‹
2437 1239 2556 1289 tam
2589 1235 2894 1290 manifeste
2923 1234 3204 1302 hoefecit,
3221 1238 3286 1289 ut
3305 1235 3600 1290 neminem

1951 1319 2126 1376 istius
2159 1321 2406 1378 civitatis
2436 1323 2613 1379 latere
2642 1323 2948 1379 valuerit.»
2972 1325 3226 1379 Tantum
3253 1322 3598 1379 scandalum

1952 1426 2066 1464 non
2094 1410 2397 1466 ferendum
2421 1411 2732 1484 episcopus
2753 1413 2944 1480 duxit;
2966 1434 2993 1462 «
3015 1412 3153 1484 quia
3173 1412 3220 1468 si
3243 1411 3602 1484 irreprehen—

1949 1514 2082 1553 sum
2106 1498 2477 1570 relinquitur,
2486 1502 2620 1571 jure
2642 1501 2859 1556 factum
2881 1501 3120 1556 omnino
3140 1499 3458 1555 videbitur:
3477 1499 3600 1555 nul-

1948 1585 2041 1643 lus
2074 1587 2228 1642 enim
2253 1603 2366 1643 non
2389 1588 2681 1644 dubitabit
2701 1589 3032 1661 exemplum
3055 1589 3189 1644 inde
3209 1589 3597 1660 eapere,quod

1947 1677 2296 1747 compererit
2316 1677 2611 1733 neminem
2632 1678 3056 1750 vituperasse.»
3081 1678 3333 1733 Mentem
3359 1677 3597 1749 quidem

1946 1769 2253 1836 parentum
2276 1765 2335 1821 in
2358 1766 2518 1822 hisce
2543 1766 2796 1824 filiorum
2819 1767 3038 1839 nuptiis
3060 1766 3444 1839 procurandis
3467 1783 3597 1822 eam

1947 1853 2128 1909 fuisse
2158 1853 2642 1927 existimat,quod
2674 1855 2734 1911 in
2757 1855 3188 1928 comparatione
3214 1855 3352 1910 mali
3383 1847 3597 1912 melius

1947 1946 2100 1998 esset
2131 1959 2229 1999 eos
2249 1944 2349 1998 uni
2381 1945 2544 1999 uxori
2567 1945 3060 2018 eonjungi,quam
3087 1961 3190 2016 per
3210 1944 3406 2017 plures
3427 1943 3594 1999 femi-

1946 2048 2052 2087 nas
2085 2031 2271 2105 magis
2323 2034 2616 2089 mortifere
2663 2033 2940 2107 divagari.
2972 2035 3084 2090 Sed
3113 2038 3324 2106 praeter
3350 2033 3594 2090 vetitum

1947 2120 2284 2192 nuptiarum
2313 2125 2546 2194 tempus
2576 2121 2719 2178 illud
2747 2124 3035 2195 praecipue
3057 2123 3278 2178 malum
3299 2122 3370 2178 ob
3393 2121 3592 2178 oculos

1945 2210 2129 2282 ponit,
2164 2212 2318 2282 quod
2370 2210 2429 2265 in
2477 2211 2766 2282 ejusmodi
2795 2211 3138 2267 clericorum
3170 2212 3410 2282 nuptiis,
3445 2227 3593 2283 quas

1948 2297 2127 2355 sacris
2175 2298 2500 2355 canonibus
2547 2299 2889 2356 interdictas
2919 2299 3191 2356 adulterii
3229 2299 3354 2355 loco
3396 2299 3591 2368 habet,

1947 2403 2080 2444 cum
2113 2392 2308 2460 patres
2339 2387 2530 2444 clerici
2563 2389 2714 2445 ﬁlios
2767 2390 2908 2444 item
2938 2389 3177 2445 clericos
3221 2389 3594 2446 matrimonio

1937 2479 2214 2550 jungant,
2246 2483 2303 2534 et
2333 2477 2608 2534 similiter
2637 2477 2740 2533 ﬁlii
2781 2495 2916 2534 cum
2956 2477 3080 2533 suis
3111 2476 3246 2532 filiis
3279 2495 3340 2533 se
3369 2475 3593 2551 gerant,

1946 2570 2254 2638 parentum
2285 2566 2639 2622 adulterium
2669 2566 2879 2622 transit
2907 2566 2965 2622 in
2994 2565 3166 2635 filios,
3195 2570 3251 2622 et
3281 2566 3360 2621 ita
3392 2582 3596 2638 perpe-

1943 2660 2114 2711 tuum
2173 2655 2442 2712 efﬁcitur.
2468 2655 2818 2727 «.Quocirca,
2841 2678 2869 2706 »
2905 2654 3114 2727 inquit,
3146 2678 3167 2706 σι
3203 2655 3477 2711 monendi
3537 2659 3597 2712 et

1945 2745 2309 2813 obsecrandi,
2331 2746 2557 2816 fratres,
2585 2751 2651 2802 ut
2681 2745 2818 2818 quia
2849 2745 3177 2818 prohibere,
3208 2745 3354 2818 proh
3385 2743 3595 2801 dolor?

1944 2852 1978 2890 a
2007 2833 2353 2890 mulieribus
2377 2835 2580 2892 valetis
2610 2834 2770 2892 nullo
2802 2835 2996 2905 modo,
3022 2834 3172 2891 ﬁlios
3203 2835 3273 2890 de
3301 2834 3466 2890 vobis
3488 2850 3594 2906 ge-

1944 2928 2176 2980 neratos
2206 2923 2563 2980 dimitteritis
2593 2924 2799 2980 saltem
2830 2941 2960 2980 esse
3005 2923 3204 2992 laicos,
3234 2922 3384 2979 ﬁlias
3424 2922 3591 2979 laicis

1933 3012 2267 3084 jungeritis,
2284 3017 2350 3068 ut
2368 3013 2454 3069 vel
2480 3013 2537 3068 in
2562 3014 2674 3068 ﬁne
2699 3012 2909 3068 saltem
2930 3016 3120 3068 vestro
3151 3011 3585 3081 terminaretur,

1943 3106 1999 3158 et
2021 3119 2314 3174 nusquam
2346 3101 2404 3155 in
2428 3102 2603 3156 ﬁnem
2636 3101 2829 3156 saeculi
2860 3102 3098 3156 duraret
3117 3100 3468 3156 adulterium
3489 3116 3585 3156 ve-

1945 3189 2483 3246 strum.»Similiter
2503 3191 2752 3245 deterret
2772 3190 2947 3246 etiam
2969 3189 3166 3257 laicos,
3189 3206 3260 3245 ne
3281 3187 3431 3245 ﬁlias
3453 3207 3587 3245 cum

181 3283 445 3349 tendam,
479 3279 612 3336 huic
644 3279 951 3352 Synodicae,
985 3298 1020 3337 a
1049 3297 1211 3335 num.
1245 3281 1279 3335 6
1311 3280 1382 3334 ad
1419 3279 1830 3335 duodecimum
1865 3265 1907 3332 C
1945 3279 2170 3336 clericis
2182 3280 2466 3352 jungant;
2487 3297 2553 3335 ac
2573 3284 2874 3352 propterea
2890 3278 3142 3335 nobilem
3160 3280 3592 3350 [cxmxﬂquam-

183 3388 376 3443 usque
405 3370 704 3437 insertam,
728 3369 841 3442 legi
869 3368 1191 3425 solemnem
1218 3369 1536 3440 quamdam
1569 3368 1836 3424 ecclesia-

183 3461 399 3518 sticam
453 3457 788 3527 formulam,
826 3475 952 3530 quae
997 3458 1260 3532 legenda,
1297 3461 1398 3512 aut
1452 3456 1749 3513 recitanda
1777 3456 1837 3512 in

183 3550 431 3624 synodo,
463 3548 792 3616 Admonitio,
827 3564 928 3604 seu
956 3551 1146 3604 Sermo
1174 3547 1453 3619 synodalis
1482 3547 1542 3602 in
1582 3545 1838 3603 melioris

185 3645 337 3698 notae
367 3637 668 3694 codicibus
699 3637 1072 3705 inscribitur;
1099 3652 1344 3709 quaeque
1366 3637 1642 3693 Ser-monis
1671 3635 1839 3692 titulo

185 3729 371 3788 Leoni
401 3729 473 3784 1V
495 3745 529 3784 a
548 3726 845 3784 nonnullis
868 3743 1169 3800 perperam
1193 3725 1551 3782 attribuitur.
1568 3725 1710 3781 Vide
1731 3725 1840 3780 hac

186 3820 259 3876 de
292 3835 353 3875 re
386 3816 555 3890 plura
593 3816 656 3872 in
702 3815 1111 3872 Admonitione
1160 3815 1231 3871 ad
1282 3815 1474 3888 ipsam
1517 3814 1844 3886 Synodicam

183 3924 353 3965 num.
390 3910 441 3962 2.

261 3997 390 4053 113.
414 3996 556 4052 Cum
579 3995 768 4052 hacin
789 3995 1062 4068 Synodz'ca
1086 3995 1414 4068 episcopus,
1431 3999 1494 4050 ut
1516 3994 1840 4063 innuimus,

188 4085 711 4144 sanctiﬁcationem
741 4086 853 4142 diei
897 4084 1210 4142 Dominicae
1255 4084 1628 4158 potissimum
1657 4084 1843 4140 incul-

192 4181 304 4242 cet,
335 4175 448 4231 hac
495 4176 798 4231 occasione
854 4177 1436 4232 commemorandum
1493 4175 1849 4230 arbitramur

191 4266 418 4324 factum
449 4265 743 4336 quoddam
780 4266 851 4320 ad
877 4266 1143 4321 eamdem
1166 4263 1688 4320 sanetiﬁcationem
1719 4280 1849 4335 per-

192 4356 414 4421 tinens,
449 4353 638 4428 [CXLII]
670 4371 738 4409 ex
776 4371 890 4426 quo
941 4353 1296 4427 exploratius
1339 4353 1581 4426 patebit,
1617 4358 1848 4426 quantae

195 4461 350 4502 curae
381 4443 495 4516 ipsi
525 4443 700 4500 fuerit
729 4443 848 4499 haec
879 4444 1267 4500 observantia.
1294 4443 1490 4498 «Cum
1523 4459 1853 4498 excommu-

196 4533 490 4590 nicatione
520 4533 813 4602 interdixi,
838 4554 866 4583 »
891 4532 1086 4605 inquit
1115 4533 1174 4586 in
1207 4532 1376 4605 epist.
1408 4533 1474 4587 12
1505 4532 1577 4586 ad
1609 4531 1852 4586 Ambro-

1945 3371 2080 3425 dam
2130 3368 2410 3424 feminam
2443 3392 2470 3418 ‹‹
2507 3369 2756 3424 dominae
2792 3391 2820 3418 ››
2867 3367 3251 3440 appellatione
3293 3367 3592 3434 donatam,

1948 3477 2073 3531 quae
2107 3459 2299 3513 fratris
2333 3458 2423 3513 sui
2477 3455 2670 3512 clerici
2729 3455 2908 3512 ﬁliam
2939 3455 3146 3512 clerico
3197 3457 3444 3513 Joannis
3475 3456 3595 3512 ﬁlio

1948 3547 2156 3620 nuptui
2189 3547 2444 3615 dederat,
2476 3546 2568 3602 his
2599 3546 2790 3602 verbis
2821 3547 3033 3602 affatur
3062 3563 3225 3602 num.
3258 3547 3292 3602 3
3323 3562 3381 3601 :«
3414 3546 3458 3602 Ο
3489 3547 3599 3602 uti-

1950 3655 2086 3694 nam
2118 3641 2200 3704 tu,
2230 3637 2487 3705 domina,
2515 3635 2606 3692 cui
2648 3642 2768 3691 tam
2800 3637 2988 3692 bonus
3031 3637 3210 3691 frater
3255 3639 3418 3692 tanta
3445 3636 3600 3691 bona

1950 3726 2192 3783 dimisit.
2216 3725 2324 3781 hoc
2355 3730 2528 3781 antea
2557 3725 2895 3797 cogitasses;
2924 3729 2982 3779 et
3009 3723 3189 3780 ﬁliam
3221 3724 3409 3798 ipsius
3438 3723 3598 3779 illius

1951 3817 2120 3871 bonis
2151 3813 2514 3870 benedictam
2547 3814 2648 3869 uni
2683 3814 2832 3870 bono
2855 3813 3114 3869 dedisses
3146 3812 3314 3881 laico,
3338 3815 3394 3868 et
3423 3814 3600 3869 finem

1951 3904 2139 3978 ipsius
2191 3903 2580 3976 imposuisses
2640 3905 2929 3975 peccato,»
2980 3902 3261 3958 nimirum
3314 3902 3601 3975 illi,quod

1955 3993 2306 4050 adulterium
2336 3993 2577 4050 vocavit.
2605 3992 2683 4049 Iis
2711 4009 2864 4061 vero,
2885 3992 2983 4065 qui
3010 3991 3348 4048 memoratis
3379 3991 3601 4063 nuptiis

1953 4083 2194 4140 vetitum
2227 4087 2458 4154 tempus
2488 4081 2796 4148 violarunt,
2816 4079 3200 4154 quadraginta
3229 4079 3456 4135 dierum
3489 4070 3604 4150 pue-

1957 4172 2261 4229 nitentiam
2321 4171 2618 4243 imposuit,
2682 4175 2765 4238 et,
2827 4171 2980 4242 quod
3041 4169 3116 4223 in'
3159 4167 3601 4223 aediﬁcationem

1958 4262 2209 4318 maxime
2239 4261 2408 4324 cedit,
2437 4260 2701 4315 eamdem
2753 4275 2982 4330 quoque
3031 4257 3432 4330 poenitentiam
3463 4256 3604 4312 sibi-

1959 4351 2192 4424 metipsi
2227 4349 2602 4422 praescripsit,
2636 4349 2852 4421 quippe
2891 4349 3012 4420 qui,
3046 4347 3146 4413 ait,
3174 4367 3203 4398 «
3236 4345 3437 4418 utique
3466 4345 3604 4402 hac-

1960 4446 2154 4506 tenus,
2179 4440 2320 4494 dum
2354 4455 2469 4493 non
2515 4437 2725 4508 restiti,
2750 4436 3120 4492 consentiens
3148 4434 3249 4490 fui.
3277 4457 3305 4485 »
3327 4435 3458 4490 Htee
3487 4451 3608 4507 poe-

1963 4530 2208 4585 nitentia
2237 4529 2294 4582 in
2321 4527 2548 4599 jejunio
2582 4527 2954 4599 potissimum
2976 4525 3090 4581 sita
3120 4529 3261 4594 erat,
3285 4546 3314 4574 ‹‹
3347 4524 3429 4579 ita
3455 4523 3613 4579 vide-

195 4624 376 4690 sium,
396 4644 424 4672 «
455 4627 520 4677 ut
548 4623 619 4678 ab
648 4639 820 4694 opere
851 4603 1046 4678 servili
1085 4603 1388 4677 Dominica
1417 4621 1508 4676 die
1536 4625 1849 4677 cessarent.
1883 4637 1931 4702 D
1962 4619 2116 4686 licet,
2149 4623 2212 4672 ut
2243 4617 2290 4671 si
2324 4615 2512 4672 czeteri
2535 4615 2736 4671 ﬁdeles
2759 4615 3100 4671 reﬁciuntur
3119 4614 3289 4671 tertia
3317 4603 3614 4682 hora,'nos

196 4713 260 4771 Id
289 4727 424 4767 cum
445 4711 708 4768 evincere
731 4711 892 4767 nullo
915 4712 1086 4767 modo
1108 4711 1446 4777 valuissem,
1470 4714 1667 4784 portas
1689 4711 1850 4782 (sub-

197 4801 337 4859 audi
354 4801 620 4872 civz'tatis)
633 4801 890 4857 obserari
911 4804 1115 4858 contra
1125 4800 1416 4857 venientia
1436 4799 1700 4873 plaustra
1716 4817 1854 4872 pra:-

199 4891 348 4964 cepi.
373 4891 528 4947 Num
558 4889 616 4946 id
649 4890 757 4946 sub
790 4890 900 4946 hoc
935 4890 1222 4963 Synodz'cée
1253 4893 1506 4961 tempus,
1534 4889 1855 4960 eodemque

199 4997 356 5040 anno
377 4980 484 5035 966
505 4979 831 5053 contigerit,
851 4997 923 5035 an
955 4979 1269 5052 aliquando
1303 4983 1435 5034 ante
1462 4978 1552 5034 vel
1583 4982 1735 5050 post,
1765 4977 1853 5032 in-

203 5075 431 5128 certum
452 5069 737 5126 est.Certe
756 5086 889 5126 vero
921 5069 1030 5125 hoc
1057 5069 1274 5125 factum
1308 5085 1342 5124 a
1373 5067 1671 5123 malevolis
1702 5085 1856 5122 arre-

202 5164 374 5234 ptum
405 5163 607 5232 postea
638 5159 767 5224 fuit,
795 5175 929 5214 cum
961 5163 1161 5231 aperta
1186 5156 1499 5214 rebellione
1519 5157 1858 5229 epiSCOpum

204 5249 409 5305 multis
441 5247 922 5304 accusationibus
954 5247 1396 5320 impetiverunt;
1431 5247 1586 5302 unde
1619 5247 1820 5301 subdit
1853 5264 1865 5300 :

202 5363 232 5388 «ι
267 5339 385 5394 Hoc
418 5337 650 5394 facinus
700 5343 800 5392 aut
850 5343 1057 5404 morte,
1086 5341 1188 5392 aut
1239 5335 1580 5409 expulsione
1611 5352 1741 5391 mea
1771 5337 1867 5391 de-

203 5429 343 5485 bere
366 5427 726 5501 judicabant
756 5427 997 5500 expiari.
1037 5450 1063 5476 ››

278 5519 405 5574 114.
441 5518 579 5573 Post
633 5515 1157 5590 Quadragesimam
1215 5514 1354 5571 anni
1405 5515 1512 5570 966
1561 5514 1870 5571 Ratberius

202 5607 559 5683 opusculum
605 5606 844 5680 scripsit
894 5606 960 5662 de
1007 5607 1192 5677 Nupta,
1222 5605 1423 5661 illicito
1457 5602 1609 5673 (Vid.
1644 5608 1763 5658 not.
1793 5603 1868 5675 ⁴Ι).

206 5697 356 5755 Huic
373 5696 746 5756 occasionem
769 5695 1019 5769 praebuit
1037 5695 1292 5752 Joannes
1315 5692 1670 5750 Veronensis
1687 5692 1873 5750 Eccle-

1964 4711 2153 4774 sexta;
2188 4707 2236 4762 si
2270 4704 2351 4760 illi
2384 4709 2562 4771 sexta,
2587 4721 2692 4760 nos
2714 4721 2894 4773 nona;
2925 4703 2974 4760 si
2993 4703 3075 4758 illi
3101 4720 3272 4772 nona,
3298 4719 3406 4760 nos
3429 4718 3616 4774 usque

1965 4800 2035 4855 ad
2063 4812 2364 4869 vesperam
2388 4795 2793 4868 jejunemus.»
3221 4862 3226 4867 ι

2039 4889 2159 4942 115.
2193 4886 2322 4941 Otto
2354 4885 2374 4940 Ι
2407 4885 2744 4956 imperator,
2771 4901 2923 4940 anno
2952 4885 3078 4952 966,
3108 4883 3332 4939 Italiam
3366 4880 3616 4954 repetiit,

1967 4982 2033 5033 ut
2057 4973 2431 5031 rebelliOnem
2461 4976 2665 5029 contra
2686 4973 2973 5030 Joannem
2994 4973 3119 5029 XIII
3141 4987 3440 5028 summum
3474 4961 3618 5042 poni

1967 5065 2181 5121 tiﬁccm
2213 5063 2521 5120 excitatam
2581 5063 2944 5135 reprimeret.
2969 5062 3086 5118 Hac
3133 5062 3278 5118 forte
3326 5061 3396 5116 de
3443 5074 3623 5114 causa

1971 5154 2260 5228 episeOpis
2290 5152 2559 5225 praecepit
2583 5156 2646 5207 ut
2673 5152 2893 5208 milites
2916 5168 3053 5207 suos
3077 5155 3358 5221 tanquam
3391 5145 3624 5221 imperii

1977 5243 2260 5300 vassallos
2284 5243 2353 5297 ad
2382 5241 2601 5297 bellum
2623 5241 2958 5312 dirigerent.
2985 5241 3182 5310 Itaque
3211 5236 3426 5292 milites
3447 5235 3625 5292 etiam

1981 5333 2320 5391 Ratherium
2353 5332 2582 5387 mittere
2607 5330 2806 5403 jussit.
2842 5330 2903 5384 In
2936 5329 3084 5384 hanc
3115 5344 3239 5383 rem
3271 5325 3631 5383 animadver-

1980 5424 2158 5480 tenda
2174 5415 2288 5478 duo
2310 5420 2804 5492 testimonia,quae
2825 5418 3102 5491 leguntur
3119 5417 3179 5473 in
3196 5416 3426 5474 duobus
3447 5414 3634 5473 nostri

1983 5511 2236 5570 auctoris
2267 5507 2567 5583 opusculis
2599 5509 2833 5580 scriptis
2863 5508 3066 5564 eodem
3101 5526 3256 5564 anno
3285 5507 3410 5562 966.
3445 5506 3634 5577 Impe-

1984 5602 2125 5659 riale
2157 5601 2509 5674 praeceptum
2540 5596 2611 5652 de
2658 5595 2944 5653 militibus
2974 5597 3294 5671 dirigendis
3325 5595 3547 5651 indicat
3576 5593 3636 5648 in

1991 5707 2258 5748 sermone
2278 5689 2344 5744 de
2367 5686 2542 5743 Maria
2566 5689 2616 5743 et
2644 5684 2854 5744 Martha
2876 5685 3181 5746 lucubrato
3213 5689 3344 5760 post
3373 5683 3636 5743 medium
