4070 6376
451 377 570 452 1.19

1409 370 1860 442 RATHERIUS
1895 364 2402 433 ‘VERONENSIS
2444 365 2897 435 EPISCOPUS.

3746 343 3884 429 120

448 515 782 590 Augustum
839 511 977 572 anni
1035 512 1300 586 ejusdem
1355 527 1518 570 num.
1550 511 1588 564 4
1615 527 1628 565 :
1655 529 1683 558 ‹‹
1723 505 1956 572 Milites,
1989 503 2092 570 ait,
2122 503 2181 573 Α,
2206 502 2557 577 opusculum
2589 505 2853 576 ejusdem
2885 508 2974 561 est
3001 502 3216 561 indolis
3247 519 3313 562 ac
3337 503 3485 562 illud
3515 501 3580 562 de
3611 480 3899 562 Gentem;

453 605 690 678 quando
720 603 899 661 etiam
931 620 1092 660 meos
1124 604 1198 660 ob
1227 601 1472 658 Caesaris
1500 615 1641 670 cogo
1671 598 2045 668 praeceptum.
2075 614 2102 642 n
2137 595 2146 604 ‘

442 693 653 767 “Ipsum
681 709 816 756 vero
847 697 1202 766 praeceptum
1233 691 1292 747 in
1323 687 1744 761 expeditionem
1777 687 2104 740 Romanam

454 782 568 840 sibi
605 783 734 855 jam
766 783 1176 840 denuntiatum
1209 779 1500 852 signiﬁcat
1531 777 1587 830 in
1631 771 2106 843 ltinerario,quod

456 871 613 936 circa
641 871 857 928 festum
885 873 942 928 S.
965 871 1204 926 Andreae
1235 866 1512 929 exaravit,
1534 866 1673 919 dum
1707 880 1872 918 num.
1910 863 1934 916 1
1971 860 2110 914 seri-

457 960 546 1018 bit
585 977 648 1024 se
693 961 936 1016 Romam
981 959 1429 1032 profecturumu
1463 971 1578 1010 non
1629 949 1938 1024 imperiali,
1973 947 2109 1021 quia

456 1049 810 1122 imperatum
833 1053 922 1104 est
941 1047 1204 1114 minime,
1221 1048 1420 1119 jussu,
1442 1042 1656 1100 milites
1678 1041 1870 1096 solum
1893 1043 1956 1094 ut
1980 1038 2112 1093 mit-

457 1141 640 1194 terem
673 1153 833 1194 meos
864 1138 936 1192 ab
966 1153 1032 1192 eo
1061 1135 1294 1206 (Ottone
1323 1133 1366 1205 Ι)
1399 1149 1533 1188 eum
1577 1129 1722 1186 mihi
1756 1129 1832 1185 sit
1861 1129 2109 1200 impera-

455 1229 650 1282 tum.»
675 1225 820 1282 Cum
852 1226 924 1282 de
955 1225 1218 1281 Romano
1250 1223 1455 1278 itinere
1486 1225 1639 1293 agat,
1669 1218 1822 1291 quod
1857 1233 1971 1271 non.
2001 1216 2111 1270 im-

455 1312 658 1386 periali
677 1315 876 1386 jussu,
905 1329 1012 1368 nec
1043 1311 1178 1368 belli
1213 1327 1390 1366 causa
1421 1326 1483 1365 se
1512 1311 1922 1380 suscepturum
1956 1304 2110 1359 aflir-

457 1406 600 1468 mat,
624 1401 1029 1475 proculdubio
1058 1399 1330 1458 militaris
1355 1396 1662 1472 expeditio,
1681 1413 1805 1468 quae
1837 1412 1870 1450 a
1894 1394 2114 1448 Caesare

457 1495 748 1564 praecepta
779 1491 909 1557 fuit,
939 1489 998 1546 in
1053 1491 1346 1546 Romanas
1393 1491 1587 1560 partes
1617 1490 1817 1541 contra
1868 1481 2112 1538 Romani

459 1579 754 1652 pontificis
782 1579 983 1636 hostes
1013 1579 1231 1634 directa
1266 1595 1381 1632 non
1415 1577 1662 1632 obscure
1701 1573 1985 1628 innuitur.
2011 1572 2112 1626 So-

458 1665 550 1723 los
580 1671 776 1726 autem
809 1667 1073 1724 Ecclesia:
1095 1665 1447 1722 Veronensis
1469 1664 1686 1719 milites
1709 1679 1810 1718 seu
1832 1659 2114 1715 vassallos

462 1756 617 1813 mitti
645 1757 850 1829 jussit,
876 1757 1210 1829 imperator,
1237 1773 1352 1812 non
1402 1771 1533 1811 vero
1566 1755 1638 1810 ad
1686 1751 1904 1808 bellum
1941 1749 2114 1821 profi-

463 1845 603 1910 cisci
633 1845 816 1904 voluit
845 1847 1022 1902 etiam
1055 1845 1416 1912 Ratberium,
1441 1844 1542 1916 qui
1589 1841 1858 1898 militiam
1890 1838 2114 1894 clericis

464 1937 522 1998 et
551 1933 950 2012 multomagis
983 1934 1272 2008 episcopis
1292 1934 1571 1990 canonica
1591 1931 1716 2004 lege
1747 1927 2116 1984 interdictam

465 2022 813 2096 refugiebat.

540 2113 664 2173 116.
689 2113 1077 2172 Memoratum
1109 2113 1448 2186 opus,quod
1471 2113 1830 2168 Ilinerarium
1858 2106 2120 2170 vocatur,

469 2219 576 2264 cur
605 2202 916 2264 Ratherius
932 2203 1026 2274 (V.
1051 2205 1172 2258 not.
1199 2201 1252 2274 1)
1276 2203 1386 2258 sub
1417 2202 1595 2274 hujus
1621 2201 1760 2256 anni
1787 2200 1964 2254 finem
1987 2197 2127 2253 scri-

467 2291 669 2366 pserit,
701 2291 1112 2364 explicandum
1145 2295 1254 2348 est.
1289 2292 1705 2362 Imperatorem
1737 2290 1938 2361 [cmv]
1988 2304 2123 2344 cum

469 2379 674 2438 multis
703 2383 832 2438 tum
870 2379 1047 2437 Italiae
1080 2383 1208 2436 tum
1240 2378 1563 2436 Germania:
1603 2377 1892 2450 episcopis
1927 2377 2123 2432 Romae

469 2469 742 2528 futurum
772 2486 890 2526 non
929 2469 1284 2541 ambigebat.
1313 2491 1340 2518 α
1371 2467 1849 2540 Sapientissimos
1889 2467 2064 2536 enim,
2097 2489 2123 2516 »

475 2559 558 2616 ait
587 2575 752 2613 num.
777 2559 831 2625 3,
864 2581 884 2607 ι
917 2562 1036 2613 tam
1060 2557 1131 2614 de
1152 2557 1266 2612 isto
1299 2573 1476 2629 regno
1499 2557 1578 2629 (id
1601 2561 1690 2612 est
1717 2555 2124 2627 Italico)quam

475 2651 538 2703 et
563 2647 633 2702 de
661 2647 776 2716 his,
806 2647 905 2718 qui
939 2663 1070 2702 cum
1104 2647 1342 2702 domino
1371 2651 1572 2701 nostro
1595 2651 1876 2700 venerunt
1897 2662 2127 2717 semper

475 2735 738 2809 Augusto
771 2735 996 2807 (utique
1028 2752 1097 2791 ex
1126 2733 1454 2806 Germania)
1486 2733 1605 2789 illic
1637 2735 1852 2806 (Romae
1886 2733 2124 2806 scilicet)

479 2823 786 2880 adfuturos
807 2840 1112 2897 cognosco.
1131 2846 1159 2874 ››
1183 2823 1327 2880 Cum
1349 2841 1417 2879 ex
1447 2823 1544 2878 his
1575 2822 1902 2896 plcnarium
1935 2822 2126 2879 conci-

477 2910 628 2976 lium
646 2913 775 2986 cogi
801 2916 1044 2986 poterat,
1057 2917 1184 2970 tum
1205 2930 1338 2968 vero
1359 2917 1741 2969 eonvocatum
1762 2911 1831 2968 iri
1855 2913 2128 2985 sperabat

478 3001 774 3074 pontiﬁcis
783 3006 841 3062 et
857 3001 1227 3074 imperatoris
1239 3018 1416 3075 opera
1427 3018 1476 3056 :«
1491 3018 1638 3074 quos
1654 3003 1964 3057 convocata
1974 3017 2122 3067 ros,»

478 3088 740 3162 inquit,«
776 3091 1065 3165 synodum
1115 3095 1356 3147 autumo
1407 3088 1816 3154 universalem,
1849 3089 2132 3145 concedat

477 3178 632 3241 Deus
661 3184 872 3240 sanctae
916 3179 1206 3248 Ecclesiae,
1240 3184 1307 3237 ut
1351 3181 1599 3253 expedit,
1633 3179 1858 3235 utilem.
1885 3202 1912 3229 υ
1940 3179 2126 3249 Hujus

2207 597 2306 664 ptu
2334 609 2624 650 crmonum.
2655 595 2804 649 Num
2845 611 2980 650 vero
3029 595 3342 651 Ratherius
3391 596 3724 652 Romanum
3756 595 3886 652 iter

2212 683 2554 754 susceperit,
2579 685 2634 737 ct
2663 683 2721 737 in
2757 684 3021 738 Romana
3059 685 3278 758 synodo
3308 684 3545 740 ineunte
3589 702 3744 741 anno
3775 702 3877 740 se-

2213 771 2414 843 quenti
2446 769 2649 826 habita
2677 789 2846 826 suam
2873 789 3109 828 causam
3144 773 3528 844 proposuerit,
3553 773 3883 830 documen-

2214 864 2407 915 torum
2456 859 2652 931 inopia
2700 860 3021 932 ignoratur.
3051 861 3324 916 Nonnulli
3372 862 3610 934 quidem
3659 863 3878 918 existi-

2215 953 2380 1004 mant
2413 949 2606 1019 ipsum
2639 948 2748 1004 hoc
2781 949 3130 1022 cpusculum
3160 949 3601 1016 lucubrasse,ut
3626 951 3881 1008 clericos

2215 1037 2326 1092 hac
2357 1041 2479 1091 arte
2521 1037 2592 1092 ad
2624 1037 3086 1110 resipiscendum
3119 1041 3696 1098 adduceret.Certum
3731 1058 3880 1098 vero

2218 1129 2310 1180 est
2339 1141 2472 1180 eum
2517 1125 2854 1182 interfuisse
2904 1128 3125 1200 synodo
3157 1128 3337 1201 [cxcv]
3369 1129 3708 1195 Ravennati,
3741 1148 3878 1203 quae

2219 1213 2328 1270 fuit
2356 1213 2511 1269 velut
2544 1216 2835 1287 appendix
2864 1216 3090 1272 concilii
3127 1219 3393 1284 Romani,
3417 1223 3483 1274 ut
3511 1235 3576 1275 ex
3606 1219 3881 1275 dicendis

2219 1303 2584 1376 paragrapho
2617 1305 2885 1377 sequenti
2919 1305 3296 1362 manifestum
3327 1309 3444 1363 ﬁet.

2220 1390 2472 1464 §XVIIL
2499 1423 2564 1433 —
2593 1395 2720 1448 Arta
2767 1396 2905 1449 anni
2948 1395 3072 1450 907.
3100 1397 3175 1452 Dc
3222 1397 3472 1453 conciliis
3519 1401 3760 1454 Romano
3823 1402 3886 1454 et

2293 1465 2618 1520 licvcnnalc.
2651 1467 2936 1522 Decretum
2979 1475 3168 1522 contra
3213 1469 3661 1526 mulierositaiem
3705 1471 3881 1526 cleri—

2291 1552 2497 1590 corum.
2547 1537 2834 1592 Rathcrius
2881 1555 2910 1594 ϐ
2957 1541 3267 1595 Ravennate
3321 1543 3551 1597 concilio
3611 1543 3888 1597 Veronam

2293 1623 2596 1682 7_'eJ_rcssus,
2636 1610 3029 1682 _(lz'a'ccsrtnani
3085 1611 3350 1682 synodum
3405 1621 3679 1668 convocat.
3740 1614 3884 1670 Acta

2295 1677 2456 1756 hujus
2477 1679 2688 1756 synodi.
2706 1677 3144 1756 _I’aapcrioribus
3170 1683 3390 1756 clericis
3405 1685 3686 1756 prospicit.
3712 1683 3883 1740 Judi-

2294 1754 2439 1815 cato,
2489 1752 2582 1828 cui
2629 1752 2974 1828 subscrilntnt
3025 1753 3348 1828 patriarcha
3405 1752 3773 1828 Aquileiensis
3827 1759 3887 1811 et

2293 1825 2773 1899 comprovincialcs
2812 1826 3058 1899 episcppi
3079 1827 3143 1880 in
3175 1826 3380 1898 synodo
3409 1825 3598 1882 coacti.
3629 1829 3887 1899 Impera-

2293 1894 2428 1948 toris
2457 1895 2808 1965 priuilegium
2837 1894 3090 1952 Ralhério
3111 1894 3440 1954 concessum.
3467 1894 3746 1954 Tit-mullus
3775 1900 3888 1956 cla-

2301 1965 2544 2040 vicorum
2597 1969 3004 2040 Veronensium,
3052 1972 3104 2022 et
3145 1969 3462 2040 opusculum
3511 1970 3759 2026 Ralherii
3810 1971 3888 2026 de

2231 2047 2236 2050 '
2303 2033 2541 2112 Clericis
2571 2036 2904 2112 rebellibus.
2937 2033 3189 2110 Ejusdem
3229 2041 3457 2112 epistola
3483 2041 3554 2098 ad
3581 2042 3888 2098 Martinam

2302 2108 2610 2179 cpiscOpum
2637 2108 3061 2166 Ferraricnscm.

2304 2195 2427 2251 117.
2449 2196 2766 2268 Imperator
2795 2199 3068 2272 Otto,qui
3102 2217 3254 2256 anno
3285 2202 3630 2273 praecedenti
3659 2201 3718 2258 in
3741 2205 3888 2258 Geré

2233 2286 2430 2340 mania
2459 2291 2591 2358 post
2617 2289 2876 2344 medium
2919 2291 3248 2363 Augustum
3283 2291 3519 2346 comitia
3556 2292 3886 2348 celebrave-

2231 2377 2342 2440 rat,
2367 2391 2502 2430 mox
2531 2376 2589 2430 in
2622 2375 2848 2432 Italiam
2873 2377 3186 2433 descendit.
3208 2379 3356 2433 Dum
3389 2379 3544 2435 enim
3571 2379 3889 2436 Rathcrius

2232 2465 2588 2520 [litterarium
2609 2466 2810 2521 eodem
2835 2483 2986 2522 anno
3009 2467 3163 2522 circa
3188 2468 3375 2524 sancti
3396 2469 3636 2526 Andreae
3667 2471 3888 2526 festum

2233 2553 2598 2624 seripsit,ille
2618 2555 2746 2626 jam
2777 2555 2892 2611 huc
2924 2573 3052 2611 cum
3091 2556 3292 2612 multis
3321 2559 3642 2614 Germaniae
3665 2559 3890 2632 episco-

2234 2641 2326 2714 pis
2347 2665 2372 2691 ‹‹
2398 2648 2682 2698 venerat»
2713 2645 2956 2700 Romam
3002 2646 3387 2718 profecturus,
3415 2647 3498 2701 uti
3543 2647 3796 2703 habetur
3825 2648 3886 2704 in

2234 2731 2434 2787 eodem
2469 2732 2751 2804 opusculo
2782 2751 2946 2789 num.
2980 2736 3032 2789 3.
3059 2735 3253 2790 Romae
3277 2735 3510 2808 quidem
3535 2741 3660 2792 erat
3691 2737 3803 2792 sub
3825 2739 3892 2792 ii-

2235 2837 2368 2876 nem
2403 2820 2750 2894 decembris,
2782 2823 2880 2879 ubi
2915 2823 3178 2879 natalitia
3211 2825 3358 2880 festa
3385 2824 3714 2881 celebravit.
3740 2823 3892 2882 Illuc

2235 2911 2601 2966 cum-eodem
2648 2913 2910 2984 Augusto
2943 2911 3140 2984 plures
3171 2912 3344 2969 etiam
3396 2913 3574 2969 Italiae
3625 2915 3887 2987 episcopi

2235 3003 2624 3055 accesserunt.
2658 3001 3000 3069 Concilium,
3037 3001 3189 3074 quod
3231 3002 3447 3058 ibidem
3478 3019 3547 3058 ex
3577 3003 3891 3059 Germanis

2234 3088 2518 3160 Italisquc
2547 3089 2834 3162 episcopis
2861 3091 3334 3164 congregandum
3367 3092 3641 3164 sperabat
3671 3092 3891 3148 Rathe-

2234 3177 2380 3245 rius,
2412 3177 2679 3234 habitum
2709 3179 2944 3251 quidem
2975 3181 3156 3236 fuisse
3187 3181 3423 3236 ineunte
3455 3199 3606 3238 anno
3630 3181 3738 3236 967
3768 3198 3894 3238 cer-

477 3267 676 3340 itaque
705 3269 934 3330 concilii
957 3286 1062 3341 spe
1081 3287 1144 3326 se
1164 3248 1828 3340 Romani-profecturum
1851 3248 2120 3335 testatur,
2153 3248 2197 3316 (ι’
2236 3269 2361 3322 tum
2414 3268 2480 3322 ﬁt
2522 3284 2588 3322 ex
2635 3248 2935 3342 privilegio
2985 3270 3250 3341 ejusdem
3300 3270 3689 3342 imperatoris,
3726 3271 3888 3343 quod

479 3361 547 3414 ut
559 3357 790 3416 dissidii
807 3359 1002 3416 causis
1021 3357 1173 3414 inter
1193 3375 1255 3414 se
1277 3362 1334 3412 et
1353 3357 1594 3413 clericos
1611 3375 1749 3413 suos
1765 3357 1982 3412 ibidem
2004 3374 2131 3430 pro-

481 3446 866 3521 positis,quid
892 3446 1026 3515 sibi,
1050 3447 1187 3518 quid
1219 3447 1344 3502 suis
1363 3445 1586 3502 clericis
1625 3447 1918 3519 agendum
1953 3451 2125 3512 esset,

481 3535 701 3598 summi
733 3535 1028 3608 pontiﬁcis
1059 3551 1126 3591 ac
1156 3538 1242 3591 tot
1269 3534 1678 3608 episc0porum
1711 3534 2000 3590 sententia
2030 3535 2129 3590 de-

481 3627 835 3687 cerneretur.
859 3625 1168 3697 Egregium
1193 3625 1262 3680 de
1284 3624 1625 3680 auctoritate
1645 3628 1702 3679 et
1723 3625 1990 3680 doctrina
2019 3624 2100 3680 Ro
2115 3654 2128 3664 -

482 3729 668 3777 mana:
687 3713 1262 3771 sedis'testimonium
1286 3712 1490 3770 inserit
1511 3717 1785 3769 num.2:«
1802 3714 1950 3778 Quid
1973 3714 2128 3770 enim

481 3802 554 3865 de
599 3799 1007 3861 ecclesiasticis
1055 3801 1427 3874 dogmatibus
1476 3799 1690 3856 alicubi
1739 3800 1939 3870 scitur,
1974 3801 2128 3874 quod

483 3891 680 3950 Romae
699 3891 1036 3966 ignoretur?
1058 3891 1180 3948 Illic
1201 3891 1420 3947 summi
1443 3888 1524 3945 illi
1547 3891 1726 3946 totius
1750 3890 1908 3947 orbis
1927 3891 2127 3946 docto-

483 3997 599 4050 res,
613 3979 733 4054 illic
749 3980 1180 4054 praestantiores
1207 3981 1544 4036 enituerunt
1563 3979 1910 4036 universalis
1931 3979 2128 4037 Eccle-

481 4048 593 4128 site
609 4048 921 4144 principes.
948 4069 1072 4125 Illic
1101 4068 1412 4125 decretalis
1440 4068 1804 4141 pontificum,
1831 4068 2128 4125 universo-

479 4176 611 4217 rum
640 4159 1033 4234 congregatio,
1063 4157 1416 4214 examinatio
1441 4173 1755 4225 canonum,
1789 4157 2129 4230 approbatio

477 4249 967 4322 recipiendorum,
984 4247 1314 4320 reprobatio
1338 4246 2129 4320 spernendorum.Postremo

477 4353 772 4408 nusquam
804 4337 1196 4408 ratum,quod
1229 4335 1348 4391 illic
1379 4335 1642 4404 irritum;
1679 4353 1972 4408 nusquam
2005 4335 2130 4390 irri-

476 4428 626 4492 tum,
659 4424 814 4496 quod
845 4423 965 4480 illic
1015 4429 1209 4480 ratum
1243 4425 1420 4481 fuerit
1448 4424 1659 4480 visum.
1687 4425 1932 4481 Ubinam
1992 4441 2128 4498 ergo

477 4511 690 4573 melius
726 4511 1074 4584 insipientia:
1113 4511 1438 4568 consulitur
1479 4529 1832 4585 meai,quam
1864 4513 1963 4567 ubi
1998 4515 2127 4570 fons

2237 3365 2422 3411 actum
2453 3360 2636 3414 Romae
2667 3357 2725 3412 in
2775 3359 3032 3414 favorem
3090 3359 3427 3415 monasterii
3487 3359 3888 3428 Sublacensis,

2239 3444 2512 3500 Romana:
2545 3446 2748 3518 synodi
2794 3447 3146 3502 mentionem
3182 3447 3334 3504 facit.
3369 3449 3486 3504 Hoc
3516 3448 3891 3521 privilegium

2240 3535 2430 3608 primo
2458 3551 2491 3589 a
2512 3535 2824 3591 Muratorio
2857 3537 3082 3591 editum
3113 3541 3202 3592 est
3223 3542 3364 3593 tom.
3389 3537 3438 3591 V
3455 3539 3890 3612 Antiquitatum

2239 3623 2594 3693 Italicarum,
2627 3625 3034 3693 dissertat.65;
3068 3626 3197 3681 dein
3223 3645 3255 3682 a
3279 3629 3553 3684 canonico
3574 3629 3892 3700 Garampio

2239 3729 2512 3769 recusum
2554 3715 2612 3768 in
2644 3730 2814 3786 opere
2844 3715 2908 3770 (lc
2936 3720 3169 3772 Nummo
3200 3721 3455 3786 argenteo
3485 3718 3764 3775 Benedicti
3792 3719 3889 3786 III,

2237 3817 2371 3875 pag.
2399 3802 2522 3870 169,
2545 3819 2612 3858 ex
2643 3821 2757 3884 qug
2789 3804 2910 3860 hmo
2941 3806 3116 3861 verba
3144 3807 3530 3878 appendimus
3555 3827 3604 3864 :«
3637 3807 3770 3862 Otto
3801 3806 3894 3862 di-

2235 3891 2371 3947 vina
2411 3893 2631 3949 favente
2671 3894 2978 3950 clementia
3027 3895 3342 3968 imperator
3380 3898 3703 3971 Augustus.
3739 3897 3894 3954 Peti-

2239 3981 2396 4037 tione
2433 3981 2690 4056 Gregorii
2731 3983 2835 4038 viri
2879 3985 3226 4041 venerabilis
3259 4003 3326 4041 ex
3357 3985 3688 4060 apostolica:
3731 3987 3892 4043 sedis

2200 4071 2636 4126 'secundieerio
2684 4071 2940 4146 religiosi
3000 4073 3230 4129 abbatis
3289 4075 3498 4146 prioris
3547 4078 3892 4132 monasterii

2239 4159 2562 4216 beatissimi
2591 4161 2907 4226 Benedicti,
2933 4166 2987 4216 et
3027 4166 3239 4218 sancta:
3271 4163 3640 4221 Seholasticze
3673 4167 3892 4224 sororis

2237 4248 2384 4318 ejus,
2411 4250 2563 4321 quod
2609 4249 2822 4306 dicitur
2863 4251 2923 4305 in
2956 4251 3232 4319 Sublacu,
3259 4253 3356 4325 qui
3400 4253 3638 4310 veniens
3669 4253 3728 4310 in
3761 4272 3890 4328 gre-

2237 4337 2423 4392 mium
2455 4339 2707 4394 basilicze
2752 4339 2906 4395 beati
2940 4341 3087 4396 Petri
3133 4343 3530 4414 apostolorum
3581 4343 3886 4418 principis,

2237 4426 2337 4481 ubi
2369 4444 2503 4482 eum
2533 4429 2750 4483 domno
2781 4429 3004 4485 Joanne
3032 4431 3158 4485 XIII
3201 4449 3352 4504 papa
3399 4437 3614 4489 sancta:
3665 4435 3889 4507 synodo

2236 4531 2338 4588 pro
2371 4517 2624 4572 utilitate
2653 4519 2916 4589 ejusdem
2951 4518 3218 4575 Ecclesiae
3261 4525 3317 4576 et
3345 4522 3766 4578 venerabilium
3799 4523 3888 4580 lo-

477 4600 776 4674 sapientiae
832 4600 1092 4657 cernitur
1117 4618 1264 4657 esse.
1293 4624 1320 4650 »
1355 4601 1574 4657 Laudat
1619 4603 1793 4658 etiam
1841 4602 2124 4658 Joannem
2155 4625 2204 4690 Β
2237 4622 2434 4662 eorum
2468 4606 2875 4678 intereramus,
2909 4611 3476 4668 circumsedentibus
3515 4613 3720 4685 [CXLVI]
3752 4629 3887 4668 cum

477 4707 780 4753 summum
803 4689 1352 4762 pontiﬁcem,quem
1381 4689 1650 4746 nonnulli
1682 4708 1984 4763 perperam
2009 4709 2130 4748 cre-

477 4765 752 4836 diderunt
779 4779 1064 4836 Joannem
1087 4779 1203 4847 XII,
1219 4796 1355 4835 cum
1386 4779 1578 4852 reipsa
1598 4781 1675 4835 sit
1697 4781 1950 4836 Joannes
1973 4782 2122 4838 XIII.

475 4868 745 4926 Ottenem
768 4867 1393 4942 ipsumirnperatorem
1417 4885 1547 4924 eum
1576 4868 1842 4942 pluribus
1875 4871 2124 4926 nomini-

474 4957 586 5014 bus
615 4955 840 5023 laudat,
875 4959 1000 5013 tum
1031 4972 1099 5012 ex
1133 4973 1200 5012 eo
1243 4955 1638 5028 potissimum,
1667 4958 1818 5030 quod
1851 4958 2124 5015 eumdem

469 5045 908 5114 JoannemXIII
929 5045 1000 5103 ad
1021 5061 1327 5102 summum
1351 5045 1755 5118 pontificatum
1781 5064 2122 5119 promoven-

472 5139 615 5194 dum
645 5135 954 5195 curaverit.
977 5135 1240 5208 Explicat
1263 5151 1434 5206 porro
1461 5139 1518 5192 et
1546 5137 1806 5209 coarguit
1837 5154 1996 5193 more
2015 5153 2122 5193 suo

471 5215 820 5288 clericorum
845 5224 1226 5306 vitia,lquibus
1251 5240 1503 5280 canones
1535 5225 1991 5297 impetebantur;
2017 5227 2119 5282 Mi-

472 5313 626 5372 lonis
649 5313 936 5373 invaseris
957 5318 1015 5370 et
1037 5313 1342 5370 rebellium
1367 5318 1527 5386 gesta
1553 5319 1754 5371 contra
1776 5332 1836 5371 se
1861 5315 2118 5384 refricat;

474 5403 864 5464 dimensanam
914 5405 1202 5478 synodum
1242 5404 1304 5458 in
1333 5404 1788 5478 Quadragesima
1839 5405 2124 5460 inutiliter

476 5495 852 5549 convocatam
874 5497 1314 5549 commemorat.
1330 5495 1437 5550 Tot
1458 5511 1524 5550 ac
1547 5497 1728 5551 tantis
1751 5493 1922 5550 malis
1945 5511 2124 5550 reme-

473 5582 634 5641 dium
668 5581 940 5653 sperabat
977 5598 1047 5635 ex
1087 5581 1312 5637 concilii
1347 5583 1587 5640 Romani
1633 5584 1994 5650 auctoritate,
2029 5582 2122 5638 cui

473 5669 796 5745 imperialis
827 5685 1058 5743 quoque
1101 5674 1402 5745 potestatis
1453 5673 1612 5730 favor
1655 5673 1968 5731 accederet.
2005 5673 2122 5731 Hoc

2237 4695 2570 4752 Ravennate
2615 4697 3052 4770 archiepiscopo
3098 4697 3550 4772 quampluri‘mis
3600 4700 3891 4774 episcopis

2234 4801 2304 4840 ex
2336 4786 2594 4841 Romane
2625 4787 2932 4852 territorio,
2959 4795 3133 4860 atque
3164 4788 3328 4844 Italia
3359 4793 3416 4844 et
3443 4789 3890 4847 Ultramontano

2233 4890 2432 4947 regno,
2470 4896 2496 4923 »
2529 4879 2636 4930 etc.
2664 4875 2821 4932 Notae
2861 4877 3144 4933 chronicee
3189 4883 3327 4934 sunt
3363 4895 3375 4933 :
3406 4901 3425 4928 α
3466 4881 3608 4934 Data
3639 4880 3718 4935 III
3749 4881 3889 4938 Idus

2231 4962 2515 5032 Januarii,
2564 4981 2716 5021 anno
2776 4965 3088 5023 Dominicre
3146 4967 3590 5037 incarnat.967,
3653 4968 3888 5044 imperii

2229 5069 2364 5108 vero
2395 5053 2594 5108 domni
2619 5055 2866 5124 Ottonis,
2889 5055 3140 5128 piissimi
3164 5057 3427 5114 Caesariis
3447 5059 3500 5128 5,
3529 5057 3729 5114 indict.
3760 5061 3885 5114 10.»

2229 5140 2406 5197 Vides
2434 5145 2721 5214 synodum
2753 5145 3100 5210 Romanam,
3125 5147 3220 5201 cui
3245 5164 3378 5202 cum
3411 5147 3625 5204 Italicis
3657 5165 3721 5204 ac
3747 5152 3889 5205 Ger-

2229 5229 2422 5286 manis
2453 5232 2902 5304 quampluribus
2946 5234 3234 5306 episcopis
3279 5236 3578 5292 Romanus
3627 5237 3888 5309 pontifex

2229 5319 2484 5376 Joannes
2513 5321 2639 5378 XIII
2691 5327 2748 5377 et
2803 5322 2928 5395 ipse
2986 5323 3114 5379 Otto
3173 5323 3492 5397 imperator
3543 5325 3884 5396 interfuere,

2231 5408 2494 5466 habitam
2527 5415 2660 5467 ante
2709 5411 2864 5468 diem
2899 5415 2959 5468 11
2995 5413 3256 5469 Januarii
3298 5413 3434 5469 anni
3467 5416 3588 5470 967.
3623 5415 3768 5480 Quid
3827 5416 3885 5472 in

2232 5497 2494 5555 Romana
2525 5503 2744 5573 synodo
2775 5503 3160 5558 constitutum
3193 5503 3384 5571 fuerit,
3409 5503 3566 5560 latet.
3596 5505 3654 5560 Id
3691 5504 3885 5562 solum

2232 5587 2623 5662 seimus,post
2645 5591 2967 5646 Romanam
2993 5592 3280 5664 synodum
3313 5593 3746 5665 imperatorem,
3771 5594 3886 5650 Ra-

2228 5694 2478 5735 vennam
2513 5680 2858 5752 profectum,
2886 5680 3100 5738 ibidem
3129 5681 3452 5740 celebrasse
3485 5687 3752 5740 sanetum
3787 5683 3889 5739 Pa-
