4070 6376
165 330 305 400 496

1201 328 1816 408 PROLEGOMENA.
1845 367 1928 391 -
1955 339 2335 407 RATHERII
2378 342 2587 408 VITA.

3499 341 3615 412 126

182 469 398 569 qui_ad
431 486 633 538 curam
655 469 912 548 episcopi
934 471 1584 548 pertinebant.Tertiam
1607 479 1845 535 tandem
1875 478 1931 549 Α
1959 492 2064 551 ego
2087 477 2277 534 solum
2300 495 2553 536 moerens
2575 481 2890 548 cantarem,
2908 481 2964 538 et
2989 478 3214 539 invidiae
3246 483 3448 541 contra
3478 482 3614 569 illos.

188 565 250 618 et
290 561 559 620 fortassis
580 564 864 635 potiorem
894 567 1119 636 partem
1150 566 1210 622 in
1240 568 1654 640 pauperiorum
1684 568 1849 624 cleri-

191 667 398 707 corum
437 652 826 724 provisionem
859 654 1105 712 contulit
1135 671 1200 711 eo
1231 655 1610 724 fundationis,
1636 658 1721 713 uti
1753 675 1850 714 vo-

193 744 353 808 cant,
380 740 795 810 instrumento,
829 744 983 815 quod
1013 744 1339 800 Judz'catum
1369 745 1712 802 nominavit.

263 831 386 884 122.
420 829 484 884 In
512 829 623 885 hoc
655 831 942 904 opusculo
978 832 1414 889 intolerandum
1437 835 1644 890 absum
1677 839 1853 907 atque

193 917 547 974 scandalum
582 919 773 991 deﬂet,
805 937 920 992 quo
954 919 1256 978 inferiores
1283 921 1498 992 clerici,
1525 925 1624 996 qui
1669 925 1852 995 majo-

195 1022 323 1062 rem
352 1006 412 1061 in
445 1007 692 1064 ecclesia
719 1008 977 1064 laborem
1007 1010 1290 1079 ferebant,
1327 1012 1548 1068 fortiori
1598 1030 1852 1086 pauper-

200 1097 324 1150 tate
355 1097 642 1168 oppressi,
674 1115 787 1153 non
819 1097 1010 1154 solum
1031 1121 1060 1158 ‹ς
1083 1099 1211 1156 sine
1237 1100 1669 1158 intermissione
1699 1119 1856 1158 mur-

206 1187 535 1253 murarent,
564 1207 592 1236 »
622 1201 824 1242 verum
854 1208 881 1237 ‹‹
905 1188 976 1242 ob
1003 1187 1261 1260 inopiam
1291 1191 1363 1245 ad
1395 1207 1593 1246 sacros
1622 1191 1854 1246 ordines

199 1272 516 1347 illegaliter
545 1274 723 1331 etiam
754 1277 1028 1332 accedere
1074 1277 1472 1347 festinarent,»
1494 1285 1560 1336 ut
1608 1280 1716 1335 hac
1765 1281 1858 1335 via

206 1361 434 1435 aliquid
469 1364 717 1421 subsidii
739 1365 884 1438 ipsis
907 1366 1261 1438 proveniret;
1285 1371 1341 1423 et
1361 1370 1700 1425 accederent
1728 1368 1856 1440 qui-

203 1451 364 1519 dem,
400 1475 427 1502 ‹‹
463 1469 598 1508 cum
628 1469 734 1509 nec
781 1458 920 1509 setas
967 1455 1171 1528 utique
1219 1473 1318 1512 eos
1365 1457 1716 1524 admitteret,
1751 1474 1857 1513 nec

213 1540 463 1596 scientia
497 1544 1074 1614 commendaret,nec
1097 1561 1330 1600 morum
1349 1546 1607 1618 probitas
1633 1546 1865 1602 illustra

201 1635 350 1686 ret.»
377 1630 567 1702 Hujus
599 1631 958 1688 fundationis
991 1633 1253 1690 redditus
1273 1634 1574 1707 aequaliter
1598 1635 1858 1691 dividen-

200 1719 309 1774 dos
340 1719 622 1789 decernit,
657 1743 686 1770 ‹‹
720 1737 836 1776 non
869 1737 973 1792 per
998 1738 1239 1794 campos
1291 1727 1485 1778 tamen
1537 1728 1595 1779 et
1635 1725 1855 1792 vineas,

201 1807 309 1864 sed
343 1824 445 1880 per
474 1809 702 1866 modios
733 1813 909 1882 atque
941 1811 1210 1878 sextaria,
1252 1815 1317 1867 ut
1359 1828 1464 1866 nec
1512 1811 1646 1866 rixae
1694 1813 1855 1869 locus

199 1896 423 1969 aliquis
470 1897 659 1966 detur,
706 1914 894 1970 neque
937 1898 1189 1958 invidiae.
1219 1921 1248 1949 ››
1279 1899 1523 1956 Nolebat
1571 1900 1852 1956 nimirum

198 1989 393 2041 certos
423 2001 661 2058 campos
707 1989 763 2041 et
807 1987 1007 2042 vineas
1046 1987 1196 2043 inter
1224 1987 1464 2045 clericos
1495 1988 1712 2059 dividi;
1745 1991 1855 2046 hac

199 2075 359 2130 enim
389 2075 613 2130 ratione
631 2075 748 2131 fere
767 2076 964 2131 omnia
988 2075 1214 2132 clericis
1237 2079 1562 2150 majoribus
1584 2082 1640 2135 et
1659 2084 1858 2152 poten-

198 2162 455 2220 tioribus
483 2163 852 2232 obvenerant,
883 2166 1103 2221 caeteris
1133 2166 1506 2223 inferioribus
1563 2172 1621 2224 et
1671 2169 1855 2224 imbe-

203 2252 534 2309 cillioribus
566 2253 626 2308 in
659 2253 856 2325 inopia
884 2252 1121 2309 relictis.
1155 2255 1498 2312 Distributio
1530 2261 1724 2312 autem
1756 2275 1860 2330 per

198 2341 431 2398 modios
451 2345 626 2414 atque
647 2359 954 2399 mensuras
973 2343 1364 2414 aequalitatem
1384 2345 1614 2402 facilius
1645 2350 1853 2414 servat,

198 2434 258 2486 et
287 2446 321 2485 a
350 2431 799 2502 praepotentium
831 2431 1139 2488 fraudibus
1168 2434 1547 2489 cavet.Simi1i
1579 2435 1648 2490 de
1679 2452 1859 2491 causa

199 2518 466 2574 redditus
498 2518 742 2574 abbatias
773 2519 844 2575 de
870 2520 1190 2594 Maguzano
1210 2521 1361 2577 inter
1381 2521 1856 2579 clericosibidem

197 2605 507 2663 institutos
534 2623 651 2664 non
684 2624 787 2680 per
811 2625 1049 2681 campos
1071 2615 1129 2665 et
1150 2610 1368 2678 vineas,
1384 2612 1483 2666 sed
1505 2627 1607 2684 per
1627 2629 1858 2668 mensu-

200 2713 299 2752 ras
327 2694 506 2751 dividi
531 2695 735 2768 jussit.
770 2696 1057 2754 Omnibus
1086 2697 1462 2756 int‘erioribus
1509 2701 1858 2758 cathedralis

203 2783 500 2840 eccclesiae
529 2783 886 2858 clericis,qui
920 2789 1046 2842 tum
1075 2785 1363 2855 vivebant,
1397 2790 1601 2861 prasby
1613 2790 1750 2845 teris
1771 2807 1860 2846 ca-

200 2873 450 2947 pellanis
473 2873 1047 2947 comprehensis,hoc
1068 2876 1416 2932 beneﬁcium
1439 2895 1750 2934 commune
1763 2895 1859 2936 es-

203 2979 266 3020 se
284 2962 598 3019 voluit.His
625 2962 976 3020 obeuntibus
997 2963 1195 3021 omnia
1216 2981 1378 3037 aeque
1399 2966 1860 3039 dividendaprae—

201 3052 356 3124 cepit
384 3053 538 3107 inter
567 3051 723 3108 solos
751 3053 1054 3110 inferiores
1098 3054 1333 3110 ordines
1380 3059 1519 3124 tres,
1554 3056 1857 3112 subdiaco-

204 3158 440 3209 norum,
473 3140 875 3214 acolythorum
901 3147 958 3198 et
989 3141 1382 3211 ostiariorum,
1414 3143 1680 3200 videlicet
1709 3146 1860 3201 inter

1960 583 2168 623 causas
2215 569 2396 624 vitare
2453 569 2660 625 debere
2691 587 2784 626 me
2817 571 3130 627 crederem.
3166 594 3193 622 ››
3227 573 3284 629 Si
3318 592 3444 647 quae
3476 592 3611 632 vero

1958 655 2074 712 alia
2101 673 2133 711 a
2163 655 2275 728 piis
2304 657 2642 713 hominibus
2672 659 2861 714 eidem
2895 660 3234 716 inferiorum
3267 661 3611 720 clericorum

1959 744 2200 816 cellegio
2246 745 2600 817 legarentur,
2635 748 2832 803 omnia
2861 766 3094 820 quoque
3129 749 3428 822 aequaliter
3459 753 3613 808 inter

1961 833 2119 904 ipsos
2169 833 2346 888 dividi
2387 835 2575 904 jubet.
2627 835 2799 891 Cavet
2841 854 2913 891 ne
2966 836 3243 910 episcopi,
3290 843 3392 895 aut
3422 840 3612 896 caeteri

1963 922 2284 994 praesertim
2315 925 2567 994 majores
2598 923 2791 979 clerim
2823 925 3174 980 cathedralis
3202 931 3334 998 post
3357 928 3507 984 hanc
3528 929 3615 985 in-

1965 1010 2241 1066 feriorum
2273 1011 2618 1067 clericorum
2651 1013 3037 1084 provisionem
3072 1015 3281 1071 iisdem
3308 1019 3610 1090 quidpiam

1965 1100 2316 1155 subtrahant
2365 1117 2432 1155 ex
2470 1117 2556 1168 eo,
2593 1102 2744 1173 quod
2781 1106 2950 1157 antea
2978 1102 3123 1175 ipsis
3157 1105 3331 1160 tribui
3366 1107 3610 1175 solebat,

1965 1210 1994 1238 «
2029 1189 2195 1260 quasi
2227 1189 2458 1245 valeant
2479 1190 2948 1246 dicerezﬂabetis
2966 1196 3222 1248 vestrum
3251 1193 3612 1266 stipendium

1966 1277 2057 1348 (ex
2086 1277 2157 1332 iis
2189 1295 2318 1349 quae
2347 1277 2657 1334 Ratherius
2689 1278 2976 1348 contulit),
3002 1281 3257 1336 sufﬁciat
3282 1281 3439 1338 istud
3465 1301 3477 1351 ;
3512 1288 3614 1340 aut

1967 1365 2016 1420 si
2046 1365 2224 1422 vultis
2245 1367 2547 1422 vobiscum
2571 1371 2771 1423 nostra
2792 1368 3016 1439 partiri,
3036 1369 3249 1424 mittite
3272 1372 3428 1442 quod
3449 1372 3612 1428 vobis

1965 1455 2167 1510 datum
2201 1460 2307 1520 est,
2341 1456 2401 1510 in
2433 1461 2700 1512 nostrum
2734 1473 3063 1512 commune.
3091 1479 3118 1508 »
3151 1458 3276 1514 Alia
3306 1464 3480 1532 atque
3501 1461 3615 1516 alia

1967 1548 2096 1616 apte
2123 1545 2398 1616 disponit,
2421 1549 2592 1617 atque
2614 1545 2918 1617 praestitit;
2947 1562 3010 1602 ac
3041 1547 3277 1602 tandem
3309 1543 3617 1620 imperato-

1966 1633 2047 1688 ris
2077 1632 2264 1706 elogio
2295 1633 2610 1702 concludit,
2645 1657 2674 1684 «
2723 1634 2913 1705 cujus,
2966 1635 3181 1706 inquit,
3234 1635 3448 1692 auxilio
3496 1638 3615 1694 fre-

1963 1725 2082 1790 tus,
2114 1739 2247 1778 sum
2307 1723 2419 1779 ista
2471 1723 2731 1791 molitus,
2765 1740 2831 1778 ac
2885 1739 2989 1795 per
3037 1723 3144 1779 hoc
3186 1725 3373 1800 magis
3404 1725 3612 1797 ipsius,

1966 1826 2143 1882 quam
2174 1827 2372 1867 meum
2403 1817 2493 1868 est
2519 1828 2687 1884 opus.
2722 1834 2752 1862 »

2040 1899 2166 1954 423.
2192 1899 2264 1955 Ut
2293 1899 2693 1972 intelligantur
2709 1901 2941 1967 verba,«
2974 1901 3145 1972 cujus
3175 1901 3388 1959 auxilio
3413 1904 3613 1974 fretus,

1965 2005 2098 2043 sum
2128 1987 2242 2044 ista
2273 1988 2571 2056 molitus,»
2595 1989 2936 2062 explicanda
2965 1993 3105 2044 sunt
3134 1989 3233 2046 illa
3265 1989 3480 2063 quibus
3503 2015 3530 2042 «
3554 1993 3619 2047 ﬁ-

1965 2077 2199 2132 duciam
2247 2076 2571 2149 imperialis
2602 2077 2979 2149 praesentiae»
3041 2083 3329 2135 memorat
3387 2080 3446 2135 in
3499 2082 3618 2138 Dis-

1963 2167 2149 2221 cordia
2181 2182 2343 2221 num.
2377 2167 2430 2235 5,
2466 2182 2712 2238 eamque
2771 2188 2800 2216 ‹‹
2832 2167 3108 2222 ﬁduciam
3167 2167 3487 2240 imperialis
3533 2169 3615 2224 nil

1966 2253 2122 2310 aliud
2151 2272 2330 2326 quam
2357 2255 2511 2326 quod
2533 2255 2764 2326 justum
2798 2259 2886 2310 est
2915 2255 3278 2311 decernentis
3311 2258 3614 2328 praesentis

1968 2363 1998 2393 «
2028 2341 2285 2414 appellat
2313 2341 2373 2396 in
2399 2359 2668 2398 sermone
2698 2341 2762 2397 de
2794 2343 3001 2398 Octavia
3051 2343 3279 2400 Pascha?
3336 2361 3500 2400 num.
3562 2347 3614 2400 4.

1965 2431 2111 2485 Cum
2141 2431 2420 2486 nimirum
2453 2431 2763 2503 cpiscopus
2795 2430 2997 2487 multis
3029 2432 3443 2503 experimentis
3467 2435 3616 2506 [cui]

1967 2520 2207 2576 edoctus
2267 2519 2560 2576 canonicis
2617 2519 2763 2574 nihil
2823 2519 3045 2588 ﬁderet,
3107 2521 3340 2592 quando
3397 2521 3617 2577 benefi-

1967 2609 2056 2664 cia
2085 2610 2190 2664 abs
2245 2625 2307 2665 se
2339 2609 2484 2681 ipsis
2515 2608 2722 2664 collata
2753 2609 3087 2664 renuntiare
3118 2609 3222 2664 visi
3257 2613 3414 2675 sunt,
3446 2611 3618 2667 vehe-

1967 2702 2308 2770 menterque
2340 2701 2625 2754 metueret
2655 2714 2725 2752 ne
2755 2701 3068 2770 potestates
3099 2702 3302 2755 contra
3331 2715 3393 2756 se
3439 2698 3618 2758 laicas

1967 2790 2416 2854 commoverent,
2442 2791 2507 2842 ut
2537 2790 2923 2842 memoratam
2955 2785 3379 2854 fundationem,
3411 2804 3515 2844 seu
3530 2791 3621 2846 Ju-

1966 2875 2211 2930 dicatum
2239 2875 2471 2931 irritum
2505 2875 2812 2930 redderent
2843 2892 2856 2943 ;
2890 2874 3080 2930 noluit
3109 2877 3374 2931 eamdem
3411 2878 3618 2934 tunda-

1965 2963 2186 3018 tionem
2221 2964 2450 3035 prodire
2473 2964 2530 3018 in
2554 2963 2874 3036 publicum,
2892 2963 3006 3018 nisi
3029 2962 3400 3036 imperatoris
3426 2966 3619 3022 favore

1968 3068 2034 3106 ac
2065 3051 2384 3124 patrocinio
2417 3053 2763 3107 muniretur.
2790 3053 2951 3108 Brevi
2973 3053 3406 3109 eumVeronam
3433 3071 3619 3111 acces-

1970 3157 2175 3196 surum
2210 3141 2447 3209 sciebat,
2479 3145 2543 3196 ut
2572 3139 2767 3196 Ottoni
2800 3141 2847 3195 ΙΙ
2878 3139 2996 3195 ﬁlio
3041 3157 3146 3196 suo
3194 3159 3264 3196 ex
3306 3142 3620 3198 Germania

207 3235 434 3304 septem
483 3231 874 3288 subdiaconos
913 3231 984 3288 de
1029 3233 1340 3289 secretario
1362 3237 1419 3289 et
1447 3237 1669 3306 septem
1717 3234 1862 3290 alios
1893 3215 1935 3283 C
1973 3229 2032 3284 in
2067 3228 2292 3284 Italiam
2321 3229 2572 3285 venienti
2604 3232 2948 3285 occurreret.
2979 3229 3240 3285 Occurrit
3287 3234 3482 3286 autem
3506 3230 3618 3287 Ve-

205 3320 601 3377 subdiaconos
631 3324 916 3389 cantores,
939 3321 1092 3377 inter
1123 3321 1418 3394 acolytbos
1448 3323 1518 3378 de
1549 3325 1858 3380 secretario

204 3415 433 3482 septem
463 3412 522 3465 et
550 3409 697 3465 alios
721 3409 1015 3482 acolytbos
1038 3411 1296 3483 quinque
1316 3415 1602 3477 cantores,
1637 3429 1858 3469 necnon

203 3505 263 3557 et
310 3497 584 3556 ostiarios
633 3498 1535 3572 sex.Notanda«presbyterorum
1573 3502 1728 3576 [CLII]
1759 3519 1856 3558 ca-

203 3588 572 3663 pellanorum
603 3610 632 3638 »
660 3587 899 3654 mentio,
921 3587 1020 3660 qui
1054 3588 1274 3644 scilicet
1302 3607 1336 3644 a
1367 3591 1719 3661 presbyteris
1742 3608 1861 3647 ma-

193 3678 428 3752 joribus
489 3693 594 3734 seu
652 3677 947 3733 canonicis
997 3677 1527 3751 distinguebantur,
1563 3679 1646 3735 uti
1703 3698 1859 3736 nunc

199 3783 439 3840 quoque
469 3766 530 3820 in
562 3769 765 3822 nostra
793 3764 1111 3822 cathedrali
1139 3765 1383 3822 ecclesia
1415 3767 1860 3841 distinguuntur

198 3854 285 3914 illi
316 3853 934 3929 presbyteri,qui,cum
965 3871 1079 3910 non
1114 3855 1231 3910 sint
1261 3855 1583 3923 canonici,«
1609 3857 1857 3929 capella-

201 3944 262 4001 ni
291 3968 322 3996 »
354 3947 657 4001 vocantur.
690 3943 956 3999 Notanda
985 3943 1203 4016 pariter
1227 3943 1524 4001 distinctio
1545 3945 1696 4000 inter
1726 3946 1860 4002 sub-

203 4033 484 4089 diaconos
513 4039 572 4087 et
597 4031 895 4104 acolythos
929 4053 958 4082 ‹‹
991 4033 1060 4087 de
1091 4033 1422 4100 secretario,
1447 4054 1474 4081 ››
1507 4033 1606 4104 qui
1636 4033 1858 4091 scilicet

201 4122 478 4196 episcopo
509 4121 824 4178 celebranti
867 4121 926 4176 in
959 4121 1143 4177 sacris
1184 4121 1597 4190 inserviebant,
1625 4131 1682 4179 et
1711 4124 1856 4180 alios

202 4210 600 4267 subdiaconos
628 4214 801 4282 atque
831 4210 1128 4284 acolythus
1151 4233 1180 4261 ‹‹
1205 4215 1531 4284 cantores,»
1563 4211 1663 4284 qui
1693 4229 1859 4269 cane-

201 4298 346 4355 bant
372 4298 436 4355 in
469 4298 666 4355 choro.
697 4299 1052 4372 Presbyteris
1091 4303 1286 4356 autem
1330 4298 1669 4372 capellanis,
1717 4304 1856 4357 sub-

204 4388 492 4460 diaconis,
545 4393 720 4461 atque
778 4387 1062 4461 acolythis
1119 4389 1190 4444 de
1267 4389 1595 4457 secretario,
1652 4396 1858 4463 praeter

201 4483 498 4535 certorum
527 4477 862 4534 reddituum
885 4477 1208 4550 portionem
1237 4477 1523 4551 aqualitcr
1546 4496 1680 4536 cum
1715 4481 1855 4536 sub-

1967 3335 2120 3374 ronae
2151 3319 2261 3374 sub
2295 3319 2469 3373 finem
2502 3318 2766 3373 Octobris
2797 3317 2932 3372 anni
2966 3319 3090 3383 967,
3124 3317 3334 3390 bicque
3365 3335 3500 3374 cum
3549 3336 3616 3376 eo

1969 3407 2244 3464 Omnium
2265 3409 2611 3464 Sanctorum
2636 3407 2883 3463 festumc
2905 3406 3184 3462 elebravit
3201 3406 3475 3465 Kalendis
3504 3408 3616 3465 No-

1965 3497 2222 3553 vembris
2252 3497 2470 3568 (Annal.
2504 3497 2668 3565 Saa'o,
2705 3513 2855 3552 anno
2905 3496 3053 3568 967).
3088 3495 3206 3551 Hac
3258 3513 3394 3569 ergo
3447 3514 3614 3554 occa-

1967 3586 2128 3642 sione
2154 3587 2475 3643 Judz'catum
2504 3591 2675 3640 antea
2703 3603 2738 3640 a
2769 3603 2830 3640 se
2861 3588 3130 3657 paratum
3174 3585 3511 3657 imperatori
3543 3586 3618 3642 si-

1967 3675 2277 3747 gniﬁcasse
2305 3675 2552 3742 videtur,
2588 3679 2646 3730 et
2674 3691 2940 3747 sperasse
2975 3674 3093 3728 fore
3139 3678 3202 3728 ut
3231 3673 3376 3729 illud
3425 3675 3617 3731 Caesar

1968 3781 2075 3818 sua
2130 3763 2471 3820 auctoritate
2540 3767 2887 3836 protegeret,
2941 3763 3164 3835 hacque
3221 3785 3250 3814 «
3309 3763 3526 3820 ﬁducia
3583 3787 3612 3814 »

1965 3854 2161 3926 ipsum
2195 3853 2443 3909 subinde
2482 3853 2754 3910 edidisse.
2782 3852 2943 3908 Certe
2976 3856 3041 3908 ut
3069 3853 3456 3924 potestatibus
3504 3869 3613 3908 cae—

1963 3942 2126 4010 teris,
2161 3959 2306 4014 quas
2349 3947 2552 3998 contra
2598 3959 2660 3998 se
2707 3946 2763 3998 et
2791 3946 2992 3998 contra
3022 3959 3190 3997 suam
3222 3941 3374 3997 hanc
3403 3942 3611 3998 funda-

1964 4031 2182 4087 tionem
2215 4031 2773 4103 canonici‘poterant
2804 4031 3069 4100 excitare,
3091 4032 3320 4085 frenum
3351 4030 3612 4101 impone-

1965 4124 2147 4189 retur,
2180 4121 2252 4175 ab
2283 4122 2486 4176 eodem
2512 4121 2858 4193 imperatore
2878 4119 3108 4191 insigne
3155 4117 3416 4190 diploma
3464 4119 3612 4174 obti~

1967 4211 2094 4265 nuit
2123 4212 2325 4266 datum
2343 4209 2701 4266 «Balsemate
2723 4209 2831 4281 (est
2850 4208 3012 4264 locus
3033 4206 3610 4265 dioecesisVeronen-

1965 4300 2050 4356 sis
2080 4315 2256 4372 prepe
2284 4299 2586 4369 Mincium)
2609 4297 2789 4353 Nonis
2811 4297 3153 4353 Novembris
3184 4313 3337 4352 anno
3359 4296 3614 4352 Domini-

1965 4405 2043 4444 οδε
2082 4386 2500 4444 incarnationis
2529 4388 2653 4455 967,
2688 4387 2915 4459 imperii
2947 4403 3082 4442 vero
3110 4385 3309 4442 domni
3342 4384 3609 4454 Othonis,

1965 4477 2216 4550 piissimi
2271 4476 2511 4533 Caesaris
2566 4479 2621 4544 6,
2681 4474 3001 4532 Indictione
3047 4477 3132 4530 11.
3168 4498 3197 4525 ››
3230 4475 3293 4531 In
3355 4475 3614 4544 Qalitatz's

201 4566 468 4624 diaconis
498 4571 556 4624 et
585 4565 867 4639 acolythis
889 4567 1224 4623 cantoribus
1248 4571 1420 4640 atque
1439 4568 1694 4625 ostiariis
1717 4568 1856 4624 divi-
1886 4588 1933 4653 Β
1962 4568 2272 4640 conjectura
2301 4583 2463 4622 num.
2491 4567 2575 4634 13,
2597 4583 2660 4622 se
2689 4564 2971 4622 nonnulla
3001 4565 3074 4620 ab
3106 4565 3450 4638 imperatore
3473 4566 3611 4638 peti-

202 4655 605 4724 dendam,alia
626 4657 890 4729 quaedam
922 4657 1074 4713 bona
1097 4656 1570 4729 assignavit,quae
1593 4658 1856 4730 ipsorum

199 4749 433 4802 tantum
466 4744 702 4800 utilitati
729 4746 1015 4814 cederent,
1037 4761 1142 4801 nec
1162 4762 1297 4800 cum
1319 4746 1658 4803 cantoribus
1680 4751 1852 4819 atque

202 4833 459 4891 ostiariis
482 4834 896 4890 dividerentur.
912 4834 1268 4890 Peculiarem
1289 4851 1460 4907 porro
1487 4836 1648 4891 addit
1676 4836 1850 4892 ratio-

203 4941 361 4990 nem,
394 4941 500 4980 cur
527 4923 719 4979 tribus
750 4923 878 4980 istis
909 4923 1420 4989 subdiaconorum,
1450 4924 1853 4997 acolythorum

201 5018 260 5070 et
284 5012 660 5070 ostiariorum
709 5013 1011 5070 ordinibus
1065 5013 1489 5086 providendum
1543 5014 1850 5086 putaverit.

203 5127 233 5154 ((
265 5101 638 5159 Consideravi
669 5119 942 5174 namque,
982 5101 1174 5174 inquit
1221 5119 1385 5158 num.
1420 5103 1473 5169 4,
1508 5103 1647 5175 quia
1691 5119 1850 5169 cum,

204 5197 414 5267 praeter
433 5192 492 5247 id
515 5191 672 5264 quod
694 5192 752 5247 in
772 5191 1163 5248 ecclesiastico
1202 5196 1383 5264 agunt
1413 5191 1758 5260 ministerio,
1792 5191 1854 5249 hi

202 5286 323 5339 tres
355 5281 592 5339 ordines
617 5279 969 5355 peculiarius
995 5280 1216 5338 caeteris
1242 5280 1514 5337 omnibus
1536 5280 1854 5353 pontiﬁcali

203 5372 486 5430 insudant
505 5368 1080 5444 servitio,specialius
1111 5369 1332 5443 aliquid
1377 5370 1635 5444 accipere
1658 5371 1729 5426 ab
1742 5370 1856 5442 epi-

195 5477 380 5535 scopo
416 5480 521 5536 pro
561 5459 890 5534 specialiter
908 5459 991 5516 illi
1013 5461 1277 5532 impenso
1313 5459 1655 5516 debuissent
1688 5461 1853 5516 obse-

202 5549 361 5625 quio.
387 5550 600 5608 Parum
621 5567 758 5607 vero
778 5549 861 5606 eis
879 5549 1006 5607 ideo
1029 5549 1410 5622 contuli,quia
1430 5553 1486 5605 et
1507 5549 1715 5605 dandis
1737 5567 1853 5606 non

202 5643 346 5700 adeo
377 5640 780 5710 abundabam,
801 5644 1000 5714 utpote
1020 5639 1121 5712 qui
1139 5639 1238 5697 ubi
1261 5638 1356 5698 alii
1379 5639 1852 5706 dominabantur,

1964 4661 2162 4712 turum
2196 4657 2529 4728 scripserat,
2561 4673 2687 4728 quae
2719 4656 2777 4711 in
2827 4655 2936 4712 hoc
2979 4653 3241 4727 diploma
3291 4655 3615 4711 concedun-

1958 4749 2074 4802 tur.
2098 4746 2223 4800 Non
2257 4745 2447 4801 solum
2480 4745 2638 4801 enim
2671 4745 3092 4800 confirmantur
3121 4742 3424 4817 privilegia
3441 4743 3613 4801 Ver0<

1960 4834 2125 4890 nensi
2161 4834 2415 4891 ecclesia:
2445 4836 2520 4889 ab
2571 4834 3037 4891 antecessoribus
3083 4850 3378 4901 concessa,
3406 4849 3608 4889 verum

1959 4924 2136 4980 etiam
2159 4923 2395 4980 castella
2410 4927 2467 4980 et
2483 4941 2728 4997 persona
2750 4924 3119 4996 episcopatus
3137 4940 3170 4977 a
3177 4923 3311 4994 jure
3328 4922 3608 4977 comitum

1959 5017 2018 5070 et
2038 5019 2375 5070 caeterarum
2398 5013 2734 5069 inferiorum
2761 5017 3113 5085 potestatum
3134 5012 3486 5066 eximuntur.
3505 5009 3609 5065 Ra-

1958 5101 2150 5158 therio
2179 5107 2376 5158 autem
2408 5100 2658 5175 speciale
2689 5101 3057 5174 privilegium
3088 5097 3607 5170 conceditur,quod

1964 5213 1994 5242 «
2026 5191 2526 5248 mundeburdium
2555 5213 2582 5242 »
2603 5194 2860 5259 vocatur,
2882 5191 3051 5262 cujus
3081 5188 3133 5242 vi
3167 5189 3308 5243 adeo
3337 5191 3463 5242 erat
3483 5203 3612 5260 pro-

1963 5283 2173 5347 tectus,
2208 5285 2273 5336 ut
2301 5280 2349 5337 si
2382 5281 2515 5353 quis
2543 5297 2677 5337 eum
2737 5279 3010 5351 amplius,
3071 5281 3135 5332 ut
3191 5273 3376 5349 usque
3428 5294 3606 5347 nunc,

1963 5371 2405 5443 praesumpserit
2456 5371 2798 5442 inquietare,
2844 5371 2907 5422 ut
2964 5365 3196 5422 rebellis
3227 5365 3491 5434 existere,
3521 5368 3610 5424 vel

1963 5463 2076 5516 Deo
2108 5459 2538 5524 contradixerit,
2573 5459 2727 5530 quod
2758 5473 2932 5512 suum
2965 5455 3358 5512 ministerium
3391 5461 3610 5526 est,ex-

1962 5548 2183 5619 bibere,
2219 5550 2267 5606 si
2299 5547 2543 5604 clericus
2573 5550 2681 5615 est,
2699 5545 2975 5601 omnibus
3007 5562 3134 5619 quze
3160 5544 3337 5602 habet
3365 5545 3424 5601 in
3456 5551 3612 5619 pote-

1965 5643 2175 5697 etatem
2205 5637 2390 5713 ipsius
2422 5635 2690 5710 redactis,
2723 5636 2793 5693 de
2831 5635 3076 5695 ecclesia
3114 5653 3302 5710 usque
3333 5636 3413 5694 ad
3439 5637 3608 5693 satis-
