  <div class='ocr_page' id='page_1' title='image "/cluster/home/n/w/nwhite01/storage/ocr_20150623/136/umn.31951002477429o/071.png"; bbox 0 0 4070 6386; ppageno 0'>
   <div class='ocr_carea' id='block_1_1' title="bbox 465 354 582 485">
    <p class='ocr_par' dir='ltr' id='par_1_1' title="bbox 465 354 582 485">
     <span class='ocr_line' id='line_1_1' title="bbox 465 354 582 485; baseline 0.068 -9"><span class='ocrx_word' id='word_1_1' title='bbox 465 354 582 485; x_wconf 62' lang='lat' dir='ltr'>is!</span> 
     </span>
    </p>
   </div>
   <div class='ocr_carea' id='block_1_2' title="bbox 1411 387 2896 466">
    <p class='ocr_par' dir='ltr' id='par_1_2' title="bbox 1411 387 2896 466">
     <span class='ocr_line' id='line_1_2' title="bbox 1411 387 2896 466; baseline -0.003 0"><span class='ocrx_word' id='word_1_2' title='bbox 1411 394 1865 466; x_wconf 81' lang='lat' dir='ltr'>RATHERIUS</span> <span class='ocrx_word' id='word_1_3' title='bbox 1908 387 2402 459; x_wconf 81' lang='lat' dir='ltr'>VERONENSIS</span> <span class='ocrx_word' id='word_1_4' title='bbox 2446 396 2896 464; x_wconf 87' lang='lat' dir='ltr'>EPISCOPUS.</span> 
     </span>
    </p>
   </div>
   <div class='ocr_carea' id='block_1_3' title="bbox 3752 336 3891 479">
    <p class='ocr_par' dir='ltr' id='par_1_3' title="bbox 3752 336 3891 479">
     <span class='ocr_line' id='line_1_3' title="bbox 3752 336 3891 479; baseline -0.007 -22"><span class='ocrx_word' id='word_1_5' title='bbox 3752 336 3891 457; x_wconf 56' lang='grc'>128³</span> 
     </span>
    </p>
   </div>
   <div class='ocr_carea' id='block_1_4' title="bbox 467 524 3877 613">
    <p class='ocr_par' dir='ltr' id='par_1_4' title="bbox 467 524 3877 613">
     <span class='ocr_line' id='line_1_4' title="bbox 467 524 3877 613; baseline -0.005 -8"><span class='ocrx_word' id='word_1_6' title='bbox 467 547 775 605; x_wconf 87' lang='lat' dir='ltr'>factionem</span> <span class='ocrx_word' id='word_1_7' title='bbox 796 538 1123 613; x_wconf 88' lang='lat' dir='ltr'>legitimam</span> <span class='ocrx_word' id='word_1_8' title='bbox 1154 541 1329 611; x_wconf 89' lang='lat' dir='ltr'>atque</span> <span class='ocrx_word' id='word_1_9' title='bbox 1358 535 1705 609; x_wconf 82' lang='lat' dir='ltr'>condignam</span> <span class='ocrx_word' id='word_1_10' title='bbox 1737 533 2022 607; x_wconf 84' lang='lat' dir='ltr'>pellatur;</span> <span class='ocrx_word' id='word_1_11' title='bbox 2058 532 2107 588; x_wconf 89' lang='lat' dir='ltr'>si</span> <span class='ocrx_word' id='word_1_12' title='bbox 2135 524 2192 596; x_wconf 67' lang='grc' dir='ltr'><strong>Α</strong></span> <span class='ocrx_word' id='word_1_13' title='bbox 2220 531 2650 604; x_wconf 87' lang='lat' dir='ltr'>subcriptiones</span> <span class='ocrx_word' id='word_1_14' title='bbox 2692 535 3081 591; x_wconf 88' lang='lat' dir='ltr'>accesserunt.</span> <span class='ocrx_word' id='word_1_15' title='bbox 3138 529 3261 589; x_wconf 91' lang='lat' dir='ltr'>Nisi</span> <span class='ocrx_word' id='word_1_16' title='bbox 3308 526 3585 589; x_wconf 80' lang='lat' dir='ltr'>librarius</span> <span class='ocrx_word' id='word_1_17' title='bbox 3633 547 3704 588; x_wconf 85' lang='lat' dir='ltr'>ex</span> <span class='ocrx_word' id='word_1_18' title='bbox 3752 530 3877 589; x_wconf 83' lang='lat' dir='ltr'>Ra-</span> 
     </span>
    </p>
   </div>
   <div class='ocr_carea' id='block_1_5' title="bbox 467 625 2108 705">
    <p class='ocr_par' dir='ltr' id='par_1_5' title="bbox 467 625 2108 705">
     <span class='ocr_line' id='line_1_5' title="bbox 467 625 2108 705; baseline -0.01 -11"><span class='ocrx_word' id='word_1_19' title='bbox 467 632 853 705; x_wconf 86' lang='lat' dir='ltr'>servus,quod</span> <span class='ocrx_word' id='word_1_20' title='bbox 885 644 1181 685; x_wconf 90' lang='lat' dir='ltr'>servorum</span> <span class='ocrx_word' id='word_1_21' title='bbox 1216 631 1324 693; x_wconf 90' lang='lat' dir='ltr'>est,</span> <span class='ocrx_word' id='word_1_22' title='bbox 1352 626 1575 691; x_wconf 81' lang='lat' dir='ltr'>subeat,</span> <span class='ocrx_word' id='word_1_23' title='bbox 1596 625 1731 679; x_wconf 85' lang='lat' dir='ltr'>etin</span> <span class='ocrx_word' id='word_1_24' title='bbox 1763 626 2108 694; x_wconf 90' lang='lat' dir='ltr'>potestatem</span> 
     </span>
    </p>
   </div>
   <div class='ocr_carea' id='block_1_6' title="bbox 464 712 2107 799">
    <p class='ocr_par' dir='ltr' id='par_1_6' title="bbox 464 712 2107 799">
     <span class='ocr_line' id='line_1_6' title="bbox 464 712 2107 799; baseline -0.01 -17"><span class='ocrx_word' id='word_1_25' title='bbox 464 725 656 799; x_wconf 85' lang='lat' dir='ltr'>ipsius</span> <span class='ocrx_word' id='word_1_26' title='bbox 682 727 748 778; x_wconf 91' lang='lat' dir='ltr'>ut</span> <span class='ocrx_word' id='word_1_27' title='bbox 775 738 845 776; x_wconf 80' lang='lat' dir='ltr'>ex</span> <span class='ocrx_word' id='word_1_28' title='bbox 869 719 1064 775; x_wconf 91' lang='lat' dir='ltr'>debito</span> <span class='ocrx_word' id='word_1_29' title='bbox 1097 719 1344 781; x_wconf 89' lang='lat' dir='ltr'>maneat,</span> <span class='ocrx_word' id='word_1_30' title='bbox 1379 737 1405 763; x_wconf 89' lang='lat'>»</span> <span class='ocrx_word' id='word_1_31' title='bbox 1440 718 1545 769; x_wconf 89' lang='lat' dir='ltr'>etc.</span> <span class='ocrx_word' id='word_1_32' title='bbox 1582 717 1887 768; x_wconf 90' lang='lat' dir='ltr'>Coercetur</span> <span class='ocrx_word' id='word_1_33' title='bbox 1931 712 2107 799; x_wconf 80' lang='lat' dir='ltr'>etiam</span> 
     </span>
    </p>
   </div>
   <div class='ocr_carea' id='block_1_7' title="bbox 466 798 2104 872">
    <p class='ocr_par' dir='ltr' id='par_1_7' title="bbox 466 798 2104 872">
     <span class='ocr_line' id='line_1_7' title="bbox 466 798 2104 872; baseline -0.012 -2"><span class='ocrx_word' id='word_1_34' title='bbox 466 798 658 871; x_wconf 81' lang='lat' dir='ltr'>omnis</span> <span class='ocrx_word' id='word_1_35' title='bbox 687 809 969 866; x_wconf 84' lang='lat' dir='ltr'>comitum</span> <span class='ocrx_word' id='word_1_36' title='bbox 1000 809 1055 860; x_wconf 83' lang='lat' dir='ltr'>et</span> <span class='ocrx_word' id='word_1_37' title='bbox 1084 803 1329 858; x_wconf 89' lang='lat' dir='ltr'>aliarum</span> <span class='ocrx_word' id='word_1_38' title='bbox 1369 805 1722 872; x_wconf 82' lang='lat' dir='ltr'>potestatum</span> <span class='ocrx_word' id='word_1_39' title='bbox 1773 798 2104 864; x_wconf 73' lang='lat' dir='ltr'>auctoritas,</span> 
     </span>
    </p>
   </div>
   <div class='ocr_carea' id='block_1_8' title="bbox 464 887 2106 967">
    <p class='ocr_par' dir='ltr' id='par_1_8' title="bbox 464 887 2106 967">
     <span class='ocr_line' id='line_1_8' title="bbox 464 887 2106 967; baseline -0.012 -8"><span class='ocrx_word' id='word_1_40' title='bbox 464 920 538 959; x_wconf 88' lang='lat' dir='ltr'>ne</span> <span class='ocrx_word' id='word_1_41' title='bbox 566 919 628 957; x_wconf 83' lang='lat' dir='ltr'>se</span> <span class='ocrx_word' id='word_1_42' title='bbox 658 900 716 954; x_wconf 88' lang='lat' dir='ltr'>in</span> <span class='ocrx_word' id='word_1_43' title='bbox 744 915 829 965; x_wconf 90' lang='lat' dir='ltr'>ea,</span> <span class='ocrx_word' id='word_1_44' title='bbox 860 912 986 967; x_wconf 64' lang='lat' dir='ltr'>quae</span> <span class='ocrx_word' id='word_1_45' title='bbox 1016 890 1268 964; x_wconf 88' lang='lat' dir='ltr'>episcopi</span> <span class='ocrx_word' id='word_1_46' title='bbox 1301 894 1458 953; x_wconf 87' lang='lat' dir='ltr'>sunt,</span> <span class='ocrx_word' id='word_1_47' title='bbox 1504 894 1703 945; x_wconf 89' lang='lat' dir='ltr'>contra</span> <span class='ocrx_word' id='word_1_48' title='bbox 1750 887 2106 943; x_wconf 82' lang='lat' dir='ltr'>voluntatem</span> 
     </span>
    </p>
   </div>
   <div class='ocr_carea' id='block_1_9' title="bbox 465 975 2106 1063">
    <p class='ocr_par' dir='ltr' id='par_1_9' title="bbox 465 975 2106 1063">
     <span class='ocr_line' id='line_1_9' title="bbox 465 975 2106 1063; baseline -0.012 -14"><span class='ocrx_word' id='word_1_49' title='bbox 465 990 653 1063; x_wconf 86' lang='lat' dir='ltr'>ipsius</span> <span class='ocrx_word' id='word_1_50' title='bbox 682 987 972 1043; x_wconf 88' lang='lat' dir='ltr'>ullatenus</span> <span class='ocrx_word' id='word_1_51' title='bbox 995 982 1389 1052; x_wconf 86' lang='lat' dir='ltr'>ingerant,aut</span> <span class='ocrx_word' id='word_1_52' title='bbox 1412 977 1687 1033; x_wconf 80' lang='lat' dir='ltr'>clericum</span> <span class='ocrx_word' id='word_1_53' title='bbox 1711 976 1797 1031; x_wconf 92' lang='lat' dir='ltr'>vel</span> <span class='ocrx_word' id='word_1_54' title='bbox 1822 975 2106 1030; x_wconf 87' lang='lat' dir='ltr'>famulum</span> 
     </span>
    </p>
   </div>
   <div class='ocr_carea' id='block_1_10' title="bbox 464 1064 2104 1152">
    <p class='ocr_par' dir='ltr' id='par_1_10' title="bbox 464 1064 2104 1152">
     <span class='ocr_line' id='line_1_10' title="bbox 464 1064 2104 1152; baseline -0.012 -15"><span class='ocrx_word' id='word_1_55' title='bbox 464 1077 756 1152; x_wconf 87' lang='lat' dir='ltr'>ejus,ipso</span> <span class='ocrx_word' id='word_1_56' title='bbox 783 1091 894 1129; x_wconf 91' lang='lat' dir='ltr'>non</span> <span class='ocrx_word' id='word_1_57' title='bbox 926 1067 1366 1134; x_wconf 87' lang='lat' dir='ltr'>concedente,in</span> <span class='ocrx_word' id='word_1_58' title='bbox 1392 1066 1780 1138; x_wconf 79' lang='lat' dir='ltr'>patrocinium</span> <span class='ocrx_word' id='word_1_59' title='bbox 1804 1064 2104 1135; x_wconf 81' lang='lat' dir='ltr'>recipiant,</span> 
     </span>
    </p>
   </div>
   <div class='ocr_carea' id='block_1_11' title="bbox 462 1154 2108 1231">
    <p class='ocr_par' dir='ltr' id='par_1_11' title="bbox 462 1154 2108 1231">
     <span class='ocr_line' id='line_1_11' title="bbox 462 1154 2108 1231; baseline -0.011 -7"><span class='ocrx_word' id='word_1_60' title='bbox 462 1172 565 1225; x_wconf 89' lang='lat' dir='ltr'>aut</span> <span class='ocrx_word' id='word_1_61' title='bbox 593 1168 792 1221; x_wconf 88' lang='lat' dir='ltr'>contra</span> <span class='ocrx_word' id='word_1_62' title='bbox 817 1178 883 1216; x_wconf 89' lang='lat' dir='ltr'>ea</span> <span class='ocrx_word' id='word_1_63' title='bbox 913 1177 1039 1231; x_wconf 81' lang='lat' dir='ltr'>quae</span> <span class='ocrx_word' id='word_1_64' title='bbox 1072 1157 1343 1229; x_wconf 91' lang='lat' dir='ltr'>episcopo</span> <span class='ocrx_word' id='word_1_65' title='bbox 1393 1156 1708 1211; x_wconf 84' lang='lat' dir='ltr'>statuenda</span> <span class='ocrx_word' id='word_1_66' title='bbox 1754 1154 2108 1209; x_wconf 89' lang='lat' dir='ltr'>videbuntur</span> 
     </span>
    </p>
   </div>
   <div class='ocr_carea' id='block_1_12' title="bbox 461 1242 2106 1327">
    <p class='ocr_par' dir='ltr' id='par_1_12' title="bbox 461 1242 2106 1327">
     <span class='ocr_line' id='line_1_12' title="bbox 461 1242 2106 1327; baseline -0.01 -15"><span class='ocrx_word' id='word_1_67' title='bbox 461 1256 568 1327; x_wconf 89' lang='lat' dir='ltr'>(uti</span> <span class='ocrx_word' id='word_1_68' title='bbox 601 1253 729 1319; x_wconf 89' lang='lat' dir='ltr'>fuit,</span> <span class='ocrx_word' id='word_1_69' title='bbox 760 1249 914 1324; x_wconf 89' lang='lat' dir='ltr'>quod</span> <span class='ocrx_word' id='word_1_70' title='bbox 946 1249 1005 1302; x_wconf 91' lang='lat' dir='ltr'>in</span> <span class='ocrx_word' id='word_1_71' title='bbox 1035 1247 1282 1302; x_wconf 74' lang='lat' dir='ltr'>Judirato</span> <span class='ocrx_word' id='word_1_72' title='bbox 1326 1245 1673 1315; x_wconf 73' lang='lat' dir='ltr'>constituit),</span> <span class='ocrx_word' id='word_1_73' title='bbox 1706 1242 2106 1299; x_wconf 79' lang='lat' dir='ltr'>obtinentibus</span> 
     </span>
    </p>
   </div>
   <div class='ocr_carea' id='block_1_13' title="bbox 459 1331 2108 1407">
    <p class='ocr_par' dir='ltr' id='par_1_13' title="bbox 459 1331 2108 1407">
     <span class='ocr_line' id='line_1_13' title="bbox 459 1331 2108 1407; baseline -0.012 -4"><span class='ocrx_word' id='word_1_74' title='bbox 459 1343 742 1404; x_wconf 77' lang='lat' dir='ltr'>auxilium</span> <span class='ocrx_word' id='word_1_75' title='bbox 805 1345 906 1397; x_wconf 84' lang='lat' dir='ltr'>aut</span> <span class='ocrx_word' id='word_1_76' title='bbox 967 1337 1219 1391; x_wconf 76' lang='lat' dir='ltr'>favorem</span> <span class='ocrx_word' id='word_1_77' title='bbox 1278 1338 1572 1407; x_wconf 69' lang='lat' dir='ltr'>praestent.</span> <span class='ocrx_word' id='word_1_78' title='bbox 1627 1335 1884 1391; x_wconf 85' lang='lat' dir='ltr'>Tandem</span> <span class='ocrx_word' id='word_1_79' title='bbox 1940 1331 2108 1392; x_wconf 84' lang='lat' dir='ltr'>libel-</span> 
     </span>
    </p>
   </div>
   <div class='ocr_carea' id='block_1_14' title="bbox 458 1423 2101 1500">
    <p class='ocr_par' dir='ltr' id='par_1_14' title="bbox 458 1423 2101 1500">
     <span class='ocr_line' id='line_1_14' title="bbox 458 1423 2101 1500; baseline -0.007 -9"><span class='ocrx_word' id='word_1_80' title='bbox 458 1433 588 1492; x_wconf 88' lang='lat' dir='ltr'>larii</span> <span class='ocrx_word' id='word_1_81' title='bbox 622 1436 787 1500; x_wconf 73' lang='grc' dir='ltr'>[οων]</span> <span class='ocrx_word' id='word_1_82' title='bbox 818 1428 1176 1490; x_wconf 87' lang='lat' dir='ltr'>contractus,</span> <span class='ocrx_word' id='word_1_83' title='bbox 1204 1423 1693 1478; x_wconf 88' lang='lat' dir='ltr'>commutationes</span> <span class='ocrx_word' id='word_1_84' title='bbox 1724 1427 1782 1478; x_wconf 92' lang='lat' dir='ltr'>et</span> <span class='ocrx_word' id='word_1_85' title='bbox 1811 1424 2101 1495; x_wconf 69' lang='lat' dir='ltr'>precariae,</span> 
     </span>
    </p>
   </div>
   <div class='ocr_carea' id='block_1_15' title="bbox 459 1511 2106 1596">
    <p class='ocr_par' dir='ltr' id='par_1_15' title="bbox 459 1511 2106 1596">
     <span class='ocr_line' id='line_1_15' title="bbox 459 1511 2106 1596; baseline -0.007 -17"><span class='ocrx_word' id='word_1_86' title='bbox 459 1523 677 1596; x_wconf 88' lang='lat' dir='ltr'>quibus</span> <span class='ocrx_word' id='word_1_87' title='bbox 694 1517 947 1575; x_wconf 68' lang='lat' dir='ltr'>ecclesiae</span> <span class='ocrx_word' id='word_1_88' title='bbox 966 1516 1117 1570; x_wconf 90' lang='lat' dir='ltr'>bona</span> <span class='ocrx_word' id='word_1_89' title='bbox 1133 1512 1263 1568; x_wconf 89' lang='lat' dir='ltr'>dolo</span> <span class='ocrx_word' id='word_1_90' title='bbox 1286 1529 1347 1568; x_wconf 92' lang='lat' dir='ltr'>se</span> <span class='ocrx_word' id='word_1_91' title='bbox 1370 1512 1599 1567; x_wconf 84' lang='lat' dir='ltr'>fuerant</span> <span class='ocrx_word' id='word_1_92' title='bbox 1616 1511 2036 1579; x_wconf 87' lang='lat' dir='ltr'>alienata,resci</span> <span class='ocrx_word' id='word_1_93' title='bbox 2049 1531 2106 1567; x_wconf 87' lang='lat' dir='ltr'>n-</span> 
     </span>
    </p>
   </div>
   <div class='ocr_carea' id='block_1_16' title="bbox 461 1600 2106 1679">
    <p class='ocr_par' dir='ltr' id='par_1_16' title="bbox 461 1600 2106 1679">
     <span class='ocr_line' id='line_1_16' title="bbox 461 1600 2106 1679; baseline -0.007 -11"><span class='ocrx_word' id='word_1_94' title='bbox 461 1612 715 1676; x_wconf 88' lang='lat' dir='ltr'>duntur;</span> <span class='ocrx_word' id='word_1_95' title='bbox 750 1606 901 1679; x_wconf 90' lang='lat' dir='ltr'>quod</span> <span class='ocrx_word' id='word_1_96' title='bbox 936 1605 995 1659; x_wconf 91' lang='lat' dir='ltr'>in</span> <span class='ocrx_word' id='word_1_97' title='bbox 1024 1601 1173 1657; x_wconf 84' lang='lat' dir='ltr'>votis</span> <span class='ocrx_word' id='word_1_98' title='bbox 1201 1600 1456 1672; x_wconf 76' lang='lat' dir='ltr'>epiSGOpi</span> <span class='ocrx_word' id='word_1_99' title='bbox 1488 1600 1673 1655; x_wconf 81' lang='lat' dir='ltr'>fuisse</span> <span class='ocrx_word' id='word_1_100' title='bbox 1717 1616 1785 1655; x_wconf 83' lang='lat' dir='ltr'>ex</span> <span class='ocrx_word' id='word_1_101' title='bbox 1816 1600 2106 1669; x_wconf 78' lang='lat' dir='ltr'>Qualitatis</span> 
     </span>
    </p>
   </div>
   <div class='ocr_carea' id='block_1_17' title="bbox 459 1688 2103 1773">
    <p class='ocr_par' dir='ltr' id='par_1_17' title="bbox 459 1688 2103 1773">
     <span class='ocr_line' id='line_1_17' title="bbox 459 1688 2103 1773; baseline -0.008 -15"><span class='ocrx_word' id='word_1_102' title='bbox 459 1701 770 1773; x_wconf 80' lang='lat' dir='ltr'>conjectura</span> <span class='ocrx_word' id='word_1_103' title='bbox 796 1695 923 1767; x_wconf 87' lang='lat' dir='ltr'>loco</span> <span class='ocrx_word' id='word_1_104' title='bbox 954 1692 1190 1747; x_wconf 87' lang='lat' dir='ltr'>laudato</span> <span class='ocrx_word' id='word_1_105' title='bbox 1234 1688 1547 1744; x_wconf 86' lang='lat' dir='ltr'>didicimus</span> <span class='ocrx_word' id='word_1_106' title='bbox 1579 1689 1664 1760; x_wconf 90' lang='lat' dir='ltr'>(V.</span> <span class='ocrx_word' id='word_1_107' title='bbox 1700 1707 1831 1761; x_wconf 88' lang='lat' dir='ltr'>sup.</span> <span class='ocrx_word' id='word_1_108' title='bbox 1865 1708 1921 1744; x_wconf 82' lang='grc' dir='ltr'><strong><em>η.</em></strong></span> <span class='ocrx_word' id='word_1_109' title='bbox 1957 1691 2103 1755; x_wconf 63' lang='grc'>109).</span> 
     </span>
    </p>
   </div>
   <div class='ocr_carea' id='block_1_18' title="bbox 460 1776 2103 1859">
    <p class='ocr_par' dir='ltr' id='par_1_18' title="bbox 460 1776 2103 1859">
     <span class='ocr_line' id='line_1_18' title="bbox 460 1776 2103 1859; baseline -0.008 -13"><span class='ocrx_word' id='word_1_110' title='bbox 460 1790 610 1855; x_wconf 66' lang='lat' dir='ltr'>Haec,</span> <span class='ocrx_word' id='word_1_111' title='bbox 649 1803 775 1859; x_wconf 75' lang='lat' dir='ltr'>quze</span> <span class='ocrx_word' id='word_1_112' title='bbox 807 1784 877 1839; x_wconf 89' lang='lat' dir='ltr'>ab</span> <span class='ocrx_word' id='word_1_113' title='bbox 906 1781 1255 1852; x_wconf 88' lang='lat' dir='ltr'>imperatore</span> <span class='ocrx_word' id='word_1_114' title='bbox 1285 1776 1595 1833; x_wconf 82' lang='lat' dir='ltr'>Ratherius</span> <span class='ocrx_word' id='word_1_115' title='bbox 1639 1778 1911 1843; x_wconf 85' lang='lat' dir='ltr'>obtinuit,</span> <span class='ocrx_word' id='word_1_116' title='bbox 1956 1779 2103 1834; x_wconf 85' lang='lat' dir='ltr'>ﬁdu-</span> 
     </span>
    </p>
   </div>
   <div class='ocr_carea' id='block_1_19' title="bbox 461 1866 2181 1960">
    <p class='ocr_par' dir='ltr' id='par_1_19' title="bbox 461 1866 2181 1960">
     <span class='ocr_line' id='line_1_19' title="bbox 461 1866 2181 1960; baseline -0.005 -26"><span class='ocrx_word' id='word_1_117' title='bbox 461 1878 615 1934; x_wconf 82' lang='lat' dir='ltr'>ciam</span> <span class='ocrx_word' id='word_1_118' title='bbox 647 1876 774 1946; x_wconf 85' lang='lat' dir='ltr'>ejus</span> <span class='ocrx_word' id='word_1_119' title='bbox 804 1873 863 1927; x_wconf 89' lang='lat' dir='ltr'>in</span> <span class='ocrx_word' id='word_1_120' title='bbox 896 1867 1184 1941; x_wconf 83' lang='lat' dir='ltr'>imperiali</span> <span class='ocrx_word' id='word_1_121' title='bbox 1206 1866 1514 1939; x_wconf 67' lang='lat' dir='ltr'>praesentia</span> <span class='ocrx_word' id='word_1_122' title='bbox 1536 1883 1647 1921; x_wconf 91' lang='lat' dir='ltr'>non</span> <span class='ocrx_word' id='word_1_123' title='bbox 1670 1867 1901 1923; x_wconf 88' lang='lat' dir='ltr'>inanem</span> <span class='ocrx_word' id='word_1_124' title='bbox 1926 1869 2103 1925; x_wconf 86' lang='lat' dir='ltr'>fuisse</span> <span class='ocrx_word' id='word_1_125' title='bbox 2133 1894 2181 1960; x_wconf 79' lang='grc' dir='ltr'><strong>Β</strong></span> 
     </span>
    </p>
   </div>
   <div class='ocr_carea' id='block_1_20' title="bbox 460 1955 2104 2027">
    <p class='ocr_par' dir='ltr' id='par_1_20' title="bbox 460 1955 2104 2027">
     <span class='ocr_line' id='line_1_20' title="bbox 460 1955 2104 2027; baseline -0.005 -5"><span class='ocrx_word' id='word_1_126' title='bbox 460 1965 881 2022; x_wconf 88' lang='lat' dir='ltr'>demonstrant.</span> <span class='ocrx_word' id='word_1_127' title='bbox 916 1960 1089 2014; x_wconf 89' lang='lat' dir='ltr'>Porro</span> <span class='ocrx_word' id='word_1_128' title='bbox 1121 1973 1239 2011; x_wconf 91' lang='lat' dir='ltr'>una</span> <span class='ocrx_word' id='word_1_129' title='bbox 1278 1972 1410 2010; x_wconf 90' lang='lat' dir='ltr'>cum</span> <span class='ocrx_word' id='word_1_130' title='bbox 1460 1955 1746 2025; x_wconf 87' lang='lat' dir='ltr'>imperiali</span> <span class='ocrx_word' id='word_1_131' title='bbox 1794 1958 2104 2027; x_wconf 72' lang='lat' dir='ltr'>praesentia</span> 
     </span>
    </p>
   </div>
   <div class='ocr_carea' id='block_1_21' title="bbox 459 2043 2100 2117">
    <p class='ocr_par' dir='ltr' id='par_1_21' title="bbox 459 2043 2100 2117">
     <span class='ocr_line' id='line_1_21' title="bbox 459 2043 2100 2117; baseline -0.007 -5"><span class='ocrx_word' id='word_1_132' title='bbox 459 2055 691 2112; x_wconf 88' lang='lat' dir='ltr'>duobus</span> <span class='ocrx_word' id='word_1_133' title='bbox 709 2051 767 2105; x_wconf 75' lang='lat' dir='ltr'>in</span> <span class='ocrx_word' id='word_1_134' title='bbox 785 2048 927 2105; x_wconf 90' lang='lat' dir='ltr'>locis</span> <span class='ocrx_word' id='word_1_135' title='bbox 945 2050 1112 2103; x_wconf 86' lang='lat' dir='ltr'>antea</span> <span class='ocrx_word' id='word_1_136' title='bbox 1129 2043 1403 2099; x_wconf 86' lang='lat' dir='ltr'>indicatis</span> <span class='ocrx_word' id='word_1_137' title='bbox 1415 2043 1799 2114; x_wconf 87' lang='lat' dir='ltr'>jungitetiam</span> <span class='ocrx_word' id='word_1_138' title='bbox 1813 2046 2032 2117; x_wconf 88' lang='lat' dir='ltr'>synodu</span> <span class='ocrx_word' id='word_1_139' title='bbox 2045 2063 2100 2101; x_wconf 91' lang='lat' dir='ltr'>m</span> 
     </span>
    </p>
   </div>
   <div class='ocr_carea' id='block_1_22' title="bbox 457 2133 2099 2215">
    <p class='ocr_par' dir='ltr' id='par_1_22' title="bbox 457 2133 2099 2215">
     <span class='ocr_line' id='line_1_22' title="bbox 457 2133 2099 2215; baseline -0.008 -15"><span class='ocrx_word' id='word_1_140' title='bbox 457 2138 946 2215; x_wconf 82' lang='lat' dir='ltr'>congregandam,</span> <span class='ocrx_word' id='word_1_141' title='bbox 979 2135 1038 2189; x_wconf 90' lang='lat' dir='ltr'>in</span> <span class='ocrx_word' id='word_1_142' title='bbox 1070 2150 1185 2205; x_wconf 91' lang='lat' dir='ltr'>qua</span> <span class='ocrx_word' id='word_1_143' title='bbox 1216 2148 1277 2187; x_wconf 90' lang='lat' dir='ltr'>se</span> <span class='ocrx_word' id='word_1_144' title='bbox 1308 2146 1538 2204; x_wconf 90' lang='lat' dir='ltr'>quoque</span> <span class='ocrx_word' id='word_1_145' title='bbox 1571 2133 1880 2188; x_wconf 82' lang='lat' dir='ltr'>conﬁdisse</span> <span class='ocrx_word' id='word_1_146' title='bbox 1920 2133 2099 2207; x_wconf 81' lang='lat' dir='ltr'>signi-</span> 
     </span>
    </p>
   </div>
   <div class='ocr_carea' id='block_1_23' title="bbox 457 2219 2098 2292">
    <p class='ocr_par' dir='ltr' id='par_1_23' title="bbox 457 2219 2098 2292">
     <span class='ocr_line' id='line_1_23' title="bbox 457 2219 2098 2292; baseline -0.006 -4"><span class='ocrx_word' id='word_1_147' title='bbox 457 2232 666 2288; x_wconf 79' lang='lat' dir='ltr'>ficat.«</span> <span class='ocrx_word' id='word_1_148' title='bbox 720 2228 879 2283; x_wconf 89' lang='lat' dir='ltr'>Licet</span> <span class='ocrx_word' id='word_1_149' title='bbox 925 2239 1099 2289; x_wconf 90' lang='lat' dir='ltr'>nunc,</span> <span class='ocrx_word' id='word_1_150' title='bbox 1133 2219 1326 2292; x_wconf 90' lang='lat' dir='ltr'>inquit</span> <span class='ocrx_word' id='word_1_151' title='bbox 1369 2219 1429 2274; x_wconf 93' lang='lat' dir='ltr'>in</span> <span class='ocrx_word' id='word_1_152' title='bbox 1477 2221 1815 2276; x_wconf 70' lang='lat' dir='ltr'>Discordiam</span> <span class='ocrx_word' id='word_1_153' title='bbox 1846 2239 2010 2277; x_wconf 90' lang='lat' dir='ltr'>num.</span> <span class='ocrx_word' id='word_1_154' title='bbox 2041 2224 2098 2291; x_wconf 89' lang='lat'>5,</span> 
     </span>
    </p>
   </div>
   <div class='ocr_carea' id='block_1_24' title="bbox 456 2308 2099 2388">
    <p class='ocr_par' dir='ltr' id='par_1_24' title="bbox 456 2308 2099 2388">
     <span class='ocr_line' id='line_1_24' title="bbox 456 2308 2099 2388; baseline -0.006 -11"><span class='ocrx_word' id='word_1_155' title='bbox 456 2317 671 2377; x_wconf 81' lang='lat' dir='ltr'>ﬁducia</span> <span class='ocrx_word' id='word_1_156' title='bbox 700 2312 1024 2388; x_wconf 86' lang='lat' dir='ltr'>imperialis</span> <span class='ocrx_word' id='word_1_157' title='bbox 1052 2308 1369 2383; x_wconf 60' lang='lat' dir='ltr'>praesentiae</span> <span class='ocrx_word' id='word_1_158' title='bbox 1416 2312 1472 2364; x_wconf 88' lang='lat' dir='ltr'>et</span> <span class='ocrx_word' id='word_1_159' title='bbox 1519 2309 1725 2381; x_wconf 80' lang='lat' dir='ltr'>synodi</span> <span class='ocrx_word' id='word_1_160' title='bbox 1773 2310 2099 2367; x_wconf 67' lang='lat' dir='ltr'>adunandee</span> 
     </span>
    </p>
   </div>
   <div class='ocr_carea' id='block_1_25' title="bbox 453 2397 2099 2481">
    <p class='ocr_par' dir='ltr' id='par_1_25' title="bbox 453 2397 2099 2481">
     <span class='ocr_line' id='line_1_25' title="bbox 453 2397 2099 2481; baseline -0.001 -23"><span class='ocrx_word' id='word_1_161' title='bbox 453 2408 514 2469; x_wconf 82' lang='lat' dir='ltr'>in</span> <span class='ocrx_word' id='word_1_162' title='bbox 546 2407 855 2481; x_wconf 86' lang='lat' dir='ltr'>propatulo</span> <span class='ocrx_word' id='word_1_163' title='bbox 887 2402 964 2458; x_wconf 87' lang='lat' dir='ltr'>sit</span> <span class='ocrx_word' id='word_1_164' title='bbox 992 2401 1350 2472; x_wconf 80' lang='lat' dir='ltr'>designata;»</span> <span class='ocrx_word' id='word_1_165' title='bbox 1373 2402 1427 2453; x_wconf 91' lang='lat' dir='ltr'>et</span> <span class='ocrx_word' id='word_1_166' title='bbox 1444 2397 1716 2454; x_wconf 87' lang='lat' dir='ltr'>similiter</span> <span class='ocrx_word' id='word_1_167' title='bbox 1739 2399 1799 2453; x_wconf 90' lang='lat' dir='ltr'>in</span> <span class='ocrx_word' id='word_1_168' title='bbox 1830 2415 2099 2456; x_wconf 89' lang='lat' dir='ltr'>sermone</span> 
     </span>
    </p>
   </div>
   <div class='ocr_carea' id='block_1_26' title="bbox 455 2486 2098 2559">
    <p class='ocr_par' dir='ltr' id='par_1_26' title="bbox 455 2486 2098 2559">
     <span class='ocr_line' id='line_1_26' title="bbox 455 2486 2098 2559; baseline -0.006 -4"><span class='ocrx_word' id='word_1_169' title='bbox 455 2500 531 2554; x_wconf 83' lang='lat' dir='ltr'>De</span> <span class='ocrx_word' id='word_1_170' title='bbox 561 2496 774 2553; x_wconf 64' lang='lat' dir='ltr'>Octavia</span> <span class='ocrx_word' id='word_1_171' title='bbox 803 2491 1025 2547; x_wconf 58' lang='lat' dir='ltr'>Pascha?</span> <span class='ocrx_word' id='word_1_172' title='bbox 1059 2504 1221 2543; x_wconf 90' lang='lat' dir='ltr'>num.</span> <span class='ocrx_word' id='word_1_173' title='bbox 1254 2489 1287 2541; x_wconf 78' lang='grc'>4</span> <span class='ocrx_word' id='word_1_174' title='bbox 1319 2503 1330 2542; x_wconf 95' lang='lat'>:</span> <span class='ocrx_word' id='word_1_175' title='bbox 1367 2486 1604 2542; x_wconf 86' lang='lat' dir='ltr'>Fiducia</span> <span class='ocrx_word' id='word_1_176' title='bbox 1650 2487 1973 2559; x_wconf 88' lang='lat' dir='ltr'>imperialis</span> <span class='ocrx_word' id='word_1_177' title='bbox 2019 2490 2098 2547; x_wconf 90' lang='lat' dir='ltr'>nil</span> 
     </span>
    </p>
   </div>
   <div class='ocr_carea' id='block_1_27' title="bbox 457 2575 2096 2656">
    <p class='ocr_par' dir='ltr' id='par_1_27' title="bbox 457 2575 2096 2656">
     <span class='ocr_line' id='line_1_27' title="bbox 457 2575 2096 2656; baseline -0.005 -14"><span class='ocrx_word' id='word_1_178' title='bbox 457 2585 617 2643; x_wconf 85' lang='lat' dir='ltr'>aliud</span> <span class='ocrx_word' id='word_1_179' title='bbox 637 2598 813 2656; x_wconf 85' lang='lat' dir='ltr'>quam</span> <span class='ocrx_word' id='word_1_180' title='bbox 833 2579 987 2652; x_wconf 91' lang='lat' dir='ltr'>quod</span> <span class='ocrx_word' id='word_1_181' title='bbox 1006 2579 1241 2650; x_wconf 90' lang='lat' dir='ltr'>justum</span> <span class='ocrx_word' id='word_1_182' title='bbox 1261 2575 1725 2631; x_wconf 88' lang='lat' dir='ltr'>estdecernentis</span> <span class='ocrx_word' id='word_1_183' title='bbox 1756 2579 2096 2648; x_wconf 65' lang='lat' dir='ltr'>praesentiae,</span> 
     </span>
    </p>
   </div>
   <div class='ocr_carea' id='block_1_28' title="bbox 456 2664 2102 2745">
    <p class='ocr_par' dir='ltr' id='par_1_28' title="bbox 456 2664 2102 2745">
     <span class='ocr_line' id='line_1_28' title="bbox 456 2664 2102 2745; baseline -0.006 -14"><span class='ocrx_word' id='word_1_184' title='bbox 456 2679 515 2731; x_wconf 90' lang='lat' dir='ltr'>et</span> <span class='ocrx_word' id='word_1_185' title='bbox 544 2671 750 2745; x_wconf 84' lang='lat' dir='ltr'>synodi</span> <span class='ocrx_word' id='word_1_186' title='bbox 781 2667 1195 2740; x_wconf 56' lang='lat' dir='ltr'>congreganda;</span> <span class='ocrx_word' id='word_1_187' title='bbox 1228 2686 1256 2715; x_wconf 83' lang='lat'>»</span> <span class='ocrx_word' id='word_1_188' title='bbox 1279 2664 1547 2730; x_wconf 86' lang='lat' dir='ltr'>etc.Quid</span> <span class='ocrx_word' id='word_1_189' title='bbox 1582 2665 2004 2735; x_wconf 82' lang='lat' dir='ltr'>fueritjustum</span> <span class='ocrx_word' id='word_1_190' title='bbox 2037 2668 2102 2721; x_wconf 88' lang='lat' dir='ltr'>il-</span> 
     </span>
    </p>
   </div>
   <div class='ocr_carea' id='block_1_29' title="bbox 453 2751 2099 2833">
    <p class='ocr_par' dir='ltr' id='par_1_29' title="bbox 453 2751 2099 2833">
     <span class='ocr_line' id='line_1_29' title="bbox 453 2751 2099 2833; baseline -0.005 -14"><span class='ocrx_word' id='word_1_191' title='bbox 453 2764 577 2830; x_wconf 92' lang='lat' dir='ltr'>lud,</span> <span class='ocrx_word' id='word_1_192' title='bbox 611 2760 764 2833; x_wconf 90' lang='lat' dir='ltr'>quod</span> <span class='ocrx_word' id='word_1_193' title='bbox 795 2755 1116 2830; x_wconf 86' lang='lat' dir='ltr'>imperialis</span> <span class='ocrx_word' id='word_1_194' title='bbox 1146 2751 1454 2827; x_wconf 67' lang='lat' dir='ltr'>praesentia</span> <span class='ocrx_word' id='word_1_195' title='bbox 1482 2753 1752 2818; x_wconf 83' lang='lat' dir='ltr'>decrevit,</span> <span class='ocrx_word' id='word_1_196' title='bbox 1784 2771 1852 2808; x_wconf 81' lang='lat' dir='ltr'>ex</span> <span class='ocrx_word' id='word_1_197' title='bbox 1882 2772 2099 2811; x_wconf 87' lang='lat' dir='ltr'>memo-</span> 
     </span>
    </p>
   </div>
   <div class='ocr_carea' id='block_1_30' title="bbox 453 2841 2096 2921">
    <p class='ocr_par' dir='ltr' id='par_1_30' title="bbox 453 2841 2096 2921">
     <span class='ocr_line' id='line_1_30' title="bbox 453 2841 2096 2921; baseline -0.005 -12"><span class='ocrx_word' id='word_1_198' title='bbox 453 2856 579 2909; x_wconf 88' lang='lat' dir='ltr'>rato</span> <span class='ocrx_word' id='word_1_199' title='bbox 610 2848 924 2921; x_wconf 86' lang='lat' dir='ltr'>diplomate</span> <span class='ocrx_word' id='word_1_200' title='bbox 955 2844 1331 2918; x_wconf 86' lang='lat' dir='ltr'>perspicuum</span> <span class='ocrx_word' id='word_1_201' title='bbox 1364 2842 1446 2895; x_wconf 82' lang='lat' dir='ltr'>ﬁt.</span> <span class='ocrx_word' id='word_1_202' title='bbox 1479 2841 1629 2896; x_wconf 85' lang='lat' dir='ltr'>Satis</span> <span class='ocrx_word' id='word_1_203' title='bbox 1668 2857 1734 2896; x_wconf 83' lang='lat' dir='ltr'>ex</span> <span class='ocrx_word' id='word_1_204' title='bbox 1766 2841 1874 2898; x_wconf 91' lang='lat' dir='ltr'>hoc</span> <span class='ocrx_word' id='word_1_205' title='bbox 1905 2848 2096 2900; x_wconf 86' lang='lat' dir='ltr'>tutum</span> 
     </span>
    </p>
   </div>
   <div class='ocr_carea' id='block_1_31' title="bbox 451 2929 1942 3009">
    <p class='ocr_par' dir='ltr' id='par_1_31' title="bbox 451 2929 1942 3009">
     <span class='ocr_line' id='line_1_31' title="bbox 451 2929 1942 3009; baseline -0.008 -11"><span class='ocrx_word' id='word_1_206' title='bbox 451 2940 757 2998; x_wconf 85' lang='lat' dir='ltr'>videbatur</span> <span class='ocrx_word' id='word_1_207' title='bbox 785 2935 937 3009; x_wconf 92' lang='lat' dir='ltr'>quod</span> <span class='ocrx_word' id='word_1_208' title='bbox 972 2933 1284 3005; x_wconf 89' lang='lat' dir='ltr'>episcopus</span> <span class='ocrx_word' id='word_1_209' title='bbox 1308 2930 1369 2984; x_wconf 90' lang='lat' dir='ltr'>in</span> <span class='ocrx_word' id='word_1_210' title='bbox 1393 2929 1640 2986; x_wconf 74' lang='lat' dir='ltr'>Judz&#39;cato</span> <span class='ocrx_word' id='word_1_211' title='bbox 1670 2929 1942 2987; x_wconf 86' lang='lat' dir='ltr'>instituit.</span> 
     </span>
    </p>
   </div>
   <div class='ocr_carea' id='block_1_32' title="bbox 524 3020 2093 3093">
    <p class='ocr_par' dir='ltr' id='par_1_32' title="bbox 524 3020 2093 3093">
     <span class='ocr_line' id='line_1_32' title="bbox 524 3020 2093 3093; baseline -0.008 -8"><span class='ocrx_word' id='word_1_212' title='bbox 524 3030 929 3093; x_wconf 67' lang='lat' dir='ltr'>124.Quaanam</span> <span class='ocrx_word' id='word_1_213' title='bbox 950 3039 1086 3078; x_wconf 84' lang='lat' dir='ltr'>vero</span> <span class='ocrx_word' id='word_1_214' title='bbox 1110 3020 1282 3076; x_wconf 89' lang='lat' dir='ltr'>fuerit</span> <span class='ocrx_word' id='word_1_215' title='bbox 1309 3039 1329 3067; x_wconf 75' lang='grc' dir='ltr'><strong>α</strong></span> <span class='ocrx_word' id='word_1_216' title='bbox 1355 3020 1615 3088; x_wconf 84' lang='lat' dir='ltr'>synodus</span> <span class='ocrx_word' id='word_1_217' title='bbox 1631 3022 2093 3093; x_wconf 78' lang='lat' dir='ltr'>congreganda,»</span> 
     </span>
    </p>
   </div>
   <div class='ocr_carea' id='block_1_33' title="bbox 451 3108 2096 3187">
    <p class='ocr_par' dir='ltr' id='par_1_33' title="bbox 451 3108 2096 3187">
     <span class='ocr_line' id='line_1_33' title="bbox 451 3108 2096 3187; baseline -0.005 -12"><span class='ocrx_word' id='word_1_218' title='bbox 451 3123 509 3175; x_wconf 90' lang='lat' dir='ltr'>et</span> <span class='ocrx_word' id='word_1_219' title='bbox 529 3133 672 3174; x_wconf 89' lang='lat' dir='ltr'>num</span> <span class='ocrx_word' id='word_1_220' title='bbox 693 3114 917 3187; x_wconf 91' lang='lat' dir='ltr'>aliquid</span> <span class='ocrx_word' id='word_1_221' title='bbox 943 3112 1098 3168; x_wconf 85' lang='lat' dir='ltr'>circa</span> <span class='ocrx_word' id='word_1_222' title='bbox 1118 3108 1375 3165; x_wconf 87' lang='lat' dir='ltr'>Ratberii</span> <span class='ocrx_word' id='word_1_223' title='bbox 1397 3108 1716 3164; x_wconf 83' lang='lat' dir='ltr'>Judicatum</span> <span class='ocrx_word' id='word_1_224' title='bbox 1730 3111 2096 3181; x_wconf 85' lang='lat' dir='ltr'>egerit,nunc</span> 
     </span>
    </p>
   </div>
   <div class='ocr_carea' id='block_1_34' title="bbox 449 3197 2097 3270">
    <p class='ocr_par' dir='ltr' id='par_1_34' title="bbox 449 3197 2097 3270">
     <span class='ocr_line' id='line_1_34' title="bbox 449 3197 2097 3270; baseline -0.005 -6"><span class='ocrx_word' id='word_1_225' title='bbox 449 3207 785 3264; x_wconf 88' lang='lat' dir='ltr'>videndum.</span> <span class='ocrx_word' id='word_1_226' title='bbox 804 3202 1138 3260; x_wconf 87' lang='lat' dir='ltr'>Judicatum</span> <span class='ocrx_word' id='word_1_227' title='bbox 1159 3198 1395 3270; x_wconf 88' lang='lat' dir='ltr'>quidem</span> <span class='ocrx_word' id='word_1_228' title='bbox 1412 3199 1620 3254; x_wconf 77' lang='lat' dir='ltr'>chartae</span> <span class='ocrx_word' id='word_1_229' title='bbox 1640 3197 1873 3254; x_wconf 89' lang='lat' dir='ltr'>nomine</span> <span class='ocrx_word' id='word_1_230' title='bbox 1895 3204 2097 3256; x_wconf 88' lang='lat' dir='ltr'>auctor</span> 
     </span>
    </p>
   </div>
   <div class='ocr_carea' id='block_1_35' title="bbox 447 3284 2097 3363">
    <p class='ocr_par' dir='ltr' id='par_1_35' title="bbox 447 3284 2097 3363">
     <span class='ocr_line' id='line_1_35' title="bbox 447 3284 2097 3363; baseline -0.005 -12"><span class='ocrx_word' id='word_1_231' title='bbox 447 3294 717 3353; x_wconf 88' lang='lat' dir='ltr'>indicans</span> <span class='ocrx_word' id='word_1_232' title='bbox 744 3292 804 3346; x_wconf 90' lang='lat' dir='ltr'>in</span> <span class='ocrx_word' id='word_1_233' title='bbox 835 3290 1010 3363; x_wconf 85' lang='lat' dir='ltr'>epist.</span> <span class='ocrx_word' id='word_1_234' title='bbox 1035 3290 1103 3342; x_wconf 83' lang='lat'>12</span> <span class='ocrx_word' id='word_1_235' title='bbox 1131 3288 1201 3343; x_wconf 89' lang='lat' dir='ltr'>ad</span> <span class='ocrx_word' id='word_1_236' title='bbox 1224 3284 1597 3341; x_wconf 87' lang='lat' dir='ltr'>Ambrosium</span> <span class='ocrx_word' id='word_1_237' title='bbox 1619 3303 1784 3341; x_wconf 88' lang='lat' dir='ltr'>num.</span> <span class='ocrx_word' id='word_1_238' title='bbox 1801 3288 1889 3355; x_wconf 83' lang='grc'><strong>4,‹‹</strong></span> <span class='ocrx_word' id='word_1_239' title='bbox 1918 3305 2097 3344; x_wconf 89' lang='lat' dir='ltr'>manu</span> 
     </span>
    </p>
   </div>
   <div class='ocr_carea' id='block_1_36' title="bbox 450 3375 2099 3456">
    <p class='ocr_par' dir='ltr' id='par_1_36' title="bbox 450 3375 2099 3456">
     <span class='ocr_line' id='line_1_36' title="bbox 450 3375 2099 3456; baseline -0.003 -18"><span class='ocrx_word' id='word_1_240' title='bbox 450 3380 817 3456; x_wconf 72' lang='lat' dir='ltr'>patriarchae,</span> <span class='ocrx_word' id='word_1_241' title='bbox 846 3383 903 3434; x_wconf 92' lang='lat' dir='ltr'>et</span> <span class='ocrx_word' id='word_1_242' title='bbox 934 3394 1081 3442; x_wconf 91' lang='lat' dir='ltr'>mea,</span> <span class='ocrx_word' id='word_1_243' title='bbox 1112 3375 1494 3445; x_wconf 89' lang='lat' dir='ltr'>omniumque</span> <span class='ocrx_word' id='word_1_244' title='bbox 1532 3379 1743 3430; x_wconf 69' lang='lat' dir='ltr'>nostrae</span> <span class='ocrx_word' id='word_1_245' title='bbox 1790 3376 2099 3447; x_wconf 65' lang='lat' dir='ltr'>provinciae</span> 
     </span>
    </p>
   </div>
   <div class='ocr_carea' id='block_1_37' title="bbox 450 3463 2099 3543">
    <p class='ocr_par' dir='ltr' id='par_1_37' title="bbox 450 3463 2099 3543">
     <span class='ocr_line' id='line_1_37' title="bbox 450 3463 2099 3543; baseline -0.002 -15"><span class='ocrx_word' id='word_1_246' title='bbox 450 3468 926 3543; x_wconf 89' lang='lat' dir='ltr'>coepiscoporum</span> <span class='ocrx_word' id='word_1_247' title='bbox 958 3466 1255 3519; x_wconf 85' lang='lat' dir='ltr'>ﬁrmatum</span> <span class='ocrx_word' id='word_1_248' title='bbox 1292 3463 1488 3517; x_wconf 87' lang='lat' dir='ltr'>tradit.</span> <span class='ocrx_word' id='word_1_249' title='bbox 1524 3486 1553 3513; x_wconf 84' lang='lat'>»</span> <span class='ocrx_word' id='word_1_250' title='bbox 1607 3464 1675 3519; x_wconf 91' lang='lat' dir='ltr'>Ut</span> <span class='ocrx_word' id='word_1_251' title='bbox 1721 3464 2001 3521; x_wconf 84' lang='lat' dir='ltr'>nimirum</span> <span class='ocrx_word' id='word_1_252' title='bbox 2031 3484 2099 3524; x_wconf 87' lang='lat' dir='ltr'>ea</span> 
     </span>
    </p>
   </div>
   <div class='ocr_carea' id='block_1_38' title="bbox 450 3551 2095 3627">
    <p class='ocr_par' dir='ltr' id='par_1_38' title="bbox 450 3551 2095 3627">
     <span class='ocr_line' id='line_1_38' title="bbox 450 3551 2095 3627; baseline -0.002 -13"><span class='ocrx_word' id='word_1_253' title='bbox 450 3556 716 3614; x_wconf 85' lang='lat' dir='ltr'>fundatio</span> <span class='ocrx_word' id='word_1_254' title='bbox 747 3573 863 3611; x_wconf 89' lang='lat' dir='ltr'>non</span> <span class='ocrx_word' id='word_1_255' title='bbox 894 3558 1015 3609; x_wconf 87' lang='lat' dir='ltr'>tam</span> <span class='ocrx_word' id='word_1_256' title='bbox 1048 3551 1331 3624; x_wconf 89' lang='lat' dir='ltr'>imperiali</span> <span class='ocrx_word' id='word_1_257' title='bbox 1366 3568 1542 3623; x_wconf 89' lang='lat' dir='ltr'>quam</span> <span class='ocrx_word' id='word_1_258' title='bbox 1575 3553 1965 3610; x_wconf 87' lang='lat' dir='ltr'>ecclesiastica</span> <span class='ocrx_word' id='word_1_259' title='bbox 1996 3573 2095 3627; x_wconf 89' lang='lat' dir='ltr'>po-</span> 
     </span>
    </p>
   </div>
   <div class='ocr_carea' id='block_1_39' title="bbox 450 3632 2097 3715">
    <p class='ocr_par' dir='ltr' id='par_1_39' title="bbox 450 3632 2097 3715">
     <span class='ocr_line' id='line_1_39' title="bbox 450 3632 2097 3715; baseline -0.002 -12"><span class='ocrx_word' id='word_1_260' title='bbox 450 3632 660 3706; x_wconf 76' lang='lat' dir='ltr'>testate</span> <span class='ocrx_word' id='word_1_261' title='bbox 689 3648 815 3700; x_wconf 90' lang='lat' dir='ltr'>rata</span> <span class='ocrx_word' id='word_1_262' title='bbox 843 3646 997 3700; x_wconf 88' lang='lat' dir='ltr'>esset</span> <span class='ocrx_word' id='word_1_263' title='bbox 1026 3646 1083 3697; x_wconf 89' lang='lat' dir='ltr'>et</span> <span class='ocrx_word' id='word_1_264' title='bbox 1113 3643 1299 3708; x_wconf 80' lang='lat' dir='ltr'>firma,</span> <span class='ocrx_word' id='word_1_265' title='bbox 1334 3640 1674 3713; x_wconf 70' lang='lat' dir='ltr'>patriarcha:</span> <span class='ocrx_word' id='word_1_266' title='bbox 1712 3642 2097 3715; x_wconf 86' lang='lat' dir='ltr'>Aquileiensis</span> 
     </span>
    </p>
   </div>
   <div class='ocr_carea' id='block_1_40' title="bbox 451 3730 2097 3807">
    <p class='ocr_par' dir='ltr' id='par_1_40' title="bbox 451 3730 2097 3807">
     <span class='ocr_line' id='line_1_40' title="bbox 451 3730 2097 3807; baseline -0.001 -15"><span class='ocrx_word' id='word_1_267' title='bbox 451 3732 881 3807; x_wconf 68' lang='lat' dir='ltr'>metropolitani</span> <span class='ocrx_word' id='word_1_268' title='bbox 902 3731 993 3789; x_wconf 90' lang='lat' dir='ltr'>sui</span> <span class='ocrx_word' id='word_1_269' title='bbox 1011 3734 1467 3802; x_wconf 74' lang='lat' dir='ltr'>cmterorumque</span> <span class='ocrx_word' id='word_1_270' title='bbox 1499 3730 1902 3803; x_wconf 86' lang='lat' dir='ltr'>episcoporum</span> <span class='ocrx_word' id='word_1_271' title='bbox 1918 3732 2097 3805; x_wconf 85' lang='lat' dir='ltr'>hujus</span> 
     </span>
    </p>
   </div>
   <div class='ocr_carea' id='block_1_41' title="bbox 448 3819 2093 3899">
    <p class='ocr_par' dir='ltr' id='par_1_41' title="bbox 448 3819 2093 3899">
     <span class='ocr_line' id='line_1_41' title="bbox 448 3819 2093 3899; baseline -0.001 -19"><span class='ocrx_word' id='word_1_272' title='bbox 448 3823 754 3899; x_wconf 79' lang='lat' dir='ltr'>provinciae</span> <span class='ocrx_word' id='word_1_273' title='bbox 787 3819 1313 3893; x_wconf 88' lang='lat' dir='ltr'>subscriptionibus</span> <span class='ocrx_word' id='word_1_274' title='bbox 1352 3821 1814 3875; x_wconf 79' lang='lat' dir='ltr'>conﬁrmandam</span> <span class='ocrx_word' id='word_1_275' title='bbox 1847 3824 2093 3878; x_wconf 78' lang='lat' dir='ltr'>curavit.</span> 
     </span>
    </p>
   </div>
   <div class='ocr_carea' id='block_1_42' title="bbox 449 3909 2097 3981">
    <p class='ocr_par' dir='ltr' id='par_1_42' title="bbox 449 3909 2097 3981">
     <span class='ocr_line' id='line_1_42' title="bbox 449 3909 2097 3981; baseline -0.002 -11"><span class='ocrx_word' id='word_1_276' title='bbox 449 3915 567 3970; x_wconf 88' lang='lat' dir='ltr'>Hos</span> <span class='ocrx_word' id='word_1_277' title='bbox 588 3912 824 3968; x_wconf 72' lang='lat' dir='ltr'>Verona:</span> <span class='ocrx_word' id='word_1_278' title='bbox 856 3909 1212 3975; x_wconf 87' lang='lat' dir='ltr'>convenisse,</span> <span class='ocrx_word' id='word_1_279' title='bbox 1258 3926 1391 3964; x_wconf 91' lang='lat' dir='ltr'>cum</span> <span class='ocrx_word' id='word_1_280' title='bbox 1442 3909 1571 3964; x_wconf 87' lang='lat' dir='ltr'>Otto</span> <span class='ocrx_word' id='word_1_281' title='bbox 1621 3910 1935 3981; x_wconf 84' lang='lat' dir='ltr'>imperator</span> <span class='ocrx_word' id='word_1_282' title='bbox 1982 3912 2097 3966; x_wconf 91' lang='lat' dir='ltr'>huc</span> 
     </span>
    </p>
   </div>
   <div class='ocr_carea' id='block_1_43' title="bbox 450 3998 2095 4071">
    <p class='ocr_par' dir='ltr' id='par_1_43' title="bbox 450 3998 2095 4071">
     <span class='ocr_line' id='line_1_43' title="bbox 450 3998 2095 4071; baseline -0.002 -12"><span class='ocrx_word' id='word_1_283' title='bbox 450 4003 702 4070; x_wconf 78' lang='lat' dir='ltr'>advenit,</span> <span class='ocrx_word' id='word_1_284' title='bbox 736 4000 885 4056; x_wconf 90' lang='lat' dir='ltr'>nihil</span> <span class='ocrx_word' id='word_1_285' title='bbox 914 4003 1002 4056; x_wconf 85' lang='lat' dir='ltr'>est</span> <span class='ocrx_word' id='word_1_286' title='bbox 1033 3998 1471 4071; x_wconf 84' lang='lat' dir='ltr'>ambigendum.</span> <span class='ocrx_word' id='word_1_287' title='bbox 1522 3998 1582 4053; x_wconf 93' lang='lat' dir='ltr'>Id</span> <span class='ocrx_word' id='word_1_288' title='bbox 1631 3998 1786 4053; x_wconf 89' lang='lat' dir='ltr'>enim</span> <span class='ocrx_word' id='word_1_289' title='bbox 1829 3999 1888 4054; x_wconf 91' lang='lat' dir='ltr'>in</span> <span class='ocrx_word' id='word_1_290' title='bbox 1937 4018 2095 4056; x_wconf 90' lang='lat' dir='ltr'>more</span> 
     </span>
    </p>
   </div>
   <div class='ocr_carea' id='block_1_44' title="bbox 448 4087 2093 4166">
    <p class='ocr_par' dir='ltr' id='par_1_44' title="bbox 448 4087 2093 4166">
     <span class='ocr_line' id='line_1_44' title="bbox 448 4087 2093 4166; baseline -0.002 -18"><span class='ocrx_word' id='word_1_291' title='bbox 448 4093 706 4166; x_wconf 90' lang='lat' dir='ltr'>positum</span> <span class='ocrx_word' id='word_1_292' title='bbox 736 4096 881 4166; x_wconf 84' lang='lat' dir='ltr'>erat,</span> <span class='ocrx_word' id='word_1_293' title='bbox 899 4094 962 4146; x_wconf 92' lang='lat' dir='ltr'>ut</span> <span class='ocrx_word' id='word_1_294' title='bbox 989 4087 1242 4161; x_wconf 89' lang='lat' dir='ltr'>episcopi</span> <span class='ocrx_word' id='word_1_295' title='bbox 1278 4087 1611 4160; x_wconf 89' lang='lat' dir='ltr'>imperatori</span> <span class='ocrx_word' id='word_1_296' title='bbox 1645 4087 1704 4142; x_wconf 92' lang='lat' dir='ltr'>in</span> <span class='ocrx_word' id='word_1_297' title='bbox 1738 4089 2093 4160; x_wconf 88' lang='lat' dir='ltr'>provinciam</span> 
     </span>
    </p>
   </div>
   <div class='ocr_carea' id='block_1_45' title="bbox 448 4177 2093 4250">
    <p class='ocr_par' dir='ltr' id='par_1_45' title="bbox 448 4177 2093 4250">
     <span class='ocr_line' id='line_1_45' title="bbox 448 4177 2093 4250; baseline -0.003 -12"><span class='ocrx_word' id='word_1_298' title='bbox 448 4180 774 4238; x_wconf 89' lang='lat' dir='ltr'>advenienti</span> <span class='ocrx_word' id='word_1_299' title='bbox 804 4181 1189 4245; x_wconf 87' lang='lat' dir='ltr'>occurrerent,</span> <span class='ocrx_word' id='word_1_300' title='bbox 1224 4177 1530 4248; x_wconf 89' lang='lat' dir='ltr'>eidemque</span> <span class='ocrx_word' id='word_1_301' title='bbox 1570 4177 1917 4249; x_wconf 86' lang='lat' dir='ltr'>obsequium</span> <span class='ocrx_word' id='word_1_302' title='bbox 1951 4196 2093 4250; x_wconf 71' lang='lat' dir='ltr'>pra:-</span> 
     </span>
    </p>
   </div>
   <div class='ocr_carea' id='block_1_46' title="bbox 449 4266 2093 4338">
    <p class='ocr_par' dir='ltr' id='par_1_46' title="bbox 449 4266 2093 4338">
     <span class='ocr_line' id='line_1_46' title="bbox 449 4266 2093 4338; baseline -0.004 -10"><span class='ocrx_word' id='word_1_303' title='bbox 449 4274 688 4328; x_wconf 81' lang='lat' dir='ltr'>starent.</span> <span class='ocrx_word' id='word_1_304' title='bbox 705 4270 770 4323; x_wconf 93' lang='lat' dir='ltr'>Id</span> <span class='ocrx_word' id='word_1_305' title='bbox 787 4273 981 4324; x_wconf 89' lang='lat' dir='ltr'>autem</span> <span class='ocrx_word' id='word_1_306' title='bbox 1007 4266 1191 4322; x_wconf 88' lang='lat' dir='ltr'>multo</span> <span class='ocrx_word' id='word_1_307' title='bbox 1224 4266 1413 4338; x_wconf 86' lang='lat' dir='ltr'>magis</span> <span class='ocrx_word' id='word_1_308' title='bbox 1443 4267 1840 4337; x_wconf 70' lang='lat' dir='ltr'>praestandum</span> <span class='ocrx_word' id='word_1_309' title='bbox 1864 4268 2093 4323; x_wconf 89' lang='lat' dir='ltr'>eratVe-</span> 
     </span>
    </p>
   </div>
   <div class='ocr_carea' id='block_1_47' title="bbox 448 4353 2095 4427">
    <p class='ocr_par' dir='ltr' id='par_1_47' title="bbox 448 4353 2095 4427">
     <span class='ocr_line' id='line_1_47' title="bbox 448 4353 2095 4427; baseline -0.002 -12"><span class='ocrx_word' id='word_1_310' title='bbox 448 4377 601 4416; x_wconf 70' lang='lat' dir='ltr'>ronze</span> <span class='ocrx_word' id='word_1_311' title='bbox 630 4358 739 4413; x_wconf 75' lang='lat' dir='ltr'>hac</span> <span class='ocrx_word' id='word_1_312' title='bbox 769 4358 1092 4425; x_wconf 87' lang='lat' dir='ltr'>occasione,</span> <span class='ocrx_word' id='word_1_313' title='bbox 1129 4372 1243 4427; x_wconf 87' lang='lat' dir='ltr'>qua</span> <span class='ocrx_word' id='word_1_314' title='bbox 1271 4354 1591 4427; x_wconf 89' lang='lat' dir='ltr'>imperator</span> <span class='ocrx_word' id='word_1_315' title='bbox 1628 4353 1813 4410; x_wconf 81' lang='lat' dir='ltr'>ﬁlium</span> <span class='ocrx_word' id='word_1_316' title='bbox 1858 4373 2032 4411; x_wconf 90' lang='lat' dir='ltr'>suum</span> <span class='ocrx_word' id='word_1_317' title='bbox 2065 4374 2095 4413; x_wconf 91' lang='lat' dir='ltr'>e</span> 
     </span>
    </p>
   </div>
   <div class='ocr_carea' id='block_1_48' title="bbox 447 4443 2095 4515">
    <p class='ocr_par' dir='ltr' id='par_1_48' title="bbox 447 4443 2095 4515">
     <span class='ocr_line' id='line_1_48' title="bbox 447 4443 2095 4515; baseline -0.002 -11"><span class='ocrx_word' id='word_1_318' title='bbox 447 4446 761 4504; x_wconf 85' lang='lat' dir='ltr'>Germania</span> <span class='ocrx_word' id='word_1_319' title='bbox 778 4447 836 4501; x_wconf 90' lang='lat' dir='ltr'>in</span> <span class='ocrx_word' id='word_1_320' title='bbox 857 4444 1083 4500; x_wconf 89' lang='lat' dir='ltr'>Italiam</span> <span class='ocrx_word' id='word_1_321' title='bbox 1106 4443 1296 4515; x_wconf 89' lang='lat' dir='ltr'>primo</span> <span class='ocrx_word' id='word_1_322' title='bbox 1326 4443 1747 4515; x_wconf 85' lang='lat' dir='ltr'>ingredientem</span> <span class='ocrx_word' id='word_1_323' title='bbox 1774 4445 1989 4501; x_wconf 91' lang='lat' dir='ltr'>ibidem</span> <span class='ocrx_word' id='word_1_324' title='bbox 2010 4463 2095 4501; x_wconf 91' lang='lat' dir='ltr'>re-</span> 
     </span>
    </p>
   </div>
   <div class='ocr_carea' id='block_1_49' title="bbox 448 4532 2095 4609">
    <p class='ocr_par' dir='ltr' id='par_1_49' title="bbox 448 4532 2095 4609">
     <span class='ocr_line' id='line_1_49' title="bbox 448 4532 2095 4609; baseline -0.002 -16"><span class='ocrx_word' id='word_1_325' title='bbox 448 4537 622 4609; x_wconf 90' lang='lat' dir='ltr'>cepit.</span> <span class='ocrx_word' id='word_1_326' title='bbox 644 4534 991 4591; x_wconf 72' lang='lat' dir='ltr'>Patriarcha:</span> <span class='ocrx_word' id='word_1_327' title='bbox 1023 4549 1160 4605; x_wconf 92' lang='lat' dir='ltr'>ergo</span> <span class='ocrx_word' id='word_1_328' title='bbox 1189 4536 1246 4587; x_wconf 89' lang='lat' dir='ltr'>et</span> <span class='ocrx_word' id='word_1_329' title='bbox 1274 4532 1850 4602; x_wconf 87' lang='lat' dir='ltr'>comprovincialium</span> <span class='ocrx_word' id='word_1_330' title='bbox 1878 4534 2095 4605; x_wconf 81' lang='lat' dir='ltr'>episco-</span> 
     </span>
    </p>
   </div>
   <div class='ocr_carea' id='block_1_50' title="bbox 2216 620 3876 695">
    <p class='ocr_par' dir='ltr' id='par_1_50' title="bbox 2216 620 3876 695">
     <span class='ocr_line' id='line_1_50' title="bbox 2216 620 3876 695; baseline 0.002 -21"><span class='ocrx_word' id='word_1_331' title='bbox 2216 620 2421 677; x_wconf 90' lang='lat' dir='ltr'>theriis</span> <span class='ocrx_word' id='word_1_332' title='bbox 2435 621 2755 678; x_wconf 90' lang='lat' dir='ltr'>chedishoe</span> <span class='ocrx_word' id='word_1_333' title='bbox 2770 620 3118 695; x_wconf 91' lang='lat' dir='ltr'>opusculum</span> <span class='ocrx_word' id='word_1_334' title='bbox 3133 620 3876 689; x_wconf 89' lang='lat' dir='ltr'>transcribens,chronicas</span> 
     </span>
    </p>
   </div>
   <div class='ocr_carea' id='block_1_51' title="bbox 2218 709 3874 783">
    <p class='ocr_par' dir='ltr' id='par_1_51' title="bbox 2218 709 3874 783">
     <span class='ocr_line' id='line_1_51' title="bbox 2218 709 3874 783; baseline 0.002 -20"><span class='ocrx_word' id='word_1_335' title='bbox 2218 714 2387 764; x_wconf 89' lang='lat' dir='ltr'>notas</span> <span class='ocrx_word' id='word_1_336' title='bbox 2418 713 2473 764; x_wconf 82' lang='lat' dir='ltr'>et</span> <span class='ocrx_word' id='word_1_337' title='bbox 2503 711 2963 783; x_wconf 88' lang='lat' dir='ltr'>subscriptiones</span> <span class='ocrx_word' id='word_1_338' title='bbox 2995 710 3309 778; x_wconf 88' lang='lat' dir='ltr'>omisisset,</span> <span class='ocrx_word' id='word_1_339' title='bbox 3344 711 3495 766; x_wconf 90' lang='lat' dir='ltr'>sicut</span> <span class='ocrx_word' id='word_1_340' title='bbox 3547 709 3680 766; x_wconf 90' lang='lat' dir='ltr'>aliis</span> <span class='ocrx_word' id='word_1_341' title='bbox 3720 728 3874 783; x_wconf 88' lang='lat' dir='ltr'>quo-</span> 
     </span>
    </p>
   </div>
   <div class='ocr_carea' id='block_1_52' title="bbox 2218 799 3873 873">
    <p class='ocr_par' dir='ltr' id='par_1_52' title="bbox 2218 799 3873 873">
     <span class='ocr_line' id='line_1_52' title="bbox 2218 799 3873 873; baseline 0.002 -21"><span class='ocrx_word' id='word_1_342' title='bbox 2218 813 2330 869; x_wconf 87' lang='lat' dir='ltr'>que</span> <span class='ocrx_word' id='word_1_343' title='bbox 2361 799 2726 855; x_wconf 88' lang='lat' dir='ltr'>documentis</span> <span class='ocrx_word' id='word_1_344' title='bbox 2757 817 3182 873; x_wconf 88' lang='lat' dir='ltr'>nonnunquam</span> <span class='ocrx_word' id='word_1_345' title='bbox 3214 800 3442 855; x_wconf 88' lang='lat' dir='ltr'>accidit.</span> <span class='ocrx_word' id='word_1_346' title='bbox 3474 799 3691 855; x_wconf 85' lang='lat' dir='ltr'>certius</span> <span class='ocrx_word' id='word_1_347' title='bbox 3722 804 3873 856; x_wconf 87' lang='lat' dir='ltr'>tem-</span> 
     </span>
    </p>
   </div>
   <div class='ocr_carea' id='block_1_53' title="bbox 2218 887 3872 961">
    <p class='ocr_par' dir='ltr' id='par_1_53' title="bbox 2218 887 3872 961">
     <span class='ocr_line' id='line_1_53' title="bbox 2218 887 3872 961; baseline 0.003 -21"><span class='ocrx_word' id='word_1_348' title='bbox 2218 903 2329 959; x_wconf 90' lang='lat' dir='ltr'>pus</span> <span class='ocrx_word' id='word_1_349' title='bbox 2362 887 2709 943; x_wconf 87' lang='lat' dir='ltr'>elucescerct</span> <span class='ocrx_word' id='word_1_350' title='bbox 2739 889 2930 961; x_wconf 81' lang='lat' dir='ltr'>(Epist.</span> <span class='ocrx_word' id='word_1_351' title='bbox 2969 891 3035 944; x_wconf 82' lang='lat'>12</span> <span class='ocrx_word' id='word_1_352' title='bbox 3062 908 3195 944; x_wconf 84' lang='lat' dir='ltr'>num</span> <span class='ocrx_word' id='word_1_353' title='bbox 3226 892 3300 956; x_wconf 84' lang='grc'>4).</span> <span class='ocrx_word' id='word_1_354' title='bbox 3350 889 3598 944; x_wconf 87' lang='lat' dir='ltr'>Missum</span> <span class='ocrx_word' id='word_1_355' title='bbox 3648 889 3762 945; x_wconf 87' lang='lat' dir='ltr'>fuit</span> <span class='ocrx_word' id='word_1_356' title='bbox 3791 890 3872 945; x_wconf 89' lang='lat' dir='ltr'>ad</span> 
     </span>
    </p>
   </div>
   <div class='ocr_carea' id='block_1_54' title="bbox 2214 975 3869 1051">
    <p class='ocr_par' dir='ltr' id='par_1_54' title="bbox 2214 975 3869 1051">
     <span class='ocr_line' id='line_1_54' title="bbox 2214 975 3869 1051; baseline 0.004 -23"><span class='ocrx_word' id='word_1_357' title='bbox 2214 975 2585 1033; x_wconf 86' lang='lat' dir='ltr'>Ambrosium</span> <span class='ocrx_word' id='word_1_358' title='bbox 2620 977 2985 1048; x_wconf 89' lang='lat' dir='ltr'>imperatoris</span> <span class='ocrx_word' id='word_1_359' title='bbox 3016 977 3452 1049; x_wconf 89' lang='lat' dir='ltr'>cancellarium,</span> <span class='ocrx_word' id='word_1_360' title='bbox 3483 983 3547 1033; x_wconf 90' lang='lat' dir='ltr'>ut</span> <span class='ocrx_word' id='word_1_361' title='bbox 3577 995 3684 1034; x_wconf 91' lang='lat' dir='ltr'>suo</span> <span class='ocrx_word' id='word_1_362' title='bbox 3718 995 3869 1051; x_wconf 85' lang='lat' dir='ltr'>quo-</span> 
     </span>
    </p>
   </div>
   <div class='ocr_carea' id='block_1_55' title="bbox 2216 1066 3819 1139">
    <p class='ocr_par' dir='ltr' id='par_1_55' title="bbox 2216 1066 3819 1139">
     <span class='ocr_line' id='line_1_55' title="bbox 2216 1066 3819 1139; baseline 0.004 -22"><span class='ocrx_word' id='word_1_363' title='bbox 2216 1079 2328 1134; x_wconf 90' lang='lat' dir='ltr'>que</span> <span class='ocrx_word' id='word_1_364' title='bbox 2356 1066 2507 1136; x_wconf 89' lang='lat' dir='ltr'>apud</span> <span class='ocrx_word' id='word_1_365' title='bbox 2540 1066 2820 1121; x_wconf 72' lang='lat' dir='ltr'>Caesarem</span> <span class='ocrx_word' id='word_1_366' title='bbox 2853 1066 3173 1138; x_wconf 89' lang='lat' dir='ltr'>patrocinio</span> <span class='ocrx_word' id='word_1_367' title='bbox 3204 1067 3500 1139; x_wconf 84' lang='lat' dir='ltr'>negotium</span> <span class='ocrx_word' id='word_1_368' title='bbox 3532 1071 3819 1123; x_wconf 88' lang='lat' dir='ltr'>tueretur.</span> 
     </span>
    </p>
   </div>
   <div class='ocr_carea' id='block_1_56' title="bbox 2289 1154 3871 1227">
    <p class='ocr_par' dir='ltr' id='par_1_56' title="bbox 2289 1154 3871 1227">
     <span class='ocr_line' id='line_1_56' title="bbox 2289 1154 3871 1227; baseline 0.004 -21"><span class='ocrx_word' id='word_1_369' title='bbox 2289 1154 2408 1208; x_wconf 85' lang='lat'>125.</span> <span class='ocrx_word' id='word_1_370' title='bbox 2439 1154 2767 1221; x_wconf 82' lang='lat' dir='ltr'>Judicatum,</span> <span class='ocrx_word' id='word_1_371' title='bbox 2802 1155 2911 1210; x_wconf 92' lang='lat' dir='ltr'>hac</span> <span class='ocrx_word' id='word_1_372' title='bbox 2942 1154 3159 1227; x_wconf 89' lang='lat' dir='ltr'>duplici</span> <span class='ocrx_word' id='word_1_373' title='bbox 3194 1159 3470 1227; x_wconf 86' lang='lat' dir='ltr'>tantaque</span> <span class='ocrx_word' id='word_1_374' title='bbox 3518 1157 3871 1213; x_wconf 75' lang='lat' dir='ltr'>auctoritate</span> 
     </span>
    </p>
   </div>
   <div class='ocr_carea' id='block_1_57' title="bbox 2215 1241 3868 1315">
    <p class='ocr_par' dir='ltr' id='par_1_57' title="bbox 2215 1241 3868 1315">
     <span class='ocr_line' id='line_1_57' title="bbox 2215 1241 3868 1315; baseline 0.002 -18"><span class='ocrx_word' id='word_1_375' title='bbox 2215 1241 2531 1309; x_wconf 83' lang='lat' dir='ltr'>munitum,</span> <span class='ocrx_word' id='word_1_376' title='bbox 2565 1244 2695 1315; x_wconf 91' lang='lat' dir='ltr'>quis</span> <span class='ocrx_word' id='word_1_377' title='bbox 2740 1261 2854 1299; x_wconf 89' lang='lat' dir='ltr'>non</span> <span class='ocrx_word' id='word_1_378' title='bbox 2901 1245 3044 1300; x_wconf 86' lang='lat' dir='ltr'>satis</span> <span class='ocrx_word' id='word_1_379' title='bbox 3084 1250 3277 1300; x_wconf 89' lang='lat' dir='ltr'>tutum</span> <span class='ocrx_word' id='word_1_380' title='bbox 3313 1244 3704 1301; x_wconf 83' lang='lat' dir='ltr'>credidisset?</span> <span class='ocrx_word' id='word_1_381' title='bbox 3731 1246 3868 1302; x_wconf 65' lang='lat' dir='ltr'>Haec</span> 
     </span>
    </p>
   </div>
   <div class='ocr_carea' id='block_1_58' title="bbox 2215 1331 3868 1406">
    <p class='ocr_par' dir='ltr' id='par_1_58' title="bbox 2215 1331 3868 1406">
     <span class='ocr_line' id='line_1_58' title="bbox 2215 1331 3868 1406; baseline 0.004 -23"><span class='ocrx_word' id='word_1_382' title='bbox 2215 1331 2449 1403; x_wconf 87' lang='lat' dir='ltr'>quidem</span> <span class='ocrx_word' id='word_1_383' title='bbox 2471 1336 2592 1387; x_wconf 90' lang='lat' dir='ltr'>erat</span> <span class='ocrx_word' id='word_1_384' title='bbox 2612 1332 2787 1387; x_wconf 88' lang='lat' dir='ltr'>etiam</span> <span class='ocrx_word' id='word_1_385' title='bbox 2812 1333 3065 1387; x_wconf 85' lang='lat' dir='ltr'>Ratherii</span> <span class='ocrx_word' id='word_1_386' title='bbox 3089 1356 3115 1383; x_wconf 84' lang='lat'><strong>«</strong></span> <span class='ocrx_word' id='word_1_387' title='bbox 3141 1333 3411 1388; x_wconf 80' lang='lat' dir='ltr'>fiducia.»</span> <span class='ocrx_word' id='word_1_388' title='bbox 3423 1336 3497 1390; x_wconf 88' lang='lat' dir='ltr'>At</span> <span class='ocrx_word' id='word_1_389' title='bbox 3513 1351 3647 1406; x_wconf 90' lang='lat' dir='ltr'>spes</span> <span class='ocrx_word' id='word_1_390' title='bbox 3668 1334 3868 1392; x_wconf 88' lang='lat' dir='ltr'>omnis</span> 
     </span>
    </p>
   </div>
   <div class='ocr_carea' id='block_1_59' title="bbox 2214 1421 3865 1494">
    <p class='ocr_par' dir='ltr' id='par_1_59' title="bbox 2214 1421 3865 1494">
     <span class='ocr_line' id='line_1_59' title="bbox 2214 1421 3865 1494; baseline 0.004 -21"><span class='ocrx_word' id='word_1_391' title='bbox 2214 1425 2513 1475; x_wconf 85' lang='lat' dir='ltr'>incassum</span> <span class='ocrx_word' id='word_1_392' title='bbox 2546 1421 2770 1476; x_wconf 89' lang='lat' dir='ltr'>cecidit.</span> <span class='ocrx_word' id='word_1_393' title='bbox 2806 1422 2926 1477; x_wconf 92' lang='lat' dir='ltr'>Imo</span> <span class='ocrx_word' id='word_1_394' title='bbox 2953 1422 3264 1486; x_wconf 89' lang='lat' dir='ltr'>discordia,</span> <span class='ocrx_word' id='word_1_395' title='bbox 3287 1438 3412 1494; x_wconf 72' lang='lat' dir='ltr'>quaa</span> <span class='ocrx_word' id='word_1_396' title='bbox 3445 1422 3596 1480; x_wconf 88' lang='lat' dir='ltr'>inter</span> <span class='ocrx_word' id='word_1_397' title='bbox 3619 1421 3865 1480; x_wconf 86' lang='lat' dir='ltr'>clericos</span> 
     </span>
    </p>
   </div>
   <div class='ocr_carea' id='block_1_60' title="bbox 2214 1509 3867 1582">
    <p class='ocr_par' dir='ltr' id='par_1_60' title="bbox 2214 1509 3867 1582">
     <span class='ocr_line' id='line_1_60' title="bbox 2214 1509 3867 1582; baseline 0.002 -18"><span class='ocrx_word' id='word_1_398' title='bbox 2214 1515 2272 1564; x_wconf 89' lang='lat' dir='ltr'>et</span> <span class='ocrx_word' id='word_1_399' title='bbox 2300 1509 2638 1581; x_wconf 78' lang='lat' dir='ltr'>epiSCOpum</span> <span class='ocrx_word' id='word_1_400' title='bbox 2671 1527 2901 1581; x_wconf 90' lang='lat' dir='ltr'>semper</span> <span class='ocrx_word' id='word_1_401' title='bbox 2923 1514 3090 1566; x_wconf 88' lang='lat' dir='ltr'>antea</span> <span class='ocrx_word' id='word_1_402' title='bbox 3108 1510 3295 1582; x_wconf 79' lang='lat' dir='ltr'>viguit</span> <span class='ocrx_word' id='word_1_403' title='bbox 3319 1511 3684 1582; x_wconf 87' lang='lat' dir='ltr'>quidem,sed</span> <span class='ocrx_word' id='word_1_404' title='bbox 3709 1512 3867 1569; x_wconf 82' lang='lat' dir='ltr'>clan-</span> 
     </span>
    </p>
   </div>
   <div class='ocr_carea' id='block_1_61' title="bbox 2214 1597 3867 1673">
    <p class='ocr_par' dir='ltr' id='par_1_61' title="bbox 2214 1597 3867 1673">
     <span class='ocr_line' id='line_1_61' title="bbox 2214 1597 3867 1673; baseline 0.003 -20"><span class='ocrx_word' id='word_1_405' title='bbox 2214 1597 2343 1653; x_wconf 91' lang='lat' dir='ltr'>culo</span> <span class='ocrx_word' id='word_1_406' title='bbox 2376 1598 2662 1668; x_wconf 88' lang='lat' dir='ltr'>serpebat,</span> <span class='ocrx_word' id='word_1_407' title='bbox 2696 1616 2763 1654; x_wconf 88' lang='lat' dir='ltr'>cx</span> <span class='ocrx_word' id='word_1_408' title='bbox 2790 1599 3029 1655; x_wconf 70' lang='lat' dir='ltr'>Judicati</span> <span class='ocrx_word' id='word_1_409' title='bbox 3057 1599 3311 1655; x_wconf 88' lang='lat' dir='ltr'>editione</span> <span class='ocrx_word' id='word_1_410' title='bbox 3341 1600 3535 1671; x_wconf 90' lang='lat' dir='ltr'>palam</span> <span class='ocrx_word' id='word_1_411' title='bbox 3566 1602 3779 1673; x_wconf 84' lang='lat' dir='ltr'>erupit,</span> <span class='ocrx_word' id='word_1_412' title='bbox 3807 1606 3867 1658; x_wconf 88' lang='lat' dir='ltr'>et</span> 
     </span>
    </p>
   </div>
   <div class='ocr_carea' id='block_1_62' title="bbox 2213 1687 3861 1761">
    <p class='ocr_par' dir='ltr' id='par_1_62' title="bbox 2213 1687 3861 1761">
     <span class='ocr_line' id='line_1_62' title="bbox 2213 1687 3861 1761; baseline 0.003 -20"><span class='ocrx_word' id='word_1_413' title='bbox 2213 1687 2552 1758; x_wconf 83' lang='lat' dir='ltr'>episcOpum</span> <span class='ocrx_word' id='word_1_414' title='bbox 2612 1692 2809 1758; x_wconf 89' lang='lat' dir='ltr'>aperte</span> <span class='ocrx_word' id='word_1_415' title='bbox 2868 1688 3146 1759; x_wconf 89' lang='lat' dir='ltr'>impetere</span> <span class='ocrx_word' id='word_1_416' title='bbox 3203 1689 3394 1761; x_wconf 90' lang='lat' dir='ltr'>coepit.</span> <span class='ocrx_word' id='word_1_417' title='bbox 3428 1688 3537 1752; x_wconf 89' lang='lat' dir='ltr'>Qui</span> <span class='ocrx_word' id='word_1_418' title='bbox 3566 1689 3861 1756; x_wconf 87' lang='lat' dir='ltr'>dicebant,</span> 
     </span>
    </p>
   </div>
   <div class='ocr_carea' id='block_1_63' title="bbox 2213 1774 3863 1850">
    <p class='ocr_par' dir='ltr' id='par_1_63' title="bbox 2213 1774 3863 1850">
     <span class='ocr_line' id='line_1_63' title="bbox 2213 1774 3863 1850; baseline 0.004 -22"><span class='ocrx_word' id='word_1_419' title='bbox 2213 1774 2404 1846; x_wconf 91' lang='lat' dir='ltr'>inquit</span> <span class='ocrx_word' id='word_1_420' title='bbox 2434 1776 2491 1829; x_wconf 89' lang='lat' dir='ltr'>in</span> <span class='ocrx_word' id='word_1_421' title='bbox 2522 1776 2804 1831; x_wconf 78' lang='lat' dir='ltr'>Discordia</span> <span class='ocrx_word' id='word_1_422' title='bbox 2832 1793 2995 1844; x_wconf 90' lang='lat' dir='ltr'>num,</span> <span class='ocrx_word' id='word_1_423' title='bbox 3029 1779 3083 1844; x_wconf 89' lang='lat'>8,</span> <span class='ocrx_word' id='word_1_424' title='bbox 3118 1793 3178 1831; x_wconf 90' lang='lat' dir='ltr'>se</span> <span class='ocrx_word' id='word_1_425' title='bbox 3210 1794 3324 1832; x_wconf 92' lang='lat' dir='ltr'>non</span> <span class='ocrx_word' id='word_1_426' title='bbox 3358 1794 3561 1834; x_wconf 84' lang='lat' dir='ltr'>curare</span> <span class='ocrx_word' id='word_1_427' title='bbox 3604 1778 3652 1834; x_wconf 91' lang='lat' dir='ltr'>si</span> <span class='ocrx_word' id='word_1_428' title='bbox 3700 1780 3863 1850; x_wconf 89' lang='lat' dir='ltr'>quod</span> 
     </span>
    </p>
   </div>
   <div class='ocr_carea' id='block_1_64' title="bbox 2213 1862 3865 1939">
    <p class='ocr_par' dir='ltr' id='par_1_64' title="bbox 2213 1862 3865 1939">
     <span class='ocr_line' id='line_1_64' title="bbox 2213 1862 3865 1939; baseline 0.005 -22"><span class='ocrx_word' id='word_1_429' title='bbox 2213 1862 2283 1918; x_wconf 86' lang='lat' dir='ltr'>de</span> <span class='ocrx_word' id='word_1_430' title='bbox 2313 1880 2439 1920; x_wconf 87' lang='lat' dir='ltr'>meo</span> <span class='ocrx_word' id='word_1_431' title='bbox 2470 1863 2780 1934; x_wconf 86' lang='lat' dir='ltr'>habebant,</span> <span class='ocrx_word' id='word_1_432' title='bbox 2814 1866 2885 1919; x_wconf 88' lang='lat' dir='ltr'>ab</span> <span class='ocrx_word' id='word_1_433' title='bbox 2918 1863 3001 1921; x_wconf 90' lang='lat' dir='ltr'>eis</span> <span class='ocrx_word' id='word_1_434' title='bbox 3049 1866 3355 1933; x_wconf 76' lang='lat' dir='ltr'>auferrem,</span> <span class='ocrx_word' id='word_1_435' title='bbox 3389 1883 3577 1939; x_wconf 87' lang='lat' dir='ltr'>neque</span> <span class='ocrx_word' id='word_1_436' title='bbox 3625 1868 3699 1922; x_wconf 87' lang='lat' dir='ltr'>ob</span> <span class='ocrx_word' id='word_1_437' title='bbox 3748 1868 3865 1925; x_wconf 88' lang='lat' dir='ltr'>hoc</span> 
     </span>
    </p>
   </div>
   <div class='ocr_carea' id='block_1_65' title="bbox 2213 1939 3861 2028">
    <p class='ocr_par' dir='ltr' id='par_1_65' title="bbox 2213 1939 3861 2028">
     <span class='ocr_line' id='line_1_65' title="bbox 2213 1939 3861 2028; baseline 0.004 -22"><span class='ocrx_word' id='word_1_438' title='bbox 2213 1951 2356 2007; x_wconf 91' lang='lat' dir='ltr'>mihi</span> <span class='ocrx_word' id='word_1_439' title='bbox 2391 1953 2587 2009; x_wconf 89' lang='lat' dir='ltr'>minus</span> <span class='ocrx_word' id='word_1_440' title='bbox 2621 1953 2819 2009; x_wconf 84' lang='lat' dir='ltr'>ﬁdeles</span> <span class='ocrx_word' id='word_1_441' title='bbox 2851 1939 3182 2023; x_wconf 57' lang='lat' dir='ltr'>eiisterent,</span> <span class='ocrx_word' id='word_1_442' title='bbox 3215 1958 3444 2010; x_wconf 85' lang='lat' dir='ltr'>tantum</span> <span class='ocrx_word' id='word_1_443' title='bbox 3477 1973 3573 2012; x_wconf 90' lang='lat' dir='ltr'>eos</span> <span class='ocrx_word' id='word_1_444' title='bbox 3623 1957 3694 2013; x_wconf 92' lang='lat' dir='ltr'>de</span> <span class='ocrx_word' id='word_1_445' title='bbox 3739 1956 3861 2028; x_wconf 87' lang='lat' dir='ltr'>his,</span> 
     </span>
    </p>
   </div>
   <div class='ocr_carea' id='block_1_66' title="bbox 2212 2040 3863 2114">
    <p class='ocr_par' dir='ltr' id='par_1_66' title="bbox 2212 2040 3863 2114">
     <span class='ocr_line' id='line_1_66' title="bbox 2212 2040 3863 2114; baseline 0.003 -17"><span class='ocrx_word' id='word_1_446' title='bbox 2212 2042 2426 2112; x_wconf 87' lang='lat' dir='ltr'>quibus</span> <span class='ocrx_word' id='word_1_447' title='bbox 2455 2059 2554 2097; x_wconf 88' lang='lat' dir='ltr'>eos</span> <span class='ocrx_word' id='word_1_448' title='bbox 2584 2040 3085 2114; x_wconf 87' lang='lat' dir='ltr'>interpellaveram</span> <span class='ocrx_word' id='word_1_449' title='bbox 3130 2042 3375 2112; x_wconf 87' lang='lat' dir='ltr'>(scilicet</span> <span class='ocrx_word' id='word_1_450' title='bbox 3421 2045 3493 2101; x_wconf 91' lang='lat' dir='ltr'>de</span> <span class='ocrx_word' id='word_1_451' title='bbox 3531 2045 3863 2103; x_wconf 89' lang='lat' dir='ltr'>redditibus</span> 
     </span>
    </p>
   </div>
   <div class='ocr_carea' id='block_1_67' title="bbox 2211 2129 3861 2204">
    <p class='ocr_par' dir='ltr' id='par_1_67' title="bbox 2211 2129 3861 2204">
     <span class='ocr_line' id='line_1_67' title="bbox 2211 2129 3861 2204; baseline 0.005 -22"><span class='ocrx_word' id='word_1_452' title='bbox 2211 2129 2363 2184; x_wconf 90' lang='lat' dir='ltr'>inter</span> <span class='ocrx_word' id='word_1_453' title='bbox 2393 2130 2549 2201; x_wconf 86' lang='lat' dir='ltr'>ipsos</span> <span class='ocrx_word' id='word_1_454' title='bbox 2568 2129 2705 2184; x_wconf 90' lang='lat' dir='ltr'>olim</span> <span class='ocrx_word' id='word_1_455' title='bbox 2737 2131 2959 2200; x_wconf 87' lang='lat' dir='ltr'>divisis)</span> <span class='ocrx_word' id='word_1_456' title='bbox 2983 2131 3304 2204; x_wconf 87' lang='lat' dir='ltr'>inquietare</span> <span class='ocrx_word' id='word_1_457' title='bbox 3333 2150 3643 2203; x_wconf 89' lang='lat' dir='ltr'>cessarem;</span> <span class='ocrx_word' id='word_1_458' title='bbox 3666 2137 3861 2191; x_wconf 89' lang='lat' dir='ltr'>securi</span> 
     </span>
    </p>
   </div>
   <div class='ocr_carea' id='block_1_68' title="bbox 2211 2219 3864 2293">
    <p class='ocr_par' dir='ltr' id='par_1_68' title="bbox 2211 2219 3864 2293">
     <span class='ocr_line' id='line_1_68' title="bbox 2211 2219 3864 2293; baseline 0.005 -21"><span class='ocrx_word' id='word_1_459' title='bbox 2211 2235 2366 2273; x_wconf 91' lang='lat' dir='ltr'>nunc</span> <span class='ocrx_word' id='word_1_460' title='bbox 2397 2219 2467 2273; x_wconf 90' lang='lat' dir='ltr'>de</span> <span class='ocrx_word' id='word_1_461' title='bbox 2498 2236 2627 2274; x_wconf 89' lang='lat' dir='ltr'>mea</span> <span class='ocrx_word' id='word_1_462' title='bbox 2658 2219 3299 2293; x_wconf 87' lang='lat' dir='ltr'>cessatione(quantum</span> <span class='ocrx_word' id='word_1_463' title='bbox 3335 2222 3405 2276; x_wconf 91' lang='lat' dir='ltr'>ad</span> <span class='ocrx_word' id='word_1_464' title='bbox 3434 2221 3700 2280; x_wconf 88' lang='lat' dir='ltr'>laudatos</span> <span class='ocrx_word' id='word_1_465' title='bbox 3732 2225 3864 2280; x_wconf 87' lang='lat' dir='ltr'>red-</span> 
     </span>
    </p>
   </div>
   <div class='ocr_carea' id='block_1_69' title="bbox 2210 2307 3864 2382">
    <p class='ocr_par' dir='ltr' id='par_1_69' title="bbox 2210 2307 3864 2382">
     <span class='ocr_line' id='line_1_69' title="bbox 2210 2307 3864 2382; baseline 0.005 -21"><span class='ocrx_word' id='word_1_466' title='bbox 2210 2307 2394 2378; x_wconf 87' lang='lat' dir='ltr'>ditus)</span> <span class='ocrx_word' id='word_1_467' title='bbox 2418 2309 2489 2363; x_wconf 91' lang='lat' dir='ltr'>de</span> <span class='ocrx_word' id='word_1_468' title='bbox 2522 2325 2647 2363; x_wconf 89' lang='lat' dir='ltr'>meo</span> <span class='ocrx_word' id='word_1_469' title='bbox 2680 2309 2751 2363; x_wconf 87' lang='lat' dir='ltr'>ab</span> <span class='ocrx_word' id='word_1_470' title='bbox 2776 2309 2859 2364; x_wconf 91' lang='lat' dir='ltr'>eis</span> <span class='ocrx_word' id='word_1_471' title='bbox 2890 2309 2962 2364; x_wconf 94' lang='lat' dir='ltr'>ob</span> <span class='ocrx_word' id='word_1_472' title='bbox 2995 2309 3476 2382; x_wconf 83' lang='lat' dir='ltr'>ingratitudinem</span> <span class='ocrx_word' id='word_1_473' title='bbox 3508 2311 3745 2369; x_wconf 88' lang='lat' dir='ltr'>illorum</span> <span class='ocrx_word' id='word_1_474' title='bbox 3778 2331 3864 2370; x_wconf 88' lang='lat' dir='ltr'>re-</span> 
     </span>
    </p>
   </div>
   <div class='ocr_carea' id='block_1_70' title="bbox 2210 2400 3863 2474">
    <p class='ocr_par' dir='ltr' id='par_1_70' title="bbox 2210 2400 3863 2474">
     <span class='ocr_line' id='line_1_70' title="bbox 2210 2400 3863 2474; baseline 0.004 -23"><span class='ocrx_word' id='word_1_475' title='bbox 2210 2401 2372 2467; x_wconf 86' lang='lat' dir='ltr'>cepto</span> <span class='ocrx_word' id='word_1_476' title='bbox 2387 2414 2479 2451; x_wconf 87' lang='lat' dir='ltr'>me</span> <span class='ocrx_word' id='word_1_477' title='bbox 2491 2400 2767 2469; x_wconf 78' lang='lat' dir='ltr'>satagunt</span> <span class='ocrx_word' id='word_1_478' title='bbox 2783 2414 2884 2470; x_wconf 91' lang='lat' dir='ltr'>per</span> <span class='ocrx_word' id='word_1_479' title='bbox 2896 2402 3237 2470; x_wconf 84' lang='lat' dir='ltr'>potestatem</span> <span class='ocrx_word' id='word_1_480' title='bbox 3255 2401 3643 2472; x_wconf 89' lang='lat' dir='ltr'>quorumdam</span> <span class='ocrx_word' id='word_1_481' title='bbox 3664 2406 3863 2474; x_wconf 86' lang='lat' dir='ltr'>patro-</span> 
     </span>
    </p>
   </div>
   <div class='ocr_carea' id='block_1_71' title="bbox 2208 2485 3861 2559">
    <p class='ocr_par' dir='ltr' id='par_1_71' title="bbox 2208 2485 3861 2559">
     <span class='ocr_line' id='line_1_71' title="bbox 2208 2485 3861 2559; baseline 0.004 -19"><span class='ocrx_word' id='word_1_482' title='bbox 2208 2485 2379 2541; x_wconf 92' lang='lat' dir='ltr'>ciniis</span> <span class='ocrx_word' id='word_1_483' title='bbox 2409 2485 2751 2557; x_wconf 84' lang='lat' dir='ltr'>inquietare.</span> <span class='ocrx_word' id='word_1_484' title='bbox 2796 2486 2892 2541; x_wconf 88' lang='lat' dir='ltr'>-Illi</span> <span class='ocrx_word' id='word_1_485' title='bbox 2942 2488 3242 2557; x_wconf 87' lang='lat' dir='ltr'>nimirum,</span> <span class='ocrx_word' id='word_1_486' title='bbox 3287 2494 3353 2544; x_wconf 87' lang='lat' dir='ltr'>ut</span> <span class='ocrx_word' id='word_1_487' title='bbox 3400 2489 3747 2559; x_wconf 90' lang='lat' dir='ltr'>obtinerent,</span> <span class='ocrx_word' id='word_1_488' title='bbox 3784 2508 3861 2548; x_wconf 87' lang='lat' dir='ltr'>ne</span> 
     </span>
    </p>
   </div>
   <div class='ocr_carea' id='block_1_72' title="bbox 2210 2574 3860 2635">
    <p class='ocr_par' dir='ltr' id='par_1_72' title="bbox 2210 2574 3860 2635">
     <span class='ocr_line' id='line_1_72' title="bbox 2210 2574 3860 2635; baseline 0.004 -6"><span class='ocrx_word' id='word_1_489' title='bbox 2210 2574 2518 2630; x_wconf 85' lang='lat' dir='ltr'>Ratherius</span> <span class='ocrx_word' id='word_1_490' title='bbox 2552 2575 2608 2629; x_wconf 91' lang='lat' dir='ltr'>in</span> <span class='ocrx_word' id='word_1_491' title='bbox 2637 2591 2742 2629; x_wconf 90' lang='lat' dir='ltr'>sua</span> <span class='ocrx_word' id='word_1_492' title='bbox 2772 2576 2925 2631; x_wconf 91' lang='lat' dir='ltr'>bona</span> <span class='ocrx_word' id='word_1_493' title='bbox 2952 2593 3018 2632; x_wconf 90' lang='lat' dir='ltr'>ac</span> <span class='ocrx_word' id='word_1_494' title='bbox 3048 2577 3310 2634; x_wconf 90' lang='lat' dir='ltr'>redditus</span> <span class='ocrx_word' id='word_1_495' title='bbox 3332 2595 3538 2635; x_wconf 90' lang='lat' dir='ltr'>novam</span> <span class='ocrx_word' id='word_1_496' title='bbox 3570 2578 3860 2635; x_wconf 83' lang='lat' dir='ltr'>distribu-</span> 
     </span>
    </p>
   </div>
   <div class='ocr_carea' id='block_1_73' title="bbox 2205 2662 3855 2735">
    <p class='ocr_par' dir='ltr' id='par_1_73' title="bbox 2205 2662 3855 2735">
     <span class='ocr_line' id='line_1_73' title="bbox 2205 2662 3855 2735; baseline 0.004 -17"><span class='ocrx_word' id='word_1_497' title='bbox 2205 2663 2424 2718; x_wconf 89' lang='lat' dir='ltr'>tionem</span> <span class='ocrx_word' id='word_1_498' title='bbox 2455 2662 3096 2735; x_wconf 88' lang='lat' dir='ltr'>induceret,protestati</span> <span class='ocrx_word' id='word_1_499' title='bbox 3121 2666 3365 2734; x_wconf 80' lang='lat' dir='ltr'>fuerant,</span> <span class='ocrx_word' id='word_1_500' title='bbox 3386 2683 3447 2722; x_wconf 88' lang='lat' dir='ltr'>se</span> <span class='ocrx_word' id='word_1_501' title='bbox 3481 2684 3595 2724; x_wconf 87' lang='lat' dir='ltr'>non</span> <span class='ocrx_word' id='word_1_502' title='bbox 3627 2685 3855 2725; x_wconf 89' lang='lat' dir='ltr'>curare.</span> 
     </span>
    </p>
   </div>
   <div class='ocr_carea' id='block_1_74' title="bbox 2207 2752 3854 2830">
    <p class='ocr_par' dir='ltr' id='par_1_74' title="bbox 2207 2752 3854 2830">
     <span class='ocr_line' id='line_1_74' title="bbox 2207 2752 3854 2830; baseline 0.004 -24"><span class='ocrx_word' id='word_1_503' title='bbox 2207 2752 2255 2807; x_wconf 92' lang='lat' dir='ltr'>si</span> <span class='ocrx_word' id='word_1_504' title='bbox 2287 2752 2654 2825; x_wconf 88' lang='lat' dir='ltr'>privarentur</span> <span class='ocrx_word' id='word_1_505' title='bbox 2683 2752 2757 2807; x_wconf 90' lang='lat' dir='ltr'>iis</span> <span class='ocrx_word' id='word_1_506' title='bbox 2787 2752 3236 2826; x_wconf 82' lang='lat' dir='ltr'>beneﬁciis,quae</span> <span class='ocrx_word' id='word_1_507' title='bbox 3256 2757 3326 2810; x_wconf 86' lang='lat' dir='ltr'>ab</span> <span class='ocrx_word' id='word_1_508' title='bbox 3345 2756 3470 2828; x_wconf 92' lang='lat' dir='ltr'>ipso</span> <span class='ocrx_word' id='word_1_509' title='bbox 3489 2765 3854 2830; x_wconf 88' lang='lat' dir='ltr'>acceperant.</span> 
     </span>
    </p>
   </div>
   <div class='ocr_carea' id='block_1_75' title="bbox 2205 2840 3853 2918">
    <p class='ocr_par' dir='ltr' id='par_1_75' title="bbox 2205 2840 3853 2918">
     <span class='ocr_line' id='line_1_75' title="bbox 2205 2840 3853 2918; baseline 0.004 -22"><span class='ocrx_word' id='word_1_510' title='bbox 2205 2841 2347 2896; x_wconf 85' lang='lat' dir='ltr'>Cum</span> <span class='ocrx_word' id='word_1_511' title='bbox 2377 2856 2510 2896; x_wconf 88' lang='lat' dir='ltr'>vero</span> <span class='ocrx_word' id='word_1_512' title='bbox 2538 2856 2606 2895; x_wconf 82' lang='lat' dir='ltr'>ex</span> <span class='ocrx_word' id='word_1_513' title='bbox 2636 2840 2761 2912; x_wconf 89' lang='lat' dir='ltr'>ipso</span> <span class='ocrx_word' id='word_1_514' title='bbox 2790 2842 3035 2897; x_wconf 82' lang='lat' dir='ltr'>Judicato</span> <span class='ocrx_word' id='word_1_515' title='bbox 3066 2843 3360 2915; x_wconf 86' lang='lat' dir='ltr'>explorate</span> <span class='ocrx_word' id='word_1_516' title='bbox 3396 2845 3853 2918; x_wconf 81' lang='lat' dir='ltr'>perspexissent,</span> 
     </span>
    </p>
   </div>
   <div class='ocr_carea' id='block_1_76' title="bbox 2206 2930 3856 3007">
    <p class='ocr_par' dir='ltr' id='par_1_76' title="bbox 2206 2930 3856 3007">
     <span class='ocr_line' id='line_1_76' title="bbox 2206 2930 3856 3007; baseline 0.003 -20"><span class='ocrx_word' id='word_1_517' title='bbox 2206 2948 2267 2987; x_wconf 88' lang='lat' dir='ltr'>se</span> <span class='ocrx_word' id='word_1_518' title='bbox 2300 2930 2444 2985; x_wconf 89' lang='lat' dir='ltr'>satis</span> <span class='ocrx_word' id='word_1_519' title='bbox 2476 2946 2711 2985; x_wconf 87' lang='lat' dir='ltr'>securos</span> <span class='ocrx_word' id='word_1_520' title='bbox 2744 2930 2803 2985; x_wconf 91' lang='lat' dir='ltr'>in</span> <span class='ocrx_word' id='word_1_521' title='bbox 2833 2931 3002 2986; x_wconf 87' lang='lat' dir='ltr'>bonis</span> <span class='ocrx_word' id='word_1_522' title='bbox 3033 2936 3089 2987; x_wconf 88' lang='lat' dir='ltr'>et</span> <span class='ocrx_word' id='word_1_523' title='bbox 3118 2933 3443 2990; x_wconf 88' lang='lat' dir='ltr'>redditibus</span> <span class='ocrx_word' id='word_1_524' title='bbox 3465 2934 3736 3007; x_wconf 89' lang='lat' dir='ltr'>propriis,</span> <span class='ocrx_word' id='word_1_525' title='bbox 3756 2937 3856 2992; x_wconf 85' lang='lat' dir='ltr'>be-</span> 
     </span>
    </p>
   </div>
   <div class='ocr_carea' id='block_1_77' title="bbox 2204 3018 3857 3093">
    <p class='ocr_par' dir='ltr' id='par_1_77' title="bbox 2204 3018 3857 3093">
     <span class='ocr_line' id='line_1_77' title="bbox 2204 3018 3857 3093; baseline 0.002 -17"><span class='ocrx_word' id='word_1_526' title='bbox 2204 3019 2411 3076; x_wconf 86' lang='lat' dir='ltr'>neﬁcia</span> <span class='ocrx_word' id='word_1_527' title='bbox 2438 3018 2551 3074; x_wconf 90' lang='lat' dir='ltr'>sibi</span> <span class='ocrx_word' id='word_1_528' title='bbox 2587 3018 2726 3074; x_wconf 92' lang='lat' dir='ltr'>olim</span> <span class='ocrx_word' id='word_1_529' title='bbox 2775 3019 2985 3076; x_wconf 89' lang='lat' dir='ltr'>collata</span> <span class='ocrx_word' id='word_1_530' title='bbox 3031 3024 3088 3075; x_wconf 89' lang='lat' dir='ltr'>et</span> <span class='ocrx_word' id='word_1_531' title='bbox 3127 3022 3444 3079; x_wconf 89' lang='lat' dir='ltr'>novissime</span> <span class='ocrx_word' id='word_1_532' title='bbox 3475 3022 3687 3093; x_wconf 87' lang='lat' dir='ltr'>ablata,</span> <span class='ocrx_word' id='word_1_533' title='bbox 3719 3029 3857 3079; x_wconf 89' lang='lat' dir='ltr'>tan-</span> 
     </span>
    </p>
   </div>
   <div class='ocr_carea' id='block_1_78' title="bbox 2205 3111 3856 3181">
    <p class='ocr_par' dir='ltr' id='par_1_78' title="bbox 2205 3111 3856 3181">
     <span class='ocr_line' id='line_1_78' title="bbox 2205 3111 3856 3181; baseline 0.004 -18"><span class='ocrx_word' id='word_1_534' title='bbox 2205 3125 2382 3180; x_wconf 87' lang='lat' dir='ltr'>quam</span> <span class='ocrx_word' id='word_1_535' title='bbox 2414 3125 2525 3163; x_wconf 88' lang='lat' dir='ltr'>sua</span> <span class='ocrx_word' id='word_1_536' title='bbox 2555 3111 2813 3180; x_wconf 88' lang='lat' dir='ltr'>repetere</span> <span class='ocrx_word' id='word_1_537' title='bbox 2854 3125 2957 3180; x_wconf 90' lang='lat' dir='ltr'>per</span> <span class='ocrx_word' id='word_1_538' title='bbox 2986 3114 3328 3181; x_wconf 87' lang='lat' dir='ltr'>potestatem</span> <span class='ocrx_word' id='word_1_539' title='bbox 3380 3113 3751 3169; x_wconf 85' lang='lat' dir='ltr'>studuerunt.</span> <span class='ocrx_word' id='word_1_540' title='bbox 3785 3114 3856 3170; x_wconf 90' lang='lat' dir='ltr'>In</span> 
     </span>
    </p>
   </div>
   <div class='ocr_carea' id='block_1_79' title="bbox 2206 3196 3855 3274">
    <p class='ocr_par' dir='ltr' id='par_1_79' title="bbox 2206 3196 3855 3274">
     <span class='ocr_line' id='line_1_79' title="bbox 2206 3196 3855 3274; baseline 0.004 -22"><span class='ocrx_word' id='word_1_541' title='bbox 2206 3198 2356 3253; x_wconf 89' lang='lat' dir='ltr'>hanc</span> <span class='ocrx_word' id='word_1_542' title='bbox 2389 3214 2510 3253; x_wconf 89' lang='lat' dir='ltr'>rem</span> <span class='ocrx_word' id='word_1_543' title='bbox 2543 3196 2864 3268; x_wconf 89' lang='lat' dir='ltr'>patrocinia</span> <span class='ocrx_word' id='word_1_544' title='bbox 2895 3197 3217 3269; x_wconf 89' lang='lat' dir='ltr'>potentium</span> <span class='ocrx_word' id='word_1_545' title='bbox 3249 3203 3498 3271; x_wconf 87' lang='lat' dir='ltr'>captata,</span> <span class='ocrx_word' id='word_1_546' title='bbox 3531 3203 3589 3257; x_wconf 88' lang='lat' dir='ltr'>et</span> <span class='ocrx_word' id='word_1_547' title='bbox 3637 3201 3855 3274; x_wconf 90' lang='lat' dir='ltr'>aliquis</span> 
     </span>
    </p>
   </div>
   <div class='ocr_carea' id='block_1_80' title="bbox 2128 3264 3855 3361">
    <p class='ocr_par' dir='ltr' id='par_1_80' title="bbox 2128 3264 3855 3361">
     <span class='ocr_line' id='line_1_80' title="bbox 2128 3264 3855 3361; baseline 0.003 -20"><span class='ocrx_word' id='word_1_548' title='bbox 2128 3264 2171 3332; x_wconf 66' lang='grc' dir='ltr'>ί1</span> <span class='ocrx_word' id='word_1_549' title='bbox 2209 3287 2280 3342; x_wconf 90' lang='lat' dir='ltr'>ad</span> <span class='ocrx_word' id='word_1_550' title='bbox 2311 3264 2719 3359; x_wconf 81' lang='lat' dir='ltr'>imperatorem</span> <span class='ocrx_word' id='word_1_551' title='bbox 2752 3264 2913 3341; x_wconf 73' lang='lat' dir='ltr'>clam</span> <span class='ocrx_word' id='word_1_552' title='bbox 2935 3287 3208 3357; x_wconf 90' lang='lat' dir='ltr'>directus,</span> <span class='ocrx_word' id='word_1_553' title='bbox 3246 3264 3343 3361; x_wconf 81' lang='lat' dir='ltr'>qui</span> <span class='ocrx_word' id='word_1_554' title='bbox 3370 3264 3709 3346; x_wconf 82' lang='lat' dir='ltr'>Ratherium</span> <span class='ocrx_word' id='word_1_555' title='bbox 3736 3264 3855 3347; x_wconf 43' lang='lat' dir='ltr'>.ae-</span> 
     </span>
    </p>
   </div>
   <div class='ocr_carea' id='block_1_81' title="bbox 2207 3375 3859 3453">
    <p class='ocr_par' dir='ltr' id='par_1_81' title="bbox 2207 3375 3859 3453">
     <span class='ocr_line' id='line_1_81' title="bbox 2207 3375 3859 3453; baseline 0.004 -23"><span class='ocrx_word' id='word_1_556' title='bbox 2207 3381 2453 3443; x_wconf 88' lang='lat' dir='ltr'>curaret,</span> <span class='ocrx_word' id='word_1_557' title='bbox 2489 3380 2545 3431; x_wconf 91' lang='lat' dir='ltr'>et</span> <span class='ocrx_word' id='word_1_558' title='bbox 2590 3375 2785 3447; x_wconf 90' lang='lat' dir='ltr'>ipsum</span> <span class='ocrx_word' id='word_1_559' title='bbox 2829 3377 3111 3432; x_wconf 65' lang='lat' dir='ltr'>Caesarem</span> <span class='ocrx_word' id='word_1_560' title='bbox 3143 3378 3213 3432; x_wconf 88' lang='lat' dir='ltr'>ad</span> <span class='ocrx_word' id='word_1_561' title='bbox 3244 3378 3561 3434; x_wconf 81' lang='lat' dir='ltr'>Judicalum</span> <span class='ocrx_word' id='word_1_562' title='bbox 3595 3380 3859 3453; x_wconf 90' lang='lat' dir='ltr'>episcopi</span> 
     </span>
    </p>
   </div>
   <div class='ocr_carea' id='block_1_82' title="bbox 2206 3463 3860 3541">
    <p class='ocr_par' dir='ltr' id='par_1_82' title="bbox 2206 3463 3860 3541">
     <span class='ocr_line' id='line_1_82' title="bbox 2206 3463 3860 3541; baseline 0.004 -23"><span class='ocrx_word' id='word_1_563' title='bbox 2206 3463 3137 3536; x_wconf 89' lang='lat' dir='ltr'>rescindendum,quibuscunque</span> <span class='ocrx_word' id='word_1_564' title='bbox 3169 3467 3343 3522; x_wconf 87' lang='lat' dir='ltr'>rebus</span> <span class='ocrx_word' id='word_1_565' title='bbox 3390 3471 3604 3539; x_wconf 82' lang='lat' dir='ltr'>posset,</span> <span class='ocrx_word' id='word_1_566' title='bbox 3624 3485 3860 3541; x_wconf 89' lang='lat' dir='ltr'>permo-</span> 
     </span>
    </p>
   </div>
   <div class='ocr_carea' id='block_1_83' title="bbox 2199 3553 3860 3631">
    <p class='ocr_par' dir='ltr' id='par_1_83' title="bbox 2199 3553 3860 3631">
     <span class='ocr_line' id='line_1_83' title="bbox 2199 3553 3860 3631; baseline 0.003 -21"><span class='ocrx_word' id='word_1_567' title='bbox 2199 3556 2376 3610; x_wconf 88' lang='lat' dir='ltr'>veret.</span> <span class='ocrx_word' id='word_1_568' title='bbox 2412 3554 2571 3607; x_wconf 89' lang='lat' dir='ltr'>Hanc</span> <span class='ocrx_word' id='word_1_569' title='bbox 2620 3553 2992 3609; x_wconf 82' lang='lat' dir='ltr'>manifestam</span> <span class='ocrx_word' id='word_1_570' title='bbox 3044 3555 3418 3612; x_wconf 85' lang='lat' dir='ltr'>rebellionem</span> <span class='ocrx_word' id='word_1_571' title='bbox 3471 3558 3671 3613; x_wconf 88' lang='lat' dir='ltr'>statim</span> <span class='ocrx_word' id='word_1_572' title='bbox 3720 3564 3860 3631; x_wconf 90' lang='lat' dir='ltr'>post</span> 
     </span>
    </p>
   </div>
   <div class='ocr_carea' id='block_1_84' title="bbox 2204 3642 3859 3719">
    <p class='ocr_par' dir='ltr' id='par_1_84' title="bbox 2204 3642 3859 3719">
     <span class='ocr_line' id='line_1_84' title="bbox 2204 3642 3859 3719; baseline 0.003 -21"><span class='ocrx_word' id='word_1_573' title='bbox 2204 3642 2425 3698; x_wconf 87' lang='lat' dir='ltr'>editum</span> <span class='ocrx_word' id='word_1_574' title='bbox 2454 3642 2769 3697; x_wconf 80' lang='lat' dir='ltr'>Judicalum</span> <span class='ocrx_word' id='word_1_575' title='bbox 2801 3644 3063 3714; x_wconf 87' lang='lat' dir='ltr'>erupisse</span> <span class='ocrx_word' id='word_1_576' title='bbox 3118 3644 3299 3716; x_wconf 90' lang='lat' dir='ltr'>liquet</span> <span class='ocrx_word' id='word_1_577' title='bbox 3346 3662 3414 3700; x_wconf 88' lang='lat' dir='ltr'>ex</span> <span class='ocrx_word' id='word_1_578' title='bbox 3461 3646 3740 3719; x_wconf 89' lang='lat' dir='ltr'>opusculo</span> <span class='ocrx_word' id='word_1_579' title='bbox 3788 3648 3859 3703; x_wconf 73' lang='lat' dir='ltr'>de</span> 
     </span>
    </p>
   </div>
   <div class='ocr_carea' id='block_1_85' title="bbox 2208 3732 3856 3808">
    <p class='ocr_par' dir='ltr' id='par_1_85' title="bbox 2208 3732 3856 3808">
     <span class='ocr_line' id='line_1_85' title="bbox 2208 3732 3856 3808; baseline 0.004 -21"><span class='ocrx_word' id='word_1_580' title='bbox 2208 3732 2432 3787; x_wconf 76' lang='lat' dir='ltr'>Clericis</span> <span class='ocrx_word' id='word_1_581' title='bbox 2462 3732 2773 3799; x_wconf 80' lang='lat' dir='ltr'>rebellibus,</span> <span class='ocrx_word' id='word_1_582' title='bbox 2811 3733 2963 3803; x_wconf 89' lang='lat' dir='ltr'>quod</span> <span class='ocrx_word' id='word_1_583' title='bbox 2994 3733 3081 3804; x_wconf 88' lang='lat' dir='ltr'>(V.</span> <span class='ocrx_word' id='word_1_584' title='bbox 3111 3738 3222 3789; x_wconf 76' lang='lat' dir='ltr'>not.</span> <span class='ocrx_word' id='word_1_585' title='bbox 3255 3736 3303 3805; x_wconf 96' lang='lat'>1)</span> <span class='ocrx_word' id='word_1_586' title='bbox 3330 3735 3615 3808; x_wconf 90' lang='lat' dir='ltr'>scriptum</span> <span class='ocrx_word' id='word_1_587' title='bbox 3648 3736 3759 3792; x_wconf 87' lang='lat' dir='ltr'>fuit</span> <span class='ocrx_word' id='word_1_588' title='bbox 3792 3737 3856 3794; x_wconf 90' lang='lat' dir='ltr'>in</span> 
     </span>
    </p>
   </div>
   <div class='ocr_carea' id='block_1_86' title="bbox 2202 3820 3859 3897">
    <p class='ocr_par' dir='ltr' id='par_1_86' title="bbox 2202 3820 3859 3897">
     <span class='ocr_line' id='line_1_86' title="bbox 2202 3820 3859 3897; baseline 0.003 -22"><span class='ocrx_word' id='word_1_589' title='bbox 2202 3821 2468 3876; x_wconf 84' lang='lat' dir='ltr'>Adventu</span> <span class='ocrx_word' id='word_1_590' title='bbox 2500 3820 2637 3874; x_wconf 90' lang='lat' dir='ltr'>anni</span> <span class='ocrx_word' id='word_1_591' title='bbox 2667 3820 3024 3876; x_wconf 81' lang='lat' dir='ltr'>967.Eximia</span> <span class='ocrx_word' id='word_1_592' title='bbox 3056 3823 3378 3878; x_wconf 84' lang='lat' dir='ltr'>moderatio</span> <span class='ocrx_word' id='word_1_593' title='bbox 3427 3822 3683 3897; x_wconf 90' lang='lat' dir='ltr'>episc0pi</span> <span class='ocrx_word' id='word_1_594' title='bbox 3734 3824 3859 3880; x_wconf 89' lang='lat' dir='ltr'>ibi-</span> 
     </span>
    </p>
   </div>
   <div class='ocr_carea' id='block_1_87' title="bbox 2205 3907 3855 3982">
    <p class='ocr_par' dir='ltr' id='par_1_87' title="bbox 2205 3907 3855 3982">
     <span class='ocr_line' id='line_1_87' title="bbox 2205 3907 3855 3982; baseline 0.004 -18"><span class='ocrx_word' id='word_1_595' title='bbox 2205 3909 2337 3964; x_wconf 88' lang='lat' dir='ltr'>dem</span> <span class='ocrx_word' id='word_1_596' title='bbox 2368 3907 2655 3980; x_wconf 88' lang='lat' dir='ltr'>proditur,</span> <span class='ocrx_word' id='word_1_597' title='bbox 2689 3909 2905 3982; x_wconf 89' lang='lat' dir='ltr'>quippe</span> <span class='ocrx_word' id='word_1_598' title='bbox 2935 3910 3035 3982; x_wconf 90' lang='lat' dir='ltr'>qui</span> <span class='ocrx_word' id='word_1_599' title='bbox 3065 3927 3200 3965; x_wconf 92' lang='lat' dir='ltr'>cum</span> <span class='ocrx_word' id='word_1_600' title='bbox 3231 3911 3472 3968; x_wconf 86' lang='lat' dir='ltr'>rebelles</span> <span class='ocrx_word' id='word_1_601' title='bbox 3507 3916 3628 3968; x_wconf 89' lang='lat' dir='ltr'>tam</span> <span class='ocrx_word' id='word_1_602' title='bbox 3660 3913 3855 3969; x_wconf 89' lang='lat' dir='ltr'>mani-</span> 
     </span>
    </p>
   </div>
   <div class='ocr_carea' id='block_1_88' title="bbox 2204 3997 3855 4072">
    <p class='ocr_par' dir='ltr' id='par_1_88' title="bbox 2204 3997 3855 4072">
     <span class='ocr_line' id='line_1_88' title="bbox 2204 3997 3855 4072; baseline 0.003 -19"><span class='ocrx_word' id='word_1_603' title='bbox 2204 3997 2381 4053; x_wconf 87' lang='lat' dir='ltr'>festos</span> <span class='ocrx_word' id='word_1_604' title='bbox 2412 4000 2537 4052; x_wconf 90' lang='lat' dir='ltr'>tum</span> <span class='ocrx_word' id='word_1_605' title='bbox 2561 3998 2856 4063; x_wconf 88' lang='lat' dir='ltr'>canonica,</span> <span class='ocrx_word' id='word_1_606' title='bbox 2893 4002 3016 4054; x_wconf 90' lang='lat' dir='ltr'>tum</span> <span class='ocrx_word' id='word_1_607' title='bbox 3048 3998 3338 4072; x_wconf 90' lang='lat' dir='ltr'>imperiali</span> <span class='ocrx_word' id='word_1_608' title='bbox 3383 3999 3722 4057; x_wconf 88' lang='lat' dir='ltr'>auctoritate</span> <span class='ocrx_word' id='word_1_609' title='bbox 3754 4018 3855 4057; x_wconf 83' lang='lat' dir='ltr'>ex-</span> 
     </span>
    </p>
   </div>
   <div class='ocr_carea' id='block_1_89' title="bbox 2205 4086 3856 4162">
    <p class='ocr_par' dir='ltr' id='par_1_89' title="bbox 2205 4086 3856 4162">
     <span class='ocr_line' id='line_1_89' title="bbox 2205 4086 3856 4162; baseline 0.002 -20"><span class='ocrx_word' id='word_1_610' title='bbox 2205 4086 2638 4142; x_wconf 88' lang='lat' dir='ltr'>communicare</span> <span class='ocrx_word' id='word_1_611' title='bbox 2669 4090 2725 4141; x_wconf 90' lang='lat' dir='ltr'>et</span> <span class='ocrx_word' id='word_1_612' title='bbox 2755 4087 2825 4142; x_wconf 91' lang='lat' dir='ltr'>de</span> <span class='ocrx_word' id='word_1_613' title='bbox 2857 4087 3101 4144; x_wconf 88' lang='lat' dir='ltr'>ecclesia</span> <span class='ocrx_word' id='word_1_614' title='bbox 3131 4094 3328 4161; x_wconf 87' lang='lat' dir='ltr'>posset</span> <span class='ocrx_word' id='word_1_615' title='bbox 3356 4090 3677 4162; x_wconf 83' lang='lat' dir='ltr'>extrudere,</span> <span class='ocrx_word' id='word_1_616' title='bbox 3705 4089 3856 4146; x_wconf 89' lang='lat' dir='ltr'>divi-</span> 
     </span>
    </p>
   </div>
   <div class='ocr_carea' id='block_1_90' title="bbox 2204 4175 3855 4237">
    <p class='ocr_par' dir='ltr' id='par_1_90' title="bbox 2204 4175 3855 4237">
     <span class='ocr_line' id='line_1_90' title="bbox 2204 4175 3855 4237; baseline 0.004 -7"><span class='ocrx_word' id='word_1_617' title='bbox 2204 4193 2339 4230; x_wconf 88' lang='lat' dir='ltr'>nam</span> <span class='ocrx_word' id='word_1_618' title='bbox 2372 4179 2566 4230; x_wconf 89' lang='lat' dir='ltr'>tamen</span> <span class='ocrx_word' id='word_1_619' title='bbox 2609 4175 3070 4233; x_wconf 88' lang='lat' dir='ltr'>misericordiam</span> <span class='ocrx_word' id='word_1_620' title='bbox 3119 4178 3383 4234; x_wconf 89' lang='lat' dir='ltr'>imitatus</span> <span class='ocrx_word' id='word_1_621' title='bbox 3433 4178 3637 4236; x_wconf 90' lang='lat' dir='ltr'>noluit.</span> <span class='ocrx_word' id='word_1_622' title='bbox 3672 4204 3699 4231; x_wconf 82' lang='lat'><strong>«</strong></span> <span class='ocrx_word' id='word_1_623' title='bbox 3735 4180 3855 4237; x_wconf 87' lang='lat' dir='ltr'>Hae</span> 
     </span>
    </p>
   </div>
   <div class='ocr_carea' id='block_1_91' title="bbox 2202 4264 3857 4340">
    <p class='ocr_par' dir='ltr' id='par_1_91' title="bbox 2202 4264 3857 4340">
     <span class='ocr_line' id='line_1_91' title="bbox 2202 4264 3857 4340; baseline 0.004 -21"><span class='ocrx_word' id='word_1_624' title='bbox 2202 4264 2400 4337; x_wconf 88' lang='lat' dir='ltr'>itaque</span> <span class='ocrx_word' id='word_1_625' title='bbox 2431 4266 2501 4319; x_wconf 92' lang='lat' dir='ltr'>de</span> <span class='ocrx_word' id='word_1_626' title='bbox 2531 4282 2726 4332; x_wconf 88' lang='lat' dir='ltr'>causa,</span> <span class='ocrx_word' id='word_1_627' title='bbox 2760 4266 2841 4321; x_wconf 89' lang='lat' dir='ltr'>ait</span> <span class='ocrx_word' id='word_1_628' title='bbox 2882 4284 3045 4323; x_wconf 91' lang='lat' dir='ltr'>num.</span> <span class='ocrx_word' id='word_1_629' title='bbox 3079 4271 3131 4335; x_wconf 89' lang='lat'>2,</span> <span class='ocrx_word' id='word_1_630' title='bbox 3182 4268 3455 4340; x_wconf 89' lang='lat' dir='ltr'>Apostolo</span> <span class='ocrx_word' id='word_1_631' title='bbox 3504 4270 3857 4326; x_wconf 86' lang='lat' dir='ltr'>conveniens</span> 
     </span>
    </p>
   </div>
   <div class='ocr_carea' id='block_1_92' title="bbox 2204 4353 3857 4426">
    <p class='ocr_par' dir='ltr' id='par_1_92' title="bbox 2204 4353 3857 4426">
     <span class='ocr_line' id='line_1_92' title="bbox 2204 4353 3857 4426; baseline 0.003 -17"><span class='ocrx_word' id='word_1_632' title='bbox 2204 4355 2373 4426; x_wconf 82' lang='lat' dir='ltr'>[CLVI]</span> <span class='ocrx_word' id='word_1_633' title='bbox 2434 4353 2668 4409; x_wconf 90' lang='lat' dir='ltr'>dicenti.</span> <span class='ocrx_word' id='word_1_634' title='bbox 2707 4377 2734 4403; x_wconf 86' lang='lat'>»</span> <span class='ocrx_word' id='word_1_635' title='bbox 2794 4356 2989 4411; x_wconf 89' lang='lat' dir='ltr'>Estote</span> <span class='ocrx_word' id='word_1_636' title='bbox 3042 4357 3363 4413; x_wconf 90' lang='lat' dir='ltr'>imitatores</span> <span class='ocrx_word' id='word_1_637' title='bbox 3396 4358 3518 4426; x_wconf 86' lang='lat' dir='ltr'>Dei,</span> <span class='ocrx_word' id='word_1_638' title='bbox 3548 4358 3701 4414; x_wconf 89' lang='lat' dir='ltr'>sicut</span> <span class='ocrx_word' id='word_1_639' title='bbox 3748 4358 3857 4414; x_wconf 80' lang='lat' dir='ltr'>filii</span> 
     </span>
    </p>
   </div>
   <div class='ocr_carea' id='block_1_93' title="bbox 2204 4443 3860 4519">
    <p class='ocr_par' dir='ltr' id='par_1_93' title="bbox 2204 4443 3860 4519">
     <span class='ocr_line' id='line_1_93' title="bbox 2204 4443 3860 4519; baseline 0.004 -21"><span class='ocrx_word' id='word_1_640' title='bbox 2204 4443 2533 4499; x_wconf 89' lang='lat' dir='ltr'>cbarissimi</span> <span class='ocrx_word' id='word_1_641' title='bbox 2566 4444 2777 4515; x_wconf 80' lang='lat' dir='ltr'>(Ephcs.</span> <span class='ocrx_word' id='word_1_642' title='bbox 2809 4462 2863 4513; x_wconf 91' lang='lat' dir='ltr'>v,</span> <span class='ocrx_word' id='word_1_643' title='bbox 2899 4446 3008 4515; x_wconf 87' lang='lat'>17),</span> <span class='ocrx_word' id='word_1_644' title='bbox 3034 4469 3061 4495; x_wconf 88' lang='grc'>‹‹</span> <span class='ocrx_word' id='word_1_645' title='bbox 3099 4463 3244 4519; x_wconf 89' lang='lat' dir='ltr'>quos</span> <span class='ocrx_word' id='word_1_646' title='bbox 3274 4446 3371 4502; x_wconf 91' lang='lat' dir='ltr'>ille</span> <span class='ocrx_word' id='word_1_647' title='bbox 3402 4446 3860 4504; x_wconf 87' lang='lat' dir='ltr'>misericorditer</span> 
     </span>
    </p>
   </div>
   <div class='ocr_carea' id='block_1_94' title="bbox 2204 4535 3860 4610">
    <p class='ocr_par' dir='ltr' id='par_1_94' title="bbox 2204 4535 3860 4610">
     <span class='ocr_line' id='line_1_94' title="bbox 2204 4535 3860 4610; baseline 0.004 -23"><span class='ocrx_word' id='word_1_648' title='bbox 2204 4537 2269 4588; x_wconf 88' lang='lat' dir='ltr'>ut</span> <span class='ocrx_word' id='word_1_649' title='bbox 2301 4538 2459 4605; x_wconf 81' lang='lat' dir='ltr'>puto,</span> <span class='ocrx_word' id='word_1_650' title='bbox 2494 4537 2775 4605; x_wconf 84' lang='lat' dir='ltr'>expectat,</span> <span class='ocrx_word' id='word_1_651' title='bbox 2798 4550 2910 4589; x_wconf 92' lang='lat' dir='ltr'>non</span> <span class='ocrx_word' id='word_1_652' title='bbox 2942 4552 3124 4591; x_wconf 83' lang='lat' dir='ltr'>ausus</span> <span class='ocrx_word' id='word_1_653' title='bbox 3156 4535 3465 4591; x_wconf 86' lang='lat' dir='ltr'>crudeliter</span> <span class='ocrx_word' id='word_1_654' title='bbox 3494 4536 3860 4610; x_wconf 86' lang='lat' dir='ltr'>insequi,spe</span> 
     </span>
    </p>
   </div>
   <div class='ocr_carea' id='block_1_95' title="bbox 448 4619 3858 4704">
    <p class='ocr_par' dir='ltr' id='par_1_95' title="bbox 448 4619 3858 4704">
     <span class='ocr_line' id='line_1_95' title="bbox 448 4619 3858 4704; baseline 0.001 -24"><span class='ocrx_word' id='word_1_655' title='bbox 448 4642 659 4698; x_wconf 90' lang='lat' dir='ltr'>porum</span> <span class='ocrx_word' id='word_1_656' title='bbox 674 4624 961 4679; x_wconf 86' lang='lat' dir='ltr'>Veronam</span> <span class='ocrx_word' id='word_1_657' title='bbox 996 4619 1411 4677; x_wconf 86' lang='lat' dir='ltr'>conﬂuentium</span> <span class='ocrx_word' id='word_1_658' title='bbox 1442 4625 1645 4692; x_wconf 78' lang='lat' dir='ltr'>cmtus,</span> <span class='ocrx_word' id='word_1_659' title='bbox 1678 4638 1851 4693; x_wconf 89' lang='lat' dir='ltr'>quem</span> <span class='ocrx_word' id='word_1_660' title='bbox 1884 4623 2095 4679; x_wconf 81' lang='lat' dir='ltr'>Rathe-</span> <span class='ocrx_word' id='word_1_661' title='bbox 2124 4638 2172 4704; x_wconf 84' lang='lat' dir='ltr'>D</span> <span class='ocrx_word' id='word_1_662' title='bbox 2204 4622 2467 4687; x_wconf 87' lang='lat' dir='ltr'>forsitan,</span> <span class='ocrx_word' id='word_1_663' title='bbox 2504 4621 2640 4677; x_wconf 89' lang='lat' dir='ltr'>licet</span> <span class='ocrx_word' id='word_1_664' title='bbox 2668 4622 2851 4692; x_wconf 86' lang='lat' dir='ltr'>inani,</span> <span class='ocrx_word' id='word_1_665' title='bbox 2891 4624 3328 4679; x_wconf 87' lang='lat' dir='ltr'>conversionem</span> <span class='ocrx_word' id='word_1_666' title='bbox 3377 4625 3523 4680; x_wconf 88' lang='lat' dir='ltr'>mihi</span> <span class='ocrx_word' id='word_1_667' title='bbox 3572 4625 3858 4698; x_wconf 87' lang='lat' dir='ltr'>pollicens</span> 
     </span>
    </p>
   </div>
   <div class='ocr_carea' id='block_1_96' title="bbox 450 4708 2097 4786">
    <p class='ocr_par' dir='ltr' id='par_1_96' title="bbox 450 4708 2097 4786">
     <span class='ocr_line' id='line_1_96' title="bbox 450 4708 2097 4786; baseline -0.002 -16"><span class='ocrx_word' id='word_1_668' title='bbox 450 4714 575 4770; x_wconf 89' lang='lat' dir='ltr'>rius</span> <span class='ocrx_word' id='word_1_669' title='bbox 604 4711 930 4786; x_wconf 87' lang='lat' dir='ltr'>cogendum</span> <span class='ocrx_word' id='word_1_670' title='bbox 963 4708 1478 4783; x_wconf 64' lang='lat' dir='ltr'>praesenserat,fuit</span> <span class='ocrx_word' id='word_1_671' title='bbox 1498 4708 1599 4763; x_wconf 89' lang='lat' dir='ltr'>illa</span> <span class='ocrx_word' id='word_1_672' title='bbox 1621 4732 1649 4760; x_wconf 88' lang='grc'>‹‹</span> <span class='ocrx_word' id='word_1_673' title='bbox 1674 4712 1932 4782; x_wconf 80' lang='lat' dir='ltr'>synodus</span> <span class='ocrx_word' id='word_1_674' title='bbox 1954 4729 2097 4768; x_wconf 91' lang='lat' dir='ltr'>con-</span> 
     </span>
    </p>
   </div>
   <div class='ocr_carea' id='block_1_97' title="bbox 451 4797 2094 4875">
    <p class='ocr_par' dir='ltr' id='par_1_97' title="bbox 451 4797 2094 4875">
     <span class='ocr_line' id='line_1_97' title="bbox 451 4797 2094 4875; baseline 0.001 -19"><span class='ocrx_word' id='word_1_675' title='bbox 451 4801 987 4875; x_wconf 79' lang='lat' dir='ltr'>greganda,»quam</span> <span class='ocrx_word' id='word_1_676' title='bbox 1010 4816 1143 4854; x_wconf 91' lang='lat' dir='ltr'>cum</span> <span class='ocrx_word' id='word_1_677' title='bbox 1166 4797 1533 4870; x_wconf 87' lang='lat' dir='ltr'>imperatoris</span> <span class='ocrx_word' id='word_1_678' title='bbox 1546 4800 1855 4870; x_wconf 69' lang='lat' dir='ltr'>praesentia</span> <span class='ocrx_word' id='word_1_679' title='bbox 1866 4801 2094 4858; x_wconf 87' lang='lat' dir='ltr'>duobus</span> 
     </span>
    </p>
   </div>
   <div class='ocr_carea' id='block_1_98' title="bbox 449 4885 2097 4960">
    <p class='ocr_par' dir='ltr' id='par_1_98' title="bbox 449 4885 2097 4960">
     <span class='ocr_line' id='line_1_98' title="bbox 449 4885 2097 4960; baseline 0 -14"><span class='ocrx_word' id='word_1_680' title='bbox 449 4891 507 4946; x_wconf 91' lang='lat' dir='ltr'>in</span> <span class='ocrx_word' id='word_1_681' title='bbox 538 4888 681 4946; x_wconf 91' lang='lat' dir='ltr'>locis</span> <span class='ocrx_word' id='word_1_682' title='bbox 709 4888 1037 4960; x_wconf 84' lang='lat' dir='ltr'>conjunxit;</span> <span class='ocrx_word' id='word_1_683' title='bbox 1071 4903 1255 4957; x_wconf 89' lang='lat' dir='ltr'>eaque</span> <span class='ocrx_word' id='word_1_684' title='bbox 1277 4885 1470 4959; x_wconf 87' lang='lat' dir='ltr'>reipsa</span> <span class='ocrx_word' id='word_1_685' title='bbox 1486 4887 1716 4943; x_wconf 88' lang='lat' dir='ltr'>videtur</span> <span class='ocrx_word' id='word_1_686' title='bbox 1738 4894 2097 4960; x_wconf 86' lang='lat' dir='ltr'>coacta,cum</span> 
     </span>
    </p>
   </div>
   <div class='ocr_carea' id='block_1_99' title="bbox 451 4976 2100 5059">
    <p class='ocr_par' dir='ltr' id='par_1_99' title="bbox 451 4976 2100 5059">
     <span class='ocr_line' id='line_1_99' title="bbox 451 4976 2100 5059; baseline -0.001 -23"><span class='ocrx_word' id='word_1_687' title='bbox 451 4979 784 5053; x_wconf 88' lang='lat' dir='ltr'>patriarcha</span> <span class='ocrx_word' id='word_1_688' title='bbox 813 4995 879 5034; x_wconf 90' lang='lat' dir='ltr'>ac</span> <span class='ocrx_word' id='word_1_689' title='bbox 909 4977 1097 5033; x_wconf 67' lang='lat' dir='ltr'>caeteri</span> <span class='ocrx_word' id='word_1_690' title='bbox 1126 4976 1307 5059; x_wconf 79' lang='lat' dir='ltr'>hujus</span> <span class='ocrx_word' id='word_1_691' title='bbox 1337 4976 1633 5047; x_wconf 89' lang='lat' dir='ltr'>provincia</span> <span class='ocrx_word' id='word_1_692' title='bbox 1652 4978 1911 5051; x_wconf 89' lang='lat' dir='ltr'>episcopi</span> <span class='ocrx_word' id='word_1_693' title='bbox 1939 4980 2100 5036; x_wconf 71' lang='lat' dir='ltr'>ludi-</span> 
     </span>
    </p>
   </div>
   <div class='ocr_carea' id='block_1_100' title="bbox 449 5065 2121 5140">
    <p class='ocr_par' dir='ltr' id='par_1_100' title="bbox 449 5065 2121 5140">
     <span class='ocr_line' id='line_1_100' title="bbox 449 5065 2121 5140; baseline -0.002 -14"><span class='ocrx_word' id='word_1_694' title='bbox 449 5077 567 5126; x_wconf 83' lang='lat' dir='ltr'>cato</span> <span class='ocrx_word' id='word_1_695' title='bbox 597 5069 1091 5140; x_wconf 88' lang='lat' dir='ltr'>subscripserunt.</span> <span class='ocrx_word' id='word_1_696' title='bbox 1120 5066 1264 5121; x_wconf 91' lang='lat' dir='ltr'>Cum</span> <span class='ocrx_word' id='word_1_697' title='bbox 1296 5065 1356 5119; x_wconf 89' lang='lat' dir='ltr'>in</span> <span class='ocrx_word' id='word_1_698' title='bbox 1383 5069 1627 5138; x_wconf 89' lang='lat' dir='ltr'>utroque</span> <span class='ocrx_word' id='word_1_699' title='bbox 1655 5071 1848 5123; x_wconf 81' lang='lat' dir='ltr'>textus</span> <span class='ocrx_word' id='word_1_700' title='bbox 1881 5069 2121 5124; x_wconf 66' lang='lat' dir='ltr'>Rathae-&quot;</span> 
     </span>
    </p>
   </div>
   <div class='ocr_carea' id='block_1_101' title="bbox 451 5155 2096 5231">
    <p class='ocr_par' dir='ltr' id='par_1_101' title="bbox 451 5155 2096 5231">
     <span class='ocr_line' id='line_1_101' title="bbox 451 5155 2096 5231; baseline -0.001 -17"><span class='ocrx_word' id='word_1_701' title='bbox 451 5160 576 5214; x_wconf 87' lang='lat' dir='ltr'>rius</span> <span class='ocrx_word' id='word_1_702' title='bbox 605 5158 895 5231; x_wconf 87' lang='lat' dir='ltr'>synodum</span> <span class='ocrx_word' id='word_1_703' title='bbox 927 5155 1393 5229; x_wconf 85' lang='lat' dir='ltr'>congregandam</span> <span class='ocrx_word' id='word_1_704' title='bbox 1442 5155 1729 5228; x_wconf 88' lang='lat' dir='ltr'>imperiali</span> <span class='ocrx_word' id='word_1_705' title='bbox 1780 5158 2096 5229; x_wconf 63' lang='lat' dir='ltr'>prazscntiae</span> 
     </span>
    </p>
   </div>
   <div class='ocr_carea' id='block_1_102' title="bbox 452 5243 2101 5319">
    <p class='ocr_par' dir='ltr' id='par_1_102' title="bbox 452 5243 2101 5319">
     <span class='ocr_line' id='line_1_102' title="bbox 452 5243 2101 5319; baseline -0.001 -17"><span class='ocrx_word' id='word_1_706' title='bbox 452 5247 755 5317; x_wconf 82' lang='lat' dir='ltr'>subjiciat;</span> <span class='ocrx_word' id='word_1_707' title='bbox 781 5247 903 5303; x_wconf 62' lang='lat' dir='ltr'>haec</span> <span class='ocrx_word' id='word_1_708' title='bbox 925 5244 1183 5319; x_wconf 86' lang='lat' dir='ltr'>synodus</span> <span class='ocrx_word' id='word_1_709' title='bbox 1205 5243 1402 5300; x_wconf 82' lang='lat' dir='ltr'>statim</span> <span class='ocrx_word' id='word_1_710' title='bbox 1435 5250 1565 5315; x_wconf 89' lang='lat' dir='ltr'>post</span> <span class='ocrx_word' id='word_1_711' title='bbox 1596 5246 1963 5316; x_wconf 85' lang='lat' dir='ltr'>imperatoris</span> <span class='ocrx_word' id='word_1_712' title='bbox 1986 5247 2101 5302; x_wconf 90' lang='lat' dir='ltr'>dis-</span> 
     </span>
    </p>
   </div>
   <div class='ocr_carea' id='block_1_103' title="bbox 452 5332 2100 5405">
    <p class='ocr_par' dir='ltr' id='par_1_103' title="bbox 452 5332 2100 5405">
     <span class='ocr_line' id='line_1_103' title="bbox 452 5332 2100 5405; baseline 0 -15"><span class='ocrx_word' id='word_1_713' title='bbox 452 5352 683 5390; x_wconf 89' lang='lat' dir='ltr'>cessum</span> <span class='ocrx_word' id='word_1_714' title='bbox 715 5336 918 5391; x_wconf 85' lang='lat' dir='ltr'>habita</span> <span class='ocrx_word' id='word_1_715' title='bbox 947 5332 1130 5388; x_wconf 85' lang='lat' dir='ltr'>videri</span> <span class='ocrx_word' id='word_1_716' title='bbox 1163 5337 1369 5405; x_wconf 90' lang='lat' dir='ltr'>potest,</span> <span class='ocrx_word' id='word_1_717' title='bbox 1412 5338 1723 5405; x_wconf 88' lang='lat' dir='ltr'>antequam</span> <span class='ocrx_word' id='word_1_718' title='bbox 1756 5334 1835 5389; x_wconf 90' lang='lat' dir='ltr'>illi</span> <span class='ocrx_word' id='word_1_719' title='bbox 1867 5334 1929 5389; x_wconf 90' lang='lat' dir='ltr'>in</span> <span class='ocrx_word' id='word_1_720' title='bbox 1960 5352 2100 5390; x_wconf 89' lang='lat' dir='ltr'>suas</span> 
     </span>
    </p>
   </div>
   <div class='ocr_carea' id='block_1_104' title="bbox 453 5422 2099 5496">
    <p class='ocr_par' dir='ltr' id='par_1_104' title="bbox 453 5422 2099 5496">
     <span class='ocr_line' id='line_1_104' title="bbox 453 5422 2099 5496; baseline -0.001 -16"><span class='ocrx_word' id='word_1_721' title='bbox 453 5424 620 5480; x_wconf 89' lang='lat' dir='ltr'>sedes</span> <span class='ocrx_word' id='word_1_722' title='bbox 642 5423 781 5479; x_wconf 89' lang='lat' dir='ltr'>remi</span> <span class='ocrx_word' id='word_1_723' title='bbox 789 5422 1513 5496; x_wconf 73' lang='lat' dir='ltr'>grarentJIincJudicatum</span> <span class='ocrx_word' id='word_1_724' title='bbox 1526 5422 1715 5492; x_wconf 83' lang='lat' dir='ltr'>antea[</span> <span class='ocrx_word' id='word_1_725' title='bbox 1721 5423 1842 5493; x_wconf 69' lang='lat' dir='ltr'>cev)</span> <span class='ocrx_word' id='word_1_726' title='bbox 1863 5423 2099 5494; x_wconf 91' lang='lat' dir='ltr'>quidem</span> 
     </span>
    </p>
   </div>
   <div class='ocr_carea' id='block_1_105' title="bbox 454 5510 2099 5585">
    <p class='ocr_par' dir='ltr' id='par_1_105' title="bbox 454 5510 2099 5585">
     <span class='ocr_line' id='line_1_105' title="bbox 454 5510 2099 5585; baseline 0.001 -17"><span class='ocrx_word' id='word_1_727' title='bbox 454 5528 489 5568; x_wconf 88' lang='lat' dir='ltr'>a</span> <span class='ocrx_word' id='word_1_728' title='bbox 510 5512 783 5567; x_wconf 85' lang='lat' dir='ltr'>Ratherio</span> <span class='ocrx_word' id='word_1_729' title='bbox 806 5516 1217 5585; x_wconf 89' lang='lat' dir='ltr'>paratum,non</span> <span class='ocrx_word' id='word_1_730' title='bbox 1239 5529 1368 5567; x_wconf 90' lang='lat' dir='ltr'>vero</span> <span class='ocrx_word' id='word_1_731' title='bbox 1391 5511 1633 5579; x_wconf 89' lang='lat' dir='ltr'>editum,</span> <span class='ocrx_word' id='word_1_732' title='bbox 1654 5510 1767 5566; x_wconf 90' lang='lat' dir='ltr'>nisi</span> <span class='ocrx_word' id='word_1_733' title='bbox 1789 5517 2099 5584; x_wconf 87' lang='lat' dir='ltr'>postquam</span> 
     </span>
    </p>
   </div>
   <div class='ocr_carea' id='block_1_106' title="bbox 454 5600 2103 5674">
    <p class='ocr_par' dir='ltr' id='par_1_106' title="bbox 454 5600 2103 5674">
     <span class='ocr_line' id='line_1_106' title="bbox 454 5600 2103 5674; baseline 0.001 -17"><span class='ocrx_word' id='word_1_734' title='bbox 454 5602 823 5673; x_wconf 87' lang='lat' dir='ltr'>imperatoris</span> <span class='ocrx_word' id='word_1_735' title='bbox 844 5617 1144 5671; x_wconf 86' lang='lat' dir='ltr'>assensus,</span> <span class='ocrx_word' id='word_1_736' title='bbox 1159 5618 1261 5657; x_wconf 91' lang='lat' dir='ltr'>seu</span> <span class='ocrx_word' id='word_1_737' title='bbox 1293 5617 1395 5674; x_wconf 87' lang='lat' dir='ltr'>per</span> <span class='ocrx_word' id='word_1_738' title='bbox 1425 5604 1815 5657; x_wconf 86' lang='lat' dir='ltr'>memoratum</span> <span class='ocrx_word' id='word_1_739' title='bbox 1842 5600 2103 5673; x_wconf 84' lang='lat' dir='ltr'>diploma</span> 
     </span>
    </p>
   </div>
   <div class='ocr_carea' id='block_1_107' title="bbox 454 5688 2100 5766">
    <p class='ocr_par' dir='ltr' id='par_1_107' title="bbox 454 5688 2100 5766">
     <span class='ocr_line' id='line_1_107' title="bbox 454 5688 2100 5766; baseline 0 -18"><span class='ocrx_word' id='word_1_740' title='bbox 454 5689 777 5766; x_wconf 87' lang='lat' dir='ltr'>imperialis</span> <span class='ocrx_word' id='word_1_741' title='bbox 796 5690 1212 5760; x_wconf 88' lang='lat' dir='ltr'>tuitio,neenon</span> <span class='ocrx_word' id='word_1_742' title='bbox 1245 5688 1584 5762; x_wconf 64' lang='lat' dir='ltr'>patriarchae</span> <span class='ocrx_word' id='word_1_743' title='bbox 1610 5692 1666 5745; x_wconf 90' lang='lat' dir='ltr'>et</span> <span class='ocrx_word' id='word_1_744' title='bbox 1694 5688 2100 5763; x_wconf 89' lang='lat' dir='ltr'>episcoporum</span> 
     </span>
    </p>
   </div>
   <div class='ocr_carea' id='block_1_108' title="bbox 2206 4712 3860 4784">
    <p class='ocr_par' dir='ltr' id='par_1_108' title="bbox 2206 4712 3860 4784">
     <span class='ocr_line' id='line_1_108' title="bbox 2206 4712 3860 4784; baseline 0.002 -17"><span class='ocrx_word' id='word_1_745' title='bbox 2206 4717 2481 4775; x_wconf 86' lang='lat' dir='ltr'>vestram,</span> <span class='ocrx_word' id='word_1_746' title='bbox 2515 4728 2649 4766; x_wconf 90' lang='lat' dir='ltr'>cum</span> <span class='ocrx_word' id='word_1_747' title='bbox 2699 4712 3135 4784; x_wconf 87' lang='lat' dir='ltr'>proposuissem</span> <span class='ocrx_word' id='word_1_748' title='bbox 3183 4731 3283 4770; x_wconf 89' lang='lat' dir='ltr'>vos</span> <span class='ocrx_word' id='word_1_749' title='bbox 3330 4714 3414 4769; x_wconf 89' lang='lat' dir='ltr'>uti</span> <span class='ocrx_word' id='word_1_750' title='bbox 3447 4713 3757 4771; x_wconf 86' lang='lat' dir='ltr'>rebelles...</span> <span class='ocrx_word' id='word_1_751' title='bbox 3791 4719 3860 4770; x_wconf 89' lang='lat' dir='ltr'>ut</span> 
     </span>
    </p>
   </div>
   <div class='ocr_carea' id='block_1_109' title="bbox 2206 4799 3859 4873">
    <p class='ocr_par' dir='ltr' id='par_1_109' title="bbox 2206 4799 3859 4873">
     <span class='ocr_line' id='line_1_109' title="bbox 2206 4799 3859 4873; baseline 0.003 -17"><span class='ocrx_word' id='word_1_752' title='bbox 2206 4805 2262 4856; x_wconf 88' lang='lat' dir='ltr'>et</span> <span class='ocrx_word' id='word_1_753' title='bbox 2291 4800 2554 4873; x_wconf 88' lang='lat' dir='ltr'>legalitcr</span> <span class='ocrx_word' id='word_1_754' title='bbox 2583 4804 2639 4855; x_wconf 91' lang='lat' dir='ltr'>et</span> <span class='ocrx_word' id='word_1_755' title='bbox 2666 4799 3046 4873; x_wconf 89' lang='lat' dir='ltr'>imperialiter</span> <span class='ocrx_word' id='word_1_756' title='bbox 3077 4804 3366 4859; x_wconf 87' lang='lat' dir='ltr'>sancitum</span> <span class='ocrx_word' id='word_1_757' title='bbox 3392 4807 3496 4868; x_wconf 89' lang='lat' dir='ltr'>est,</span> <span class='ocrx_word' id='word_1_758' title='bbox 3525 4803 3859 4861; x_wconf 86' lang='lat' dir='ltr'>abEcclesia</span> 
     </span>
    </p>
   </div>
   <div class='ocr_carea' id='block_1_110' title="bbox 2206 4890 3860 4965">
    <p class='ocr_par' dir='ltr' id='par_1_110' title="bbox 2206 4890 3860 4965">
     <span class='ocr_line' id='line_1_110' title="bbox 2206 4890 3860 4965; baseline 0.002 -19"><span class='ocrx_word' id='word_1_759' title='bbox 2206 4890 2538 4956; x_wconf 82' lang='lat' dir='ltr'>extrudere;</span> <span class='ocrx_word' id='word_1_760' title='bbox 2566 4890 2824 4961; x_wconf 89' lang='lat' dir='ltr'>pepercit</span> <span class='ocrx_word' id='word_1_761' title='bbox 2844 4891 3076 4948; x_wconf 86' lang='lat' dir='ltr'>animus</span> <span class='ocrx_word' id='word_1_762' title='bbox 3108 4892 3361 4965; x_wconf 89' lang='lat' dir='ltr'>diploide</span> <span class='ocrx_word' id='word_1_763' title='bbox 3391 4893 3755 4950; x_wconf 86' lang='lat' dir='ltr'>confusionis</span> <span class='ocrx_word' id='word_1_764' title='bbox 3775 4892 3860 4949; x_wconf 88' lang='lat' dir='ltr'>in-</span> 
     </span>
    </p>
   </div>
   <div class='ocr_carea' id='block_1_111' title="bbox 2208 4978 3860 5052">
    <p class='ocr_par' dir='ltr' id='par_1_111' title="bbox 2208 4978 3860 5052">
     <span class='ocr_line' id='line_1_111' title="bbox 2208 4978 3860 5052; baseline 0.003 -18"><span class='ocrx_word' id='word_1_765' title='bbox 2208 4979 2383 5034; x_wconf 85' lang='lat' dir='ltr'>duere</span> <span class='ocrx_word' id='word_1_766' title='bbox 2413 4978 2657 5050; x_wconf 82' lang='lat' dir='ltr'>(lbid.).»</span> <span class='ocrx_word' id='word_1_767' title='bbox 2686 4979 2831 5046; x_wconf 87' lang='lat' dir='ltr'>Quid</span> <span class='ocrx_word' id='word_1_768' title='bbox 2865 4982 3020 5052; x_wconf 89' lang='lat' dir='ltr'>quod</span> <span class='ocrx_word' id='word_1_769' title='bbox 3053 4982 3273 5038; x_wconf 86' lang='lat' dir='ltr'>sciebat</span> <span class='ocrx_word' id='word_1_770' title='bbox 3302 4981 3613 5038; x_wconf 88' lang='lat' dir='ltr'>canonicos</span> <span class='ocrx_word' id='word_1_771' title='bbox 3646 4982 3719 5037; x_wconf 93' lang='lat' dir='ltr'>ad</span> <span class='ocrx_word' id='word_1_772' title='bbox 3752 4983 3860 5039; x_wconf 89' lang='lat' dir='ltr'>im-</span> 
     </span>
    </p>
   </div>
   <div class='ocr_carea' id='block_1_112' title="bbox 2207 5069 3855 5145">
    <p class='ocr_par' dir='ltr' id='par_1_112' title="bbox 2207 5069 3855 5145">
     <span class='ocr_line' id='line_1_112' title="bbox 2207 5069 3855 5145; baseline 0.002 -22"><span class='ocrx_word' id='word_1_773' title='bbox 2207 5071 2533 5141; x_wconf 89' lang='lat' dir='ltr'>peratorem</span> <span class='ocrx_word' id='word_1_774' title='bbox 2568 5069 2841 5125; x_wconf 90' lang='lat' dir='ltr'>nuntium</span> <span class='ocrx_word' id='word_1_775' title='bbox 2873 5070 3126 5142; x_wconf 89' lang='lat' dir='ltr'>misisse,</span> <span class='ocrx_word' id='word_1_776' title='bbox 3162 5071 3259 5144; x_wconf 89' lang='lat' dir='ltr'>qui</span> <span class='ocrx_word' id='word_1_777' title='bbox 3302 5078 3505 5127; x_wconf 89' lang='lat' dir='ltr'>contra</span> <span class='ocrx_word' id='word_1_778' title='bbox 3534 5088 3597 5129; x_wconf 87' lang='lat' dir='ltr'>se</span> <span class='ocrx_word' id='word_1_779' title='bbox 3623 5076 3855 5145; x_wconf 84' lang='lat' dir='ltr'>ageret;</span> 
     </span>
    </p>
   </div>
   <div class='ocr_carea' id='block_1_113' title="bbox 2208 5157 3858 5230">
    <p class='ocr_par' dir='ltr' id='par_1_113' title="bbox 2208 5157 3858 5230">
     <span class='ocr_line' id='line_1_113' title="bbox 2208 5157 3858 5230; baseline 0.004 -19"><span class='ocrx_word' id='word_1_780' title='bbox 2208 5157 2332 5229; x_wconf 88' lang='lat' dir='ltr'>ipse</span> <span class='ocrx_word' id='word_1_781' title='bbox 2364 5161 2557 5213; x_wconf 89' lang='lat' dir='ltr'>autem</span> <span class='ocrx_word' id='word_1_782' title='bbox 2588 5173 2655 5213; x_wconf 73' lang='lat' dir='ltr'>ex</span> <span class='ocrx_word' id='word_1_783' title='bbox 2687 5163 2850 5230; x_wconf 85' lang='lat' dir='ltr'>parte</span> <span class='ocrx_word' id='word_1_784' title='bbox 2880 5177 2987 5215; x_wconf 88' lang='lat' dir='ltr'>sua</span> <span class='ocrx_word' id='word_1_785' title='bbox 3016 5160 3311 5217; x_wconf 90' lang='lat' dir='ltr'>neminem</span> <span class='ocrx_word' id='word_1_786' title='bbox 3345 5161 3701 5217; x_wconf 88' lang='lat' dir='ltr'>mittendum</span> <span class='ocrx_word' id='word_1_787' title='bbox 3735 5178 3858 5218; x_wconf 88' lang='lat' dir='ltr'>cre-</span> 
     </span>
    </p>
   </div>
   <div class='ocr_carea' id='block_1_114' title="bbox 2208 5246 3862 5322">
    <p class='ocr_par' dir='ltr' id='par_1_114' title="bbox 2208 5246 3862 5322">
     <span class='ocr_line' id='line_1_114' title="bbox 2208 5246 3862 5322; baseline 0.004 -21"><span class='ocrx_word' id='word_1_788' title='bbox 2208 5246 2377 5313; x_wconf 90' lang='lat' dir='ltr'>didit,</span> <span class='ocrx_word' id='word_1_789' title='bbox 2412 5250 2719 5318; x_wconf 86' lang='lat' dir='ltr'>totumque</span> <span class='ocrx_word' id='word_1_790' title='bbox 2748 5248 3049 5320; x_wconf 84' lang='lat' dir='ltr'>negotium</span> <span class='ocrx_word' id='word_1_791' title='bbox 3071 5250 3277 5307; x_wconf 80' lang='lat' dir='ltr'>divinae</span> <span class='ocrx_word' id='word_1_792' title='bbox 3310 5250 3680 5322; x_wconf 68' lang='lat' dir='ltr'>providentiae</span> <span class='ocrx_word' id='word_1_793' title='bbox 3706 5258 3862 5308; x_wconf 76' lang='lat' dir='ltr'>com-&#39;-</span> 
     </span>
    </p>
   </div>
   <div class='ocr_carea' id='block_1_115' title="bbox 2210 5334 3862 5413">
    <p class='ocr_par' dir='ltr' id='par_1_115' title="bbox 2210 5334 3862 5413">
     <span class='ocr_line' id='line_1_115' title="bbox 2210 5334 3862 5413; baseline 0.005 -25"><span class='ocrx_word' id='word_1_794' title='bbox 2210 5334 2388 5389; x_wconf 87' lang='lat' dir='ltr'>misit.</span> <span class='ocrx_word' id='word_1_795' title='bbox 2420 5335 2842 5391; x_wconf 87' lang='lat' dir='ltr'>Canonicorum</span> <span class='ocrx_word' id='word_1_796' title='bbox 2874 5337 3116 5395; x_wconf 87' lang='lat' dir='ltr'>nuntius</span> <span class='ocrx_word' id='word_1_797' title='bbox 3158 5338 3483 5413; x_wconf 90' lang='lat' dir='ltr'>potentium</span> <span class='ocrx_word' id='word_1_798' title='bbox 3516 5340 3862 5412; x_wconf 86' lang='lat' dir='ltr'>patrociniis</span> 
     </span>
    </p>
   </div>
   <div class='ocr_carea' id='block_1_116' title="bbox 2209 5423 3861 5502">
    <p class='ocr_par' dir='ltr' id='par_1_116' title="bbox 2209 5423 3861 5502">
     <span class='ocr_line' id='line_1_116' title="bbox 2209 5423 3861 5502; baseline 0.004 -24"><span class='ocrx_word' id='word_1_799' title='bbox 2209 5423 2392 5479; x_wconf 85' lang='lat' dir='ltr'>fultus</span> <span class='ocrx_word' id='word_1_800' title='bbox 2415 5425 2487 5480; x_wconf 89' lang='lat' dir='ltr'>ab</span> <span class='ocrx_word' id='word_1_801' title='bbox 2517 5425 2865 5497; x_wconf 87' lang='lat' dir='ltr'>imperatore</span> <span class='ocrx_word' id='word_1_802' title='bbox 2895 5427 3219 5485; x_wconf 90' lang='lat' dir='ltr'>obtinuisse</span> <span class='ocrx_word' id='word_1_803' title='bbox 3248 5429 3611 5496; x_wconf 90' lang='lat' dir='ltr'>credebatur,</span> <span class='ocrx_word' id='word_1_804' title='bbox 3644 5434 3712 5484; x_wconf 88' lang='lat' dir='ltr'>ut</span> <span class='ocrx_word' id='word_1_805' title='bbox 3760 5446 3861 5502; x_wconf 69' lang='lat' dir='ltr'>pe:</span> 
     </span>
    </p>
   </div>
   <div class='ocr_carea' id='block_1_117' title="bbox 2211 5506 3863 5590">
    <p class='ocr_par' dir='ltr' id='par_1_117' title="bbox 2211 5506 3863 5590">
     <span class='ocr_line' id='line_1_117' title="bbox 2211 5506 3863 5590; baseline 0.004 -21"><span class='ocrx_word' id='word_1_806' title='bbox 2211 5513 2445 5570; x_wconf 86' lang='lat' dir='ltr'>culiaris</span> <span class='ocrx_word' id='word_1_807' title='bbox 2489 5515 2615 5585; x_wconf 89' lang='lat' dir='ltr'>ejus</span> <span class='ocrx_word' id='word_1_808' title='bbox 2661 5538 2689 5565; x_wconf 82' lang='lat'><strong><em>«</em></strong></span> <span class='ocrx_word' id='word_1_809' title='bbox 2725 5515 2945 5571; x_wconf 90' lang='lat' dir='ltr'>missus</span> <span class='ocrx_word' id='word_1_810' title='bbox 2980 5539 3009 5567; x_wconf 86' lang='grc'><strong>››</strong></span> <span class='ocrx_word' id='word_1_811' title='bbox 3040 5518 3328 5575; x_wconf 79' lang='lat' dir='ltr'>Veronam</span> <span class='ocrx_word' id='word_1_812' title='bbox 3377 5518 3618 5585; x_wconf 84' lang='lat' dir='ltr'>veniret,</span> <span class='ocrx_word' id='word_1_813' title='bbox 3651 5518 3753 5590; x_wconf 90' lang='lat' dir='ltr'>qui</span> <span class='ocrx_word' id='word_1_814' title='bbox 3802 5506 3863 5575; x_wconf 81' lang='lat' dir='ltr'>in</span> 
     </span>
    </p>
   </div>
   <div class='ocr_carea' id='block_1_118' title="bbox 2211 5602 3921 5681">
    <p class='ocr_par' dir='ltr' id='par_1_118' title="bbox 2211 5602 3921 5681">
     <span class='ocr_line' id='line_1_118' title="bbox 2211 5602 3921 5681; baseline 0.005 -23"><span class='ocrx_word' id='word_1_815' title='bbox 2211 5603 2519 5674; x_wconf 88' lang='lat' dir='ltr'>utriusque</span> <span class='ocrx_word' id='word_1_816' title='bbox 2544 5602 2726 5675; x_wconf 86' lang='lat' dir='ltr'>partis</span> <span class='ocrx_word' id='word_1_817' title='bbox 2758 5611 3057 5663; x_wconf 88' lang='lat' dir='ltr'>momenta</span> <span class='ocrx_word' id='word_1_818' title='bbox 3088 5608 3492 5681; x_wconf 85' lang='lat' dir='ltr'>inquireret,et</span> <span class='ocrx_word' id='word_1_819' title='bbox 3521 5607 3591 5663; x_wconf 90' lang='lat' dir='ltr'>ad</span> <span class='ocrx_word' id='word_1_820' title='bbox 3616 5606 3867 5679; x_wconf 86' lang='lat' dir='ltr'>impera—</span> <span class='ocrx_word' id='word_1_821' title='bbox 3914 5662 3921 5667; x_wconf 82' lang='lat'>.</span> 
     </span>
    </p>
   </div>
   <div class='ocr_carea' id='block_1_119' title="bbox 2210 5692 3868 5770">
    <p class='ocr_par' dir='ltr' id='par_1_119' title="bbox 2210 5692 3868 5770">
     <span class='ocr_line' id='line_1_119' title="bbox 2210 5692 3868 5770; baseline 0.004 -22"><span class='ocrx_word' id='word_1_822' title='bbox 2210 5696 2394 5748; x_wconf 89' lang='lat' dir='ltr'>torem</span> <span class='ocrx_word' id='word_1_823' title='bbox 2412 5692 2841 5759; x_wconf 81' lang='lat' dir='ltr'>referret.Quod</span> <span class='ocrx_word' id='word_1_824' title='bbox 2865 5694 2913 5752; x_wconf 89' lang='lat' dir='ltr'>si</span> <span class='ocrx_word' id='word_1_825' title='bbox 2936 5695 2995 5752; x_wconf 92' lang='lat' dir='ltr'>in</span> <span class='ocrx_word' id='word_1_826' title='bbox 3017 5695 3167 5753; x_wconf 88' lang='lat' dir='ltr'>hanc</span> <span class='ocrx_word' id='word_1_827' title='bbox 3192 5714 3313 5754; x_wconf 89' lang='lat' dir='ltr'>rem</span> <span class='ocrx_word' id='word_1_828' title='bbox 3335 5694 3647 5770; x_wconf 88' lang='lat' dir='ltr'>peculiaris</span> <span class='ocrx_word' id='word_1_829' title='bbox 3674 5716 3701 5746; x_wconf 88' lang='grc'>‹‹</span> <span class='ocrx_word' id='word_1_830' title='bbox 3724 5696 3868 5754; x_wconf 88' lang='lat' dir='ltr'>mis-</span> 
     </span>
    </p>
   </div>
  </div>
