4070 6372
239 303 361 366 129

1255 310 1870 382 PROLEGOMENA.
1901 353 1982 369 ιι·-
2011 315 2389 384 ΒΑΤΗΕΒῙΙ
2433 323 2641 388 VITA.

3546 337 3666 406 130

241 453 348 492 sus
375 458 406 488 ››
429 435 718 497 Veronam
751 438 1008 499 directus
1040 459 1155 500 non
1187 444 1317 510 fuit,
1350 450 1500 502 certe
1542 453 1738 505 tamen
1775 450 1900 508 duae
1929 455 1986 522 Α
2015 451 2540 530 ecclcsiasticorum
2573 455 2946 526 divisionem,
2972 477 3040 516 ex
3069 477 3184 532 qua
3225 462 3395 536 plura
3425 467 3578 524 mala
3608 472 3668 526 et

239 541 505 597 persona:
537 527 778 584 Veronae
818 531 1186 588 dominantes
1242 533 1500 607 idipsum
1559 539 1901 608 prmstitisse

237 613 576 672 videbimus
598 617 751 674 circa
771 619 994 676 Pascha
1024 621 1158 677 anni
1187 624 1485 696 sequentis
1509 625 1634 680 978.
1659 629 1900 684 Interim

241 702 562 762 Ratherius
606 707 715 762 etsi
775 707 964 764 noluit
993 710 1236 768 rebelles
1267 730 1334 768 ex
1366 713 1613 770 ecclesia
1665 715 1896 788 pellere,

237 790 297 846 id
329 797 530 850 tamen
562 795 636 851 ab
662 796 746 852 eis
775 799 961 870 petiit,
987 817 1056 856 nc
1078 799 1135 854 in
1161 801 1478 858 cathedrali
1512 821 1679 860 sacra
1709 805 1903 861 ofﬁcia

237 887 609 956 peragerent,
653 887 751 943 sed
793 885 965 942 aliam
1007 905 1418 963 quamcunque
1460 892 1764 950 ecclesiam
1795 893 1900 950 eli-

235 977 465 1044 gerent.
489 974 552 1030 Id
583 979 776 1031 autem
801 993 861 1032 se
884 981 1149 1050 expetere
1175 979 1272 1048 ait,
1297 997 1410 1036 non
1445 983 1599 1054 quod
1628 983 1900 1039 fraterni-

240 1065 426 1119 tatem
460 1067 872 1135 contemneret,
890 1067 990 1122 sed
1023 1069 1177 1138 quod
1193 1092 1220 1119 «
1249 1070 1466 1126 rustico
1499 1070 1598 1127 illo
1626 1075 1900 1128 monente

239 1151 531 1225 exemplo,
565 1171 681 1226 quo
737 1153 952 1212 dicitur
987 1173 1048 1212 :»
1073 1157 1223 1226 Quod
1247 1159 1429 1215 oculos
1458 1176 1569 1216 non
1615 1161 1780 1230 videt,
1809 1178 1902 1217 cor

239 1257 355 1296 non
411 1241 576 1313 dolet,
613 1265 640 1292 «
681 1243 928 1312 videtur,
987 1245 1198 1318 inquit,
1259 1249 1524 1320 quaedam
1585 1255 1640 1304 et
1697 1267 1899 1322 perne-

241 1330 502 1387 cessaria
531 1331 747 1388 doloris
780 1333 899 1389 fore
925 1333 1216 1406 levigatio,
1250 1336 1298 1391 si
1342 1337 1424 1392 eis
1465 1355 1579 1393 non
1609 1339 1772 1405 visis,
1801 1337 1901 1412 qui

239 1419 390 1476 mihi
423 1425 592 1477 tanta
634 1422 790 1478 mala
821 1423 1098 1492 iecerunt,
1135 1429 1191 1480 et
1221 1424 1409 1482 facere
1449 1444 1562 1482 non
1599 1428 1898 1496 desinunt,

241 1510 401 1567 absit
439 1509 867 1584 aliquantisper
916 1513 1204 1569 malorum
1261 1513 1524 1586 ipsorum
1555 1517 1898 1583 recordatio,

240 1599 384 1656 dum
417 1605 684 1656 auctores
716 1603 1055 1657 eorumdem
1101 1603 1621 1677 quantulacunque
1653 1605 1902 1661 obnubit

241 1687 479 1745 oblivio.
519 1712 545 1738 υ

315 1779 438 1834 126.
459 1778 541 1834 De
571 1778 816 1850 epistola
867 1779 939 1834 ad
994 1780 1307 1836 Martinum
1335 1781 1676 1856 episcopum
1704 1783 1902 1838 Ferra-

241 1867 665 1940 riensem,quaz
716 1869 934 1940 pariter
964 1868 1021 1924 in
1053 1869 1316 1926 Adventu
1365 1871 1505 1926 anni
1532 1872 1638 1926 957
1671 1875 1903 1928 exarata

239 1957 373 2024 fuit,
431 1973 619 2030 pauca
657 1957 910 2013 indicare
951 1958 1202 2012 sufﬁciet
1231 1960 1318 2029 (V.
1349 1968 1462 2015 not.
1501 1961 1550 2028 1,
1587 1961 1643 2015 in
1676 1977 1758 2032 ep.
1791 1960 1900 2027 10).

238 2047 410 2102 Hunc
441 2046 752 2102 Ratherius
784 2046 841 2100 in
873 2047 1202 2103 Ravennate
1228 2048 1435 2103 saltem
1465 2049 1708 2105 concilio
1731 2065 1908 2121 agnu-

237 2141 424 2193 verat.
446 2135 979 2208 Reprehensionem
1020 2153 1263 2192 suorum
1296 2137 1393 2192 ille
1437 2137 1762 2194 incurrerat
1791 2138 1906 2192 du-

238 2223 381 2299 plici
415 2242 483 2282 ex
511 2241 706 2292 causa,
723 2225 878 2296 quod
905 2241 1116 2296 pueros
1137 2229 1302 2282 aetate
1332 2227 1612 2282 canonica
1641 2230 1904 2298 expertes

241 2314 568 2384 ordinaret,
601 2313 778 2385 idque
805 2313 988 2385 pretio
1019 2313 1409 2370 intercedente
1440 2321 1756 2388 perageret.
1775 2315 1906 2370 ΙΙωο

239 2401 495 2478 epistola
551 2402 810 2459 Ratherii
842 2401 1029 2458 zelum
1081 2403 1461 2471 demonstrat,
1487 2405 1586 2476 qui
1643 2403 1904 2476 episcopi

240 2497 383 2556 licet
415 2491 665 2550 senioris
694 2491 834 2546 vitia
861 2491 1148 2564 corrigere
1181 2492 1427 2548 studuit.

237 2585 439 2661 [CLVII]
469 2583 501 2655 ἓ
530 2581 669 2637 ΧΙΧ.
701 2613 764 2621 -—
795 2581 925 2636 Acta
971 2583 1112 2636 anni
1159 2583 1283 2661 96_8.
1303 2583 1605 2661 _Ilalhcrius
1653 2583 1906 2661 Quadra-

319 2654 547 2726 gesima:
599 2662 835 2724 tempore
895 2668 1173 2726 sermones
1197 2654 1401 2726 habet
1441 2654 1506 2710 de
1568 2671 1722 2726 pace.
1754 2654 1903 2708 Scri-

318 2723 396 2784 bit
426 2723 825 2790 libellum,’cui
871 2726 1064 2780 titulus
1093 2743 1112 2780 :
1145 2723 1466 2780 Discordia.
1503 2723 1768 2782 canonici
1797 2727 1898 2781 Ro-

312 2816 465 2854 mam
515 2798 742 2852 mittunt
793 2798 1072 2861 nuntium,
1106 2797 1553 2868 quirescriptum
1604 2814 1706 2868 pro
1761 2798 1897 2868 ipsis

316 2871 532 2928 retulit.
585 2870 885 2942 Episcopus
903 2941 911 2942 ί
929 2867 1365 2942 Apologeticum
1379 2867 1411 2942 ξ
1425 2869 1552 2924 edit.
1606 2867 1900 2942 inquisitio

313 2951 510 2999 contra
537 2938 802 2996 eumdem.
821 2940 936 2994 Alii
963 2938 1235 2994 sermmzes
1267 2939 1530 3004 Ratherii,
1563 2938 1899 3011 ejus'Testa-

317 3018 608 3069 mentum.
648 3012 860 3076 Ναηηο,
894 3013 952 3064 ut
995 3012 1338 3082 imperatoris
1385 3013 1604 3076 missus,
1633 3013 1898 3082 placitum

316 3086 482 3141 habet
534 3091 722 3138 contra
767 3083 1032 3149 canalem,
1067 3083 1166 3154 qui
1196 3085 1372 3138 tribus
1403 3084 1642 3154 epistolis
1687 3083 1753 3138 de
1799 3083 1898 3138 hoc

311 3158 521 3229 placito
564 3155 852 3229 queritur.
900 3155 1190 3229 Evcraelus
1225 3156 1513 3229 Aepiscoyus
1561 3155 1897 3229 Leodicensis

317 3225 506 3301 ipsum
549 3225 766 3301 invitat.
792 3227 843 3280 Is
869 3225 1087 3301 tandem
1141 3225 1509 3298 episcopatum
1563 3225 1814 3295 dimittit,
1845 3234 1896 3282 et

319 3299 382 3356 in
409 3299 692 3370 Belgicam
720 3299 1035 3353 revertitur.

322 3392 445 3446 127.
480 3393 625 3444 Cum
655 3385 892 3443 rebellio
931 3385 1160 3458 publice
1199 3386 1258 3442 in
1291 3387 1429 3443 dies-
1448 3391 1649 3443 contra
1676 3387 1899 3460 episco-

241 3495 390 3554 pum
422 3477 842 3546 eﬁ'ervescerct,
869 3475 916 3530 is
947 3475 1006 3530 in
1037 3475 1311 3532 omnibus
1343 3477 1898 3548 sermonibus,quos

233 3571 306 3633 jn
337 3564 802 3639 Quadragesima
830 3563 967 3619 anni
995 3563 1100 3619 968
1126 3565 1198 3620 ad
1230 3565 1510 3637 populum
1534 3564 1738 3619 habuit
1760 3566 1899 3636 (Dis-

237 3661 451 3725 cordia,
489 3673 654 3712 num.
685 3653 1032 3726 7),rcbelles
1081 3655 1151 3710 ad
1193 3672 1394 3728 pacem
1445 3672 1712 3712 revocare
1760 3672 1895 3710 con-

235 3747 448 3814 tendit,
481 3762 661 3818 quam
694 3761 821 3800 sese
852 3760 984 3799 cum
1016 3743 1161 3816 ipsis
1193 3743 1579 3801 libentissime
1610 3744 1894 3800 initurum

235 3835 573 3912 spopondit,
605 3854 627 3881 α
661 3837 889 3888 tantum
927 3833 984 3887 in
1025 3850 1160 3888 vera
1203 3850 1340 3906 pace
1371 3834 1481 3890 hoc
1527 3833 1740 3890 vellent
1769 3835 1893 3889 efﬁ-

235 3945 434 3986 cere.»
455 3925 567 3982 Sed
615 3924 850 3980 frustra.
885 3923 948 3978 Id
989 3921 1143 3979 enim
1178 3923 1372 3995 potius
1402 3940 1603 3979 eorum
1645 3924 1895 3996 augebat

235 4013 602 4089 superbiam,
623 4015 676 4066 et
698 4011 1052 4068 accendebat
1073 4011 1380 4078 malitiam,
1405 4013 1546 4068 adeo
1577 4015 1638 4067 ut
1665 4014 1892 4084 pejores

234 4105 297 4161 in
325 4103 670 4176 episcopum
700 4098 1138 4156 criminationes
1170 4107 1530 4174 spargerent,
1557 4118 1732 4173 quam
1764 4118 1891 4173 quae

234 4193 297 4250 in
331 4192 626 4262 Qualitatis
681 4193 995 4262 conjectura
1051 4189 1384 4261 nuperrime
1414 4189 1718 4246 Ambrosio
1774 4196 1889 4246 tra-

236 4282 366 4339 dita
418 4281 770 4337 referuntur.
835 4277 950 4334 Has
1007 4277 1444 4334 criminationes
1505 4278 1772 4334 indicans
1830 4278 1890 4335 in

233 4371 576 4449 Apologetico
635 4385 796 4424 num.
832 4368 864 4421 4
897 4385 910 4422 :
945 4389 972 4417 ‹‹
1005 4366 1274 4434 Quidam,
1324 4367 1422 4436 ait,
1476 4367 1594 4423 sive
1648 4368 1888 4455 putatis,

234 4461 359 4516 sive
388 4477 424 4516 a
453 4475 516 4515 sc
545 4457 738 4530 magis
769 4455 1034 4512 conﬁctis
1061 4472 1152 4512 me
1177 4455 1446 4528 jaculant
1465 4456 1811 4513 criminibus
1835 4473 1886 4515 »τ

233 4566 362 4622 qua:
420 4564 587 4604 num.
619 4548 655 4602 8
687 4568 714 4597 «
746 4549 926 4615 tanta,
977 4545 1138 4612 talia,
1169 4548 1292 4601 tam
1349 4547 1518 4614 foeda,
1580 4551 1698 4601 tam
1759 4551 1888 4602 tur-

233 4639 352 4714 pia,
407 4643 531 4694 tam
591 4635 976 4702 incredibilia,
1017 4640 1074 4691 et
1129 4634 1240 4708 ipsi
1299 4635 1475 4690 etiam
1535 4634 1686 4690 {stati
1744 4653 1884 4692 mete

231 4727 526 4784 contraria
557 4748 586 4776 »
621 4729 805 4781 vocat.
838 4724 984 4780 Cum
1039 4724 1237 4796 itaque
1289 4723 1533 4781 rebelles
1563 4725 1635 4780 ad
1681 4741 1883 4798 pacem

233 4799 350 4875 non
401 4821 602 4891 posset
647 4802 951 4882 deducere,
983 4815 1185 4870 eadem
1219 4813 1674 4886 Quadragesima
1719 4814 1882 4870 lucu-

231 4906 425 4964 bravit
449 4903 800 4980 opusculum
825 4904 1196 4977 inscriptum,
1221 4904 1501 4959 Discordia
1531 4905 1678 4960 inter
1707 4906 1886 4976 ipsum

230 5001 284 5053 et
309 4997 555 5062 clericos,
589 4994 744 5066 quod
785 4993 1015 5049 dissidii
1065 4992 1232 5048 initia
1279 4997 1335 5048 et
1383 5011 1590 5049 causas
1643 4994 1880 5066 detegit.

231 5086 492 5150 Quatuor
521 5084 704 5156 hujus
745 5081 1046 5139 discordiae
1079 5099 1288 5138 causas
1319 5085 1630 5151 memorat;
1667 5084 1724 5138 1°
1753 5100 1884 5138 mo-

232 5191 365 5230 rum
415 5171 677 5246 episcopi
727 5176 784 5228 et
828 5171 1170 5228 clericorum
1221 5171 1791 5240 dissimilitudinem;
1823 5175 1883 5226 2°

231 5263 490 5336 episcopi
517 5261 969 5319 sollicitudinem
991 5260 1049 5317 in
1070 5261 1466 5334 promovenda
1486 5260 1682 5334 legum
1704 5261 1882 5318 eccle-

231 5353 606 5410 siasticarum
649 5351 1045 5418 observantia;
1087 5352 1146 5406 3°
1173 5351 1436 5421 ejusdem
1469 5350 1684 5418 nisum,
1718 5355 1783 5406 ut
1813 5367 1882 5407 ex

231 5441 460 5500 concilii
496 5440 850 5497 Ravennatis
893 5457 960 5496 ao
1010 5439 1254 5496 Romani
1302 5439 1592 5512 pontiﬁcis
1622 5440 1873 5508 decreto,

229 5547 455 5588 necnon
487 5529 856 5604 imperatoris
882 5531 1157 5587 mandato
1187 5529 1530 5586 clericorum
1557 5529 1879 5586 mulierosi-

229 5624 413 5706 tatem
450 5619 699 5698 tolleret,
727 5621 788 5687 4ο
816 5621 972 5700 quod
1018 5619 1216 5686 minus
1263 5637 1492 5703 mquam
1539 5619 1877 5688 reddituum

1929 1823 1978 1894 B

2013 541 2290 597 scandala
2319 545 2848 616 consequebantur,
2877 549 3184 622 episcopus
3216 554 3362 611 ferre
3393 573 3508 612 non
3539 575 3666 630 pos-

2011 633 2119 686 set.
2145 632 2318 686 Gesta
2356 633 2532 688 refert
2579 635 2784 704 synodi
2817 637 3154 694 dioecesanae
3186 646 3317 713 post
3363 645 3664 704 Ravenna-

2009 722 2174 774 tense
2205 720 2516 777 concilium
2545 728 2784 792 coactis;
2817 726 3097 782 describit
3124 745 3502 802 congressum
3533 740 3667 808 post

2009 808 2276 864 eamdem
2307 811 2595 882 synodum
2627 829 2762 868 cum
2804 817 3100 872 canonicis
3133 817 3422 889 habitum,
3449 825 3664 897 [CLVIII]

2009 901 2073 952 ut
2103 899 2548 970 pauperioribus
2579 901 2802 959 clericis
2846 906 3198 976 provideret;
3233 915 3292 965 et
3321 915 3662 970 corumdem

2011 986 2318 1042 molimina
2350 990 2504 1060 apud
2537 990 2944 1062 imperatorem
2990 994 3229 1052 indicat.
3253 999 3514 1056 Tandem
3544 1019 3664 1058 StltB

2010 1091 2197 1129 causae
2227 1075 2502 1132 ﬁduciam
2536 1080 2866 1150 praeferens,
2904 1085 3162 1154 repetitis
3193 1085 3310 1143 illis
3339 1089 3448 1144 Job
3481 1107 3494 1144 :
3529 1090 3666 1146 Cau-

2008 1178 2127 1218 sam
2181 1181 2348 1236 quam
2401 1167 2726 1236 nesciebam,
2797 1170 3214 1240 diligentissime
3269 1177 3666 1248 inuestigabam

2008 1252 2122 1307 Job.
2155 1271 2308 1320 xxxx,
2343 1256 2451 1324 16),
2484 1255 2542 1311 id
2574 1273 2756 1312 unum
2799 1275 2860 1314 se
2903 1267 3157 1317 metuere
3193 1263 3294 1330 ait,
3325 1283 3398 1321 ne
3427 1283 3532 1339 per
3560 1285 3662 1340 po-

2009 1341 2258 1397 tentium
2292 1343 2616 1415 patrocinia
2662 1352 2839 1419 atque
2885 1348 3301 1408 malevolorum
3337 1353 3662 1413 calumnias

2010 1428 2361 1502 imperatore
2408 1433 2822 1502 circumvento,
2854 1436 2961 1492 sibi
3025 1440 3304 1496 miserimo
3361 1428 3659 1517 contingat,

2009 1519 2150 1590 quod
2206 1521 2422 1577 miseris
2477 1525 2720 1594 contigit,
2763 1525 2826 1580 de
2881 1527 3075 1598 quibus
3131 1529 3349 1601 legitur,
3401 1533 3534 1604 illis,
3567 1537 3664 1608 qui

2008 1609 2224 1664 etiamsi
2250 1611 2395 1680 apud
2425 1611 2648 1683 Scythas
2676 1631 2896 1669 causam
2943 1615 3230 1684 dixissent,
3265 1621 3538 1693 inculpati
3567 1615 3662 1679 ab-

2007 1713 2138 1768 sque
2168 1699 2333 1754 dubio
2364 1700 2579 1756 dimissz
2609 1705 2864 1772 fuissent.

2083 1785 2203 1840 128.
2239 1786 2366 1842 Haec
2419 1789 2559 1843 dum
2611 1790 2920 1857 scribebat,
2965 1793 3376 1866 imperatorem
3426 1797 3662 1857 clericos

2013 1873 2227 1930 adiisse
2256 1883 2648 1947 persenserat;
2685 1879 2755 1933 ad
2801 1879 3131 1937 Romanum
3162 1901 3296 1940 vero
3325 1887 3661 1958 pontiﬁcem

2013 1979 2112 2018 eos
2165 1965 2383 2034 pariter
2439 1969 2770 2037 confugisse
2827 1967 3166 2047 ignorabat._
3187 1976 3405 2032 Verum
3462 1974 3566 2043 illi,
3599 1981 3663 2032 ut

2007 2050 2296 2120 judicium
2339 2053 2984 2113 instituereturcontra
3022 2059 3384 2128 Ratherium,
3417 2081 3533 2136 quo
3574 2081 3662 2122 re-

2014 2139 2378 2196 scinderetur
2426 2141 2612 2215 ipsius
2667 2145 3000 2212 Jmlicatum,
3033 2152 3091 2203 et
3120 2149 3272 2205 bona
3301 2152 3413 2208 sibi
3469 2153 3663 2211 ablata

2014 2229 2416 2298 redderentur,
2439 2231 2849 2304 imperatorem
2877 2237 3233 2293 exorandum
3264 2244 3564 2312 putarunt.
3590 2243 3663 2298 Ut

2014 2323 2208 2374 autem
2241 2318 2299 2374 in
2333 2325 2630 2392 posterum
2664 2323 2815 2378 bona
2852 2323 2924 2378 ad
2963 2341 3024 2380 se
3064 2327 3414 2396 pertinentia
3442 2329 3502 2385 in
3533 2323 3660 2390 tuto

2014 2413 2228 2474 essent,
2262 2414 2317 2463 et
2348 2426 2382 2464 a
2411 2411 2545 2481 jure
2573 2410 2980 2483 episcoporum
3011 2413 3401 2473 eximerentur
3428 2425 3660 2491 aposto-

2011 2495 2134 2551 licae
2193 2497 2350 2553 sedis
2405 2499 2808 2555 auctoritatem
2867 2501 3297 2572 implorandum
3357 2523 3655 2564 censuere.

2015 2585 2175 2641 Clam
2207 2587 2384 2659 igitur
2438 2587 2683 2642 Romam
2741 2586 2998 2660 legatum
3048 2591 3412 2663 direxerant;
3445 2599 3502 2651 et
3544 2588 3658 2652 for-

2011 2674 2187 2730 tassis
2217 2675 2370 2731 idem
2401 2673 2516 2744 ille,
2551 2677 2651 2748 qui
2695 2677 2766 2732 ad
2805 2677 3146 2734 comitatum
3196 2681 3417 2738 missus
3447 2683 3656 2756 fuerat,

2011 2764 2068 2818 in
2104 2764 2395 2820 mandatis
2428 2763 2653 2832 habuit,
2687 2771 2750 2820 ut
2793 2767 3021 2837 negotio
3060 2769 3214 2841 apud
3245 2769 3657 2844 imperatorem

2009 2857 2239 2921 exacto,
2302 2853 2631 2910 Romanum
2703 2856 3036 2927 pontiﬁcem
3111 2858 3297 2916 adiret
3349 2861 3654 2934 (Apologet.

2008 2959 2171 2998 num.
2202 2945 2279 3011 7).
2315 2943 2368 2998 Is
2427 2947 2621 2998 autem
2649 2967 2676 2993 «
2729 2944 2896 3016 quasi
2957 2947 3305 3018 apostolicas
3363 2947 3586 3007 litteras
3624 2974 3654 3003 ››

2007 3031 2226 3099 retulit,
2261 3031 2476 3104 quibus
2525 3033 2635 3086 sub
2681 3049 2850 3104 pama
2903 3034 3292 3092 anathematis
3349 3037 3654 3096 interdice-

2005 3119 2197 3188 batur,
2233 3137 2303 3175 ne
2353 3119 2664 3176 Ratberius
2709 3127 2810 3176 aut
2839 3138 3205 3196 successores
3236 3125 3364 3196 ejus
3413 3143 3541 3182 sese
3593 3127 3654 3182 in

1926 3196 1968 3263 C
2008 3226 2100 3264 res
2131 3209 2542 3264 canonicorum
2575 3209 3046 3266 intromitterent.
3091 3211 3434 3270 Durioribus
3462 3215 3655 3272 verbis

2008 3297 2117 3354 hoc
2148 3297 2365 3353 factum
2415 3297 2690 3353 describit
2739 3297 3066 3372 episcopus.
3102 3300 3252 3356 Dum
3282 3306 3478 3359 autem
3525 3321 3654 3378 pre-

2006 3388 2155 3442 tium
2199 3387 2257 3442 in
2297 3387 2449 3442 hanc
2477 3403 2600 3443 rem
2640 3386 3043 3444 intercessisse
3081 3389 3366 3460 afﬁrmat;
3408 3392 3656 3465 pecunia

2008 3477 2244 3548 quidem
2277 3481 2618 3549 corruptum
2662 3491 2776 3532 non
2818 3477 3111 3535 credimus
3141 3479 3337 3551 ipsum
3367 3481 3654 3538 Joannem

2006 3565 2134 3620 XIII
2167 3582 2469 3622 summum
2501 3565 2857 3638 pontiﬁcem,
2891 3567 3062 3637 cujus
3093 3567 3355 3640 probitas
3384 3569 3653 3643 pluribus

2004 3653 2378 3722 testimoniis,
2412 3659 2468 3709 et
2497 3655 2568 3709 ab
2615 3655 2739 3726 ipso
2770 3653 2946 3710 etiam
2977 3655 3250 3712 Ratherio
3279 3660 3655 3716 commenda-

2004 3747 2101 3798 tur
2129 3745 2340 3816 (l‘tiner.
2375 3760 2430 3798 n.
2462 3745 2540 3812 2),
2574 3741 2868 3811 Canonici,
2915 3744 3016 3816 qui
3067 3745 3287 3802 divitiis
3333 3746 3652 3819 pollebant,

2004 3833 2157 3888 sicut
2187 3831 2435 3904 pecunia
2472 3832 2800 3903 potentium
2845 3833 3166 3904 patrocinia
3213 3837 3508 3908 aueupati,
3542 3837 3653 3893 im-

2003 3921 2284 3994 peratoris
2317 3921 2580 3976 animum
2617 3921 2892 3977 Ratberio
2948 3939 3304 3995 propensum
3351 3925 3653 3982 subverte-

2003 4015 2160 4079 runt,
2195 4015 2257 4066 ut
2288 4009 2560 4082 deinceps
2610 4009 2860 4082 patebit;
2893 4010 2974 4066 ita
3016 4011 3216 4066 eadem
3267 4017 3390 4068 arte
3437 4013 3649 4070 Roma-

2003 4117 2110 4156 nos
2143 4099 2428 4172 quosdam
2477 4103 2753 4170 patronos
2792 4099 2968 4167 nacti,
3001 4100 3325 4156 obtinuisse
3354 4100 3646 4171 videntur,

2001 4194 2066 4244 ut
2096 4189 2392 4260 negotium
2424 4187 2696 4244 Ratberio
2741 4188 2979 4242 absente
3027 4192 3082 4243 et
3129 4187 3458 4245 inconsulto
3487 4193 3647 4247 tran-

2001 4279 2308 4352 sigeretur,
2343 4281 2399 4332 et
2431 4275 2756 4348 apostolicae
2791 4275 2994 4332 littera
3025 4281 3228 4332 contra
3261 4277 3458 4350 ipsum
3503 4277 3646 4335 seri-

2001 4369 2296 4424 berentur.
2332 4370 2474 4422 Cum
2507 4365 2816 4438 episcopus
2847 4382 2973 4422 sese
3015 4365 3074 4421 in
3114 4366 3270 4422 bona
3297 4370 3354 4422 et
3381 4367 3648 4426 redditus

1999 4456 2340 4513 clericorum
2384 4453 2734 4511 cathedralis
2787 4454 3038 4512 ecclesiae
3087 4455 3473 4513 intromittere
3519 4461 3647 4514 stu-

1999 4545 2147 4613 duit,
2179 4561 2347 4600 mens
2379 4545 2506 4616 ejus
2537 4543 2664 4612 fuit,
2699 4560 2814 4600 non
2846 4549 2912 4600 ut
2940 4543 3265 4618 quidquam
3294 4561 3362 4601 ex
3388 4545 3481 4614 iis,
3516 4563 3646 4620 qum

1993 4636 2256 4710 ipsorum
2315 4639 2501 4702 erant,
2535 4633 2888 4705 decerperet,
2922 4650 2988 4690 ac
3029 4635 3089 4690 in
3131 4634 3275 4692 alios
3327 4652 3472 4693 usus
3527 4640 3645 4694 tra-

1994 4727 2253 4793 duceret,
2285 4725 2384 4780 sed
2419 4728 2483 4778 ut
2511 4739 2580 4779 ex
2605 4721 2753 4796 ipsis
2801 4724 2996 4792 rebus,
3021 4741 3148 4796 qua:
3195 4725 3517 4798 generatim
3549 4743 3644 4783 ca-

1994 4814 2278 4871 thedralis
2309 4811 2560 4869 ecclesiae
2605 4811 2829 4868 clericis
2877 4813 3070 4888 legata
3098 4815 3351 4884 fuerant,
3382 4815 3464 4872 ita
3491 4815 3646 4872 inter

1993 4923 2090 4960 eos
2123 4903 2499 4976 partirentur,
2531 4919 2602 4958 ne
2646 4902 2948 4972 inferiores
2992 4908 3394 4976 premerentur
3421 4904 3638 4978 inopia,

1993 5000 2048 5051 et
2077 4993 2308 5049 divinus
2336 4991 2530 5048 cultus
2565 4991 2984 5048 detrimentum
3018 4998 3267 5066 caperet.
3302 4993 3416 5048 Hac
3441 4997 3640 5049 autem

1993 5087 2185 5140 mente
2215 5081 2492 5154 episcOpi,
2517 5080 2726 5154 hisque
2755 5099 2949 5138 rerum
2979 5081 3438 5138 circumstantiis
3467 5081 3638 5156 [eux]

1993 5191 2108 5228 non
2139 5171 2390 5246 cognitis
2422 5171 2710 5243 injustam
2741 5172 2922 5228 videri
2953 5176 3198 5244 poterat,
3225 5171 3496 5228 eumdem
3525 5173 3642 5246 epi-

1990 5280 2257 5336 scopum,
2289 5261 2390 5334 qui
2422 5259 2693 5334 pluribus
2725 5260 3196 5318 accusationibus
3227 5261 3298 5316 ad
3331 5260 3641 5334 imperato~

1990 5370 2110 5408 rem
2143 5351 2352 5408 delatis
2382 5349 2534 5406 male
2565 5349 2856 5416 audiebat,
2882 5350 2940 5404 in
2969 5349 3207 5406 laudata
3231 5350 3384 5408 bona
3412 5367 3478 5408 ac
3509 5353 3637 5411 red-

1989 5443 2148 5498 ditus
2179 5444 2381 5496 contra
2409 5443 2658 5494 veterem
2711 5437 3198 5496 consuetudinem
3229 5439 3375 5497 velle
3426 5457 3636 5503 novam

1989 5529 2458 5588 distributionem
2488 5527 2784 5596 inducere,
2818 5526 2910 5583 cui
2951 5526 2993 5583 ii
3033 5527 3146 5602 ipsi
3186 5528 3488 5589 inferiores
3517 5531 3636 5590 cle-

1991 5620 2116 5694 rici,
2149 5632 2400 5700 quorum
2447 5632 2624 5676 causa
2671 5615 2973 5698 agebatur,
3006 5618 3338 5684 obstabant.
3369 5621 3513 5684 Hine
3542 5635 3634 5702 re:
