4070 6376
451 358 562 428 131

1409 355 1856 424 RATHERIUS
1902 349 2395 422 VERONENSIS
2441 352 2900 423 EPISCOPUS.

3749 332 3882 421 ω

449 499 753 572 scriptum,
789 507 903 569 quo
935 491 1116 553 iidem
1162 496 1424 553 redditus
1454 513 1487 551 a
1514 498 1798 567 potestate
1839 492 2093 566 episcopi
2121 492 2180 562 Α,
2206 491 2426 548 siarum
2449 534 2462 561 ,
2520 509 2696 566 quam
2755 497 3096 551 caeterorum
3155 492 3472 550 necessitas
3531 506 3878 566 pauperum

449 587 861 654 eximerentur,
896 585 979 640 uti
1032 603 1101 640 ea
1160 587 1217 640 in
1275 583 1580 657 bypothesi
1633 581 1923 655 aequitatis
1975 581 2096 653 ple-

450 693 592 731 num
628 673 796 730 facile
842 674 1068 746 subripi
1115 674 1324 746 potuit.
1358 674 1544 744 Hujus
1594 670 1860 743 rescripti
1892 670 2098 726 notitia

449 767 582 821 ante
611 763 838 820 Pascha
888 761 1024 819 anni
1054 763 1161 818 968
1192 763 1478 818 Veronam
1510 760 1687 816 allata
1733 759 1871 827 fuit;
1907 759 2096 830 siqui-

448 853 582 908 dem
615 853 926 908 Ratberius
963 851 1021 906 in
1075 852 1430 922 Apologetz'co,
1465 851 1622 922 quod
1681 849 1938 904 instante
1987 848 2094 903 Pa-

448 941 648 996 schate
679 942 816 996 anni
839 941 1097 1012 ejusdem
1129 939 1503 995 lucubratum
1535 937 1844 1006 fuit,istud
1873 938 2092 991 factum

447 1049 476 1076 ‹‹
512 1028 844 1099 nuperrime
879 1048 904 1073 ››
937 1026 1217 1081 accidisse
1245 1030 1498 1082 testatur
1528 1041 1691 1080 num.
1722 1025 1776 1078 7.
1812 1022 2094 1078 Rodoaldi

445 1115 787 1188 patriarchas
817 1113 1206 1186 Aquileiensis
1236 1115 1526 1170 sententia
1568 1113 1628 1168 in
1674 1113 1939 1170 eamdem
1970 1130 2090 1168 rem

441 1204 552 1259 hoc
581 1204 783 1259 eodem
835 1220 986 1259 anno
1020 1204 1269 1259 subinde
1300 1204 1474 1270 edita,
1508 1202 1601 1257 cui
1633 1207 1759 1258 tum
1819 1201 1918 1257 alii
1969 1202 2090 1273 epi-

441 1291 622 1364 scopi,
653 1296 779 1346 tum
813 1292 938 1363 ipse
965 1291 1276 1346 Ratherius
1301 1291 1525 1348 assensi
1553 1291 1733 1346 fuisse
1753 1291 2089 1357 traduntur,

437 1380 614 1436 veluti
648 1381 1052 1436 commentitia
1081 1380 1138 1434 in
1169 1380 1500 1452 Appendice
1531 1379 1872 1452 proferetur.

510 1470 633 1524 129.
667 1469 798 1525 Otto
849 1469 1185 1541 imperator,
1221 1486 1354 1524 cum
1402 1485 1554 1524 anno
1601 1468 1948 1541 praecedenti
1978 1467 2088 1523 Ve-

438 1575 592 1614 ronae
653 1558 782 1626 fuit,
817 1557 1040 1629 aliquid
1099 1557 1322 1630 argenti
1356 1557 1626 1613 Ratherio
1658 1555 1929 1628 episcopo
1986 1557 2087 1611 de-

438 1648 623 1714 derat,
655 1650 722 1702 ut
765 1645 1073 1702 basilicam
1106 1645 1296 1703 sancti
1329 1645 1575 1702 Zenonis
1627 1646 1905 1700 reticeret.
1939 1643 2085 1699 Mul-

435 1741 563 1791 tum
595 1735 948 1792 incommodi
983 1752 1050 1790 ac
1079 1740 1352 1808 sumptus
1385 1735 1505 1790 haec
1542 1733 1908 1806 imperatoris
1939 1751 2084 1804 pra:-

437 1825 625 1880 sentia
674 1824 948 1879 attulerat
1002 1824 1291 1896 episcopo,
1327 1824 1413 1878 uti
1445 1823 1804 1895 exploratum
1863 1822 2086 1876 faciunt
2111 1861 2160 1928 Β

435 1911 536 1968 illa
591 1913 924 1986 Apologotz‘ci
978 1929 1142 1968 num.
1190 1915 1242 1966 2.
1280 1932 1301 1960 α
1357 1911 1672 1983 Postquam
1733 1910 1949 1975 omnia,
2009 1910 2079 1965 de

435 2001 652 2073 quibus
696 2001 1017 2057 habueram
1063 2001 1345 2067 victitare,
1379 2001 1506 2071 ejus
1537 1999 1804 2072 (Ottonis)
1854 1998 2079 2069 obligu-

432 2089 642 2158 rierat,
704 2107 819 2146 non
877 2090 1004 2145 dico
1070 2091 1346 2160 potentia,
1408 2105 1554 2161 nego
1611 2087 1916 2154 violentia,
1978 2088 2079 2143 sed

431 2183 584 2234 certe
625 2178 950 2251 praesentia.
981 2203 1008 2229 ››
1044 2179 1209 2233 Forte
1239 2177 1297 2233 in
1345 2177 1582 2233 tacitam
1627 2177 1944 2248 quamdam
1976 2176 2080 2231 ho-

430 2283 560 2322 rum
593 2271 939 2339 sumptuum
979 2266 1513 2338 compensationem
1553 2267 1874 2337 Augustus,
1909 2263 2079 2340 quid-

429 2355 566 2428 quid
600 2355 744 2412 illud
804 2357 916 2411 fuit
973 2356 1218 2428 argenti,
1251 2354 1524 2428 episcopo
1555 2353 1796 2409 tradidit
1851 2370 1916 2408 eo
1974 2370 2076 2408 no-

428 2444 606 2516 mine,
642 2449 708 2500 ut
753 2444 1001 2500 laudatas
1063 2442 1315 2499 basilicae
1373 2442 1695 2498 reficiendae
1753 2441 2074 2497 inserviret.

428 2532 572 2588 Cum
621 2550 756 2588 mox
786 2533 1095 2605 episcopus
1127 2532 1324 2587 omnia
1372 2531 1443 2587 ad
1496 2529 1864 2602 imperatoris
1912 2547 2075 2586 men-

426 2625 544 2677 tem
603 2621 812 2677 fuisset
869 2624 1196 2691 exsecutus,
1259 2619 1552 2692 malignus
1612 2618 1929 2685 cavillator,
1975 2637 2076 2676 ca-

428 2711 674 2766 nonicus
731 2709 825 2766 ille
879 2709 1135 2782 quidem,
1170 2709 1270 2765 sed
1325 2726 1441 2764 non
1496 2709 1576 2779 (V.
1612 2712 1722 2764 not.
1766 2709 1852 2776 13)
1898 2709 2072 2763 Vero-

428 2800 648 2868 nensis,
681 2799 936 2855 Ratherii
994 2798 1458 2854 adversariorum
1502 2797 1692 2852 fautor
1745 2801 1918 2870 atque
1973 2798 2070 2853 de-

426 2890 622 2944 fensor
661 2887 1006 2961 praecipuus,
1039 2891 1157 2941 tam
1187 2891 1409 2942 rectum
1463 2891 1520 2942 et
1557 2887 1788 2956 justum
1832 2903 1980 2958 opus
2012 2887 2070 2942 in

425 2976 647 3033 malum
679 2977 981 3032 traducere
1019 2992 1120 3030 seu
1160 2974 1525 3047 interpretari
1559 2975 1872 3030 contendit.
1906 2976 2068 3031 Judas

422 3065 578 3123 enim
626 3066 889 3122 imitatus
938 3063 1288 3136 exemplum,
1320 3081 1448 3120 eam
1497 3063 1804 3135 pecuniam
1833 3064 1892 3119 in
1924 3082 2067 3137 pau-

420 3172 586 3227 peres
618 3155 889 3211 debuisse
936 3153 1180 3226 expendi
1232 3153 1536 3208 dictitabat
1565 3153 1771 3225 (Matth.
1803 3171 1952 3221 xxvx,
1986 3156 2062 3226 9).

2207 598 2312 636 cur
2366 581 2510 652 ipse,
2544 581 2645 653 qui
2703 583 2967 637 omnium
3026 582 3439 655 pauperrimus
3494 581 3876 638 restruendis

2205 669 2469 724 ecclesiis
2511 687 2580 724 ex
2618 687 2725 726 suo
2756 687 2871 726 non
2927 671 3272 740 sufficiebat,
3308 672 3366 726 in
3397 687 3685 743 pauperes
3725 688 3876 726 con-

2205 757 2380 813 ferret
2407 757 2548 812 illud
2592 757 2896 830 imperiale
2931 776 3170 826 munus,
3204 760 3360 831 quod
3392 758 3579 816 sancti
3608 760 3872 816 Zenonis

2203 846 2459 902 basilicae
2519 847 2839 902 reﬁciendae
2893 848 3173 903 traditum
3234 848 3463 904 fuerat?
3511 848 3628 905 Hac
3685 865 3872 921 porro

2203 935 2503 990 occasione
2534 935 2603 990 de
2656 935 2968 992 rebellione
2999 936 3345 993 clericorum
3393 954 3510 992 non
3542 954 3730 1009 pauca
3772 937 3869 993 in-

2203 1023 2364 1079 serit.
2398 1021 2595 1078 Multis
2655 1024 2774 1096 agit
2832 1024 2902 1079 de
2963 1024 3241 1098 rescripto
3302 1026 3488 1081 Roma
3538 1026 3870 1084 novissime

2201 1111 2396 1180 allato,
2432 1129 2546 1184 quo
2589 1113 2920 1180 cavebatur,
2955 1129 3026 1168 ne
3078 1113 3137 1168 in
3183 1129 3275 1170 res
3324 1113 3668 1170 clericorum
3727 1131 3866 1172 sese

2199 1199 2319 1255 ullo
2350 1201 2523 1257 modo
2557 1200 2862 1274 ingereret.
2897 1203 3096 1273 Ipsum
3126 1203 3500 1274 rescriptum,
3529 1219 3643 1275 quo
3676 1202 3869 1258 maxi-

2199 1305 2294 1344 me
2325 1289 2666 1362 angebatur,
2697 1288 2887 1345 latiori
2921 1307 3097 1362 quam
3128 1307 3235 1362 par
3261 1295 3351 1346 est
3375 1290 3863 1363 interpretatione

2198 1377 2533 1445 extendens,
2594 1377 2652 1432 in
2713 1394 2779 1433 eo
2824 1400 2850 1426 ‹‹
2899 1394 3093 1433 rerum
3129 1400 3157 1427 η
3192 1380 3428 1436 nomine
3485 1397 3599 1436 non
3655 1379 3854 1436 solum

2196 1465 2349 1520 bona
2377 1471 2634 1536 externa,
2663 1482 2863 1521 verum
2910 1467 3086 1521 etiam
3121 1466 3346 1523 animas
3398 1466 3742 1524 clericorum
3775 1469 3854 1526 ab

2195 1555 2452 1627 episcopi
2512 1559 2800 1627 potestate
2858 1556 3176 1612 subductas
3213 1555 3460 1630 colligit;
3520 1557 3656 1614 hinc
3712 1575 3852 1615 vero

2197 1649 2337 1714 quot
2392 1644 2614 1699 absona
2669 1649 2727 1699 et
2781 1644 3040 1700 absurda
3093 1651 3608 1717 consequerentur,
3665 1646 3851 1705 latius

2193 1733 2588 1804 prosequitur.
2614 1733 2743 1789 Haec
2773 1733 2955 1789 illatio
2977 1750 3155 1805 quam
3186 1734 3264 1790 sit
3293 1735 3646 1801 exorbitans,
3672 1753 3849 1792 nemo

2194 1837 2307 1875 non
2340 1821 2512 1876 videt.
2546 1821 2628 1877 Ea
2688 1826 2903 1888 autem,
2937 1839 3112 1894 quem
3171 1822 3557 1880 recentissimi
3595 1824 3682 1880 vis
3741 1825 3851 1880 do-

2192 1907 2331 1964 loris
2361 1911 2665 1981 expressit,
2700 1911 3082 1966 condonanda
3142 1915 3232 1967 est
3287 1911 3535 1980 homini,
3571 1913 3670 1985 qui
3729 1913 3849 1970 cle-

2192 1998 2342 2054 ricos
2383 1999 2495 2054 sibi
2554 2017 2754 2071 parere
2813 2006 3144 2066 renuentes,
3175 2017 3359 2072 eoque
3387 2001 3666 2074 rescripto
3722 2003 3850 2059 ela-

2191 2091 2300 2154 tos,
2336 2089 2906 2161 contra_episcopum
2938 2089 3054 2144 alia
3090 2094 3264 2162 atque
3295 2089 3408 2146 alia
3447 2091 3638 2146 moliri
3669 2108 3846 2163 expe-

2191 2176 2467 2231 riebatur.

2263 2266 2382 2320 130.
2417 2265 2532 2321 Hos
2563 2265 2802 2337 quidem
2851 2266 3086 2340 gravius
3114 2266 3337 2340 aliquid
3387 2271 3588 2325 contra
3617 2285 3679 2326 se
3712 2287 3846 2326 ma-

2189 2353 2455 2410 chinatos
2485 2372 2550 2410 eo
2593 2372 2824 2427 quoque
2855 2355 2949 2410 die
2990 2355 3301 2412 Dominiczs
3331 2374 3526 2425 ccenae,
3561 2375 3674 2431 quo
3705 2359 3845 2416 illos

2188 2443 2658 2511 communicavit,
2694 2461 2810 2499 non
2869 2446 3114 2500 obscure
3171 2445 3364 2501 innuit
3420 2463 3688 2504 sermone
3745 2464 3844 2504 se-

2187 2532 2377 2587 cundo
2409 2532 2482 2587 de
2511 2533 2812 2603 Paschate,
2845 2550 3018 2605 quem
3068 2533 3195 2606 ipso
3227 2535 3319 2591 die
3364 2535 3662 2593 Paschatis
3697 2537 3844 2593 anni

2187 2621 2489 2692 praesentis
2519 2622 2625 2676 968
2666 2621 2894 2677 habuit.
2923 2622 3239 2694 Postquam
3271 2625 3427 2679 enim
3460 2641 3694 2682 omnem
3723 2625 3845 2682 ini-

2185 2709 2469 2766 micitiam
2500 2711 2912 2781 adjiciendam,
2945 2716 3000 2767 et
3025 2712 3110 2767 vel
3144 2730 3178 2767 a
3206 2711 3358 2769 laesis
3391 2731 3592 2785 pacem
3625 2716 3846 2771 ineun-

2185 2799 2322 2854 dam
2352 2799 2701 2872 evangelicis
2727 2800 2917 2856 verbis
2939 2801 3208 2869 ostendit,
3234 2802 3355 2858 haec
3386 2803 3547 2858 addit
3571 2821 3736 2859 num.
3759 2806 3796 2859 3
3825 2822 3840 2862 :

2182 2912 2210 2938 ‹‹
2246 2889 2453 2960 Hujus,
2487 2890 2587 2945 sed
2618 2889 2761 2961 proh
2795 2889 2985 2945 dolor!
3041 2889 3267 2946 consilii
3320 2892 3380 2946 in
3435 2896 3662 2948 tantum
3695 2910 3840 2950 con-

2179 2981 2499 3050 temptores
2537 2978 2824 3050 quosdam
2853 2979 3145 3050 conspexi,
3176 2983 3232 3036 et
3262 2979 3485 3037 utinam
3536 2999 3651 3038 non
3700 2981 3840 3040 illos

2178 3067 2482 3138 praecipue,
2519 3067 2618 3138 qui
2658 3067 2979 3122 debuerant
3019 3067 3152 3124 aliis
3194 3069 3412 3125 bonum
3442 3076 3606 3140 [CLXI]
3636 3087 3838 3128 exem-

2173 3155 2335 3227 plum
2367 3156 2639 3229 praabere,
2673 3159 2738 3212 ut
2779 3156 2955 3214 etiam
2984 3156 3117 3230 ipsi,
3153 3158 3253 3230 qui
3294 3175 3505 3231 panem
3552 3164 3830 3218 sanctum

419 3245 546 3300 Haec
598 3261 844 3300 censura
899 3242 1232 3315 Apologetz'co
1287 3241 1587 3298 refellitur.
1635 3242 1819 3314 Negat
1876 3244 2066 3314 primo
2098 3231 2141 3298 C
2177 3243 2259 3299 eis
2287 3245 2556 3300 mittebat
2584 3244 2645 3299 in
2687 3261 2783 3300 ore
2812 3245 3058 3300 dicendo
3094 3265 3105 3301 :
3141 3248 3344 3318 Corpus
3386 3249 3605 3304 Domim
3651 3255 3840 3308 nostri

420 3333 730 3388 Ratherius
789 3350 850 3388 se
907 3330 1166 3403 potuisse
1223 3347 1352 3386 eam
1406 3331 1713 3402 pecuniam
1768 3332 1827 3386 in
1885 3331 2066 3388 alium

419 3439 596 3478 usum
630 3425 980 3486 convertere,
1014 3437 1190 3491 quam
1232 3420 1292 3480 in
1345 3436 1499 3488 eum,
1534 3420 1627 3476 cui
1686 3421 1756 3476 ab
1815 3421 2066 3493 impera-

419 3516 545 3566 tore
593 3509 806 3565 tradita
862 3508 992 3563 fuit.
1026 3507 1201 3564 Addit
1257 3507 1450 3564 nullos
1481 3509 1719 3565 Veronae
1776 3511 2068 3567 exstitisse

419 3615 728 3672 pauperes,
759 3595 858 3670 qui
911 3597 990 3652 ita
1039 3596 1384 3670 indigerent,
1417 3601 1481 3653 ut
1528 3615 1632 3671 pro
1663 3598 1748 3654 eis
1779 3599 1851 3653 ab
1879 3598 2065 3654 eccle-

420 3688 642 3744 siarum
673 3685 1051 3743 restructione
1089 3688 1589 3758 supersedendum
1623 3691 1793 3744 esset.
1831 3689 2063 3744 Libera-

416 3776 641 3832 litatem
672 3775 1088 3834 Veronensium
1135 3774 1354 3843 laudat,
1387 3776 1487 3848 qui
1519 3777 1600 3832 ita
1629 3781 1796 3832 erant
1824 3777 1881 3831 in
1918 3794 2061 3849 pau-

417 3882 585 3938 peres
617 3867 803 3934 effusi,
828 3871 893 3920 ut
939 3866 1063 3922 sine
1098 3864 1213 3920 ullo
1245 3865 1469 3922 delectu
1518 3865 1636 3921 illis
1686 3882 1918 3938 quoque
1948 3866 2061 3922 lar-

415 3955 547 4027 gius
581 3955 918 4026 tribuerent,
951 3955 1051 4026 qui
1081 3954 1328 4026 crapulaa
1360 3958 1416 4009 et
1445 3954 1711 4010 ebrietati
1744 3956 2058 4024 servirent;

415 4060 630 4116 eosque
659 4043 833 4100 etiam
867 4044 935 4099 ad
983 4043 1040 4098 id
1083 4047 1215 4099 ante
1243 4043 1470 4111 horam,
1493 4043 1702 4114 jcjunii
1736 4042 1883 4116 [CLX]
1917 4061 2059 4115 quo-

416 4150 526 4205 que
558 4131 1079 4206 quadragesimalis
1112 4137 1389 4204 tempore,
1424 4130 1856 4203 compellerent.
1877 4133 2063 4196 Quan-

412 4226 540 4277 tum
571 4221 727 4277 hisce
765 4221 1121 4294 pauperibus
1152 4220 1510 4293 przeferenda
1561 4220 1637 4275 sit
1683 4219 2058 4279 ecclesiarum

413 4312 891 4367 restruendarum
965 4309 1318 4376 necessitas,
1391 4309 1772 4366 demonstrat.
1831 4312 2058 4368 Etenim

415 4422 443 4450 ι(
475 4400 728 4456 ecclesiae
757 4400 930 4456 istius
973 4399 1190 4472 patriae,
1219 4421 1246 4447 ››
1271 4399 1462 4470 inquit
1500 4416 1661 4454 num.
1693 4400 1746 4468 5,
1772 4423 1800 4450 ‹‹
1835 4402 2057 4472 passim

412 4493 514 4544 aut
546 4487 812 4545 incendio
843 4505 1205 4562 paganorum
1239 4487 1318 4559 (id
1358 4490 1446 4542 est
1494 4487 1922 4561 Hungarorum,
1955 4492 2056 4563 qui

2176 3335 2301 3390 Iesu
2333 3335 2540 3390 Christi
2561 3336 2738 3405 prosit
2768 3336 2872 3390 tibi
2899 3337 2959 3389 in
3004 3337 3174 3392 vitam
3219 3345 3505 3406 aeternam,
3537 3355 3653 3394 non
3703 3357 3832 3397 ces-

2177 3428 2375 3481 sarent
2403 3423 2749 3496 perditionis
2783 3423 3023 3496 laqueos
3067 3426 3325 3494 tendere,
3357 3433 3414 3482 et
3443 3429 3611 3500 quasi
3641 3428 3834 3486 Pilato

2175 3513 2383 3568 diebus
2412 3513 2654 3579 eisdem,
2690 3513 2976 3585 Cruci/iga,
3003 3517 3261 3587 cruci/iga
3290 3516 3562 3586 clamare,
3596 3535 3711 3574 non
3744 3535 3836 3574 re-

2175 3601 2395 3658 cordati
2427 3602 2693 3658 dicentis.
2729 3601 2824 3656 Vae
2855 3601 3035 3674 impio
3078 3605 3380 3676 proditori,
3408 3623 3488 3661 vas
3526 3607 3831 3680 complici-

2172 3692 2305 3760 bus,
2337 3691 2624 3763 hodieque
2675 3690 2733 3746 in
2782 3690 3044 3761 ecclesia,
3094 3694 3243 3764 ejus.
3279 3715 3307 3743 »
3339 3694 3475 3762 Hos,
3510 3695 3569 3750 ni
3619 3696 3829 3770 resipi-

2173 3784 2356 3850 scant,
2375 3781 2406 3836 ,Ι
2416 3782 2539 3836 udae
2565 3780 2890 3836 imitatores
2921 3781 3149 3838 futuros
3171 3784 3541 3855 praenuntiat,
3566 3783 3625 3840 in
3648 3801 3828 3857 quem

2172 3875 2304 3942 post
2333 3868 2618 3925 bucellam
2651 3868 2909 3925 introivit
2938 3870 3203 3940 Satanas,
3234 3893 3261 3922 (ί
3296 3873 3498 3944 utique
3529 3890 3632 3945 per
3661 3875 3827 3946 pravi

2171 3958 2362 4031 operis
2393 3958 2686 4026 effectum,
2719 3959 2818 4030 qui
2842 3960 2969 4031 jam
3000 3959 3059 4015 in
3091 3978 3157 4016 eo
3189 3978 3293 4033 per
3324 3961 3593 4035 malignae
3625 3962 3830 4019 volun-

2167 4047 2308 4103 tatis
2339 4051 2462 4103 erat
2493 4047 2787 4103 affectum.
2813 4071 2840 4098 »

2243 4138 2364 4192 131.
2407 4137 2554 4200 Quid
2615 4141 2809 4193 autem
2867 4136 2952 4192 illi
3007 4139 3370 4208 molirentur,
3431 4141 3629 4196 statim
3689 4146 3826 4213 post
3929 4147 3940 4153 ’

2169 4226 2393 4282 Pascha
2451 4227 2740 4299 apparuit.
2795 4227 2912 4283 Hac
2971 4227 3043 4282 de
3100 4245 3160 4283 re
3219 4229 3339 4302 agit
3395 4228 3704 4286 Ratherius
3759 4232 3820 4286 in

2168 4332 2435 4371 sermone
2485 4315 2548 4371 de
2582 4317 2796 4372 Octavis
2853 4317 3081 4374 Pascha:
3137 4335 3300 4372 num.
3335 4320 3384 4375 1.
3421 4341 3449 4368 ‹‹
3482 4318 3627 4373 Cum
3688 4324 3824 4390 post

2167 4404 2511 4473 buccellam,
2547 4427 2574 4454 ››
2599 4405 2808 4477 inquit,
2860 4428 2887 4455 α
2945 4404 3245 4463 introisset
3298 4407 3355 4462 in
3414 4423 3513 4464 eos
3571 4408 3820 4467 Satanas

2167 4495 2344 4566 (Joan.
2386 4511 2508 4560 x111,
2550 4496 2642 4562 27)
2699 4511 2803 4566 per
2861 4495 3255 4566 operationem
3311 4496 3652 4570 malignam,
3715 4498 3818 4570 qui

412 4577 521 4669 hoc
551 4577 762 4634 saeculo
822 4575 1098 4669 religione
1150 4575 1399 4669 Ethnici.
1442 4575 1660 4669 pluries
1716 4577 1774 4633 in
1832 4579 2055 4669 Italiam
2089 4603 2137 4669 D
2171 4587 2305 4639 ante
2352 4582 2412 4637 in
2469 4583 2554 4639 eis
2605 4583 2837 4654 jamdiu
2870 4601 2973 4655 per
3003 4583 3386 4642 intentionem
3445 4588 3634 4643 fuerat
3686 4605 3819 4660 pes-

409 4667 726 4737 irruerunt)
767 4671 868 4722 aut
913 4665 1140 4720 incuria
1171 4663 1800 4738 pseudoepiscoporum
1840 4668 1962 4740 (qui
2001 4669 2060 4725 in

412 4755 666 4811 Ratherii
698 4755 892 4811 locum
927 4753 1136 4809 intrusi
1167 4754 1417 4823 fuerant)
1448 4757 1587 4809 sunt
1632 4754 1913 4812 universas
1958 4764 2057 4815 aut

406 4845 640 4916 penitus
670 4845 894 4912 dirutae,
931 4847 1031 4900 aut
1077 4859 1291 4914 magna
1337 4859 1404 4897 ex
1453 4846 1615 4914 parte
1663 4845 1988 4904 destructa.
2025 4873 2052 4900 ››

406 4933 537 4988 Haec
590 4938 786 4990 autem
819 4933 1198 4990 ecclesiarum
1259 4932 1601 4987 restauratio
1641 4937 1696 4988 et
1740 4952 1880 4991 cura
1934 4943 2055 4996 tota

406 5027 549 5078 tunc
589 5023 871 5094 temporis
913 5023 984 5078 ad
1027 5021 1363 5094 episcopum
1404 5021 1753 5093 pertinebat.
1791 5025 1842 5081 Is
1883 5044 2053 5098 porro

406 5111 583 5167 rebus
613 5111 905 5184 pluribus,
940 5127 1005 5166 ac
1037 5105 1382 5181 'przesertim
1441 5109 1769 5183 hospitibus
1799 5114 1883 5171 ita
1931 5123 2055 5174 erat

407 5203 699 5270 gravatus,
747 5204 813 5256 ut
865 5217 978 5256 non
1027 5198 1323 5265 haberent,
1354 5199 1508 5254 unde
1539 5201 1681 5256 satis
1710 5219 1962 5276 congrue
1991 5224 2053 5263 se

407 5290 584 5358 atque
639 5289 991 5344 domesticos
1045 5286 1255 5356 aleret;
1299 5304 1362 5342 ac
1415 5293 1720 5361 propterea
1771 5311 1934 5350 num.
1995 5300 2047 5352 2.

407 5374 695 5444 «Nullos,
755 5377 972 5448 gratias
1023 5377 1159 5446 Deo,
1202 5376 1532 5450 (pauperes)
1565 5378 1656 5435 hic
1708 5398 1835 5439 esse
1892 5402 2051 5440 com-

404 5463 586 5538 perio,
609 5485 636 5513 ››
687 5464 900 5537 inquit,
938 5489 958 5516 α
995 5465 1129 5534 nisi,
1188 5465 1454 5522 mirabile
1487 5467 1680 5525 dictu!
1740 5470 2049 5529 incredibi-

405 5553 574 5626 leque
627 5552 871 5610 auditu!
924 5572 1037 5625 me,
1070 5559 1127 5612 et
1157 5572 1304 5629 quos
1364 5554 1516 5613 alere
1575 5562 1640 5615 ut
1696 5559 2050 5622 domesticos

406 5640 722 5713 debueram
770 5643 968 5740 ipse.»
997 5647 1141 5708 Cum
1193 5645 1389 5725 itaque
1443 5647 1633 5724 major
1687 5663 1815 5712 esse
1869 5651 2049 5718 eccle-

2173 4674 2414 4741 simam;
2449 4673 2618 4744 quasi
2674 4673 2975 4730 audissent
3027 4675 3099 4730 ab
3133 4691 3217 4742 eo,
3253 4677 3352 4748 qui
3411 4676 3494 4732 eis
3549 4678 3816 4734 eamdem

2165 4766 2498 4836 porrexerat
2523 4761 2844 4818 buccellam
2880 4780 2892 4818 :
2929 4763 3076 4832 Quod
3117 4767 3373 4837 facis,fac
3401 4767 3562 4821 citius
3607 4767 3814 4839 ΗΜΛ),

2164 4852 2378 4907 abhinc
2406 4868 2521 4907 non
2563 4857 2936 4908 cessaverunt
2975 4855 3323 4924 quantocius
3363 4855 3623 4928 exsequi,
3657 4856 3815 4928 quod

2156 4942 2282 5012 jam
2349 4945 2552 5005 antea,
2617 4941 2903 5013 praecipue
2970 4947 3092 4997 tota
3153 4943 3267 4998 ista
3333 4943 3813 5016 quadragesima,

2165 5033 2394 5086 fuerant
2460 5029 2894 5087 machinati.....
2959 5035 3160 5087 contra
3225 5033 3496 5088 eumdem
3566 5032 3810 5102 scilicet,

2166 5136 2338 5192 quem
2371 5135 2465 5175 me
2493 5119 2612 5174 fore
2643 5136 2813 5175 nemo
2849 5120 3077 5176 utinam
3109 5120 3304 5191 sciret,
3337 5120 3534 5177 omnia
3565 5121 3813 5179 insidia-

2163 5227 2294 5264 rum
2361 5206 2682 5275 molimina,
2724 5224 2927 5265 omnes
2995 5207 3344 5266 falsissimas
3411 5211 3813 5268 concinnatio-

2161 5315 2264 5352 nes
2295 5296 2353 5351 in
2386 5295 2577 5368 palam
2636 5313 2739 5368 per
2795 5313 3178 5369 quoscunque
3207 5298 3516 5355 valuerunt
3571 5300 3814 5356 mitten-

2160 5389 2268 5452 tes,
2299 5385 2556 5458 taliaque
2585 5386 2655 5441 dc
2707 5403 2773 5442 eo
2813 5388 3121 5460 ﬁngentes,
3151 5387 3349 5460 qualia
3407 5405 3579 5445 nemo
3609 5394 3814 5462 posset

2159 5476 2410 5542 credere,
2447 5473 2561 5530 nisi
2619 5474 2712 5531 cui
2769 5479 2871 5532 aut
2924 5477 3149 5546 eadem,
3185 5481 3285 5533 aut
3343 5477 3565 5534 similia
3621 5477 3814 5536 multa

2159 5565 2502 5639 contigisset
2558 5564 2784 5621 fecisse.
2813 5587 2841 5614 «
2876 5565 3086 5623 Subdit
3142 5583 3336 5640 porro,
3370 5567 3510 5640 quid
3565 5567 3625 5622 in
3681 5568 3813 5639 ipsa

2157 5653 2422 5737 paschali
2450 5652 2821 5719 hebdomade
2851 5651 3048 5718 actum
3077 5655 3284 5730 fuerit;
3318 5655 3474 5720 unde
3501 5655 3815 5752 rebellium;
