4070 6388
145 345 260 413 133

1169 356 1772 424 PROLEGOMENA.
1808 362 1886 409 -έ-
1913 361 2287 427 RATHERII
2331 359 2568 430 VITA;

3441 371 3558 439 134

146 484 511 575 malignitas,
543 489 601 543 et
657 484 929 562 iniquum
977 494 1179 550 contra
1234 511 1296 549 se
1351 494 1649 551 molimem
1693 512 1793 569 pa-
1821 497 1877 566 Α
1909 513 2223 570 pauperem
2254 500 2450 571 potius
2498 517 2674 573 quam
2733 502 3075 575 opulentum
3124 504 3442 566 declarant.
3492 509 3558 566 In

146 572 266 629 lam
323 575 561 646 prodiit.
607 577 975 652 Episcopales
1025 582 1176 638 aedes
1233 583 1448 655 partim
1500 584 1798 656 hospitum

147 679 348 733 causa,
384 666 596 737 partim
640 667 964 724 vicinorum
1021 670 1246 727 malitia
1292 689 1530 744 pessum
1590 673 1796 729 ferant.

149 774 178 800 ί(
231 753 608 826 Hospitantes
649 755 794 811 inibi
841 758 895 812 vi
952 762 1010 814 et
1065 763 1350 832 potestate
1380 778 1497 817 non
1546 765 1798 829 cessant,

146 841 342 915 inquit
407 843 572 900 illam
646 846 910 918 (domum
987 848 1401 922 episcopalem)
1476 851 1799 918 destruere,

148 947 240 986 me
271 949 391 988 non
420 932 650 989 valente
679 934 901 991 scilicet
940 936 1176 992 illorum
1209 937 1382 994 alicui
1414 939 1799 996 resistere.....

149 1020 441 1093 imperiali
503 1039 637 1078 cum
698 1028 923 1081 constet
962 1042 1062 1081 eos
1093 1027 1166 1082 de
1195 1028 1448 1084 exercitu
1481 1029 1801 1100 presertim

149 1109 359 1176 redire,
418 1110 509 1166 vel
571 1112 643 1167 ad
701 1112 869 1168 illum
925 1115 1142 1170 venire.
1191 1137 1218 1165 ››
1263 1117 1333 1172 Et
1384 1121 1516 1189 post
1572 1135 1800 1190 pauca:

153 1221 179 1248 (ι
213 1199 280 1254 In
313 1203 546 1256 tantum
607 1201 790 1269 illam,
836 1202 1223 1276 hospitantes,
1255 1205 1314 1260 in
1346 1223 1433 1273 ea,
1494 1207 1805 1262 destruunt

151 1289 520 1360 potestative,
580 1295 646 1346 ut
704 1291 758 1347 si
807 1291 1040 1364 aliquis,
1102 1294 1272 1364 cujus
1330 1293 1551 1350 scilicet
1609 1296 1800 1362 refert,

152 1376 292 1432 illuc
313 1379 748 1436 consideratum
779 1382 969 1436 veniat
1007 1382 1384 1451 famulorum,
1426 1384 1627 1439 statim
1667 1401 1803 1440 eum

155 1467 677 1540 comprehendant,
721 1474 779 1524 et
836 1471 1178 1542 gravissime
1235 1472 1614 1544 ﬂagellatum,
1663 1472 1806 1529 loris

153 1556 580 1630 constringant.
628 1579 656 1606 ››
696 1558 811 1614 Hos
850 1558 1111 1631 hospites
1151 1560 1332 1616 fuisse
1352 1562 1673 1633 praesertim
1705 1562 1807 1637 Ba-

147 1645 377 1715 juarios
416 1661 485 1701 ex
523 1646 804 1718 epistolas
846 1650 911 1702 12
971 1649 1043 1704 ad
1098 1650 1473 1706 Ambrosium
1531 1651 1804 1717 dicimus,

155 1735 254 1790 ubi
296 1735 473 1791 etiam
536 1735 852 1808 explicans,
915 1738 1159 1810 quinam
1214 1739 1447 1807 fuerint,
1491 1762 1520 1790 «
1559 1739 1734 1795 vicini
1778 1762 1798 1789 ιο

154 1824 422 1880 eamdem
479 1825 722 1881 domum
779 1827 1170 1896 destruentes,
1213 1852 1240 1878 «
1284 1828 1563 1901 Bajuarii,
1613 1828 1807 1901 inquit

157 1931 322 1970 num.
383 1915 437 1983 4,
487 1919 544 1969 et
573 1916 742 1986 juxta
804 1917 979 1988 positi
1041 1917 1258 1984 clerici,
1301 1923 1358 1974 et
1414 1918 1622 1974 famuli
1662 1936 1807 1990 prae-

157 2003 328 2076 cipue
366 2004 696 2060 destruunt.
738 2027 767 2056 »
811 2006 972 2062 Ostia
1011 2030 1039 2056 «
1084 2008 1298 2078 partim
1339 2008 1514 2078 furto,
1554 2031 1580 2059 »
1620 2009 1678 2064 id
1719 2014 1809 2065 est

155 2092 331 2159 clam,
377 2114 405 2144 «
443 2093 658 2165 partim
696 2093 749 2148 vi
791 2095 984 2151 ablata
1023 2117 1051 2146 »
1095 2096 1311 2152 ibidem
1363 2101 1803 2166 commemorat,

158 2187 215 2238 et
255 2181 646 2256 quadraginta
685 2184 802 2240 fere
840 2184 1020 2241 libras
1059 2186 1119 2241 in
1142 2187 1627 2243 restaurationem
1651 2189 1807 2258 ejus-

158 2272 292 2328 dem
331 2273 544 2328 domu’s
584 2288 646 2329 se
685 2275 1027 2346 expendisse
1057 2276 1635 2349 testatur,sexiesque
1659 2277 1809 2333 ostia

157 2360 528 2429 restituisse;
568 2363 671 2418 sed
711 2362 858 2418 nihil
899 2365 1086 2435 [chu]
1127 2365 1364 2436 profuit.
1412 2366 1489 2422 Ea
1524 2383 1657 2422 vero
1697 2365 1809 2421 fuit

159 2450 534 2506 inimicorum
594 2451 952 2525 malignitas,
995 2458 1061 2509 ut
1116 2455 1214 2527 qui
1255 2471 1323 2510 ea
1369 2455 1586 2510 damna
1623 2455 1806 2527 patie-

157 2540 334 2595 batur
371 2539 1046 2614 episcopus,eorumdem
1088 2544 1437 2599 damnorum
1478 2548 1679 2599 auctor
1697 2547 1810 2599 tra-

156 2630 488 2685 duceretur.
531 2629 658 2686 Haac
710 2647 828 2686 una
874 2648 942 2688 ex
990 2633 1298 2705 praecipuis
1339 2633 1808 2690 accusationibus

156 2717 289 2783 fuit,
331 2735 460 2790 quae
500 2723 566 2774 ut
621 2718 765 2776 satis
817 2720 1060 2791 probata
1112 2722 1185 2777 ad
1243 2721 1654 2794 imperatorem
1705 2724 1808 2779 de-

153 2809 424 2876 ferretur,
470 2808 529 2864 in
585 2809 716 2881 ipsa
769 2809 1030 2882 paschali
1092 2811 1460 2867 hebdomade
1512 2813 1638 2868 duae
1678 2830 1806 2885 per-

154 2914 314 2954 sonae
353 2898 414 2952 in
472 2899 618 2953 urbe
677 2898 1069 2968 dominantes,
1134 2901 1318 2973 pretio
1369 2906 1674 2974 corruptae,
1734 2903 1804 2958 ad

157 2987 649 3043 considerandam
689 2987 1044 3060 episopalem
1100 2990 1342 3046 domum
1397 2991 1806 3046 circumductae

157 3076 422 3132 fuerunt.
481 3075 608 3132 Una
661 3077 772 3132 fuit
828 3077 981 3148 [Vid.
1020 3087 1132 3134 not.
1174 3081 1210 3134 5
1247 3079 1305 3134 in
1361 3097 1537 3136 serm.
1589 3081 1654 3136 de
1693 3081 1804 3137 Oct.

156 3165 412 3236 Pascha]
470 3165 676 3221 Nanno
735 3166 974 3222 Verona:
1029 3184 1223 3224 comes
1285 3168 1556 3225 Ratherio
1612 3168 1804 3225 infen-

1911 585 2318 658 appendicula,
2381 606 2559 660 quam
2617 591 2729 662 ipsi
2791 596 2991 664 postea
3045 595 3228 662 addit,
3283 597 3424 655 dum
3497 615 3560 656 se

1910 691 2142 746 sperare
2160 675 2240 730 ait
2263 699 2290 726 ‹‹
2320 675 2749 750 elongationem
2764 681 3136 752 promissam,
3167 707 3193 733 ››
3212 683 3332 741 haec
3355 709 3383 735 ‹‹
3407 685 3562 743 elon-

1908 763 2064 835 gatio
2122 785 2150 814 ››
2201 763 2302 819 illa
2348 781 2475 822 esse
2522 767 2772 837 videtur,
2809 770 2880 825 de
2931 788 3045 842 qua
3101 772 3159 826 in
3217 773 3463 845 epistola
3494 776 3560 831 13

1911 853 1983 906 ad
2027 852 2366 909 Adelaidem
2421 855 2848 928 imperatricem
2898 859 2980 914 ait
3029 877 3104 915 :u
3139 861 3408 935 Elongari
3458 881 3559 937 po-

1910 940 2028 995 tius
2061 940 2393 1012 salubriter,
2427 949 2485 999 et
2515 945 2778 1001 habitare
2809 947 2867 1001 in
2923 950 3264 1006 monasterii
3296 952 3409 1008 mei
3461 954 3562 1008 de-

1912 1028 2102 1084 sidero
2133 1029 2468 1086 solitudine.
2505 1054 2532 1084 »
2576 1033 2720 1089 Cum
2770 1035 2989 1092 scilicet
3020 1041 3106 1092 tot
3134 1039 3429 1112 tantisque
3458 1042 3564 1098 Ve-

1912 1118 2254 1175 ronensium
2278 1120 2810 1179 machinationibus
2839 1129 3098 1192 vexatus,
3124 1125 3182 1181 in
3215 1127 3561 1202 episcopatu

1912 1223 2114 1278 pacem
2146 1225 2380 1280 sperare
2436 1228 2550 1267 non
2601 1218 2816 1284 posset,
2869 1214 2939 1269 de
2971 1231 3037 1270 eo
3085 1216 3328 1271 tandem
3361 1217 3562 1273 dimit-

1911 1296 2084 1352 tendo
2133 1298 2391 1369 cogitare
2421 1300 2592 1372 coepit
2627 1318 2639 1356 :
2675 1316 2849 1372 quem
2899 1307 3097 1357 tamen
3158 1321 3292 1359 eum
3357 1309 3562 1376 sponte

1915 1383 2208 1441 dimittere
2263 1387 2414 1458 [Vid.
2473 1405 2640 1461 supra
2695 1408 2752 1444 η.
2804 1391 2919 1462 66.]
2951 1390 3221 1448 illicitum
3281 1395 3560 1462 crederet,

1913 1472 2215 1544 imperiale
2244 1481 2622 1550 praeceptum,
2678 1496 2793 1550 quo
2842 1479 3069 1537 Verona
3119 1487 3421 1554 cogeretur
3465 1484 3561 1540 de-

1915 1563 2138 1629 cedere,
2171 1569 2228 1619 et
2284 1566 2354 1619 ad
2388 1569 2807 1623 monasterium
2861 1573 3056 1641 posset
3105 1571 3295 1626 redire
3351 1573 3560 1642 [CLXIII]

1915 1650 2298 1721 desiderasse,
2354 1659 2411 1710 et
2437 1655 2615 1727 hujus
2666 1657 2901 1729 quidem
2953 1659 3220 1732 praecepti
3280 1660 3563 1717 indicium

1915 1740 2208 1812 accepisse
2237 1743 2484 1812 videtur,
2510 1746 2648 1800 dum
2701 1747 2758 1801 in
2793 1747 2901 1802 bac
2932 1747 3320 1820 appendicula
3345 1771 3373 1800 «
3405 1749 3563 1806 elon-

1915 1829 2169 1901 gationis
2202 1833 2507 1903 promissa:
2542 1857 2569 1883 »
2605 1835 2960 1891 mentionem
2993 1836 3142 1893 fecit.

1990 1919 2111 1974 133.
2141 1921 2265 1975 Non
2297 1922 2398 1977 diu
2447 1939 2587 1978 sane
2633 1923 2811 1980 dilata
2856 1943 2946 1980 res
2990 1925 3120 1981 fuit.
3154 1926 3358 1983 Nanno
3408 1928 3566 1984 enim

1916 2007 2154 2062 Veronae
2182 2025 2376 2066 comes
2401 2016 2682 2083 tanquam
2707 2015 2907 2072 missas
2949 2015 3015 2069 de
3040 2022 3194 2086 parte
3223 2017 3566 2088 imperatoris

1917 2093 1975 2148 in
2037 2097 2181 2150 festo
2232 2101 2812 2157 commemorationis
2875 2104 3062 2158 sancti
3128 2105 3293 2159 Pauli
3353 2106 3445 2161 die
3495 2107 3568 2162 3O

1915 2183 2073 2238 Junii
2107 2190 2310 2242 contra
2359 2189 2702 2246 Ratherium
2761 2189 3044 2263 placitum
3098 2193 3323 2250 habuit.
3376 2194 3566 2266 «Ipsa

1917 2271 2070 2327 beati
2127 2274 2291 2330 Pauli
2348 2277 2597 2348 apostoli
2653 2277 3022 2336 solemnitate
3078 2281 3187 2348 (uti
3238 2280 3452 2355 legitur
3503 2282 3564 2338 in

1915 2361 2164 2432 epistola
2205 2365 2273 2418 12
2322 2382 2484 2420 num.
2520 2368 2576 2436 4)
2608 2382 2752 2440 pene
2802 2371 2924 2423 tota
2982 2368 3188 2426 civitas
3239 2371 3448 2439 adfuit,
3507 2375 3566 2427 et

1917 2451 2130 2508 sedens
2158 2452 2361 2509 Nanno
2411 2472 2514 2527 pro
2563 2456 2844 2512 tribunali
2890 2457 2974 2514 ita
2999 2475 3168 2514 orsus
3199 2463 3289 2516 est
3316 2459 3498 2531 loqui.
3533 2460 3566 2510 ››’

1917 2540 2176 2604 Quatuor
2206 2545 2645 2600 accusationum
2678 2546 2868 2617 capita
2915 2545 3118 2602 Nanno
3164 2547 3377 2620 populo
3432 2564 3564 2620 pro-

1916 2628 2132 2699 posuit.
2185 2630 2447 2687 Primum
2496 2633 2567 2689 de
2611 2639 2775 2706 prato
2816 2636 2987 2706 juxta
3034 2636 3253 2692 ﬂumen
3303 2636 3562 2704 Athesis,

1917 2718 2071 2788 quod
2120 2734 2255 2774 cum
2307 2721 2604 2778 venientes
2663 2726 2719 2778 et
2777 2723 3058 2780 abeuntes
3102 2742 3217 2781 non
3269 2730 3567 2782 cessarent

1918 2805 2254 2877 detundere,
2328 2813 2385 2865 et
2448 2809 2642 2866 vineta
2694 2811 2744 2866 ei
2819 2813 3095 2884 contigua
3149 2814 3560 2883 devastarent;

1917 2896 2227 2968 episcopus
2273 2899 2423 2954 arari
2465 2899 2748 2970 jusserat,
2795 2917 2859 2956 ac
2912 2900 2970 2955 in
3009 2918 3074 2957 eo
3109 2901 3360 2957 millium
3383 2902 3567 2959 semi-

1917 2985 2065 3039 nari.
2120 2985 2389 3043 Nannoni
2443 2992 2638 3044 autem
2689 2989 3094 3063 interroganti,
3145 2990 3349 3058 «Quid
3398 2991 3563 3048 vobis

1914 3073 2147 3130 videtur
2202 3076 2273 3131 de
2313 3076 2424 3132 isto
2484 3081 2668 3149 prato,
2721 3095 2895 3150 quem
2953 3083 3254 3134 exaratum
3311 3080 3564 3138 videtis?

1915 3164 2344 3235 responderunt
2374 3165 2732 3221 unanimiter
2747 3182 2970 3222 omnes:
3002 3167 3276 3222 Pessime.
3296 3190 3324 3217 ››
3348 3168 3564 3224 Secun-

157 3253 458 3322 sissimus,
501 3253 686 3310 altera
722 3255 967 3310 forsitan
1006 3256 1118 3312 fuit
1155 3258 1496 3314 vicecomes.
1539 3258 1804 3316 Rebelles
1835 3243 1878 3310 C
1916 3251 2056 3307 dum
2089 3257 2264 3326 caput
2285 3255 2356 3310 ad
2379 3253 2620 3310 domum
2651 3254 3038 3327 episcopalem
3061 3255 3376 3328 spectabat.
3401 3256 3561 3311 Nan-

161 3347 360 3400 autem
400 3347 585 3399 totam
643 3343 874 3417 culpam
935 3338 1260 3416 rejicienles
1317 3347 1374 3402 in
1440 3347 1802 3420 episcopum,

162 3455 190 3483 «
250 3449 346 3489 me
423 3433 882 3501 mendaeissimi,
960 3433 1042 3490 ait
1099 3453 1262 3490 num.
1342 3438 1367 3491 1
1445 3437 1510 3492 de
1575 3437 1803 3508 Octavis,

159 3521 467 3578 conductis
504 3523 1035 3580 consideratoribus
1075 3529 1352 3580 accusant
1390 3526 1658 3582 eamdem
1707 3527 1806 3582 de-

159 3616 410 3679 struere,
453 3611 621 3684 quasi
661 3611 848 3685 possit
886 3629 1012 3669 esse
1052 3614 1347 3684 crediblle,
1393 3619 1458 3671 ut
1505 3616 1658 3688 quod
1701 3632 1805 3689 ego

154 3704 320 3757 tanto
361 3700 477 3757 mei
517 3700 814 3756 construxi
854 3701 1179 3775 dispendio,
1214 3707 1314 3759 aut
1339 3704 1803 3777 destruamipse,

156 3795 261 3846 aut
297 3791 524 3847 destrui
565 3791 756 3862 patiar
801 3796 1029 3864 sponte.
1073 3816 1100 3844 ››
1143 3793 1272 3850 Haec
1333 3793 1490 3849 mala
1537 3793 1805 3849 nonnulli

151 3897 217 3936 eo
278 3879 617 3936 referebant
671 3881 825 3952 quod
883 3882 1193 3954 episcopus
1251 3882 1308 3938 in
1375 3883 1804 3956 episcOpalibus

147 3968 376 4024 aedibus
418 3986 534 4024 non
585 3973 931 4026 moraretur.
974 3971 1189 4027 Verum
1230 3973 1544 4045 respondet
1580 3973 1639 4027 in
1678 3973 1805 4045 epi-

146 4058 296 4114 stola
335 4060 406 4114 12
445 4059 515 4113 ad
553 4059 930 4115 Ambrosium
990 4079 1155 4116 num.
1199 4063 1248 4116 4.
1293 4085 1320 4112 ‹‹
1364 4067 1428 4116 In
1478 4078 1545 4117 ea
1583 4062 1802 4135 (domo)

147 4146 319 4204 illum
377 4147 598 4204 versari
656 4147 1344 4206 inconvenientissimum
1402 4151 1531 4220 fuit,
1591 4168 1664 4206 ne
1703 4155 1804 4206 aut

146 4236 741 4309 comprehenderetur
795 4243 861 4294 ut
910 4238 1071 4306 olim,
1136 4244 1256 4308 aut,
1299 4240 1348 4295 si
1388 4257 1448 4296 se
1497 4240 1802 4297 defendere

145 4330 481 4393 conaretur,
523 4327 657 4400 igne
706 4328 968 4384 adhibito
1009 4329 1132 4402 (qui
1175 4329 1338 4385 enim
1371 4329 1584 4404 vulgus
1622 4331 1802 4386 Vero-

143 4431 328 4472 nense
367 4432 485 4472 non
525 4417 765 4490 audet?)
793 4417 1218 4492 circumpositae
1257 4425 1664 4493 propterjeum
1706 4419 1802 4476 ba-

143 4505 323 4562 silica
364 4509 784 4562 cremarentur.
828 4508 884 4562 Si
926 4513 1202 4565 neutrum
1241 4525 1374 4565 vero
1415 4509 1794 4584 contingeret,

1918 3342 2056 3397 noni
2087 3360 2218 3398 vero
2246 3343 2525 3418 quaerenti
2551 3361 2563 3400 :
2595 3343 2789 3408 «Quid
2827 3344 3108 3415 judicatis
3129 3345 3199 3401 de
3221 3345 3335 3401 ista
3363 3345 3558 3416 domo,

1917 3448 2091 3503 quam
2125 3433 2208 3488 sic
2239 3434 2594 3489 destructam
2635 3433 2882 3490 videtis?
2911 3433 3095 3507 Culpa
3139 3437 3230 3490 est
3281 3434 3572 3508 episcopi,

1916 3537 2120 3577 omnes
2151 3524 2522 3595 respondent.
2555 3521 2818 3578 Tertium
2851 3527 3026 3595 caput
3049 3522 3310 3578 Ratherii
3336 3523 3563 3580 Iudica-

1915 3617 2031 3665 tum
2061 3610 2427 3684 respiciebat,
2481 3629 2596 3684 quo
2653 3612 2936 3668 beneficia
2995 3612 3263 3684 quaedam
3316 3612 3562 3685 ingratis

1915 3700 2239 3772 majoribus
2270 3700 2517 3773 clericis,
2573 3718 2676 3757 seu
2734 3701 3032 3757 canonicis
3095 3702 3167 3756 ab
3225 3717 3290 3757 eo
3343 3701 3560 3770 ablata,

1913 3789 2154 3862 in0pum
2187 3789 2530 3847 clericorum
2584 3790 2995 3847 sustentationi
3045 3791 3279 3847 addicta
3307 3790 3566 3847 fuerant.

1913 3879 2083 3947 Quid,
2143 3901 2170 3929 «
2224 3880 2418 3952 inquit
2472 3880 2627 3936 idem
2681 3881 2906 3947 Nanno,
2941 3903 2968 3931 ‹‹
3010 3881 3082 3936 de
3139 3879 3270 3936 istis
3329 3879 3558 3936 clericis

1912 3968 1991 4037 (id
2027 3973 2115 4024 est
2172 3968 2539 4041 majoribus),
2585 3969 2686 4041 qui
2743 3986 2852 4025 sua
2905 3968 3187 4024 beneficia
3233 3968 3317 4024 ita
3370 3967 3559 4040 perdi-

1912 4057 2161 4114 derunt?
2219 4057 2698 4115 Exclamaverunt
2750 4075 2956 4114 omnes
3007 4076 3018 4113 :
3073 4056 3231 4112 Nihil
3279 4057 3467 4129 pejus.
3531 4078 3559 4106 »

1912 4150 2196 4214 Quartum
2225 4152 2400 4220 caput
2447 4148 2558 4203 fuit
2590 4165 2602 4201 ε
2642 4170 2669 4200 ‹‹
2703 4147 2850 4213 Quid
2903 4147 2972 4202 de
3003 4163 3068 4202 eo
3095 4145 3272 4217 quod,
3308 4144 3357 4200 si
3389 4143 3561 4200 cleri-

1910 4255 2035 4305 cus,
2071 4242 2174 4293 aut
2204 4236 2460 4293 famulus
2491 4236 2678 4309 ipsius
2706 4253 2808 4308 per
2837 4251 3006 4291 suam
3038 4233 3396 4290 voluntatem
3443 4250 3560 4290 non

1909 4326 2032 4382 adit
2059 4330 2296 4382 vocatus
2320 4325 2683 4398 episcopum,
2715 4324 2812 4380 ille
2842 4341 2980 4380 suos
3019 4321 3325 4379 baculares
3356 4321 3557 4391 mittit,

1909 4419 1966 4472 et
1995 4433 2096 4488 per
2127 4419 2472 4488 potestatem
2521 4431 2656 4470 eum
2701 4414 2958 4487 rapiunt,
2991 4417 3048 4470 et
3095 4412 3169 4468 ad
3219 4411 3559 4485 episcopum

1908 4504 2174 4561 ducunt?
2204 4504 2325 4574 Hic,
2376 4521 2510 4560 cum
2560 4521 2765 4561 omnes
2823 4502 2965 4558 illud
2997 4501 3412 4559 Terentianum
3461 4517 3560 4558 va-

144 4595 289 4667 quid
333 4595 566 4665 faceret,
608 4613 743 4653 cum
783 4601 1026 4654 exeunte
1082 4615 1152 4654 ex
1211 4615 1279 4654 ea
1318 4616 1434 4654 uno
1473 4616 1541 4654 ex
1577 4603 1792 4655 vestra-
1826 4618 1873 4684 D
1908 4595 2158 4651 luissent
2199 4593 2534 4666 justissime
2581 4594 2935 4667 respondere
2969 4609 2981 4647 :
3018 4592 3062 4648 Ο
3112 4590 3554 4684 factum_benel

142 4685 307 4740 tibus
347 4684 428 4756 (id
471 4689 560 4741 est
598 4686 903 4743 Germanis
942 4689 1015 4744 ad
1056 4688 1428 4760 imperatoris
1479 4689 1795 4745 exercitum
1826 4680 1864 4684 ’
1906 4685 2144 4758 porcino
2171 4682 2360 4756 magis
2391 4682 2647 4739 universi
2697 4685 3192 4756 concrepaverunt
3223 4680 3490 4737 stridore.
3527 4700 3556 4730 »

139 4773 674 4847 proficiscentibus,
713 4776 799 4832 vel
834 4777 1040 4833 exinde
1062 4778 1464 4852 redeuntibus)
1507 4778 1788 4851 principe,

135 4863 284 4920 alter
319 4863 374 4920 ei
415 4866 776 4936 succederet,
815 4866 901 4922 illi
944 4867 1117 4935 alius,
1160 4867 1312 4924 alius
1351 4869 1490 4925 item
1531 4867 1662 4923 illi?
1691 4869 1793 4924 Po-

133 4956 361 5009 teratne
403 4970 539 5010 cum
581 4953 702 5012 illis
723 4955 1031 5030 episcopus
1054 4957 1113 5012 in
1137 4975 1255 5014 una
1277 4957 1448 5014 domo
1470 4958 1689 5014 versari
1712 4958 1740 5013 ‘?
1763 4981 1791 5008 »

135 5041 403 5115 Idipsum
443 5042 578 5100 aliis
612 5045 805 5101 verbis
844 5047 1034 5119 tangit
1072 5046 1131 5102 in
1174 5064 1442 5104 sermone
1469 5048 1535 5104 de
1583 5048 1792 5104 Octavia

132 5133 363 5189 Pascha:
404 5149 570 5189 num.
611 5137 666 5189 2.
691 5135 931 5192 Interim
952 5154 1068 5193 non
1090 5137 1312 5192 destitit
1334 5137 1578 5193 rebelles
1600 5137 1792 5193 adhuc

135 5221 202 5276 ad
248 5239 456 5294 pacem
496 5222 739 5280 hortari.
779 5223 924 5281 Vide
960 5224 1154 5298 ipsum
1197 5243 1523 5283 sermonem
1547 5226 1789 5284 deOcta-

135 5310 214 5366 vis
242 5311 684 5379 Paschazmiium
717 5321 840 5384 post
869 5316 1090 5381 Pascha,
1123 5319 1181 5371 et
1233 5317 1560 5371 secundum
1598 5316 1664 5372 de
1691 5317 1790 5372 As-

134 5403 386 5459 censione
417 5403 664 5470 Domini,
697 5403 796 5475 qui
838 5403 948 5461 hoc
985 5404 1188 5461 eodem
1229 5421 1380 5460 anno
1419 5405 1524 5460 968
1562 5405 1789 5463 recitati

137 5489 396 5548 fuerunt.

205 5581 326 5637 132.
358 5584 529 5639 Anno
551 5581 759 5640 eodem
774 5583 1085 5642 Ratherius
1103 5585 1496 5644 Testamentum
1529 5586 1786 5661 scripsit,

136 5669 302 5748 cujus
319 5671 639 5736 exordium
677 5672 958 5752 pietatem
979 5673 1166 5755 spirat
1205 5691 1222 5737 :
1260 5675 1453 5755 legata
1489 5691 1624 5740 vero
1653 5694 1789 5740 eum

1901 4777 2105 4832 Nanno
2163 4773 2405 4829 tandem
2466 4773 2758 4846 imperiali
2812 4772 3156 4830 auctoritate
3209 4769 3558 4828 sententiam

1900 4865 2038 4922 tulit
2067 4864 2161 4919 his
2210 4862 2402 4919 verbis
2438 4881 2450 4918 :
2488 4884 2516 4913 ‹‹
2549 4862 2765 4919 Missus
2816 4862 2982 4918 vobis
3041 4861 3224 4918 existo
3283 4860 3353 4914 de
3393 4862 3558 4931 parte

1903 4954 2274 5027 imperatoris
2302 4957 2358 5008 et
2406 4952 2655 5008 dominae
2710 4968 2851 5008 meae
2897 4950 3202 5020 (nimirum
3257 4946 3554 5005 Adelaidis

1905 5041 2316 5115 imperatricis)
2378 5046 2444 5097 ut
2500 5041 2548 5098 si
2617 5042 2826 5098 amodo
2885 5039 3098 5112 aliquis
3155 5037 3389 5093 illorum
3447 5035 3556 5090 hoc

1903 5149 2072 5206 agere
2100 5131 2273 5187 fuerit
2302 5148 2505 5199 ausus,
2543 5132 2617 5187 ab
2659 5131 2932 5188 omnibus
2983 5129 3035 5186 ei
3089 5127 3402 5183 resistatur
3449 5139 3553 5196 pro

1902 5221 2148 5277 viribus.
2178 5243 2199 5270 ι
2238 5220 2322 5276 Ita
2369 5219 2676 5276 rebellium
2721 5220 2949 5276 animos
2982 5219 3183 5273 contra
3212 5213 3552 5286 episcopum

1900 5311 2057 5368 acuit
2117 5314 2173 5366 et
2203 5309 2489 5365 excitavit.
2541 5310 2672 5367 Mox
2728 5325 2862 5365 vero
2918 5305 3231 5363 Judicatum
3285 5301 3552 5374 ejusdem

1899 5399 2154 5474 episcopi
2205 5399 2378 5473 plane
2423 5399 2656 5454 irritum
2710 5394 3040 5452 declaravit.
3070 5395 3386 5466 «Cumque
3443 5393 3552 5450 hoc

1899 5492 2161 5560 dixisset,
2196 5513 2223 5542 »
2273 5489 2435 5546 addit
2487 5489 2819 5558 Ratherius,
2873 5509 2901 5538 «
2935 5484 3223 5560 quidquid
3273 5485 3549 5545 omnibus

1900 5581 2250 5642 adversariis
2305 5579 2451 5636 meis
2509 5577 2890 5648 abstuleram,
2918 5580 2976 5634 et
3028 5593 3132 5649 per
3161 5575 3424 5633 chartam
3447 5592 3547 5632 vo-

1898 5673 1992 5738 bis
2024 5672 2106 5755 (id
2136 5677 2226 5734 est
2275 5668 2601 5748 Ambrosio)
2651 5667 2897 5732 missam
2951 5665 3321 5750 pauperculis
3377 5664 3545 5734 cleri-
