4070 6410
125 385 234 444 Mi

1152 377 1764 446 PROLEGOMENA.
1791 415 1868 430 —
1898 385 2273 451 RATHERII
2317 385 2521 450 VITA.

3425 363 3568 457 με’

126 515 324 588 aliquo
347 515 472 589 pari
500 515 636 571 fuco
670 511 942 570 Ratherio
982 514 1195 580 afﬁcta,
1230 519 1286 570 et
1311 532 1345 571 a
1378 514 1656 571 Fulcuino
1687 515 1776 571 in-
1807 517 1862 584 Α
1893 517 1951 572 in
1985 518 2353 576 institutione
2410 519 2670 576 Ratherii
2730 520 2892 577 nulla
2919 521 3007 578 vis
3063 522 3391 582 intercessit
3424 543 3436 581 :
3471 544 3538 585 ac
3571 508 3577 531 ἶ

129 609 295 662 caute
325 605 548 661 ebibita
574 604 719 661 satis
764 604 998 660 videtur
1043 604 1319 676 abstergi.
1367 604 1555 660 Aliam
1605 605 1780 662 etiam

129 695 485 768 emptionem
517 693 838 750 Fulcuinus
889 711 939 748 c.
971 695 1042 749 28
1090 694 1263 750 refert
1301 692 1558 766 ecclesiae
1590 695 1776 750 sancti

126 783 409 857 Dionysii,
424 800 605 856 quam
623 781 932 838 Rathcrius
948 805 975 832 «
1002 781 1211 838 comite
1232 782 1510 838 Rotherto
1536 786 1777 852 emerat,

124 873 331 945 viginti
354 872 642 929 librarum
663 874 855 927 taxato
875 871 1082 944 pretio.
1118 893 1146 920 ››
1185 871 1264 926 Ex
1284 871 1472 927 abusu
1493 871 1619 942 ejus
1641 876 1777 927 aeta-

120 961 198 1016 tis
228 960 513 1028 ecclesiae,
546 977 675 1032 quae
724 959 986 1016 redditus
1037 959 1353 1027 habebant,
1386 959 1444 1015 in
1503 960 1776 1016 militaris

120 1049 392 1105 beneficii
417 1050 666 1105 formam
696 1047 862 1106 laicis
892 1047 1042 1103 tradi
1075 1047 1360 1106 solebant.
1389 1047 1557 1104 Illam
1589 1049 1774 1106 sancti

117 1139 404 1212 Dionysii,
435 1155 562 1212 quae
593 1137 653 1192 in
672 1137 931 1193 Rotberti
958 1137 1189 1194 comitis
1210 1138 1559 1194 beneﬁcium
1579 1142 1772 1194 trans-

118 1228 286 1295 ierat,
324 1227 669 1283 Ratherium
699 1225 907 1300 viginti
937 1225 1106 1283 libris
1130 1227 1470 1294 redemisse,
1504 1232 1560 1282 et
1589 1227 1650 1282 in
1669 1228 1773 1299 jus

120 1316 584 1373 ecclesiasticum
615 1314 872 1371 voluisse
894 1315 1201 1370 restituere
1235 1315 1445 1387 conjici
1479 1320 1686 1388 potest.

192 1407 316 1461 H2.
345 1405 513 1461 Nunc
541 1403 1015 1476 simultatis,quze
1035 1402 1318 1459 Fulcuino
1341 1417 1473 1459 cum
1497 1404 1773 1460 Ratherio

121 1493 473 1562 intercessit,
505 1492 654 1549 ratio
698 1491 1040 1566 explicanda
1082 1495 1188 1548 est.
1223 1492 1366 1548 Rem
1415 1493 1500 1548 sic
1539 1494 1774 1565 exponit

125 1584 280 1640 idem
311 1582 654 1639 Fulcuinus.
694 1602 724 1633 ‹‹
755 1585 887 1653 Ipse
911 1603 939 1632 »
994 1580 1351 1652 (Rathcrius)
1384 1605 1410 1632 ‹‹
1442 1581 1635 1638 locum
1667 1599 1770 1638 no-

125 1677 313 1727 strum
331 1687 565 1742 semper
582 1686 912 1740 exsecrans,
938 1669 1131 1724 abbati
1158 1691 1185 1720 ››
1219 1668 1544 1743 (Fulcuino)
1577 1693 1604 1719 «
1631 1670 1770 1726 insi-

127 1761 251 1817 dias
283 1759 752 1826 macbinabatur,
773 1757 1196 1831 instigantibus
1227 1775 1363 1815 eum
1395 1759 1465 1814 ad
1492 1759 1599 1815 hoc
1631 1777 1772 1816 non-

125 1848 481 1916 nullis.Quid
514 1847 684 1904 multi
716 1846 954 1903 morer?
983 1847 1064 1903 Ad
1098 1847 1208 1904 hoc
1239 1864 1333 1904 res
1363 1848 1540 1917 venit,
1572 1853 1639 1904 ut
1669 1850 1768 1905 ab-

124 1941 226 1997 bas
255 1939 487 1996 cederet
513 1935 664 2009 loco,
697 1937 887 1994 sciens
920 1936 1001 1992 sic
1032 1953 1264 2009 quoque
1297 1937 1526 2011 [CLXXII]
1547 1938 1767 2011 episco-

122 2045 260 2101 pum
296 2051 324 2078 ››
353 2026 736 2098 (Everaclum)
755 2049 783 2078 «
815 2025 982 2092 velle,
1006 2043 1143 2081 nam
1165 2027 1314 2082 deeo
1329 2025 1473 2082 nihil
1497 2031 1764 2083 nostrum

123 2117 280 2173 aliud
310 2120 403 2173 est
425 2115 636 2174 dicere.
662 2114 972 2172 Ratherius
995 2118 1062 2170 ut
1083 2117 1414 2172 ostenderet
1430 2116 1640 2188 prioris
1661 2116 1766 2171 ini-

124 2205 354 2262 micitiae
387 2222 618 2274 causas,
651 2203 842 2261 locum
877 2203 1116 2271 invadit,
1149 2209 1206 2260 et
1236 2210 1506 2261 metuens
1537 2206 1766 2262 abbatis

123 2296 579 2364 animositatem,
604 2292 899 2366 simulque
919 2293 1322 2366 cognationem
1347 2295 1628 2366 ejus,quae
1650 2312 1764 2351 non

119 2389 240 2441 erat
271 2384 501 2450 inﬁma,
530 2382 854 2439 claustrum
883 2383 943 2438 in
976 2383 1214 2438 modum
1237 2382 1458 2439 castelli
1490 2382 1765 2456 cingit,de

116 2490 458 2530 mammona
487 2471 621 2541 sibi,
655 2476 720 2527 ut
775 2471 1023 2540 dicebat,
1078 2471 1331 2538 residuo,
1374 2473 1764 2544 quorumdam

118 2562 452 2636 principum
481 2562 550 2618 ad
582 2561 692 2617 hoc
721 2565 914 2634 empto
928 2561 1238 2633 adjutorio.
1260 2559 1514 2616 Ecclesia
1531 2577 1764 2633 quoque

122 2652 309 2708 sancti
354 2651 637 2724 Dionysii,
673 2666 849 2722 quam
905 2653 1124 2706 emerat
1155 2667 1190 2706 a
1218 2650 1450 2706 comite.
1487 2649 1762 2706 Rotberto

119 2741 322 2814 viginti
342 2740 627 2796 librarum
650 2743 842 2796 taxato
862 2739 1184 2812 pretio,ij
1194 2756 1261 2794 us
1285 2739 1364 2794 rei
1383 2755 1559 2795 causa
1588 2757 1761 2811 spon-

119 2834 172 2884 te
204 2828 434 2895 caruit;
465 2843 567 2883 nec
598 2825 760 2898 quid,
814 2830 1123 2899 quantum,
1159 2827 1323 2882 cuive
1381 2827 1454 2883 ob
1485 2827 1544 2882 id
1576 2828 1760 2897 daret,

124 2919 448 2991 quidquam
481 2916 645 2990 pensi
668 2915 1049 2980 habuit.Quid
1073 2914 1243 2988 plura
1262 2916 1289 2970 ‘I
1311 2917 1513 2972 Annus
1552 2916 1648 2972 ille
1679 2919 1761 2973 sic

118 3009 325 3063 ductus
347 3011 652 3078 est,usque
672 3005 813 3060 dum
853 3005 1166 3060 defunctus
1205 3008 1292 3060 est
1326 3005 1609 3061 Evracrus
1638 3007 1759 3078 epi-

117 3113 350 3170 scopus,
386 3101 442 3150 et
471 3095 529 3150 in
574 3094 702 3150 loco
732 3094 856 3165 ejus
904 3095 1193 3150 Notkerus
1253 3094 1624 3150 successit....
1660 3095 1758 3166 qui

116 3185 315 3242 nolens
335 3183 658 3258 primordia
687 3201 795 3239 sua
819 3183 986 3250 levia,
1021 3187 1122 3239 aut
1150 3184 1505 3256 praecipitata
1535 3183 1756 3252 haberi,

1798 1891 1846 1956 B

1894 609 2199 679 propterea
2220 607 2539 664 Fulcuinus
2561 625 2677 665 non
2698 610 2754 664 vi
2779 609 3080 684 expulsus,
3114 613 3214 668 sed
3236 635 3265 665 ‹‹
3288 614 3537 673 cessisse

1889 693 2016 750 loco
2049 717 2077 746 »
2110 697 2380 764 traditur,
2419 720 2445 746 ››
2478 699 2668 754 sciens
2694 698 2777 755 sic
2809 716 3040 774 quoque
3059 701 3395 776 episcopum
3423 705 3536 762 vel-

1887 783 1962 839 le.
1994 806 2022 834 »
2060 784 2160 840 Ille
2188 784 2371 858 igitur
2398 803 2525 843 sese
2571 786 2830 860 legitime
2859 788 3197 846 institutum
3239 790 3485 850 credidit
3515 810 3529 850 :

1887 874 2390 947 condonandaque
2410 879 2499 930 est
2520 875 2796 932 Fulcuino
2820 877 3031 934 aemulo
3053 879 3306 936 formula
3327 904 3355 933 «
3377 881 3535 939 inva-

1886 961 1973 1016 dit
2000 979 2013 1029 ;
2048 983 2077 1011 »
2110 963 2248 1034 quia
2279 985 2309 1013 «
2341 964 2556 1032 omnia,
2595 986 2623 1014 »
2654 982 2781 1036 quae
2834 965 2971 1021 huic
3000 966 3361 1026 instituendo
3390 988 3533 1028 cau-

1886 1066 2012 1106 sam
2046 1051 2347 1121 dederant,
2385 1075 2414 1104 «
2443 1052 2649 1108 frivola
2677 1076 2704 1104 n
2741 1058 2924 1121 ratus,
2951 1059 3018 1111 ut
3047 1058 3352 1128 posteriori
3367 1059 3530 1131 judi-

1885 1138 1972 1194 cio
2005 1139 2276 1212 agnitum
2303 1140 2431 1210 fuit,
2466 1157 2600 1196 eum
2630 1147 2914 1216 tanquam
2944 1143 3271 1202 invasorcm
3297 1147 3526 1204 habuit.

1884 1227 2087 1283 Solum
2110 1233 2423 1300 postquam
2455 1229 2765 1288 Ratherius
2787 1231 3047 1304 legitima
3061 1233 3315 1307 episcopi
3335 1239 3531 1292 aucto-

1883 1316 2055 1372 ritate
2083 1317 2266 1374 abbas
2291 1318 2400 1373 fuit
2432 1318 2761 1386 institutus,
2793 1325 3062 1377 metuens
3109 1339 3181 1378 ne
3211 1323 3529 1381 Fulcuinus

1883 1405 1957 1461 ob
1984 1405 2413 1463 animositatem
2445 1412 2502 1464 et
2521 1409 3089 1482 consanguineorum
3111 1411 3427 1483 potentiam
3450 1412 3530 1469 lo-

1883 1510 2038 1564 cum,
2073 1495 2166 1551 cui
2197 1501 2471 1564 cesserat,
2503 1495 2559 1552 vi
2589 1501 2890 1571 repeteret,
2949 1497 3372 1562 claustrumoin
3401 1517 3528 1558 mo-

1881 1581 2024 1638 dum
2043 1582 2268 1639 castelli
2287 1584 2484 1652 cinxit,
2508 1587 2702 1658 atqme
2723 1586 3068 1642 muneribus
3089 1587 3412 1660 potentium
3433 1605 3530 1663 pa-

1878 1670 2129 1726 trocinia
2156 1671 2463 1743 quaesivit:
2498 1673 2844 1744 eademque'
2866 1673 2939 1729 de
2988 1689 3166 1730 causa
3222 1673 3525 1732 ecclesiam

1879 1759 2067 1815 sancti
2098 1759 2377 1833 Dionysii,
2411 1760 2662 1831 [CLXXIII]
2690 1777 2866 1833 quam
2924 1761 3128 1834 viginti
3158 1761 3327 1820 libris
3363 1764 3528 1820 rede-

1880 1851 2085 1914 merat,
2109 1847 2466 1904 dimisit.ViX
2482 1865 2634 1905 anno
2657 1849 2717 1904 in
2732 1849 3036 1908 Lobiensis
3049 1851 3386 1908 monasterii
3399 1868 3528 1924 pos-

1876 1935 2136 1992 sessione
2157 1936 2286 2002 fuit,
2323 1937 2584 2009 quandiu
2618 1936 2838 1994 scilicet
2889 1938 3031 1994 vixit
3060 1939 3365 1997 Everaclus
3401 1941 3526 2014 epi-

1875 2041 2110 2096 scopus,
2146 2025 2246 2097 qui
2271 2041 2404 2080 eum
2437 2025 2789 2080 instituerat.
2810 2025 2967 2082 Obiit
2988 2031 3182 2084 autem
3214 2028 3524 2086 Everaclus

1875 2129 2075 2169 mense
2102 2112 2408 2169 Novembri
2443 2115 2580 2168 anni
2610 2114 2734 2170 971,
2767 2113 3054 2170 Notkerus
3085 2133 3219 2172 vero
3249 2117 3362 2189 ipsi
3384 2135 3524 2174 suc-

1874 2202 2051 2258 cessit
2080 2201 2319 2257 ineunte
2351 2218 2500 2258 anno
2529 2202 2654 2257 972.
2690 2204 2893 2275 Itaque
2925 2202 3236 2266 Ratherius
3275 2205 3519 2263 abbatis:

1874 2290 2149 2347 Lobiensi
2171 2291 2477 2364 praefectus
2497 2291 2733 2346 ineunte
2758 2308 2912 2348 anno
2941 2293 3068 2358 971,
3092 2291 3412 2350 Fulcuinus
3430 2311 3522 2350 ve-

1875 2395 1937 2436 ro
1967 2380 2201 2436 Notkeri
2225 2379 2449 2451 judicio
2478 2379 2784 2436 restitutus
2809 2397 2962 2436 anno
2981 2381 3107 2435 972.
3133 2382 3284 2437 Tum
3307 2381 3403 2439 ille
3422 2383 3517 2439 Al-

1873 2485 2009 2524 nam
2033 2468 2228 2524 rediit:
2247 2473 2304 2524 et
2323 2468 2571 2524 subinde
2589 2485 2723 2523 cum
2746 2467 3027 2525 Fulcuino
3043 2469 3518 2540 conciliatus,ibi-

1874 2559 2007 2614 dem
2041 2557 2329 2630 reliquum
2358 2557 2486 2613 vita:
2518 2561 2752 2630 tempus
2779 2557 3067 2631 transegit
3090 2557 3217 2615 sine
3260 2559 3516 2632 querela.

1945 2648 2067 2703 143.
2101 2647 2225 2702 Non
2259 2645 2442 2701 multo
2470 2651 2664 2702 autem
2697 2650 2828 2718 post
2877 2646 3214 2719 supervixit.
3264 2648 3518 2704 Namur-

1872 2753 2005 2792 cum
2035 2735 2193 2792 enim
2225 2735 2470 2792 subinde
2499 2735 2820 2809 digressus,
2847 2757 2874 2787 «
2907 2752 3040 2791 cum
3073 2735 3152 2791 ibi
3186 2737 3332 2792 forte
3361 2738 3515 2810 apud

1873 2825 2145 2881 comitem
2209 2827 2557 2889 moraretur,
2615 2824 2884 2892 decessit,
2917 2829 2982 2880 ut
3032 2824 3346 2880 Fulcuinus
3374 2825 3514 2898 (cap.

1869 2913 1958 2985 58)
1973 2912 2264 2968 memoriae
2284 2911 2558 2984 prodidit.
2577 2912 2821 2968 Mortem
2837 2913 2964 2984 ejus
2977 2913 3216 2985 quidam
3241 2912 3515 2986 affligunt

1870 3019 2023 3058 anno
2046 3003 2171 3057 973.
2194 3003 2268 3056 At
2281 3001 2619 3073 praeferendi
2644 3003 2778 3057 sunt
2801 3001 3157 3074 Sigebertus,
3181 3018 3245 3057 ac
3273 3019 3517 3075 praeser-

1867 3093 1976 3149 tim
2007 3090 2353 3148 Chronicom
2386 3089 2686 3158 Lobiense,
2722 3089 2819 3161 qui
2851 3107 2986 3146 eum
3018 3090 3234 3146 obiisse
3275 3091 3516 3147 tradunt

1869 3198 2021 3238 anno
2050 3181 2156 3234 974
2177 3179 2451 3251 (ΜΑΒΊἘΝ.
2477 3182 2533 3234 et
2563 3179 2826 3244 DURAND,
2854 3178 3053 3236 Anecd.
3072 3179 3408 3252 t.IlI.)Diem
3432 3180 3514 3234 vi-

112 3275 360 3332 evocatis
382 3272 1093 3330 abbatibus.Werinfredo
1121 3272 1389 3328 videlicet
1407 3271 1745 3343 aStablans,
1780 3262 1824 3330 C
1863 3271 2145 3344 gesimam
2165 3267 2430 3340 quintam
2449 3267 2664 3339 Aprilis
2681 3267 3062 3324 emortualem
3083 3268 3211 3339 ejus
3234 3269 3504 3341 designat

110 3371 162 3420 et
187 3364 494 3421 Heriberto
536 3364 608 3420 ab
660 3361 962 3436 Andagino
1010 3378 1144 3418 cum
1203 3361 1499 3435 aliquibus
1556 3362 1749 3418 fratri-

107 3454 238 3522 bus,
327 3452 587 3526 primum
663 3451 1116 3524 conspirationis
1193 3451 1428 3507 exordia
1522 3451 1746 3524 quwrit,

107 3544 339 3600 inventa
363 3540 612 3599 trutinat
641 3540 970 3607 etdiscutit,
997 3541 1514 3596 discussademum
1527 3541 1750 3613 judicio

105 3633 307 3689 utitur.
345 3630 456 3688 Ubi
479 3630 773 3704 perspexit
792 3629 989 3686 omnia
1014 3646 1141 3686 esse
1162 3630 1386 3697 frivola,
1421 3631 1627 3686 fratres
1649 3631 1749 3688 ab-

104 3723 219 3778 bati
253 3720 875 3793 reconciliavit,ipsum
895 3719 1168 3776 restituit.
1196 3742 1224 3771 »
1256 3721 1337 3774 Ex
1356 3720 1450 3776 his
1480 3721 1596 3776 duo
1627 3737 1750 3776 ma-

103 3813 311 3869 nifeste
332 3811 663 3868 eliciuniur.
692 3809 886 3866 Primo
907 3809 1219 3865 dissidium
1237 3809 1470 3881 aliquod
1496 3826 1609 3865 non
1633 3809 1750 3865 exi-

105 3917 284 3975 guum
317 3899 428 3957 fuit
456 3900 608 3956 inter
629 3899 947 3956 monachos
970 3899 1282 3956 Lobienses
1313 3902 1371 3954 et
1402 3897 1750 3954 Fulcuinum

106 4007 302 4046 eorum
337 3989 631 4057 abbatem,
667 3989 834 4062 cujus
875 4005 1054 4044 causa
1082 3987 1168 4043 illi
1201 4005 1235 4044 a
1260 3987 1540 4044 Fulcuino
1591 4005 1752 4044 aver-

106 4080 234 4145 sati,
268 4079 614 4134 Ratherium
646 4078 759 4134 sibi
809 4078 1077 4134 abbatem
1121 4082 1532 4151 poposcerunt.
1566 4078 1752 4134 Dissi-

106 4168 266 4223 dium
299 4167 446 4224 satis
478 4166 779 4224 declarant
802 4166 1158 4239 illa,,quibus
1174 4166 1492 4222 Fulcuinus
1515 4184 1629 4222 non
1649 4185 1752 4222 an-

110 4264 163 4313 te
193 4257 506 4313 restitutus
536 4256 788 4312 traditur
818 4273 994 4329 quam
1028 4256 1141 4328 ipsi
1173 4256 1380 4313 fratres
1433 4257 1632 4314 abbati
1664 4273 1750 4313 re-

104 4344 848 4402 conciliarentur.«Fratres
889 4345 1083 4401 abbati
1141 4345 1752 4418 reconciliavit,ipsum

104 4436 380 4493 restituit.
418 4457 444 4484 »
477 4435 595 4492 Hos
627 4438 822 4492 autem
851 4434 1194 4491 Batherium
1235 4435 1544 4508 expetiisse
1575 4435 1752 4492 abba-

101 4529 236 4597 tem,
270 4526 390 4581 imo
421 4525 600 4581 etiam
633 4523 1000 4591 sollicitasse,
1030 4528 1094 4580 ut
1125 4539 1330 4581 eorum
1372 4524 1638 4597 partibus
1669 4525 1753 4581 fa-

102 4633 260 4687 vens,
274 4612 546 4671 Fulcuini
570 4612 964 4670 exclusionem
988 4615 1344 4687 procuraret,
1366 4615 1616 4669 innuunt
1633 4613 1752 4683 illa,
1786 4636 1833 4702 D

104 4727 132 4754 «
162 4703 586 4778 instigantibus
618 4719 755 4779 eum
803 4702 876 4758 ad
907 4703 1016 4759 hoc
1059 4702 1378 4759 nonnullis.
1413 4725 1442 4753 »
1490 4704 1756 4760 Secundo

107 4793 246 4850 nihil
277 4794 388 4850 hac
420 4793 481 4849 in
516 4809 579 4848 re
607 4791 734 4866 egit
755 4791 1066 4849 Ratherius
1098 4792 1224 4849 sine
1255 4792 1598 4850 auctoritate
1629 4794 1757 4865 ejus

109 4883 380 4960 episcopi,
413 4882 512 4941 cui
546 4881 832 4940 Lobiense
862 4882 1283 4940 monasterium
1315 4884 1570 4940 suberat.
1595 4884 1760 4942 Certo

1859 3356 2329 3432 Chapeauvillius
2386 3356 2628 3429 (c'umv)
2709 3358 2778 3426 (t.
2840 3357 2860 3411 Ι
2913 3360 3058 3424 Gest,
3142 3359 3279 3412 Pon.
3360 3357 3503 3413 Tun-

1859 3466 2034 3521 gren.,
2068 3465 2118 3503 c.
2152 3446 2264 3519 45.)
2289 3447 2510 3518 Corpus
2531 3445 2720 3518 ipsius
2743 3446 2815 3501 ad
2847 3445 3161 3502 Lobienses
3183 3446 3505 3502 monachos

1860 3538 2118 3594 delatum
2169 3535 2404 3592 laudato
2465 3535 2745 3591 Fulcuino
2805 3538 2970 3606 teste,
3005 3557 3033 3586 «
3066 3533 3504 3591 Pontiﬁcalibus

1858 3625 2148 3699 exsequiis
2170 3623 2506 3681 solemniter
2526 3623 2853 3691 celebratis,
2867 3623 3184 3680 honorifice
3204 3628 3294 3680 est
3315 3629 3507 3680 tumu-

1859 3715 2046 3772 latum
2077 3715 2136 3770 in
2168 3713 2412 3770 ecclesia
2443 3713 2501 3770 S.
2536 3713 2796 3768 Ursmari
2829 3712 2902 3768 ad
2934 3717 3158 3785 partem
3198 3711 3506 3785 aquilona-

1857 3823 2002 3862 rem.
2035 3828 2064 3855 »
2095 3803 2356 3860 Ecclesia
2376 3803 2515 3872 haec,
2543 3805 2609 3857 ut
2629 3801 2848 3857 notavit
2869 3801 3218 3858 Mabilonius
3241 3803 3377 3875 (Act.
3399 3801 3497 3858 SS.

1863 3896 1923 3952 0.
1958 3895 2020 3962 B,
2052 3899 2094 3950 t.
2125 3891 2250 3960 Vll,
2283 3908 2416 3964 pag.
2447 3890 2597 3963 479,)
2621 3895 2711 3947 est
2731 3889 2896 3947 locus
2926 3890 3242 3948 ccemeterii
3265 3890 3508 3948 Lobien-

1861 3983 1966 4050 sis,
2000 3982 2172 4038 modo
2217 3979 2606 4053 parcachialis,
2640 3979 2741 4036 ubi
2795 3997 2999 4036 omnes
3057 3980 3228 4036 istius
3260 3979 3506 4036 ccenobii

1858 4071 1965 4127 viri
1997 4070 2255 4128 illustres
2281 4069 2496 4143 sepulti
2549 4075 2708 4138 sunt,
2761 4069 2820 4123 in
2848 4067 2993 4125 colle
3040 4069 3173 4136 sita,
3233 4069 3305 4124 ad
3336 4069 3507 4140 cujus

1862 4161 2038 4234 pedes
2068 4163 2185 4217 stat
2213 4154 2634 4216 monasterium
2676 4159 2746 4214 ad
2793 4158 3012 4214 Sabim.
3068 4156 3320 4214 Tumulo
3377 4157 3505 4228 ejus

1862 4250 1984 4306 haec
2013 4248 2361 4322 epigraphes
2405 4246 2723 4320 insculpta,
2756 4262 2934 4318 quam
2992 4247 3052 4302 in
3111 4245 3267 4303 calce
3297 4243 3506 4302 Praalo-

1863 4339 2135 4411 quiorum
2171 4337 2428 4394 Ratberii
2461 4336 2692 4392 exhibet
2721 4337 2900 4392 codex
2933 4334 3236 4393 Lobiensis
3267 4352 3281 4392 :

2093 4471 2371 4528 VERSUS
2411 4471 2644 4527 SUPER
2683 4469 3045 4528 TUMULUM
3083 4471 3277 4529 EJUS.

1987 4581 2210 4630 Veronae
2239 4577 2461 4638 Praesul,
2493 4577 2586 4627 sed
2615 4580 2696 4627 ter
2723 4576 3007 4628 Ratherius
3035 4577 3180 4639 exul,

2081 4643 2216 4705 Ante
2246 4641 2560 4705 cucullatus,
2593 4641 2752 4690 Lobia
2779 4643 3008 4705 postque
3037 4645 3180 4705 tuus.

1989 4704 2225 4769 Nobilis,
2244 4704 2499 4769 urbanus,
2531 4716 2632 4769 pro
2656 4704 3295 4769 temporeinorigeratus,

2085 4767 2183 4826 Qui
2213 4767 2429 4816 inscribi
2446 4766 2804 4829 proprioboc
2832 4767 2987 4829 petiit
3012 4766 3241 4818 tumulo.

1993 4830 2329 4896 Conculcate,
2358 4828 2522 4896 pedes
2549 4828 2957 4896 hominum,sal
2985 4829 3345 4896 infamatum;

2086 4894 2272 4945 Lector
2299 4891 2562 4958 propitius
2591 4891 2878 4944 subveniat
2905 4894 3170 4962 precibus.
