4070 6384
156 412 291 483 ὐθ

1117 390 1775 490 ῑρηιιιειοουῐοηῠΜ
1818 412 2026 478 LIBRI
2071 413 2244 479 snx.
2280 432 2357 462 ι-
2385 413 2534 478 LIB.
2579 412 2631 479 ι.

3460 410 3591 479 ’150

170 557 340 611 tuum
371 566 445 610 ex
475 551 596 609 toto
627 548 799 609 corde
826 552 948 619 tuo,
983 551 1039 607 et
1058 565 1127 606 ex
1155 554 1279 607 tota
1307 554 1501 606 mente
1520 553 1641 619 tua,
1675 553 1731 605 et
1761 567 1831 606 ex
1856 552 1913 619 Α
1939 550 2254 607 vindictam
2286 550 2522 607 illorum
2548 550 2697 624 (Luc.
2730 567 2891 623 xvm,
2922 546 3000 624 8).
3036 572 3065 603 »
3094 548 3368 610 Vindicta
3387 557 3585 610 autem

152 642 452 701 omnibus
480 641 705 699 viribus
735 641 875 710 tuis,
906 643 963 696 et
991 639 1323 714 proximum
1358 643 1526 695 tuum
1560 640 1712 695 sicut
1740 644 1822 695 te-

166 732 390 807 ipsum,
423 735 481 787 et
509 747 624 787 non
648 729 955 797 furaberis,
979 732 1035 784 et
1055 745 1170 785 non
1197 729 1567 801 occides,non
1582 729 1826 784 maccha—

166 823 348 891 beris,
382 838 502 877 non
535 819 748 877 falsum
769 818 1174 876 testimonium
1198 818 1377 883 dices,
1404 834 1518 874 non
1546 817 1824 890 concupi-

166 927 294 968 sces
324 928 450 967 rem
481 913 585 966 aut
612 924 852 966 uxorem
908 907 1157 981 proximi
1211 907 1297 962 tui
1328 908 1477 979 (Luc.
1531 924 1589 972 x,
1623 905 1755 978 l7);
1793 928 1820 956 ››

168 1017 375 1058 omnes
406 999 716 1072 alloquitu,
743 999 990 1070 juvenes
1021 1000 1078 1052 et
1109 1013 1297 1065 senes,
1331 1012 1525 1051 mares
1554 1000 1612 1051 et
1650 995 1822 1050 femi-

164 1107 295 1157 nas,
320 1105 522 1145 servos
554 1092 610 1144 et
658 1087 892 1155 liberos,
920 1086 1129 1142 divites
1159 1088 1217 1140 et
1242 1101 1547 1158 pauperes,
1582 1084 1823 1140 clericos

166 1183 226 1236 et
270 1177 478 1244 laicos,
508 1176 656 1233 nulli
707 1176 911 1250 parcit,
960 1174 1254 1231 neminem
1297 1173 1571 1244 excludit,
1617 1189 1822 1230 omnes

167 1267 635 1341 comprehendit.
675 1264 884 1322 Nullus
932 1265 1025 1321 his
1071 1262 1465 1337 praevaricatis
1513 1263 1817 1329 innocens,

163 1373 335 1413 nemo
367 1356 482 1413 ista
512 1354 875 1413 committere
907 1353 1059 1410 valet
1089 1352 1216 1409 sine
1276 1352 1543 1409 crimine.
1573 1351 1822 1407 Videtur

166 1446 367 1520 itaque
398 1444 744 1518 hujusmodi
777 1444 889 1518 (16)
918 1460 1047 1500 esse
1075 1441 1371 1499 distantia.

556 1562 678 1617 Trr.
712 1562 757 1616 I.
787 1592 853 1601 —
887 1559 1194 1617 Christiani
1220 1520 1420 1631 ofﬁcia.

229 1674 287 1728 2.
322 1664 425 1727 Vis
474 1686 603 1726 esse
649 1667 1037 1735 Christianus,
1090 1667 1283 1722 bonus
1329 1664 1698 1721 Christianus
1745 1665 1816 1720 de

161 1762 265 1819 18
297 1758 501 1816 multis
529 1756 898 1823 Christianis,
932 1756 1004 1811 de
1025 1753 1263 1829 populo,
1288 1755 1359 1810 de
1380 1757 1554 1821 coetu,
1586 1754 1656 1809 de
1672 1770 1814 1809 con-

162 1850 349 1917 cione,
376 1849 450 1904 de
477 1846 666 1920 plebe,
699 1846 771 1902 de
802 1843 1299 1909 circumforaneis,
1331 1843 1403 1899 de
1433 1842 1764 1915 agrestibus
1784 1843 1813 1897 ?

164 1938 297 1995 Esto
318 1938 616 1995 laborator
635 1952 750 1992 non
765 1933 957 1990 solum
965 1933 1296 2006 justus,sed
1308 1935 1368 1988 et
1392 1931 1813 1997 assiduus,tuis
1841 1927 1890 1993 B

160 2030 492 2094 contentus,
506 2024 737 2081 nullum
766 2024 1063 2091 fraudans,
1080 2022 1374 2078 neminem
1389 2020 1816 2088 lasdens,nemi-

160 2134 296 2175 nem
346 2115 709 2188 vituperans,
741 2130 857 2170 non
914 2111 1173 2185 aliquem
1222 2110 1611 2167 calumnians.
1646 2110 1812 2167 Time

158 2207 370 2272 Deum,
401 2207 637 2261 sanctos
666 2218 920 2276 precare,
939 2200 1246 2258 ecclesiam
1275 2201 1600 2273 frequenta,
1619 2216 1808 2255 sacer-

157 2295 323 2352 dotes
344 2291 852 2362 bonora,decimas
871 2295 929 2347 et
948 2289 1241 2363 primitias
1261 2290 1528 2346 laborum
1567 2293 1806 2346 tuorum

154 2384 271 2441 Deo
301 2384 466 2452 oﬂ‘er,
497 2381 895 2454 eleemosynas
926 2396 1029 2453 pro
1058 2379 1282 2436 viribus
1330 2377 1525 2445 facito,
1562 2395 1802 2435 uxorem

154 2472 352 2546 dilige,
368 2474 577 2544 praeter
594 2471 786 2543 ipsam
805 2467 1029 2525 nullam
1051 2483 1354 2541 cognosce,
1384 2467 1457 2523 ab
1478 2467 1608 2541 ipsa
1628 2468 1803 2523 etiam

154 2561 349 2629 certis,
382 2558 442 2615 id
462 2565 550 2616 est
566 2558 733 2631 festis
757 2557 1192 2630 etjejuniorum
1215 2556 1443 2625 diebus,
1462 2573 1595 2612 cum
1615 2556 1802 2629 ipsius

153 2665 445 2707 consensu
476 2665 580 2722 pro
610 2646 713 2704 Dei
740 2647 948 2703 timore
976 2650 1034 2703 te
1064 2645 1315 2714 contine,
1349 2644 1500 2702 ﬁlios
1521 2646 1580 2701 in
1602 2645 1705 2702 Dei
1728 2646 1800 2701 ti-

154 2754 315 2796 more
345 2738 551 2806 educa,
583 2736 850 2793 inﬁrmos
879 2735 1069 2805 visita,
1104 2738 1369 2791 mortuos
1399 2734 1577 2808 sepeli
1605 2752 1620 2803 ;
1645 2735 1800 2808 quod

151 2828 255 2885 tibi
288 2827 398 2895 vis,
430 2825 529 2884 alii
556 2826 850 2899 impende;
883 2824 1036 2897 quod
1061 2840 1194 2880 vero
1224 2822 1330 2880 tibi
1360 2823 1483 2880 ﬁeri
1534 2840 1649 2880 non
1691 2824 1798 2890 vis,

151 2934 224 2974 ne
254 2916 447 2974 alieno
478 2915 701 2974 feceris.

609 3032 732 3088 Trr.
757 3030 826 3087 II.
859 3060 928 3072 -ο
957 3030 1032 3087 De
1057 3030 1344 3086 militibus.

219 3142 276 3198 3.
309 3140 568 3198 Mileses
602 3157 616 3208 ;
649 3141 855 3213 praeter
882 3138 1015 3206 ista,
1049 3137 1183 3193 audi
1207 3136 1346 3209 quid
1386 3136 1529 3192 dicit
1546 3137 1801 3192 Joannes

158 3231 422 3306 Baptista
456 3248 469 3286 :
502 3251 532 3281 «
563 3228 890 3295 Neminem,
912 3249 941 3277 »
962 3224 1256 3299 inquiens,
1289 3247 1316 3276 ‹‹
1339 3226 1804 3295 concutiatis,ne—

158 3301 269 3393 que
299 3319 660 3377 calumniam
692 3317 920 3373 faciatis
941 3315 1200 3385 alicui,et
1219 3316 1473 3372 contenti
1497 3319 1679 3373 estote
1702 3315 1805 3372 sti-
1836 3301 1879 3368 C

157 3409 390 3482 pendiis
422 3407 633 3465 vestris
653 3407 802 3481 (Luc.
829 3423 913 3477 III,
931 3405 1040 3478 14).
1065 3426 1093 3456 ››
1117 3407 1278 3471 Quod
1306 3407 1356 3462 si
1383 3422 1498 3461 non
1519 3405 1676 3462 vales
1695 3406 1803 3460 mi-

144 3497 379 3555 litando
416 3497 720 3571 acquirere
753 3495 1132 3569 stipendium,
1165 3494 1483 3551 laborando
1533 3494 1805 3551 manibus

155 3592 380 3645 sectare
406 3587 650 3655 victum,
679 3589 737 3641 et
766 3585 902 3658 fuge
933 3583 1209 3658 praedam,
1232 3600 1367 3640 cave
1398 3583 1803 3651 homicidium,

156 3678 351 3735 devita
381 3674 968 3749 sacrilegium.Quod,
992 3675 1210 3747 inquis,
1235 3671 1635 3746 sacrilegium?
1654 3671 1804 3728 Illud

152 3766 462 3836 nimirum,
494 3764 639 3820 illud
690 3765 846 3837 quod
898 3780 1074 3837 quam
1122 3761 1461 3818 terribiliter
1495 3761 1808 3818 Psalmista

156 3858 600 3926 commemorat,
615 3854 752 3910 audi
779 3871 792 3908 :
818 3877 844 3904 «
862 3852 970 3918 Qui
992 3852 1258 3908 dixerant
1280 3869 1293 3906 :
1317 3850 1657 3908 Haareditate
1676 3868 1808 3924 pos-

158 3946 461 4004 sideamus
492 3944 893 4002 sanctuarium
927 3942 1024 3998 Dei
1052 3946 1074 3998 t
1103 3942 1256 3998 Deus
1278 3957 1465 4010 meus,
1488 3958 1638 4013 pone
1674 3940 1806 3997 illos

158 4038 222 4090 ut
243 4038 454 4102 rotam,
480 4038 537 4089 et
559 4033 712 4089 sicut
742 4030 1021 4104 stipulam
1052 4035 1187 4086 ante
1216 4030 1422 4087 faciem
1453 4030 1630 4099 venti;
1656 4030 1809 4086 sicut

152 4124 312 4197 ignis
346 4122 450 4196 qui
480 4122 777 4178 comburit
805 4121 1036 4189 silvam,
1060 4124 1118 4176 et
1139 4120 1291 4177 sicut
1321 4106 1809 4176 ﬂammacombu-

159 4230 293 4269 rens
322 4211 665 4280 montes,ita
678 4209 1047 4284 persequeris
1059 4208 1191 4266 illos
1206 4209 1264 4265 in
1281 4209 1490 4266 virtute
1507 4213 1628 4278 tua,
1662 4213 1719 4265 et
1746 4209 1806 4265 in

158 4301 245 4358 ira
262 4305 368 4358 tua
387 4299 653 4357 turbabis
670 4316 788 4368 eos,
813 4303 921 4356 etc.
949 4321 978 4349 »
1000 4300 1173 4369 (Psal.
1190 4316 1396 4366 Lxxxu,
1421 4300 1510 4371 13)
1529 4300 1809 4355 Sanctua-

157 4391 310 4447 rium
344 4393 544 4447 autem
563 4388 794 4446 Domini
811 4391 900 4445 est
917 4388 1053 4461 (17),
1079 4387 1362 4461 quidquid
1384 4388 1629 4445 Domino
1655 4388 1810 4445 obla-

156 4485 310 4550 tum,
360 4480 433 4536 ad
483 4479 614 4552 ejus
665 4478 914 4552 pertinet
944 4478 1210 4534 domum.
1253 4478 1346 4533 Sic
1397 4478 1552 4534 enim
1601 4477 1808 4546 babes,

158 4568 360 4642 Moyse
390 4566 618 4623 dicente
653 4584 666 4623 :
700 4587 730 4618 «
760 4566 943 4622 Omne
962 4566 1117 4638 quod
1145 4566 1384 4623 offertur
1408 4566 1653 4622 Domino
1672 4583 1808 4622 san-

1933 640 2278 712 hujusmodi
2306 657 2433 713 quae
2464 639 2560 706 sit,
2581 640 2717 696 audi
2743 656 2802 696 ει(
2826 639 3117 710 Vindicta,
3146 664 3174 691 ››
3194 641 3404 714 inquit,
3420 664 3449 693 «
3466 659 3587 699 car-

1933 729 2024 785 nis
2055 728 2221 802 impii
2250 729 2405 803 ignis
2429 734 2487 787 et
2502 745 2727 786 vermes
2757 730 2944 803 (Eccli.
2974 748 3078 800 vn,
3106 732 3215 805 19).
3244 756 3266 785 η
3304 734 3383 789 Ac
3439 735 3582 789 tunc

1932 819 2059 888 erit,
2093 819 2308 892 inquit,
2342 819 2517 892 ignis,
2552 821 2652 877 sed
2710 820 3166 894 exstinguibilis,
3192 839 3442 881 vermes.
3477 824 3580 881 sed

1933 910 2229 966 mortales.
2255 909 2541 982 Propheta
2561 926 2591 965 e
2622 913 2825 966 contra
2854 927 2865 966 :
2899 932 2929 962 «
2956 911 3209 980 Vermis,
3245 914 3345 981 ait,
3376 929 3579 970 eorum

1930 1016 2047 1055 non
2079 999 2379 1066 morietur,
2411 1002 2468 1054 et
2497 999 2652 1073 ignis
2683 1016 2799 1055 non
2830 1000 3236 1073 exstinguetur
3261 1004 3578 1071 (Isaiam.

1928 1089 2038 1158 24).
2075 1110 2102 1138 »
2135 1088 2319 1143 Carne
2349 1092 2545 1143 autem
2576 1092 2762 1143 totum
2793 1088 3091 1145 hominem
3122 1106 3462 1163 expressum
3488 1110 3581 1149 ac-

1931 1178 2056 1250 cipe
2088 1195 2121 1233 a
2152 1180 2316 1251 parte
2347 1177 2578 1242 minori,
2614 1177 2766 1232 sicut
2795 1194 2945 1250 saepe
2986 1177 3047 1234 in
3099 1179 3418 1253 Scripturis
3472 1197 3575 1254 per

1931 1267 2192 1323 animam
2222 1266 2409 1323 solam
2442 1265 2788 1338 intelligitur
2806 1282 2840 1321 a
2859 1271 3021 1339 parte
3051 1268 3571 1342 majori.ltemque:

1933 1377 1961 1407 «
1991 1357 2117 1412 Non
2149 1355 2392 1429 accipiet
2420 1353 2704 1411 Dominus
2734 1370 3043 1427 personam
3101 1356 3161 1411 in
3208 1373 3482 1431 paupere,
3515 1361 3574 1414 et

1926 1445 2395 1518 deprecationem
2426 1443 2546 1500 laesi
2577 1443 2863 1500 exaudiet.
2891 1443 3018 1499 Non
3041 1443 3319 1517 despiciet
3370 1462 3570 1518 preces

1926 1533 2153 1607 pupilli,
2187 1551 2292 1589 nec
2320 1534 2579 1602 viduam,
2613 1533 2661 1590 si
2693 1533 2954 1589 effundat
2980 1531 3271 1606 loquelam
3290 1535 3566 1607 gemitus.

1923 1623 2125 1680 Nonne
2155 1623 2423 1697 lacrymae
2445 1624 2633 1679 viduae
2665 1623 2737 1680 ad
2768 1621 3068 1679 maxillam
3098 1623 3228 1694 ejus
3245 1623 3571 1680 ascendunt

1924 1711 1988 1786 μ,
2015 1713 2423 1785 descendunt],
2456 1716 2513 1769 et
2543 1711 2884 1768 exclamatio
2916 1713 3045 1785 ejus
3072 1728 3249 1786 super
3277 1712 3567 1783 deducen-

1920 1805 2040 1859 tem
2063 1806 2190 1859 eas?
2208 1804 2254 1857 A
2276 1801 2510 1858 maxilla
2522 1801 2676 1858 cnim
2693 1802 3226 1877 ascenduntusque
3246 1802 3318 1857 ad
3331 1801 3565 1870 caelum,

1920 1893 1978 1947 et
2034 1890 2319 1947 Dominus
2376 1891 2678 1948 exauditor
2734 1907 2850 1948 non
2908 1890 3293 1947 delectabitur
3343 1889 3402 1946 in
3444 1890 3567 1948 illis

1925 1980 2111 2053 (Eccli.
2146 1997 2312 2047 xxxv,
2348 1982 2458 2053 16).
2491 2004 2519 2030 «
2547 1980 2804 2053 Denique
2834 2002 2862 2031 »
2897 1980 3066 2053 panis
3105 1979 3402 2052 egentium
3449 1980 3568 2037 vita

1914 2068 2193 2142 pauperis
2214 2072 2334 2138 est;
2371 2071 2471 2142 qni
2498 2070 2804 2126 defraudat
2830 2067 3020 2138 illum,
3053 2069 3229 2126 homo
3260 2068 3565 2143 sanguinis

1919 2167 2004 2215 est
2036 2178 2049 2229 ;
2079 2159 2180 2232 qui
2209 2159 2397 2215 aufert
2423 2158 2483 2214 in
2512 2160 2723 2214 sudore
2753 2174 2986 2231 panem,
3020 2158 3187 2230 quasi
3220 2158 3322 2231 qui
3354 2158 3566 2214 occidit

1918 2248 2246 2320 proximum
2300 2265 2474 2304 suum
2534 2248 2732 2317 (Eecli.
2764 2264 2951 2303 xxxrv.
2984 2249 3073 2316 25,
3106 2248 3220 2320 26).
3249 2269 3278 2299 »
3298 2248 3561 2304 ‘Sanctus

1917 2339 2111 2392 autem
2144 2335 2223 2392 ait
2254 2336 2553 2409 apostolus
2569 2335 3032 2404 Joannesquuia
3061 2335 3563 2393 omnishomicida

1915 2443 2030 2482 non
2076 2426 2251 2483 habet
2296 2426 2694 2482 hisreditatem
2741 2426 2801 2480 in
2860 2441 3036 2499 regno
3092 2424 3304 2481 Christi
3353 2429 3410 2482 et
3456 2425 3559 2483 Dei

1910 2514 1961 2589 (I
1983 2521 2153 2574 Joan.
2186 2534 2269 2585 ιιι,
2302 2516 2413 2586 45).
2450 2540 2478 2567 ››

1982 2608 2085 2662 14
2114 2608 2166 2661 4.
2196 2607 2307 2663 Sed
2339 2606 2482 2663 forte
2508 2605 2748 2662 Domino
2771 2604 3220 2661 dicente:me
3248 2605 3396 2679 vobis
3412 2607 3556 2662 ami-

1904 2706 1996 2751 cos
2016 2695 2081 2752 de
2096 2712 2411 2752 mammona
2438 2696 2751 2769 iniquitatis
2783 2694 2929 2768 (Luc.
2957 2711 3073 2759 xvx,
3102 2693 3179 2766 9),
3206 2697 3380 2767 putas
3400 2699 3457 2751 te
3485 2712 3556 2752 ex

1909 2786 2113 2841 eadem
2135 2785 2341 2858 rapina
2352 2784 2558 2841 redimi
2571 2801 2761 2856 posse.
2775 2782 2924 2839 Audi
2943 2783 3215 2839 eumdem
3233 2782 3335 2856 qui
3350 2800 3550 2857 supra:

1909 2875 2277 2944 Immolantis,
2310 2875 2522 2947 inquit,
2553 2889 2623 2929 ea:
2651 2875 2860 2946 iniquo,
2891 2874 3095 2929 oblatio
3145 2877 3226 2929 est
3252 2875 3554 2942 maculata,

1911 2971 1962 3019 et
1988 2981 2098 3020 non
2125 2971 2250 3019 sunt
2280 2964 2626 3036 beneplacitze
2676 2963 3127 3019 subsannationes
3174 2963 3506 3036 injustorum
3530 2981 3556 3030 ;

1911 3052 2167 3125 itemque
2193 3071 2205 3108 :
2228 3054 2380 3108 Dona
2409 3054 2727 3125 iniquorum
2755 3067 2864 3107 non
2889 3053 3085 3122 probat
3112 3053 3559 3120 Altissimusmec

1910 3143 2130 3214 respicit
2154 3144 2215 3196 in
2243 3141 2606 3197 oblationibus
2629 3142 2962 3212 iniquorum,
2985 3156 3083 3195 nec
3111 3143 3172 3194 in
3206 3141 3559 3199 multitudine

1909 3233 2311 3304 sacriﬁciorum
2338 3247 2526 3287 eorum
2551 3231 2944 3303 propitiabitur
2966 3230 3223 3301 peccatis.
3258 3230 3362 3298 Qui
3399 3230 3557 3286 enim

1914 3322 2069 3394 offert
2109 3320 2446 3391 sacriﬁcium
2492 3336 2561 3375 ea:
2607 3319 2918 3375 substantia
2960 3320 3244 3390 pauperis,
3276 3318 3438 3390 quasi
3465 3321 3562 3391 qui

1912 3413 2158 3468 victimat
2186 3411 2368 3482 ﬁlium
2405 3413 2462 3465 in
2505 3416 2789 3481 conspectu
2822 3409 3001 3481 patris
3030 3410 3118 3463 sui
3147 3408 3336 3478 (Eccli.
3367 3424 3559 3476 xxxrv,

1912 3502 2125 3569 21-24).
2152 3500 2313 3557 Unde
2342 3504 2400 3555 et
2428 3497 2718 3555 Maximus
2747 3498 2819 3554 de
2848 3497 3069 3571 jejunio
3100 3513 3278 3571 agens
3312 3514 3324 3553 :
3350 3520 3378 3548 «
3413 3496 3563 3562 Quid

1914 3578 2183 3663 prodest,
2203 3588 2414 3662 inquit,
2449 3588 2751 3661 proprium
2782 3603 2899 3643 non
2930 3588 3101 3644 edere
3121 3603 3358 3659 panem,
3390 3590 3448 3643 et
3473 3587 3561 3642 vi-

1914 3683 2074 3734 ctum
2093 3678 2343 3751 diripere
2366 3676 2747 3733 miserorum?
2768 3698 2797 3727 »
2813 3676 3094 3749 Itemque:
3114 3696 3142 3728 «
3158 3676 3351 3745 Recte,
3370 3675 3564 3748 inquit

1915 3767 2221 3847 denarium
2253 3766 2423 3822 dabis
2454 3765 2714 3839 pauperi,
2745 3765 2794 3821 si
2824 3764 2993 3821 illum
3026 3764 3189 3822 alteri
3220 3782 3336 3822 non
3359 3765 3561 3821 abstu-

1914 3856 2056 3912 listi.
2083 3879 2109 3906 ››
2147 3857 2372 3912 Rursus
2400 3872 2534 3912 vero
2567 3854 2665 3928 qui
2689 3872 2871 3928 supra
2903 3856 3067 3912 :Noli
3093 3855 3293 3931 oﬂ'erre
3330 3870 3565 3929 munera

1913 3964 2084 4020 prava
2104 3966 2127 4012 ;
2149 3963 2260 4002 non
2287 3947 2437 4002 enim
2463 3947 2721 4018 suscipiet
2752 3946 2855 4002 illa
2885 3947 3043 4012 Deus,
3072 3946 3333 4017 quoniam
3373 3946 3561 4001 Domi-

1913 4053 2019 4091 nus
2029 4036 2204 4109 judca:
2232 4042 2329 4101 est,
2362 4041 2413 4090 et
2440 4051 2551 4090 non
2580 4039 2655 4090 est
2676 4034 2821 4106 apud
2867 4034 3031 4089 illum
3076 4034 3334 4103 gloriatio
3375 4048 3561 4103 perso-

1912 4141 2006 4184 na?
2037 4126 2222 4198 (Eccli.
2246 4125 2532 4192 xxxv,1li).
2566 4110 2856 4196 Propheta
2885 4139 3116 4195 quoque
3149 4140 3162 4178 :
3192 4123 3319 4190 Vah,
3347 4121 3560 4193 inquit,

1917 4217 2015 4288 qui
2038 4214 2311 4288 praeclaris
2321 4213 2524 4280 ,nonnd
2538 4217 2588 4269 et
2601 4214 2718 4285 ipse
2724 4211 3094 4284 praedabcris?
3115 4211 3445 4284 (Isai.xxxm
3455 4254 3469 4278 ,
3486 4210 3511 4264 1
3526 4208 3563 4283 .)

1915 4305 2024 4362 Job
2055 4305 2229 4359 etiam
2251 4320 2264 4359 :
2284 4302 2500 4368 Anima,
2525 4301 2624 4367 ait,
2646 4301 3060 4357 vulneratorum
3088 4300 3366 4369 clamabit,
3385 4307 3437 4356 et
3466 4300 3567 4357 Do-

1915 4396 2102 4450 minus
2150 4393 2392 4449 inultum
2437 4393 2591 4447 abire
2620 4407 2730 4448 non
2764 4391 2980 4462 patitur
3021 4391 3168 4463 (Job.
3201 4406 3319 4460 xxv,
3351 4391 3461 4459 12).
3495 4388 3566 4445 Et

1915 4500 2047 4540 vere
2081 4500 2094 4537 :
2132 4483 2254 4538 Tibi
2271 4483 2441 4551 enim,
2478 4481 2618 4536 dicit
2638 4478 2972 4545 Psalmista,
3003 4479 3290 4536 derelictus
3319 4487 3398 4536 est
3421 4494 3564 4550 pau-

1914 4589 2033 4646 per,
2062 4572 2276 4645 pupillo
2306 4574 2366 4627 tu
2395 4571 2504 4626 eris
2534 4568 2752 4642 adjutor
2782 4569 2950 4642 (Psal.
2983 4587 3061 4638 1x,
3083 4568 3351 4640 54).Haac
3381 4584 3569 4641 pauca

152 4648 343 4727 "ctum,
378 4658 719 4712 sanctorum
746 4658 835 4711 est
859 4654 1117 4741 Domini,
1146 4658 1203 4710 et
1230 4654 1419 4726 adjus
1448 4655 1701 4728 pertinet
1716 4673 1807 4712 sa-
1840 4678 1888 4744 Ι)
1920 4664 2115 4735 itaque
2144 4677 2278 4716 cum
2310 4659 2554 4716 inﬁnitis
2579 4659 2789 4716 divinae
2809 4659 2955 4733 legis
2985 4657 3341 4716 testimoniis
3371 4657 3566 4714 confe-

156 4747 464 4805 cerdotum
516 4746 664 4819 (ch.
701 4760 858 4814 xvm,
891 4744 1003 4813 23).
1036 4766 1065 4795 »
1100 4744 1299 4800 Praeda
1343 4761 1477 4801 vero
1523 4749 1810 4818 quantum

1922 4769 2076 4818 rens,
2109 4752 2192 4806 sic
2223 4767 2422 4807 exerce
2451 4749 2849 4823 temporaliter
2878 4747 3173 4814 militiam,
3205 4751 3271 4804 ut
3290 4744 3568 4804 aeternali-

160 4835 275 4892 Deo
307 4832 637 4908 displiceat,
670 4834 809 4889 audi
843 4850 855 4889 :
884 4855 912 4884 «
936 4833 1177 4905 Propter
1205 4833 1503 4889 miseriam
1560 4835 1804 4907 inopum

160 4922 214 4983 et
237 4924 529 5000 gemitum
548 4940 871 4997 pnuperum
903 4939 1059 4979 nunc
1078 4939 1410 4996 exsurgam,
1437 4923 1580 4979 dicit
1609 4924 1805 4981 Domi-

160 5031 271 5073 nus
294 5014 476 5089 (Psal.
509 5030 573 5081 n,
618 5012 698 5085 6).
723 5033 751 5064 ›ι
785 5013 1112 5085 Exsurgens
1149 5028 1304 5082 vero,
1336 5012 1395 5068 id
1425 5016 1531 5081 est,
1566 5014 1636 5069 ad
1680 5015 1806 5069 vin-

158 5102 379 5161 dictam
432 5118 495 5158 se
546 5118 902 5174 praeparans,
936 5101 1074 5173 quid
1108 5100 1235 5175 ipse
1287 5106 1440 5175 agat,
1474 5103 1811 5159 manifestat

160 5194 399 5249 dicens:
437 5191 721 5248 Dominus
750 5194 947 5247 autem
978 5208 1095 5246 non
1128 5191 1300 5247 faciet
1326 5191 1644 5249 vindictam
1694 5193 1809 5250 ele-

160 5285 393 5338 ctorum
441 5294 683 5338 suorum
732 5279 1113 5336 clamantium
1162 5281 1235 5337 ad
1266 5295 1348 5348 se,
1375 5285 1431 5337 et
1466 5281 1811 5354 patientiam

160 5371 399 5429 habebit
430 5371 490 5427 in
531 5368 673 5425 illisi
716 5385 885 5427 amen
937 5369 1067 5427 dico
1110 5369 1295 5440 vobis,
1331 5368 1469 5442 quia
1497 5370 1612 5427 cito
1641 5371 1814 5428 faciet

231 5479 347 5551 (16)
380 5479 575 5551 Locus
601 5480 933 5549 corruptus,
962 5477 1051 5551 vel
1078 5476 1311 5551 hiulcus
1345 5493 1357 5533 :
1385 5495 1594 5534 sensus
1616 5484 1811 5551 autem

160 5549 252 5607 hic
283 5549 415 5607 esse
445 5549 677 5622 videtur
704 5566 724 5622 :7
754 5551 957 5622 Itaque
987 5549 1253 5622 inirebus
1285 5549 1629 5621 hujusmodi
1654 5553 1815 5609 nulla

159 5621 839 5679 videturinterhomines
860 5620 988 5677 esse
1008 5620 1306 5686 distantia,
1327 5620 1427 5676 seu
1452 5622 1678 5678 nullum
1694 5624 1813 5681 dis-

159 5695 402 5767 crimen.
432 5692 870 5767 Nonﬂabsimili
918 5710 1113 5767 sensu
1140 5693 1386 5767 inferius
1432 5708 1595 5767 num.
1627 5695 1714 5767 17,
1746 5715 1817 5752 ex

161 5765 602 5824 Deuteronomii
630 5782 756 5839 cap.
781 5783 819 5833 ι,
850 5781 996 5823 vers.
1053 5765 1122 5822 16
1156 5781 1169 5821 :
1201 5765 1368 5821 Nulla
1427 5767 1501 5822 sit
1555 5765 1818 5825 distantia

159 5854 544 5948 ρθζδωιανατη.

1911 4845 2000 4898 ter
2030 4840 2316 4897 viventem
2344 4856 2714 4912 nequaquam
2747 4838 2953 4912 perdas
2979 4837 3260 4895 animam.

2340 4930 2462 4985 Trr.
2499 4929 2594 4986 III.
2628 4960 2697 4970 -—
2726 4931 2801 4986 De
2827 4929 3148 5001 artiﬁcibus.

1985 5022 2039 5077 5.
2074 5019 2293 5076 Artifex
2323 5036 2384 5076 es
2405 5020 2432 5075 ?
2458 5019 2606 5075 Audi
2644 5035 2656 5076 :
2691 5019 3004 5092 Deprecatio
3054 5016 3344 5073 artiﬁcum
3368 5016 3431 5095 in
3450 5029 3569 5086 ope-

1917 5112 2130 5167 ratione
2160 5112 2319 5177 artis,
2351 5109 2814 5166 accommodantes
2869 5109 3138 5175 animam,
3167 5112 3217 5169 et
3243 5103 3569 5175 conquiren-

1917 5211 1993 5258 tes
2023 5203 2078 5256 in
2113 5202 2227 5269 lege
2248 5200 2524 5256 Altissimi
2551 5199 2742 5267 (Eccli.
2768 5214 3005 5264 xxxvm,
3036 5194 3127 5266 39)
3156 5197 3224 5249 ut
3271 5191 3569 5275 intelltgas

1916 5290 2062 5364 ipsis
2092 5290 2212 5346 tuis
2243 5288 2518 5363 operibus
2549 5293 2605 5344 te
2637 5303 2809 5360 posse
2841 5286 2957 5342 Deo
2989 5285 3194 5340 offerre
3240 5281 3570 5355 acceptabi-

1918 5380 2032 5437 lem
2065 5379 2321 5447 laudem,
2347 5377 2680 5435 orationum
2705 5372 3049 5442 videlicet,si
3080 5372 3196 5429 Deo
3241 5388 3572 5430 accommo—

1994 5487 2104 5614 (17)
2136 5487 2253 5542 Hoc
2281 5485 2406 5568 loco
2435 5484 2687 5565 abusum
2730 5481 2977 5560 videtur.
3013 5478 3422 5563 perstringere,
3454 5497 3572 5564 quo

1994 5588 1996 5605 ι
2025 5564 2248 5614 ationes
2276 5558 2376 5612 Dei
2409 5554 2670 5611 ccclesiis
2702 5551 3333 5614 factis,mllit1bus,seu
3365 5552 3572 5608 n0blll-

1924 5551 2248 5615 oblationes
2276 5556 2376 5612 Dei
2409 5554 2670 5611 ccclesiis
2702 5551 3333 5621 factm,militibus,séu
3365 5551 3575 5608 nobili-

1925 5630 2036 5687 bus
2066 5629 2230 5686 laicis
2251 5628 2310 5683 in
2329 5625 2675 5683 beneﬁcium
2692 5624 3095 5696 tradebantur.
3112 5622 3268 5696 Itain
3283 5622 3570 5696 opusculo

1924 5703 1995 5757 de
2026 5704 2228 5756 sancto
2261 5700 2519 5755 Metrone
2549 5713 2712 5752 num.
2745 5697 2800 5761 3,
2833 5694 3081 5767 loquens
3129 5697 3200 5767 de
3249 5694 3571 5767 veronensi

1926 5772 2172 5829 ecclesla
2201 5773 2260 5828 S.
2290 5768 2499 5827 Vitalis
2530 5769 2658 5841 ejus
2689 5765 3013 5841 redditibus
3062 5765 3278 5824 milites
3325 5766 3571 5823 donatos

1928 5844 2212 5918 queritur.
2246 5842 2454 5901 Confer
2476 5840 2694 5900 ibidem
2724 5843 2843 5899 not.
2879 5840 2967 5897 16.
