4070 6372
452 362 578 439 151
1379 367 1756 435 RATEERII
1802 367 2051 433 EPISG.
2097 364 2388 435 VERON.
2434 366 2612 433 OPP.
2655 360 2947 437 PARS}.
3744 364 3888 441 4'53

466 506 606 565 dare
634 502 915 574 animam,
932 501 1126 580 legem
1160 504 1452 579 requirere
1478 506 1718 563 studeas
1736 504 2031 562 Altissimi
2049 505 2111 563 in
2138 506 2197 576 Α
2223 502 2330 559 tibi
2383 507 2450 559 ut
2488 503 2658 561 dares
2705 502 3044 561 concessit?
3090 499 3406 574 Facultate,
3439 502 3674 575 affectu,
3705 509 3888 581 atque

469 595 852 653 custodiendo
907 612 1212 652 sermones
1260 595 1387 666 ejus
1418 596 1688 669 praecepti
1725 613 1736 651 :
1771 595 1925 669 quod
1958 596 2042 663 ﬁt,
2067 595 2116 651 si
2229 591 2515 649 solamine
2533 592 2592 649 in
2624 592 2925 650 laboribus
2947 594 3120 665 cujus
3150 609 3260 667 ope
3288 594 3533 652 frueris?
3553 597 3639 652 Ad
3664 602 3892 669 postre-

2230 698 2392 738 mum
2415 686 2472 738 te
2484 685 2761 754 operante
2792 682 2925 755 quis
2955 683 3227 739 effectum
3249 683 3666 758 tribuitoperi?
3684 684 3892 743 Nonne

2230 771 2293 827 in
2323 770 2528 826 multis
2556 774 2827 843 expertus
2859 787 2921 828 es
2953 775 3124 828 tuum
3155 770 3418 829 laborem
3436 772 3524 829 nil
3553 773 3891 845 valere,nisi

2233 875 2339 932 ego
2370 859 2619 916 salutem
2651 861 3002 918 decreverim
3061 864 3335 934 praestare
3356 860 3385 918 ?
3413 861 3561 920 Cum
3591 880 3624 933 β
3653 864 3890 921 duobus

2235 948 2505 1015 alterum,
2526 949 2582 1004 id
2613 950 2784 1006 estin
2819 950 3021 1007 morbo
3051 950 3365 1019 consimili,
3398 952 3770 1008 medicamen
3801 971 3891 1010 re-

2237 1037 2534 1110 cuperavit
2563 1038 2635 1094 ad
2665 1040 2866 1109 vitam,
2886 1037 3138 1096 alterum
3167 1039 3482 1097 destinavit
3509 1041 3580 1097 ad
3617 1042 3892 1115 sepultu-

2239 1144 2387 1193 ram,
2420 1126 2617 1183 omnia
2645 1144 2779 1183 vero
2806 1125 2927 1184 haec
2957 1126 3065 1184 tibi
3096 1128 3251 1186 unde
3269 1128 3297 1184 ?
3328 1129 3548 1202 quibus
3576 1131 3700 1187 tuis
3717 1132 3900 1188 meri-

2239 1216 2316 1273 tis
2335 1216 2364 1271 ?
2393 1232 2511 1289 qua
2538 1217 2960 1291 praerogativa?
2987 1234 3104 1291 quo
3134 1217 3374 1292 praemio
3395 1218 3424 1274 ?
3453 1219 3674 1293 quibus
3728 1221 3901 1281 obso-

949 1355 1055 1411 TIT
1104 1353 1176 1411 Ν
1223 1384 1292 1396 _
1321 1356 1400 1411 De
1424 1355 1650 1413 medicis
2243 1306 2447 1406 quiis?
2478 1306 2581 1407 Me.
2599 1321 2757 1379 ergo,
2791 1322 2885 1408 me
2914 1324 3228 1364 munerum
3256 1306 3620 1408 largitorem,
3644 1325 3740 1410 me
3769 1326 3905 1411 ope-

1060 1396 1073 1410 '
1183 1396 1196 1409 °
1656 1400 1668 1413 '
2246 1410 2377 1450 rum
2400 1393 2731 1468 intelligens
2760 1396 3223 1469 dispunctorcm,
3256 1401 3339 1453 ita
3369 1397 3522 1455 hanc
3544 1398 3899 1469 humiliter,

560 1493 617 1549 6.
651 1491 724 1548 Et
770 1493 837 1546 ut
880 1507 917 1545 a
965 1505 1198 1563 genere,
1221 1488 1479 1563 aliquem
1527 1490 1817 1549 artiﬁcum
1877 1509 2134 1552 commo—
2246 1483 2608 1553 charitative,
2642 1485 2965 1558 prudenter
2991 1490 3169 1560 atque
3199 1487 3542 1545 cautissime
3586 1505 3908 1562 exsequere

482 1580 689 1641 'nendo
721 1582 1091 1636 transeamus
1123 1579 1194 1634 ad
1245 1577 1522 1651 speciem,
1554 1581 1819 1638 medicus
1848 1598 1911 1640 es
1934 1583 1961 1639 ?
1986 1583 2139 1640 Audi
2254 1576 2459 1643 artem,
2494 1578 2561 1629 ut
2592 1590 2685 1630 me
2712 1575 2946 1649 Utrique
2964 1576 3184 1650 cogites
3212 1582 3578 1650 Ρτωεθηίθων
3608 1581 3906 1650 quatenus

497 1668 675 1726 etiam
715 1667 887 1740 juxta
943 1667 1200 1724 litteram
1272 1667 1378 1724 tibi
1441 1669 1874 1743 praecipientem
1939 1672 2140 1729 Domi-
2249 1665 2308 1718 et
2336 1661 2430 1717 hic
2459 1662 2666 1719 eﬂ'ectu
2698 1663 2872 1736 potiri
2901 1664 3093 1739 operis
3150 1665 3429 1739 proﬁcuo,
3458 1670 3517 1722 et
3544 1665 3665 1722 illic
3706 1683 3909 1724 remu-

496 1774 642 1814 num
670 1776 683 1815 :
716 1757 935 1823 Mediae,
964 1774 1099 1813 cura
1149 1762 1199 1813 te
1250 1759 1429 1829 ipsum
1476 1760 1628 1829 (Luc.
1663 1777 1735 1828 IV,
1768 1761 1881 1831 23),
1924 1760 1982 1818 id
2032 1765 2140 1831 est,
2250 1749 2441 1807 ηθτᾶνί
2472 1767 2576 1823 pPO
2606 1751 2802 1808 labore
2834 1752 3109 1809 merearis
3140 1755 3399 1828 proprio.

501 1847 643 1904 dum
669 1847 728 1903 in
756 1845 889 1903 aliis
928 1863 1102 1903 curas
1133 1845 1538 1920 aegritudinem
1590 1865 1922 1922 corporum,
1945 1856 2143 1925 satage
2170 1883 2219 1951 Β
2258 1928 2268 1940 .
2321 1841 2377 1894 7·
2411 1839 2833 1951 Πίείξΐθξίοοθω
2856 1859 3099 1951 ξίξλίξίιυθ
3127 1843 3283 1944 inti”
3309 1842 3501 1900 lucem
3533 1845 3909 1951 θιῖεηξεδξδεν

501 1935 563 1993 in
592 1940 649 1993 te
675 1934 1068 1993 valetudinem
1091 1935 1311 1991 mederi
1335 1953 1587 1995 morum,
1621 1939 1783 2005 Quod
1814 1939 1898 2009 ﬁt,
1931 1941 1980 1996 εί
2011 1941 2140 2014 ipso
2170 1928 2219 1951 "
2253 1928 2409 1985 inter
2435 1929 2736 1987 veritatem
2767 1934 2825 1987 et
2853 1931 3189 2001 falsitatem,
3224 1932 3377 1990 inter
3403 1950 3580 2006 opera
3609 1933 3833 1991 diaboli
3854 1939 3915 1992 et

501 2024 775 2083 medendi
838 2023 1072 2097 ingenio
1131 2025 1343 2081 servire
1412 2028 1650 2083 studeas
1701 2027 1955 2085 Creatori
1999 2034 2141 2100 tuo;
2237 2018 2674 2092 benignitatem
2705 2020 2807 2076 Dei
2839 2037 2955 2077 non
2979 2021 3269 2079 modicam
3300 2038 3430 2079 essc
3459 2023 3740 2092 sentiens,
3767 2023 3915 2098 quid

500 2131 644 2189 ergo,
671 2129 955 2189 pauperes
994 2129 1060 2170 eo
1109 2117 1278 2170 utens
1322 2120 1624 2188 praecepto,
1660 2119 1815 2189 quod
1862 2121 2145 2177 Dominus
2255 2107 2326 2163 ad
2358 2107 2877 2181 medicinam,quid
2900 2109 3188 2183 pertineat
3206 2111 3482 2186 cogitaad
3505 2110 3915 2170 maleﬁcorum

502 2203 647 2260 dicit
703 2202 762 2261 in
812 2201 1122 2275 Evangelia
1157 2220 1168 2257 ε
1205 2202 1384 2265 Gratis
1433 2208 1734 2278 accepistis,
1794 2210 1967 2281 graus
2024 2210 2149 2267 ἀαιε
2248 2195 2913 2272 ·1ἐιιιθοίθ,ῐῃ.Ρὶεςωθῐιιίε
2947 2199 3060 2273 (19)
3091 2200 3249 2256 enim
3281 2200 3499 2272 herbis,
3546 2200 3919 2277 diversisque

500 2291 711 2363 (Matth.
740 2310 798 2358 x,
830 2291 886 2363 8)
912 2309 925 2359 ;
953 2308 1092 2367 erga
1120 2290 1328 2348 divites
1373 2292 1473 2348 illo
1517 2295 1776 2366 Apostoli
1805 2296 1950 2369 (18):
1984 2299 2150 2356 Nemo

2264 2290 2541 2343 creatura:
2574 2287 2879 2361 speciebus
2909 2305 2978 2345 ea
3005 2289 3064 2345 in
3089 2290 3323 2347 nomine
3344 2291 3473 2363 ejus
3490 2292 3752 2364 exsequi,
3783 2308 3923 2365 qua;

470 686 669 759 ipsum
699 684 1014 749 artiﬁcium
1046 685 1206 750 ,dum
1237 685 1402 740 adest
1423 684 1527 741 tibi
1550 685 1623 740 ad
1657 685 2121 758 corporissubsi—

468 775 667 842 ,dium,
698 778 933 849 satagas
962 792 999 830 u
1056 775 1135 830 sit
1161 773 1393 846 aliquod
1427 778 1485 828 et
1510 773 1718 829 animae
1750 774 2117 848 sull'ragium.

476 864 561 922 Ex
591 864 719 938 ipso
746 864 995 936 denique
1018 863 1107 919 fac
1126 862 1545 935 eleemosynas,
1581 864 1657 919 da
1698 863 1945 920 Domino
1968 864 2122 921 deci-

479 953 937 1014 mas.Memento
968 952 1107 1024 quia
1135 968 1203 1007 ex
1233 952 1510 1008 omnibus
1539 970 1666 1025 quae
1690 952 1958 1022 contulit,
1979 970 2127 1011 sem-

479 1058 585 1114 per
613 1042 767 1115 quod
800 1057 970 1098 suum
998 1044 1087 1097 est
1115 1040 1311 1114 exigit.
1345 1042 1530 1112 Time,
1566 1059 1637 1099 ne
1668 1041 1715 1099 si
1778 1041 1863 1097 illi
1921 1042 2126 1100 tuleris

481 1135 704 1209 partem
735 1147 926 1199 suam,
957 1130 1064 1186 tibi
1097 1129 1293 1204 potius
1323 1130 1550 1188 adimas
1582 1134 2127 1205 tuam,praasentem

474 1220 705 1297 scilicet
734 1224 793 1277 et
822 1220 1105 1277 futuram.

500 2382 898 2438 circumveniat
927 2382 990 2439 in
1017 2382 1227 2451 negotio
1254 2384 1484 2453 fratrem
1506 2399 1689 2455 suum,
1730 2388 1992 2458 quoniam
2029 2389 2151 2444 vin-

509 2470 615 2527 dex
643 2478 723 2526 est
753 2471 1025 2526 Dominus
1079 2468 1146 2526 de
1204 2472 1455 2526 omnibus
1481 2472 1531 2543 (Ι
1582 2473 1757 2530 Thess.
1804 2492 1879 2537 ιν.
1910 2477 1967 2545 6)
1993 2480 2100 2532 etc.
2136 2494 2151 2544 ;

510 2564 580 2618 ut
600 2557 868 2615 videlicet
892 2557 1251 2631 pauperibus
1266 2559 1450 2632 gratis
1468 2576 1570 2633 pro
1594 2561 1694 2618 Dei
1720 2580 1915 2621 amore
1936 2564 2159 2623 miseri-

518 2647 770 2706 corditer
794 2646 1128 2713 subvenias,
1152 2647 1429 2705 divitibus
1459 2667 1590 2707 vero
1621 2669 1725 2725 pro
1756 2655 2020 2712 mercede
2063 2672 2158 2712 ac-

519 2742 686 2812 cepta
710 2736 999 2793 medelam
1029 2735 1277 2793 ﬁdeliter
1303 2737 1628 2811 impendas,
1654 2758 1724 2798 ne
1756 2743 1939 2800 Deum
1970 2744 2159 2801 vindi-

518 2843 647 2887 cem
678 2844 776 2884 eos
807 2826 1268 2883 circumveniens
1292 2827 1528 2884 sentias.
1562 2830 1634 2885 At
1674 2835 1757 2899 tu,
1792 2849 1906 2889 non
1955 2835 2160 2907 gratis,

512 2916 739 2991 inquis,
755 2915 1052 2990 accepi,ut
1080 2915 1225 2972 dicis
1250 2934 1262 2986 ;
1292 2915 1431 2989 quia
1452 2921 1509 2973 et
1538 2919 1852 2992 magistros
1875 2924 2160 2993 mercede,

518 3010 577 3065 et
604 3003 1310 3081 speciesmedicaminum
1329 3005 1516 3079 pretio
1545 3008 1907 3082 emi,vigi1iis
1930 3027 2165 3085 quoque

2259 2374 2750 2448 peritissimorum
2782 2378 2854 2434 ab
2884 2394 2950 2435 eo
2979 2377 3266 2451 inspirata
3296 2378 3517 2437 invenit
3545 2379 3810 2447 solertia,
3841 2382 3918 2437 ad

2261 2463 2522 2521 medicos
2548 2482 2562 2534 ;
2588 2467 2869 2540 auguriis,
2904 2467 3477 2541 praecantationibus,
3502 2468 3595 2526 vel
3626 2468 3760 2527 aliis
3820 2488 3921 2528 sa-

2262 2552 2612 2627 crilegarum
2645 2556 3113 2614 Observationum
3144 2557 3761 2631 superstitionibusuti
3782 2577 3923 2634 pcr-

2260 2642 2412 2699 tinet
2439 2644 2511 2699 ad
2545 2645 3010 2715 mathematicos,
3027 2645 3119 2703 vel
3148 2645 3374 2705 Marsos
3390 2647 3525 2722 (20).
3543 2648 3923 2706 Mathemati-

2266 2748 2469 2789 corum
2499 2732 2688 2792 henus
2717 2740 2808 2791 est
2836 2735 2895 2792 in
2921 2735 3132 2805 Africa,
3164 2736 3257 2793 cui
3289 2754 3404 2793 non
3432 2742 3643 2795 nocent
3664 2755 3924 2812 serpen-

2268 2825 2359 2878 tes
2386 2841 2399 2892 ;
2432 2828 2491 2879 et
2538 2825 2772 2896 quando
2799 2825 3005 2881 volunt
3032 2825 3185 2882 ﬁlios
3214 2842 3355 2883 suos
3406 2827 3673 2899 probare,
3710 2833 3920 2885 utrum

2271 2912 2363 2969 sui
2394 2911 2533 2981 sint,
2565 2930 2639 2970 an
2662 2930 2802 2983 non,
2833 2915 3075 2971 mittunt
3101 2915 3233 2972 illos
3254 2915 3406 2972 inter
3433 2921 3753 2990 serpentes,
3786 2921 3847 2973 et
3867 2917 3923 2974 si

2272 3005 2414 3058 sunt
2441 3002 2697 3060 extranei
2727 3004 2981 3077 generis,
3003 3002 3141 3061 illos
3160 3005 3445 3062 devorant
3472 3005 3928 3079 serpentes.Ali-

506 3095 839 3171 multisque
866 3093 1504 3162 laboribus,medicinae
1526 3097 2170 3173 inﬁrmorumquecau-
2272 3094 2363 3148 ter
2390 3089 2567 3164 Psylli
2593 3092 2705 3164 (21)
2736 3090 2796 3148 in
2824 3093 3038 3162 Africa,
3071 3094 3249 3151 Marsi
3278 3094 3516 3152 fuerunt
3545 3095 3605 3151 in
3635 3095 3806 3153 Italia
3834 3095 3928 3153 in-

517 3203 603 3257 sa,
629 3184 950 3259 saepissime
973 3183 1216 3241 afficior.
1242 3183 1527 3241 Dominus
1558 3192 1790 3245 contra:
1816 3190 1947 3248 Sino
1968 3191 2168 3259 me,in-

2273 3183 2598 3237 cantatores
2626 3181 3009 3253 serpentium,
3044 3181 3144 3255 qui
3177 3199 3276 3238 eos
3333 3187 3434 3239 aut
3456 3182 3919 3253 interficiebant,

502 3276 666 3350 .quit,
697 3258 842 3331 nihil
861 3274 1082 3347 potestis
1112 3272 1212 3330 15
1242 3276 1423 3345 facere
1451 3276 1629 3343 (Joan.
1667 3279 1752 3345 15,
1802 3279 1868 3352 ').
1910 3258 2161 3352 Αροέιο-
2190 3258 2236 3326 C
2275 3273 2376 3325 aut
2399 3284 2604 3326 nocere
2626 3286 2741 3326 non
2764 3271 3419 3329 sinebant.Carbunculi
3447 3271 3624 3339 enim,
3647 3271 3737 3328 vel
3751 3272 3927 3331 malae

514 3364 612 3420 lus
643 3378 876 3437 quoque
903 3379 916 3419 :
954 3363 1095 3433 Quid
1126 3362 1305 3429 habes,
1332 3365 1477 3437 quod
1505 3381 1612 3422 non
1644 3370 1925 3441 accepisti?
1954 3369 2009 3441 (Ι
2035 3370 2159 3426 Cor.

512 3454 620 3523 Iv),
649 3454 730 3522 7.)
750 3450 1081 3523 iterumque
1102 3468 1113 3507 :
1132 3452 1264 3520 Quis
1281 3454 1440 3529 prior
1463 3452 1672 3511 deditei
1698 3464 1750 3512 et
1777 3458 2070 3514 retribetur
2080 3461 2164 3515 ei?

520 3542 693 3614 (Rom.
741 3558 804 3608 ιι,
835 3540 951 3613 35.)
1006 3539 1254 3596 Jacobus
1313 3540 1491 3597 etiam
1526 3560 1539 3598 :
1574 3543 1761 3612 Omne,
1812 3544 1913 3615 ait,
1972 3547 2163 3605 datum

519 3632 807 3704 Optimum,
847 3637 899 3686 et
954 3644 1112 3686 omne
1156 3629 1360 3686 donum
1396 3634 1697 3703 perfectum
1752 3634 2039 3692 desursum
2088 3646 2166 3696 est

519 3720 699 3789 (Zaeh.
732 3736 773 3788 ι,
808 3719 916 3792 17).
944 3718 1090 3774 Nam
1122 3719 1290 3791 quasi
1322 3723 1377 3775 te
1406 3721 1579 3777 modo
1626 3722 1781 3780 Deus
1838 3727 2159 3795 conveniat,

514 3800 657 3882 quis
686 3808 813 3877 tibi,
842 3807 1136 3881 inquiens,
1168 3807 1347 3864 dedit.
1381 3826 1559 3882 quam
1585 3810 1832 3885 largitus
1855 3831 1916 3870 es
1944 3822 2161 3873 meroe-

521 3898 687 3955 dem?
699 3913 889 3955 nonne
920 3897 1056 3973 ego?
1080 3897 1360 3971 Magistro
1373 3904 1471 3956 tuo
1486 3899 1788 3959 scientiam
1810 3902 2160 3976 instruendi,

521 3986 626 4044 tibi
658 3985 1016 4045 intellectum
1054 3987 1322 4060 capiendi
1350 3987 1379 4044 ?
1408 4005 1600 4046 nonne
1652 4006 1757 4063 ego
1777 3993 1805 4047 ?
1831 3994 1917 4049 An
1972 3999 2164 4052 mente

519 4076 744 4134 excedit
770 4093 784 4132 ε
820 4076 1005 4135 Omnis
1032 4077 1312 4150 sapientia
1335 4093 1369 4133 α
1406 4079 1634 4136 Domino
1688 4081 1793 4137 Deo
1821 4090 1900 4138 est
1922 4086 1947 4139 Ρ
1972 4084 2159 4153 (Eccli.

518 4184 560 4236 ι,
586 4166 663 4240 1.)
684 4166 1060 4224 Voluntatcm
1093 4182 1345 4240 quoque,
1376 4183 1493 4241 qua
1521 4171 1577 4225 te
1608 4168 1815 4226 saltem
1848 4188 1952 4244 pro
2010 4190 2163 4230 mer-

518 4256 656 4315 cede
685 4256 935 4323 doceret,
968 4255 1018 4312 si
1049 4271 1154 4329 ego
1186 4256 1422 4328 penitus
1466 4257 1828 4329 avertissem,
1851 4261 1986 4333 quis
2026 4263 2164 4321 dare

516 4345 786 4419 poterat?
817 4343 1073 4401 Pretium
1094 4361 1198 4418 pro
1220 4344 1711 4404 medicaminibus
1732 4348 2010 4408 collatum
2032 4352 2166 4426 quis

591 4493 701 4567 (18)
720 4493 1045 4578 Degebatur
1072 4495 1496 4578 iiliusppostoti,
1521 4499 2167 4578 mendosegorreetio-

512 4580 656 4621 nem
681 4566 860 4639 exigit
887 4570 1210 4645 contextus.
1236 4566 1400 4645 Sicut
1516 4572 1977 4645 praecedentibus
1998 4575 2164 4645 dixit,

2264 3356 2544 3431 pustulae,
2560 3375 2734 3432 quem
2757 3358 2980 3417 malum
2991 3359 3164 3434 vulgo
3186 3360 3392 3417 dicunt
3409 3362 3788 3434 matampnum
3803 3362 3928 3435 (22)

2272 3447 2598 3505 remedium
2628 3452 2737 3517 est,
2764 3452 2828 3504 ut
2858 3449 3082 3519 dicunt,
3115 3450 3165 3506 si
3197 3450 3402 3520 herba,
3429 3467 3558 3523 quae
3588 3450 3929 3525 specialiter

2270 3535 2631 3610 franeiloquo
2663 3538 2879 3595 dicitur
2908 3539 3202 3615 radix(23)
3232 3540 3745 3614 sermone,0ptime
3758 3540 3925 3610 trita,

2270 3629 2447 3699 atque
2476 3630 2717 3697 extorta,
2750 3627 2940 3684 eidem
2966 3633 3417 3702 superponatur,
3438 3646 3624 3701 usque
3654 3630 3728 3686 ad
3758 3645 3925 3686 eam-

2271 3716 2402 3771 dem
2434 3732 2553 3789 qua
2568 3718 2668 3775 16
2685 3716 2877 3790 posita
2890 3719 3075 3774 fuerat
3104 3717 3311 3800 horam
3332 3735 3511 3791 super
3523 3717 3926 3775 vulnusman-

2272 3822 2431 3872 sura,
2464 3806 2766 3863 observato
2798 3805 3023 3863 scilicet
3050 3812 3115 3863 ut
3143 3807 3321 3864 simul
3352 3824 3565 3865 succus
3597 3807 3813 3866 radicis
3832 3808 3924 3866 ei-

2272 3895 2401 3951 dcm
2435 3894 2777 3953 inbaustum
2808 3914 2959 3970 aegro
3014 3896 3327 3966 tribuatur,
3362 3913 3434 3953 ne
3484 3896 3706 3954 scilicet
3755 3897 3925 3954 virus

2270 3984 2343 4040 ad
2374 4001 2474 4040 cor
2530 3986 2726 4043 redeat
2757 3985 3067 4059 introrsus,
3096 3986 3573 4059 incessanterque
3611 4002 3802 4058 usque
3846 3987 3924 4043 ad

2270 4072 2476 4131 horam
2508 4090 2624 4147 qua
2651 4075 2909 4147 positum
2940 4079 3047 4143 est,
3080 4074 3389 4148 paulatim,
3425 4092 3499 4132 ne
3560 4073 3803 4133 forsitan
3836 4076 3927 4131 fa-

2273 4162 2514 4219 stidium
2538 4164 3047 4238 generet,inesum
3077 4169 3366 4238 quantum
3397 4168 3606 4239 potest,
3625 4168 3923 4223 sumatur.

2273 4252 2560 4319 Quiddam
2590 4271 2723 4310 vero
2738 4254 3067 4321 infandum,
3078 4254 3179 4311 hic
3191 4271 3294 4312 nec
3307 4254 3921 4323 commemorandum,

2273 4342 2332 4398 in
2368 4341 2645 4400 schedula
2674 4345 2862 4401 instar
2890 4360 3114 4401 corona:
3141 4344 3559 4418 conscriptum,
3589 4348 3649 4401 et
3688 4341 3922 4400 vulneri

2274 4496 2644 4553 incantandis
2691 4497 3061 4564 serpentibus
3117 4501 3284 4554 erant
3340 4496 3616 4564 celebres,
3669 4493 3925 4550 neminit

2274 4567 2499 4642 Plinius
2528 4567 2653 4624 loco
2684 4567 3190 4625 laudato.lllorum
3221 4570 3564 4642 corporibus
3587 4567 3921 4640 ingenitum

513 4651 581 4696 eo
610 4644 766 4693 utens
782 4636 1049 4714 praesepto
1078 4636 1392 4714 Evangelii,
1417 4636 1612 4714 ita_l_iic
1636 4636 2164 4704 subauditurutens'
2194 4643 2240 4709 D
2275 4640 2615 4714 tradebatur
2632 4657 2943 4714 venenum,
2975 4643 3143 4714 cujus
3173 4636 3347 4698 odore
3378 4636 3759 4714 sopiebantur
3797 4653 3923 4694 ser-

514 4715 800 4784 prsuqopto
822 4712 954 4765 ante
975 4724 1151 4784 voces
1180 4710 1277 4765 illo
1300 4710 1556 4784 apostoli.

594 4778 1081 4853 (19)_Pigmentum
1108 4797 1212 4853 pro
1253 4778 1495 4853 potione
1553 4784 1779 4841 medica
1818 4802 1885 4842 ex
1919 4787 2166 4848 diversis

521 4849 830 4925 specieb_us
857 4849 1127 4925 confecta
1146 4849 1446 4925 accipitur.

592 4921 707 5006 (20)
736 4921 960 5004 Eratin
981 4921 1302 5006 _vu_lgatis:
1318 4924 1639 5006 Marsorum,
1670 4934 1937 5006 corrupte
1962 4949 1975 4999 ;
2026 4949 2164 5006 nam

518 4993 699 5076 Marsi
726 4994 935 5076 nonin
965 4993 1327 5076 .Al'rigi,_sed,
1359 5000 1425 5076 ut
1453 4996 1541 5052 vel
1574 4996 1700 5076 ipse
1729 4993 1934 5059 auctor
1963 4993 2165 5076 paulo

560 5070 653 5123 ost
701 5064 921 5136 subdit,
967 5062 1029 5121 in
1080 5065 1247 5123 Italia
1281 5062 1614 5124 extiterunt:
1660 5070 1805 5128 Cum
1854 5062 2009 5131 vero‘
2029 5081 2166 5134 ante

516 5082 746 5193 Klarsos
777 5153 909 5193 mox
929 5136 1318 5193 nominaverit
1366 5138 1830 5193 mathematicos.
1864 5146 2164 5193 mathemn-

582 5154 746 5193 arsos
777 5153 909 5194 mox
929 5136 1318 5211 nominaverit
1366 5138 1830 5211 mathematicos,
1864 5146 2164 5204 mathema-

519 5207 1159 5300 ticprumcorreximus,
1184 5226 1665 5300 qporumgenu's.
1681 5232 1779 5272 seu
1815 5207 2039 5300 species
2069 5237 2165 5292 pe-

518 5279 756 5362 culiaris
785 5279 844 5363 in
875 5280 1068 5336 Africa
1202 5279 1739 5363 ὶίιξειιθεξιοὶὴὶῐξηκ-ῌοε⁸
1759 5279 1994 5363 quidem
2029 5279 2163 5363 pro-

518 5350 647 5423 prio
679 5351 914 5433 nomine
947 5369 1062 5433 non
1094 5351 1313 5433 Marsos,
1338 5354 1438 5413 sed
1468 5356 1683 5433 Psyllos
1726 5350 1795 5433 in,
1816 5361 2007 5417 Africa
2029 5350 2165 5433 post

519 5438 706 5500 pauca
737 5423 1001 5500 nominat
1023 5424 1289 5500 Lqujbus
1318 5441 1468 5500 sane
1490 5423 1712 5500 Plinius
1742 5431 1843 5487 lib.
1885 5449 1985 5498 vn,
2019 5423 2069 5488 (Ξ.
2102 5437 2161 5500 2,

516 5492 741 5574 similia
770 5493 994 5549 tribuit.
1023 5492 1222 5551 Tradit
1250 5497 1402 5574 enim
1438 5497 1674 5574 Psyllos
1693 5503 1936 5574 populos
1957 5492 2161 5560 Africae

513 5581 568 5639 a_
582 5561 775 5639 Psyllo
801 5581 933 5638 rege
963 5573 1348 5639 nuncupatos,
1381 5569 1438 5624 in
1472 5561 1632 5627 more
1663 5561 1939 5630 b‘ab‘uisse
1994 5578 2162 5634 natos

519 5635 773 5763 objitcerc
793 5635 1260 5712 serpentibus—ﬁt
1287 5635 1535 5699 uxorum
1568 5644 1913 5716 pudicitiam
1941 5647 2163 5719 experi-

519 5722 618 5763 ren
651 5722 740 5763 ur.

518 5722 740 5763 ΓΘΠΠΙΓ.

592 5778 1319 5855 (21)[Ρεγ11οιυιιωξΑ1“ιιὶοεε,
1353 5788 1410 5841 et
1454 5784 1779 5845 Marsorum
1829 5786 2026 5864 Italiae,
2060 5790 2160 5865 qui

2268 4715 2491 4786 pontes.
2509 4712 2684 4786 Marsi
2703 4717 2898 4786 autem
2915 4710 3465 4786 salivaserpentuni
3483 4710 3779 4786 morsibus
3796 4726 3925 4786 ηιξ-
3938 4756 3951 4766 .

2275 4780 2581 4857 dabantur.
2614 4784 2759 4839 Hinc
2790 4783 2960 4842 aliter
2990 4783 3188 4857 Psylli,
3218 4780 3388 4841 aliter
3409 4781 3801 4857 Marsifuisse
3830 4780 3922 4837 di-

2275 4860 2489 4936 cuntur
2514 4854 2917 4936 incan‘tatorcs
2939 4853 3272 4936 serpentum
3294 4856 3460 4929 :quia
3480 4853 3921 4936 Psylliserpen-

2272 4930 2360 4983 tes
2392 4927 2565 4983 odore
2619 4924 3063 4997 interﬁciebunf,
3092 4927 3269 4984 Marsi
3328 4924 3525 4984 dutcm
3559 4924 3796 4983 'saliva'
3817 4938 3924 4982 eos

2274 5015 2388 5053 non
2420 4998 2692 5054 sinebant
2719 5015 2945 5056 nocere.

2236 5127 2247 5137 ,
2310 5070 2457 5152 .(22)
2488 5070 2551 5126 In
2582 5070 3251 5152 historia.t£ansla_tio_nis
3282 5071 3355 5152 S._
3371 5068 3775 5152 Augustiniet
3819 5083 3924 5152 so-

2273 5139 2497 5197 ciorum
2528 5141 2738 5199 saeculo
2768 5142 2841 5199 VI
2872 5142 3245 5199 Benedictino
3271 5159 3304 5199 a
3334 5139 3668 5198 Mabillonio
3699 5139 3924 5196 inserta

2273 5218 2420 5284 part.
2455 5231 2516 5281 u,
2547 5230 2676 5286 pag.
2708 5215 2837 5278 738,
2870 5215 2992 5270 hac
3023 5214 3332 5286 leguntur:
3371 5210 3923 5286 Carbuneutus,quod

2270 5283 2481 5339 malum
2532 5283 2732 5359 Rrrfnci
2768 5302 2868 5359 per
2913 5283 3264 5359 antiplirasin
3312 5283 3923 5359 bonum_malamnum

2272 5365 2480 5430 vocant.
2514 5356 2657 5430 Hinc
2689 5353 2845 5430 apud
2877 5353 3217 5413 Ratherium
3249 5355 3659 5430 corrigendum
3687 5353 3924 5409 videtur

2269 5428 2409 5501 quod
2434 5428 2647 5501 malum
2670 5426 2774 5501 pro
2805 5445 2961 5501 quem
2992 5431 3221 5500 malum,
3254 5428 3377 5501 nisi
3394 5426 3697 5484 relativum
3718 5496 3732 5501 _
3755 5441 3924 5501 quem

2272 5496 2343 5553 ad
2375 5496 2766 5556 carbunculum
2801 5496 3481 5569 referendum,etmalum
3504 5515 3619 5553 non
3642 5496 3927 5569 substan-

2271 5570 2392 5643 tivi,
2409 5572 2506 5628 sed
2528 5572 2793 5643 adjectivi
2815 5571 2941 5627 loco
2963 5568 3388 5643 accipiendum,
3404 5575 3461 5628 et
3488 5586 3620 5626 cum
3646 5568 3928 5625 substan-

2270 5642 3212 5727 tivlowtampnumpepulandum
3242 5642 3559 5727 existimes.

2342 5717 2455 5788 (25)
2484 5713 2664 5774 Radix
2692 5713 3206 5785 Italice‘rodicchio,
3242 5715 3445 5773 Latine
3473 5713 3795 5772 cichorium.
