4070 6414
441 415 573 507 ’153

1371 437 1744 507 RATHERII
1788 439 2030 505 EPISG.
2076 440 2368 505 VERON.
2413 441 2586 506 OPP.
2631 439 2838 504 PARS
2881 432 2935 504 Ῑ.

3747 414 3886 495 156

453 582 609 636 esset
634 574 1050 652 aliquainistis
1065 576 1507 646 elementis,nou
1532 577 1877 650 plerumque
1893 592 2095 631 nasce-
2129 577 2179 646 Α
2211 594 2343 649 pus,
2377 582 2480 633 aut
2492 588 3184 650 quarumcumquererum
3207 569 3571 645 quibuslibet
3593 571 3791 628 succis
3808 573 3884 639 el;

451 675 657 726 rentur
685 686 754 724 ex
785 672 958 737 terra,
992 686 1119 741 quae
1153 667 1228 723 ibi
1263 668 1550 724 seminata
1583 683 1696 721 non
1738 669 1951 734 essent;
1995 683 2098 721 nec

453 757 732 814 animalia
763 762 882 814 tam
911 757 1113 827 multa,
1147 757 1306 812 nulla
1335 756 1586 812 marium
1630 757 2098 827 feminarumque

452 848 862 903 commistione
894 847 1262 918 praecedente,
1284 846 1401 901 sive
1423 846 1481 900 in
1513 850 1686 913 terra,
1712 845 1904 899 sivein
1923 861 2096 915 aqua,

453 953 582 1008 quae
613 939 809 991 tamen
841 939 1127 1002 crescunt,
1157 938 1214 989 et
1244 935 1506 989 coeundo
1540 933 1653 989 alia
1684 933 1937 1004 pariunt,
1963 949 2095 987 cum

453 1023 556 1079 illa
581 1024 757 1080 nullis
789 1023 1128 1079 coeuntibus
1161 1023 1504 1095 parentibus
1535 1028 1662 1078 orta
1693 1023 1829 1076 sint.
1853 1023 1921 1075 Et
1944 1025 2098 1076 certe

453 1130 593 1186 apes
625 1114 847 1170 semina
877 1113 1128 1168 filiorum
1155 1129 1269 1167 non
1302 1113 1562 1168 coeundo
1590 1111 1947 1182 concipiunt,
1996 1111 2096 1164 sed

441 1194 732 1274 tanquam
755 1219 972 1274 sparsa
991 1219 1092 1272 per
1122 1205 1309 1256 terras
1341 1217 1437 1255 ore
1486 1200 1786 1272 colligunt.
1831 1198 2096 1254 Invisibi-

449 1291 595 1346 lium
626 1290 782 1346 enim
809 1290 1100 1346 seminum
1130 1293 1373 1356 creator,
1398 1289 1523 1361 ipse
1544 1291 1768 1343 creator
1789 1293 1877 1342 est
1900 1303 2096 1342 rerum

449 1381 736 1447 omnium;
769 1379 1047 1451 quoniam
1081 1395 1441 1449 quaecunque
1469 1377 1760 1433 nascendo
1792 1380 2002 1431 exeunt
2023 1377 2092 1430 ad

451 1469 652 1525 oculos
682 1472 935 1534 nostros,
955 1484 1023 1522 ex
1040 1467 1283 1522 occultis
1306 1467 1634 1522 seminibus
1655 1466 1948 1538 accipiunt
1965 1482 2097 1536 pro-

437 1557 749 1630 grediendi
783 1557 1184 1628 primordia,et
1204 1557 1561 1612 incrementa
1581 1555 1787 1610 debita:
1803 1555 2094 1627 magnitu-

449 1646 626 1715 dinis,
660 1645 1180 1718 distinctionesque
1229 1646 1549 1700 formarum
1597 1644 1670 1699 ab
1715 1643 2096 1716 originalibus

442 1729 735 1806 tanquam
752 1733 968 1806 regulis
984 1735 1565 1806 sumunt.Sicutergo
1579 1751 1683 1788 nec
1713 1738 1982 1804 parentes
2007 1732 2098 1785 di-

453 1824 643 1880 cimus
672 1828 959 1880 creatores
992 1823 1431 1879 hominum.nec
1479 1822 1763 1895 agricolas
1810 1826 2096 1878 ereatores

453 1913 686 1986 frugum
702 1913 967 1985 quamvis
981 1912 1213 1968 illorum
1227 1913 1590 1969 extrinsecus
1616 1911 1893 1967 adhibitis
1918 1911 2060 1965 moti
2078 1941 2146 2018 ~B

450 2000 708 2070 bus,ista
723 2000 971 2055 creanda
988 1999 1086 2056 Dei
1106 2001 1291 2056 virtus
1314 2000 1557 2055 interius
1580 1999 1955 2071 operetur2ita
1979 2015 2094 2053 non

451 2088 641 2145 solum
656 2089 840 2144 malos
851 2133 864 2156 ,
883 2090 981 2144 sed
998 2105 1102 2144 nec
1115 2089 1300 2144 bonos
1314 2088 1550 2161 angelos
1565 2090 1651 2144 fas
1664 2093 1754 2143 est
1766 2089 1957 2160 putari
1972 2105 2094 2143 ere-

445 2178 770 2243 ‘atores,sed
785 2194 890 2251 pro
912 2177 1233 2233 subtilitate
1256 2178 1364 2249 (26)
1390 2178 1479 2233 sui
1505 2194 1714 2232 sensus
1727 2181 1782 2233 et
1812 2176 2091 2248 corporis,

445 2266 858 2323 'seminanobis
881 2267 1126 2323 istarum
1155 2283 1350 2323 rerum
1377 2267 1690 2323 occultiora
1712 2271 2015 2331 noverunt,
2039 2271 2096 2321 et

449 2373 515 2413 ea
527 2373 630 2429 per
643 2373 931 2429 congruas
943 2357 1392 2429 temperationes
1405 2356 1827 2412 elementorum
1852 2355 2097 2410 latenter

445 2449 938 2518 'spargunt,atque
953 2445 1032 2500 ita
1043 2445 1469 2518 gignendarum
1485 2460 1681 2500 rerum
1695 2448 1752 2498 et
1765 2443 2058 2499 acceleran
2071 2475 2094 2484 -

447 2534 1164 2590 doruminerementorum
1196 2535 1455 2606 praebent
1489 2533 1965 2588 occasiones.Sed
1991 2548 2095 2588 nec

446 2622 588 2677 boni
613 2621 752 2676 haec.
788 2621 900 2676 nisi
931 2626 1222 2693 quantum
1253 2626 1403 2676 Deus
1426 2621 1613 2692 jubet,
1648 2637 1750 2676 nec
1803 2620 1942 2676 mali
1973 2620 2094 2676 haec

445 2710 672 2781 "injuste
704 2709 944 2777 faciunt,
979 2710 1090 2766 nisi
1125 2715 1412 2782 quantum
1436 2712 1597 2783 juste
1628 2709 1754 2782 ipse
1784 2709 2091 2782 permittit.

450 2799 600 2855 Nam
657 2799 845 2871 iniqui
904 2799 1127 2855 malitia
1175 2800 1530 2855 voluntatem
1580 2799 1755 2855 habet
1810 2800 2093 2870 injustam

452 2905 642 2955 suam;
676 2891 1021 2960 potestatem
1051 2892 1246 2945 autem
1274 2905 1389 2944 non
1412 2889 1522 2944 nisi
1547 2890 1708 2960 juste
1740 2887 2094 2960 accipit,sive

452 2977 525 3032 ad
558 2993 726 3032 suam
758 2994 1009 3049 poenam,
1034 2977 1150 3033 sive
1174 2978 1245 3033 ad
1277 2977 1524 3033 aliorum
1552 2977 1639 3032 vel
1662 2994 1890 3049 pmnam
1916 2975 2096 3033 malo-

449 3057 604 3136 rum,
636 3066 725 3122 vel
756 3065 987 3122 laudem
1019 3067 1326 3123 bonorum.
1362 3089 1390 3116 »

521 3155 574 3210 9.
611 3156 875 3229 Itemque
905 3161 1037 3228 post
1066 3174 1270 3230 pauca:
1306 3158 1378 3230 (ο.
1411 3157 1466 3228 9)
1502 3181 1522 3206 «
1546 3157 1712 3212 Aliud
1747 3161 1854 3227 est,
1879 3155 2090 3228 inquit,

449 3259 522 3300 ex
536 3244 743 3301 intimo
757 3263 822 3301 ac
835 3263 1068 3302 summo
1083 3263 1394 3303 causarum
1408 3245 1642 3302 cardine
1654 3247 1901 3302 condere
1919 3251 2092 3318 atque

2208 666 2574 734 humoribus,
2609 666 2697 722 vel
2731 665 2810 721 ita
2841 665 3070 738 positis,
3119 661 3206 719 vel
3235 663 3316 718 ita
3359 661 3606 730 obrutis,
3656 661 3743 718 vel
3779 662 3881 719 ita

2207 756 2473 811 contritis
2505 755 2592 810 vel
2625 755 2702 809 ita
2733 752 3080 818 commistis,
3117 752 3272 824 quod
3292 753 3352 823 [ι.
3387 768 3512 823 quae
3545 769 3672 807 cum
3695 750 3875 822 Aug.)

2209 845 2486 900 animalia
2505 845 2664 900 nasci
2688 843 2931 909 soleant,
2952 859 3201 913 quorum
3224 857 3285 896 se
3316 841 3447 913 quis
3465 844 3585 896 tam
3614 841 3873 896 demens

2209 935 2418 989 audeat
2450 934 2637 990 dicere
2667 932 3164 998 creatorem?Quid
3182 947 3317 1003 ergo
3334 929 3630 997 mirum,si
3650 947 3871 1002 quem-

2207 1024 2524 1079 admodum
2558 1027 2749 1094 potest
2772 1038 2942 1077 nosse
2960 1019 3206 1092 quilibet
3221 1019 3622 1092 nequissimus
3655 1019 3863 1086 homo,

2207 1113 2361 1168 unde
2394 1113 2474 1167 illi
2505 1112 2591 1168 vel
2624 1111 2707 1166 illi
2736 1127 2960 1166 vermes
3017 1125 3349 1180 musezeque
3400 1113 3742 1175 nascantur;
3777 1109 3870 1164 ita

2208 1202 2345 1258 mali
2379 1201 2567 1274 angeli
2601 1217 2706 1273 pro
2729 1199 3088 1256 sublimitate
3106 1199 3197 1252 sui
3220 1214 3432 1254 sensus
3454 1197 3509 1252 in
3531 1196 3868 1253 occultiori—

2205 1292 2316 1348 bus
2347 1291 2767 1347 elementorum
2800 1287 3126 1344 seminibus
3150 1286 3367 1354 norint,
3401 1286 3555 1341 unde
3570 1303 3726 1341 ranae
3743 1303 3868 1341 ser-

2206 1383 2524 1452 pentesque
2556 1381 2958 1445 nascantur,et
2982 1376 3414 1447 haeepercertas
3437 1379 3492 1430 et
3523 1379 3693 1431 notas
3713 1381 3868 1431 tem-

2205 1467 2575 1540 perationum
2608 1465 3070 1539 opportunitates
3101 1463 3344 1520 occultis
3397 1465 3658 1519 motibus
3689 1463 3868 1520 adhi-

2206 1558 2392 1612 bendo
2425 1557 2646 1612 faciunt
2677 1555 2879 1623 creari,
2915 1571 3031 1609 non
3065 1557 3292 1608 creant?
3318 1553 3425 1608 Sed
3453 1552 3553 1608 illa
3582 1551 3864 1610 homines

2206 1663 2333 1718 quae
2365 1645 2553 1700 solent
2583 1645 2654 1699 ab
2685 1643 3025 1699 hominibus
3055 1642 3178 1696 fieri
3212 1658 3328 1696 non
3351 1641 3661 1697 mirantur.
3690 1643 3864 1707 Quod

2207 1735 2253 1791 si
2283 1735 2598 1805 quisquam
2631 1732 2950 1788 celeritates
2980 1730 3398 1786 elementorum
3421 1731 3532 1803 (27)
3568 1731 3715 1786 forte
3739 1733 3865 1786 mi-

2207 1828 2367 1879 ratur
2397 1823 2552 1895 quod
2585 1822 2683 1878 illa
2699 1821 3023 1876 animantia
3037 1825 3153 1875 tam
3171 1820 3282 1875 cito
3304 1820 3452 1875 facta
3477 1824 3636 1888 sunt;
3661 1823 3861 1876 atten-

2206 1915 2327 1978 dat,
2361 1912 2858 1985 quemadmodum
2890 1916 2945 1965 et
2975 1910 3109 1977 ista,
3145 1925 3246 1982 pro
3275 1909 3513 1964 modulo
3557 1909 3863 1966 facultatis

2207 2003 2500 2068 humanae,
2536 2003 2607 2056 ab
2640 1999 2980 2055 hominibus
3013 1998 3586 2071 procurentur.Unde
3607 1999 3767 2054 enim
3791 1999 3865 2054 ﬁt

2203 2096 2270 2146 ut
2299 2109 2366 2146 ea
2394 2108 2637 2163 corpora
2671 2090 2783 2162 (28)
2807 2089 2983 2145 citius
3014 2092 3381 2144 vermescant
3425 2091 3623 2144 {estate
3671 2105 3861 2161 quam

2203 2180 2416 2248 hieme;
2444 2179 2615 2236 citius
2646 2181 2702 2235 in
2735 2178 3112 2235 calidioribus
3139 2194 3316 2250 quam
3349 2176 3407 2231 in
3450 2176 3861 2250 frigidioribus

2204 2269 2375 2326 locis?
2405 2271 2514 2326 Sed
2547 2271 2667 2326 haec
2701 2270 2772 2324 ab
2792 2269 3131 2324 hominibus
3161 2272 3322 2322 tanto
3353 2265 3654 2322 difficilius
3684 2266 3866 2323 adhi-

2203 2361 2437 2425 bentur,
2472 2363 2687 2433 quanto
2719 2359 2930 2414 desunt
2960 2373 3238 2412 sensuum
3259 2354 3637 2421 subtilitates,
3656 2360 3712 2411 et
3733 2373 3867 2412 cor-

2201 2466 2410 2521 porum
2445 2448 2795 2504 mobilitates
2824 2447 2885 2502 in
2936 2445 3215 2502 membris
3260 2444 3507 2500 terrenis
3555 2449 3612 2500 et
3643 2444 3861 2518 pigris.

2204 2538 2366 2594 Unde
2415 2537 2924 2610 qualibuscunque
2972 2534 3196 2608 angelis
3245 2534 3465 2590 vicinas
3520 2550 3728 2590 causas
3779 2536 3859 2590 ab

2203 2627 2506 2684 elementis
2528 2625 2867 2682 contrahere
2884 2629 3101 2696 quanto
3120 2622 3350 2679 facilius
3367 2626 3475 2688 est,
3493 2625 3654 2678 tanto
3680 2622 3862 2680 mira-

2203 2715 2437 2771 biliores
2466 2715 2524 2770 in
2543 2715 2883 2787 hujusmodi
2905 2713 3180 2786 operibus
3199 2728 3399 2768 eorum
3420 2711 3680 2767 existunt
3705 2710 3860 2767 cele-

2203 2806 2425 2861 ritates.
2457 2805 2565 2860 Sed
2598 2821 2713 2859 non
2745 2808 2833 2859 est
2860 2807 3106 2868 creator,
3151 2801 3266 2858 nisi
3300 2801 3398 2873 qui
3448 2799 3860 2873 principaliter

2202 2893 2315 2949 ista
2346 2894 2576 2962 format;
2600 2910 2705 2949 nec
2717 2893 3033 2965 quisquam
3058 2891 3167 2946 hoc
3191 2895 3381 2964 potest
3400 2890 3513 2945 nisi
3540 2889 3636 2945 ille
3665 2906 3854 2962 penes

2203 2999 2377 3054 quem
2410 2982 2682 3056 primitus
2716 2986 2873 3047 sunt,
2907 2981 3171 3038 omnium
3199 2998 3324 3052 quae
3358 2983 3500 3036 sunt
3533 2996 3851 3052 mensurae,

2203 3073 2430 3128 numeri
2459 3076 2515 3128 et
2533 3073 2810 3144 pondera;
2831 3075 2885 3126 et
2917 3071 3041 3142 ipse
3058 3074 3146 3126 est
3169 3087 3320 3125 unus
3351 3073 3577 3126 creator
3597 3069 3856 3139 Deus,ex

2203 3162 2371 3234 cujus
2397 3161 2673 3217 ineffabili
2704 3164 3004 3232 potentatu
3039 3159 3104 3213 ﬁt
3119 3157 3318 3226 etiam,
3337 3163 3402 3213 ut
3431 3159 3584 3230 quod
3608 3161 3855 3230 possent

2203 3251 2260 3305 hi
2296 3250 2504 3323 angeli,
2539 3251 2587 3306 si
2611 3251 3108 3323 permitterentur,
3142 3249 3268 3304 ideo
3291 3264 3407 3303 non
3430 3249 3675 3320 possint,
3704 3247 3856 3319 quia

451 3333 863 3392 administrare
893 3337 1401 3408 creaturamzpuod
1436 3336 1575 3407 quid
1596 3335 1919 3403 facit,solus
1937 3352 2093 3390 crea-
2127 3325 2170 3392 C
2209 3357 2323 3395 non
2357 3339 2793 3412 permittuntur.
2826 3339 3022 3411 Neque
3049 3339 3205 3394 enim
3236 3337 3488 3393 occurrit
3535 3336 3649 3393 alia
3677 3338 3852 3406 ratio,

450 3426 541 3478 tor
568 3427 655 3478 est
690 3427 860 3490 Deus;
894 3423 1053 3478 aliud
1107 3429 1301 3479 autem
1333 3441 1437 3494 pro
1487 3425 1818 3480 distributis
1865 3425 1937 3480 ab
1997 3423 2094 3479 illo

449 3509 673 3566 viribus
691 3513 748 3564 et
761 3510 1134 3568 facultatibus
1160 3511 1419 3584 aliquam
1442 3513 1835 3584 operationem
1853 3513 2096 3568 forinse-

452 3605 558 3655 eus
583 3600 910 3667 admovere,
941 3605 1005 3655 ut
1035 3605 1171 3656 tunc
1202 3601 1290 3657 vel
1323 3605 1481 3669 tunc,
1532 3603 1615 3658 sic
1642 3603 1728 3658 vel
1779 3602 1862 3657 sic
1911 3607 2092 3672 exeat,

452 3688 605 3760 quod
638 3692 886 3744 creatur.
922 3691 1038 3744 Ista
1066 3689 1280 3763 quippe
1297 3690 1659 3764 originalitcr
1673 3710 1738 3747 ae
1754 3691 2098 3764 primordia-

452 3777 586 3833 liter
615 3778 674 3832 in
705 3779 974 3850 quaedam
1007 3783 1234 3835 textura
1264 3779 1686 3837 elementorum
1718 3788 1931 3837 cuncta
1967 3784 2096 3853 jam

453 3871 645 3922 creata
674 3870 832 3936 sunt,
859 3869 958 3923 sed
974 3869 1223 3940 acceptis
1238 3871 1771 3942 opportunitatibus
1786 3871 2092 3943 prodeunt.

451 3958 552 4012 I9
584 3957 729 4012 Nam
761 3957 915 4013 sicut
946 3962 1161 4014 matres
1217 3963 1355 4015 sunt
1412 3959 1660 4032 gravidae
1712 3961 1950 4026 fetibus,
2013 3960 2096 4016 sic

452 4046 576 4117 ipse
608 4047 864 4103 mundus
897 4048 1171 4120 gravidus
1202 4052 1292 4104 est
1321 4049 1514 4128 causis
1538 4049 1927 4117 nascentium,
1970 4067 2095 4121 qua:

451 4134 509 4190 in
543 4134 645 4192 illo
673 4153 788 4192 non
821 4140 1112 4205 creantur,
1147 4137 1259 4193 nisi
1291 4138 1363 4193 ab
1394 4137 1494 4192 illa
1536 4155 1771 4193 summa
1821 4139 2093 4208 essentia,

451 4223 550 4280 ubi
582 4241 687 4281 nec
718 4223 984 4282 moritur.
1021 4241 1125 4282 nec
1148 4227 1412 4282 nascitur
1460 4226 1702 4298 aliquid,
1740 4243 1844 4283 nec
1891 4227 2097 4300 incipit

448 4330 599 4382 esse,
631 4331 737 4370 nec
769 4315 1003 4372 desinit.
1027 4315 1312 4372 Adhibere
1327 4319 1520 4371 autem
1542 4315 1866 4372 forinsecus
1888 4333 2095 4372 causas

450 4404 798 4472 accidentes,
832 4421 959 4476 qua:
992 4405 1226 4460 tametsi
1259 4423 1372 4460 non
1407 4408 1543 4460 sunt
1564 4405 2096 4473 naturales,tamen

450 4494 776 4548 secundum
810 4497 1082 4549 naturam
1118 4493 1489 4562 adhibentur,
1525 4498 1589 4549 ut
1620 4511 1687 4550 ea
1719 4512 1844 4567 quae
1875 4501 2095 4552 secreto

449 4585 671 4636 naturae
693 4580 826 4636 sinu
857 4581 1054 4637 abdita
1070 4581 1460 4649 continentur,
1484 4589 1804 4656 erumpunt
1821 4585 2100 4656 quodam-

451 4669 646 4736 modo,
679 4674 735 4723 et
765 4670 904 4725 foris
943 4675 1231 4736 creentur,
1282 4670 1622 4742 explicando
1669 4689 1998 4737 mensuras,
2041 4677 2098 4728 et

451 4762 816 4826 numeros,et
833 4759 1090 4831 pondera
1121 4775 1228 4814 sua
1259 4775 1388 4831 quae
1412 4759 1471 4814 in
1497 4759 1719 4815 occulto
1750 4766 2098 4834 acceperunt

453 4846 526 4903 ab
557 4846 677 4916 illo,
713 4847 812 4920 qui
846 4847 1114 4903 omniain
1132 4865 1408 4904 mensura
1439 4853 1496 4904 et
1512 4864 1754 4905 numero
1771 4855 1827 4904 et
1844 4851 2098 4922 pondere

453 4935 744 5009 disposuit
775 4936 914 5009 (cap.
941 4954 999 5004 η,
1021 4940 1136 5006 2t),
1178 4954 1292 4993 non
1343 4937 1533 4994 solum
1567 4937 1705 4993 mali
1752 4939 1962 5012 augeli,
1997 4943 2096 4996 sed

451 5027 626 5082 etiam
659 5025 798 5082 mali
816 5026 1084 5082 homines
1107 5031 1375 5099 possunt,
1397 5027 1548 5084 sicut
1565 5027 1825 5100 exemplo
1855 5028 2099 5102 agricul-

451 5120 596 5172 tura:
626 5134 805 5190 supra
835 5116 1026 5172 docui.
1053 5116 1166 5172 Sed
1191 5132 1294 5171 nec
1324 5115 1393 5172 de
1424 5116 1778 5173 animalibus
1811 5120 1978 5191 quasi
2006 5120 2094 5175 di-

450 5220 617 5261 versa
646 5206 794 5262 ratio
825 5209 1071 5272 moveat,
1134 5205 1287 5277 quod
1347 5205 1602 5261 habeant
1645 5207 1916 5278 spiritum
1962 5208 2090 5265 vita:

452 5309 587 5349 cum
606 5297 782 5350 sensu
801 5295 1132 5367 appetendi,
1160 5311 1288 5366 quae
1303 5295 1626 5351 secundum
1645 5301 1913 5353 naturam
1933 5303 2091 5367 sunt,

452 5382 790 5454 vitandique
831 5384 1139 5452 contraria;
1173 5383 1347 5440 etiam
1396 5385 1504 5441 hoc
1536 5388 1625 5440 est
1673 5387 1869 5443 videre
1917 5405 2093 5459 quam

455 5469 625 5526 multi
657 5471 926 5527 homines
957 5474 1313 5544 noverint,ex
1325 5475 1539 5546 quibus
1558 5473 1758 5531 herbis
1781 5479 1883 5531 aut
1906 5477 2093 5531 carni-

525 5595 634 5668 (26)
667 5595 798 5673 Haec
821 5596 990 5673 lectio
1019 5599 1247 5673 videtur
1275 5599 1481 5656 melior
1510 5615 1687 5672 quam
1734 5600 1793 5654 in
1840 5600 2096 5673 vulgatis

453 5667 785 5794 Augustini:
817 5670 868 5724 si
889 5686 992 5741 pro
1020 5671 1337 5727 subtilitate.
1526 5667 1544 5672 ”

528 5740 544 5794 (
583 5740 639 5794 7i
671 5739 879 5794 Melius
907 5743 1061 5794 anud
1092 5744 1507 5794 Augustinum.
1535 5758 1780 5794 inc-reme:

528 5739 639 5812 (27)
671 5739 1061 5815 Melius'apud
1091 5744 1507 5816 Augustinum,
1535 5750 2014 5800 zncrmnentoru-m.

2206 3446 2309 3484 cur
2337 3446 2451 3484 non
2482 3428 2776 3501 potuerint
2802 3429 2987 3485 facere
3019 3426 3450 3482 munitissimae
3467 3443 3720 3493 muscas,
3746 3428 3856 3498 qui

2203 3535 2378 3574 ranas
2408 3518 3121 3591 serpentesque'fecerunt,
3152 3516 3263 3571 nisi.
3287 3515 3426 3587 quia
3440 3517 3628 3586 major
3647 3516 3858 3572 aderat

2205 3608 2524 3663 dominatio
2556 3607 2918 3679 prohibentis
2952 3606 3049 3661 Dei
3082 3623 3185 3679 per
3215 3604 3486 3678 spiritum
3509 3621 3683 3659 suum
3709 3605 3852 3677 ('29);

2207 3697 2360 3769 quod
2395 3698 2568 3752 etiam
2601 3696 2712 3768 ipsi
2745 3696 2900 3768 magi
2932 3694 3180 3752 confessi
3214 3699 3370 3763 sunt,
3392 3694 3669 3750 dicentes:
3697 3695 3856 3765 Digi-

2203 3790 2290 3841 tus
2321 3788 2422 3842 20
2451 3787 2547 3841 Dei
2577 3787 2665 3841 hic
2687 3790 2765 3841 est
2797 3784 3114 3857 (Exodxm,
3151 3783 3260 3854 l9).
3294 3783 3442 3850 Quid
3468 3787 3665 3839 autem
3713 3801 3855 3856 pos-

2204 3875 2326 3930 sint
2355 3892 2460 3947 per
2487 3878 2890 3929 naturam.nec
2922 3874 3152 3946 possint
3182 3890 3284 3945 per
3313 3871 3861 3945 prohibitionem,et

2207 3964 2343 4036 quid
2377 3981 2479 4036 per
2505 3963 2694 4037 ipsius
2726 3967 2944 4018 natura;
2963 3980 3083 4018 suae
3103 3962 3494 4018 conditionem
3527 3961 3712 4018 facere
3734 3979 3855 4018 non

2207 4052 2493 4120 sinuntur,
2517 4052 2751 4108 homini
2782 4051 3082 4124 explorare
3112 4051 3348 4106 difﬁcile
3395 4055 3501 4118 est,
3556 4051 3673 4106 imo
3715 4068 3856 4108 vero

2205 4141 2587 4214 impossibile,
2623 4141 2734 4197 nisi
2759 4159 2859 4214 per
2875 4141 3019 4196 illud
3046 4141 3266 4195 donum
3289 4140 3411 4208 Dei,
3434 4141 3590 4212 quod
3611 4143 3859 4213 Aposto—

2204 4230 2298 4288 lus
2328 4235 2746 4287 commemorat
2776 4231 2993 4286 dicens:
3029 4231 3142 4285 Atii
3187 4229 3508 4302 diiudicatio
3552 4232 3859 4301 spirituum

2206 4321 2250 4393 (I
2281 4322 2400 4376 Cor.
2445 4338 2545 4389 xu,
2608 4321 2716 4392 10).
2775 4320 3055 4376 Novimus
3113 4319 3269 4375 enim
3328 4319 3628 4375 hominem
3677 4337 3855 4392 posse

2205 4409 2523 4476 ambulare,
2558 4414 2614 4464 et
2678 4425 2864 4481 neque
2910 4407 3019 4464 hoc
3076 4425 3248 4480 posse
3280 4408 3393 4463 nisi
3451 4407 3850 4481 permittatur;

2204 4499 2396 4556 volare
2427 4503 2620 4555 autem
2654 4515 2768 4554 non
2804 4515 2974 4571 posse
2996 4497 3170 4553 etiam
3205 4497 3253 4553 si
3271 4496 3660 4570 permittatur.
3685 4496 3779 4551 Sic
3795 4501 3856 4552 et

2175 4587 2286 4644 -illi
2312 4587 2503 4661 angeli
2534 4588 2801 4660 quaedam
2834 4591 3084 4660 possunt
3115 4587 3322 4654 facere,
3355 4586 3402 4642 si
3436 4585 3857 4658 permittantur

2126 4697 2173 4760 D
2204 4678 2276 4733 ab
2304 4677 2527 4750 angelis
2559 4676 2984 4748 potentioribus
3015 4693 3082 4731 ex
3111 4675 3357 4747 imperio
3407 4675 3524 4743 Dei;
3582 4674 3851 4746 quaedam

2207 4783 2338 4821 vero
2369 4784 2485 4822 non
2516 4769 2784 4838 possunt,
2817 4781 2921 4820 nec
2953 4764 3001 4820 si
3035 4764 3104 4840 ab
3136 4764 3221 4819 eis
3254 4763 3686 4836 permittuntur,
3711 4763 3854 4836 quia

2207 4855 2303 4912 ille
2335 4873 2450 4912 non
2481 4855 2766 4927 permittit
2787 4872 2822 4910 a
2851 4851 3342 4926 quoillisesttalis
3369 4857 3588 4908 natura:
3613 4852 3851 4919 modus,

2207 4946 2307 5017 qui
2339 4945 2514 5002 etiam
2546 4961 2648 5018 per
2672 4943 2909 5018 angelos
2940 4959 3078 5000 suos
3109 4947 3166 4998 et
3195 4941 3296 4998 illa
3339 4941 3686 5014 plerumque
3731 4958 3853 4997 non

2206 5034 2508 5106 permittit,
2543 5052 2670 5106 qua
2702 5032 2990 5090 concessit
3021 5037 3084 5088 ut
3107 5033 3352 5104 possint.
3386 5032 3651 5105 Exceptis
3671 5030 3856 5104 igitur

2204 5123 2320 5179 illis
2334 5140 2459 5195 quae
2473 5123 3103 5179 usitatissimotranseu
3113 5139 3212 5177 rsu
3225 5125 3555 5194 temporum
3571 5120 3628 5176 in
3652 5137 3851 5176 rerum

2204 5216 2422 5268 naturae
2449 5213 2649 5268 ordine
2679 5211 3054 5284 corporaliter
3083 5211 3253 5276 fiunt,
3287 5209 3458 5265 sicuti
3499 5213 3640 5265 sunt
3687 5213 3852 5266 ortus

2205 5317 2564 5374 occasusque
2589 5299 3279 5373 siderum,generationes
3309 5304 3366 5354 et
3387 5303 3604 5354 mortes
3625 5297 3851 5354 anima-

2204 5388 2372 5458 lium,
2405 5390 2696 5447 seminum
2710 5395 2766 5446 et
2781 5389 3111 5462 germinum
3126 5388 3584 5444 innumerabiles
3605 5387 3851 5444 diversi-

2205 5483 2372 5548 tates,
2406 5480 2628 5536 nebulae
2660 5483 2718 5535 et
2749 5479 2954 5546 nubes,
2990 5478 3150 5534 nives
3181 5483 3238 5533 et
3262 5477 3490 5551 pluviae,
3527 5477 3762 5550 fulgura
3795 5482 3854 5534 et

2275 5605 2386 5678 (2S)
2416 5603 2584 5678 Apud
2618 5602 2893 5678 eumdem
2915 5604 3312 5678 Augustinum
3337 5604 3526 5659 eadem
3554 5620 3800 5678 corpora.

2277 5676 2390 5748 (29)
2418 5673 2586 5746 Apud
2617 5673 2889 5732 eumdem
2918 5673 3312 5749 per"Spiritum
3339 5680 3605 5732 sanctum.
