4070 6380
180 351 308 423 157

1126 348 1801 467 _PR1ELOQUIORUM
1841 355 2054 424 LIBRI
2098 356 2277 424 sex.
2307 391 2389 410 --
2415 358 2566 426 LIB.
2611 356 2662 425 1.

3491 353 3614 433 158

178 452 472 565 tonitrua,
505 489 759 553 fulmina
776 460 1178 570 etgrandine's,
1201 496 1358 553 venti
1388 500 1445 553 et
1475 456 1842 569 ignis,frigus
1870 493 1926 562 Α
1954 501 2081 555 tum
2109 497 2617 573 vituperabiliores
2637 492 2958 571 viros,quia
2973 491 3425 571 perditissimos,
3450 490 3606 550 deci-

178 576 243 641 et
272 587 479 654 estus,
511 590 570 642 et
600 584 798 642 omnia
813 585 975 654 talia;
996 586 1250 660 exceptis
1267 587 1444 644 etiam
1477 586 1614 653 illis,
1634 604 1760 659 quea
1783 587 1843 641 in

179 673 404 730 eodem
435 674 642 731 ordine
672 678 892 732 natura:
904 680 1206 743 rarasunt,
1227 676 1378 733 sicut
1393 676 1653 733 defectus
1669 674 1844 731 lumi-

179 777 333 818 num
358 766 417 818 et
445 763 669 836 species
700 763 992 820 inusitata:
1025 765 1322 831 -siderum,
1354 769 1411 821 et
1457 769 1740 832 monstra,
1789 768 1846 819 et

180 854 358 906 terra:
392 856 612 919 motus,
646 856 703 908 et
733 852 966 909 similia:
999 855 1254 927 exceptis
1304 870 1440 927 ergo
1470 852 1601 909 istis
1653 851 1841 909 omni-

180 938 324 1008 bus,
361 955 615 1012 quorum
638 941 879 1013 quidem
890 942 1082 1015 prima
1094 946 1396 999 etsumma
1424 958 1603 998 causa
1619 958 1735 998 non
1750 944 1844 997 est

180 1026 303 1084 nisi
333 1027 609 1086 voluntas
639 1029 761 1086 Dei:
796 1031 951 1086 unde
981 1035 1038 1087 et
1063 1032 1122 1086 in
1151 1031 1380 1103 psalmo
1410 1048 1546 1087 cum
1575 1030 1843 1102 quaedam

181 1114 373 1187 hujus
403 1117 635 1191 generis
664 1125 1122 1176 commemorata
1152 1124 1369 1176 essent:
1414 1122 1562 1193 Ignis
1610 1118 1842 1191 grando,

180 1207 311 1273 nix,
343 1208 572 1276 glacies,
611 1210 841 1281 spiritus
882 1212 1211 1282 tempestatis
1258 1210 1429 1283 (Psat.
1482 1226 1704 1276 cxnvm,
1762 1209 1839 1278 8);

182 1310 262 1351 ne
293 1296 433 1368 quis
464 1311 534 1353 ea
560 1295 650 1353 vel
680 1297 1049 1365 fortuitu,vel
1067 1297 1262 1354 causis
1287 1299 1697 1354 tantummodo
1715 1313 1842 1354 cor-

180 1380 517 1456 poralibus,
548 1385 637 1441 vel
686 1386 862 1442 etiam
922 1385 1346 1459 spiritualibus,
1388 1391 1585 1443 tamen
1632 1390 1844 1458 praeter

180 1471 553 1530 voluntatem
582 1474 685 1531 Dei
717 1475 1100 1533 existentibus
1130 1476 1223 1550 agi
1253 1476 1534 1543 crederet,
1564 1476 1839 1532 continuo

181 1561 467 1633 subjecit,
497 1564 626 1632 Quae
652 1565 867 1635 faciunt
883 1567 1107 1621 verbum
1120 1566 1259 1637 ejus.
1293 1565 1403 1621 Sed
1422 1564 1537 1632 his,
1563 1568 1629 1620 ut
1646 1564 1839 1620 dicere

181 1654 504 1723 (accperam;
536 1652 810 1726 exceptis,
844 1653 958 1710 alia
988 1658 1127 1711 sunt
1155 1654 1253 1710 illa
1281 1671 1430 1728 quae,
1467 1653 1739 1726 quamvis
1769 1670 1840 1710 ex

181 1738 394 1796 eadem
418 1739 667 1797 materia
681 1742 1061 1815 corporali,ad
1081 1742 1300 1816 aliquid
1330 1747 1529 1800 tamen
1557 1741 1839 1799 divinitus

1953 588 2199 661 pientes:
2235 587 2393 660 quis,
2423 588 2687 660 inquam,
2718 585 2927 643 talium
2942 586 3146 642 videns
3162 589 3326 642 tanta
3357 583 3606 642 miracu-

1953 678 2144 735 lorum
2203 676 2460 751 potentia
2507 679 2589 750 (et
2641 677 2751 733 hoc
2786 693 2890 749 per
2945 675 3262 747 daemones)
3319 672 3605 747 ﬂagellari

1954 766 2232 840 aliquem,
2268 766 2421 823 sicut
2439 767 2550 824 Job
2578 765 2747 845 illum
2789 764 3220 831 admirabilem,
3274 763 3609 819 hortaretur

1952 855 2162 923 dicere,
2196 856 2313 911 imo
2344 855 2605 911 crederet
2639 855 2801 926 juste
2849 853 2984 910 dici:
3019 876 3047 905 «
3077 852 3361 909 Dominus
3413 852 3593 921 dedit,

1954 945 2237 1000 Dominus
2268 944 2530 1013 abstulit;
2564 944 2713 999 sicut
2733 944 2980 999 Domino
3004 942 3241 1016 placuit,
3276 943 3360 997 ita
3383 941 3602 996 factum

1952 1037 2042 1090 est
2067 1035 2184 1103 (Job
2214 1051 2253 1100 ι,
2285 1035 2377 1101 21)
2411 1050 2461 1088 »:
2495 1032 2637 1104 quin
2671 1033 2867 1106 potius
2914 1049 3030 1088 non
3079 1030 3272 1087 solum
3323 1029 3603 1102 malignis

1952 1121 2196 1195 angelis,
2229 1122 2331 1178 sed
2356 1121 2531 1177 etiam
2562 1121 2916 1194 quibusdam
2947 1119 3296 1177 miserrimis
3343 1117 3600 1174 homini-

1950 1212 2063 1268 bus
2092 1211 2236 1268 illud
2268 1211 2589 1278 ascribens,
2623 1209 2940 1282 quemlibet
2962 1207 3604 1279 immissorem(32),aut

1949 1300 2376 1373 propulsorem,
2404 1304 2470 1355 ut
2494 1300 2728 1365 dicitur,
2763 1301 3179 1371 tempestatum
3210 1296 3434 1353 evocari
3464 1297 3599 1364 (s3),

1949 1389 2257 1461 donisque,
2293 1392 2357 1445 ut
2382 1387 2494 1445 hoc
2526 1387 2745 1443 mederi
2766 1387 3126 1459 dignaretur,
3160 1384 3400 1457 placari;
3425 1388 3492 1440 ut
3518 1382 3599 1439 vi-

1949 1478 2159 1534 delicet
2204 1478 2526 1535 Mercurius
2583 1476 2772 1534 socios
2814 1475 3038 1549 Ulyssis
3084 1478 3247 1530 tactu
3296 1473 3596 1546 quondam

1948 1566 2206 1623 caducei.
2235 1568 2317 1623 Ne
2348 1566 2540 1623 dicam
2574 1567 2732 1622 enim
2763 1565 2834 1621 de
2863 1568 3027 1621 tanto
3058 1566 3234 1620 tantae
3280 1560 3498 1634 gloria,
3529 1563 3597 1616 ut

1946 1655 2100 1711 beati
2128 1656 2235 1712 Job
2265 1655 2395 1725 fuit,
2415 1656 2651 1722 damno,
2668 1655 2779 1711 hoc
2808 1670 2923 1710 non
2946 1653 3201 1709 facerent
3219 1652 3291 1706 de
3309 1649 3599 1707 vilissima

1946 1744 2164 1813 recula,
2191 1744 2301 1801 hoc
2350 1748 2459 1813 est,
2491 1743 2579 1801 vel
2629 1743 2867 1800 cultello
2895 1740 2987 1797 vel
3036 1739 3307 1813 corrigia;
3357 1738 3417 1794 id
3443 1755 3597 1811 saepe

182 1823 913 1930 annuntianodum'nostris
944 1831 1217 1889 sensibus
1248 1832 1651 1899 admoventur,
1706 1848 1835 1903 quae
1866 1864 1914 1930 Β
1942 1832 2200 1889 vidimus
2228 1832 2352 1889 ﬁeri
2383 1834 2456 1889 ab
2485 1832 2596 1930 his,
2648 1831 2969 1930 quibusin
3007 1829 3188 1930 corde.
3211 1827 3595 1930 illudnnos‘tri

183 1910 424 1990 proprie
449 1916 737 1976 miracula
764 1924 821 1975 et
851 1920 1019 1995 signa
1046 1921 1341 1978 dicuntur.
1379 1942 1408 1971 »

190 2013 198 2019 '
255 2007 349 2062 10.
383 2006 573 2063 Habes
605 2007 702 2064 hic
727 2010 873 2066 tanti
906 2010 1249 2067 auctoritate
1272 2010 1548 2079 doctoris,
1573 2015 1629 2066 et
1650 2009 1837 2066 multa

183 2110 361 2171 posse
389 2095 685 2154 demones
712 2114 817 2171 per
836 2098 1159 2172 angelicam
1176 2098 1335 2156 illam
1354 2116 1521 2156 suam
1541 2103 1834 2167 naturam,

184 2199 313 2257 qua
339 2185 517 2242 etiam
548 2198 665 2243 non
696 2193 945 2260 possunt
962 2205 1065 2263 per
1080 2187 1535 2262 prohibitionem
1551 2187 1833 2258 divinam;

293 2288 432 2329 vero
463 2290 657 2346 posse,
689 2275 801 2331 nisi
843 2276 978 2332 data
1009 2278 1259 2349 desuper
1307 2280 1610 2350 potestate,
1641 2276 1732 2333 vel
1762 2277 1835 2333 ad

180 2359 476 2420 fallendos
498 2362 754 2430 fallaces,
776 2364 929 2422 sicut
947 2366 1262 2440 Egyptios,
1308 2382 1559 2438 quorum
1609 2366 1835 2422 similes

180 2454 346 2517 sunt,
380 2450 482 2524 qui
509 2449 775 2510 fallacias
801 2454 1020 2512 diaboli
1050 2457 1152 2510 aut
1169 2458 1521 2511 venerantur
1549 2459 1835 2527 tanquam

180 2537 438 2612 divinas,
471 2544 574 2597 aut
619 2540 957 2600 desiderant
1002 2547 1285 2617 tanquam
1331 2544 1642 2616 proﬁcuas,
1696 2560 1832 2599 cum

183 2624 442 2684 multum
473 2630 653 2686 etiam
668 2630 785 2688 illis
807 2636 944 2688 sunt
957 2631 1548 2706 detestabiliores,qui
1563 2650 1662 2689 eas
1679 2649 1835 2689 exer-

183 2713 336 2785 cent,
370 2717 489 2775 imo
520 2734 624 2792 per
650 2735 799 2792 quos
829 2726 1185 2790 exercentur,
1236 2726 1515 2795 tanquam
1562 2722 1829 2791 virtutes;

184 2805 273 2863 vel
304 2806 380 2862 ad
412 2807 813 2865 admonendos
833 2809 920 2865 vel
951 2810 1024 2867 ad
1041 2811 1373 2883 probandos
1391 2810 1610 2869 fideles:
1635 2812 1833 2867 admo-

185 2895 432 2963 nendos,
465 2913 535 2953 ne
564 2897 785 2955 similia
800 2899 987 2956 facere
1004 2900 1324 2973 cupientes,
1351 2917 1553 2957 eorum
1579 2901 1835 2957 efﬁcian-

187 2984 287 3040 tur
312 2983 563 3057 similes;
594 2987 925 3061 probandos
952 3006 1109 3061 vero,
1149 2993 1216 3046 ut
1241 2990 1334 3047 his
1383 2990 1617 3058 eruditi,
1666 3008 1831 3047 exer-

188 3072 371 3143 citati,
439 3078 615 3149 atque
691 3077 1046 3134 manifestati
1117 3083 1461 3148 monstrent,
1541 3084 1830 3152 quantum

187 3161 420 3221 diabolo
449 3164 625 3221 erecti
663 3166 726 3238 [/2
759 3165 985 3242 erepti],
1036 3167 1152 3224 Deo
1198 3185 1332 3225 vero
1389 3168 1511 3225 sint
1555 3169 1826 3241 subjecti.

1944 1922 2117 1979 istius
2138 1923 2266 1995 jam
2296 1938 2448 1994 saepe
2478 1921 2580 1977 fati
2594 1938 2710 1978 non
2729 1920 2928 1977 sonuit
2940 1916 3277 1991 Augustini:
3306 1938 3334 1968 «
3361 1914 3595 1973 Gaudes

1945 2011 2083 2084 quia
2111 2028 2203 2067 res
2224 2016 2357 2067 tuas
2383 2009 2676 2077 invenisti,
2712 2027 2829 2066 non
2858 2026 2921 2066 es
2952 2008 3142 2065 tristis
3199 2006 3341 2079 quia
3367 2008 3431 2060 tu
3463 2020 3596 2077 per-

1944 2099 2063 2170 isti;
2092 2099 2279 2156 multo
2311 2100 2500 2173 magis
2529 2099 2741 2172 periret
2770 2098 2969 2154 tunica
2990 2101 3114 2165 tua,
3166 2112 3345 2168 quam
3394 2092 3595 2149 anima

1942 2194 2062 2246 tua.
2098 2211 2128 2240 »
2159 2189 2228 2244 Et
2250 2187 2397 2244 illud
2435 2187 2777 2244 Psalmistse:
2829 2208 2859 2237 «
2889 2184 3339 2242 Confundantur
3385 2197 3592 2238 omnes

1944 2279 2221 2335 facientes
2250 2295 2402 2334 vana
2430 2278 2602 2351 (Psal.
2630 2294 2784 2344 xx1v,
2817 2276 2873 2348 3)
2908 2292 2921 2332 :
2952 2292 2980 2326 ιο
3018 2270 3278 2347 Apostoli
3311 2269 3486 2326 etiam
3518 2269 3591 2325 de

1944 2367 2115 2440 culpa
2144 2366 2366 2423 scilicet
2393 2366 2560 2422 valde
2590 2364 2822 2421 minori:
2856 2387 2885 2416 «
2918 2363 3074 2430 Dies,
3122 2384 3143 2411 ι
3186 2359 3398 2435 inquit,
3429 2356 3459 2410 (ξ
3485 2358 3588 2414 ob-

1942 2456 2187 2513 servatis
2217 2460 2273 2512 et
2303 2472 2536 2512 menses
2567 2458 2624 2511 et
2647 2471 2854 2522 annos,
2893 2453 3073 2509 timeo
3122 2467 3194 2506 ne
3237 2449 3365 2505 sine
3411 2463 3592 2504 causa

1942 2545 2324 2602 laboraverim
2348 2545 2409 2600 in
2448 2543 2631 2600 'vobis
2664 2544 2806 2616 (Gal.
2864 2560 2941 2611 1v,
2991 2540 3101 2613 10).
3139 2561 3160 2590 ι
3194 2540 3265 2594 Et
3314 2536 3461 2592 illud
3518 2535 3589 2592 de

1942 2635 2168 2708 Regum
2198 2634 2300 2691 lib.
2334 2650 2408 2691 1v:
2445 2656 2473 2685 «
2506 2632 2785 2705 Nunquid
2817 2648 2932 2687 non
2964 2634 3051 2686 est
3068 2626 3297 2685 Deusin
3319 2623 3591 2692 Israe1,ut

1941 2724 2088 2780 eatis
2120 2725 2193 2780 ad
2216 2723 2641 2781 consulendum
2673 2720 2978 2778 Belsebutb
3009 2725 3191 2775 Deum
3231 2714 3527 2773 Acheron?
3554 2733 3584 2763 ››

1941 2813 2327 2879 Quamobrem
2363 2813 2484 2869 haec
2511 2812 2652 2868 dicit
2678 2809 2962 2868 Dominus
2989 2807 3247 2865 Ochoziaa
3279 2804 3423 2878 regi:
3448 2824 3477 2854 ‹‹
3508 2807 3587 2859 De

1938 2901 2149 2959 lectulo
2179 2920 2356 2976 super
2374 2919 2549 2975 quem
2581 2900 2898 2957 ascendisti
2945 2916 3061 2955 non
3115 2894 3433 2953 descendes
3480 2891 3583 2948 sed

1940 2995 2127 3047 morte
2158 2990 2425 3048 morieris
2454 2992 2546 3064 (IV
2568 2993 2695 3063 Reg.
2728 3007 2769 3057 1,
2802 2989 2912 3061 16).
2948 3009 2977 3039 ››

2014 3082 2098 3136 11.
2125 3081 2192 3136 Et
2221 3097 2351 3137 ecce
2376 3081 2486 3137 hoc
2543 3079 2826 3152 exemplo,
2877 3093 3012 3133 cum
3069 3091 3174 3149 per
3202 3072 3344 3131 talia
3385 3066 3582 3127 sanari

1939 3168 2285 3243 plerumque
2316 3170 2557 3243 quidam
2573 3168 2900 3232 videantur,
2920 3166 3022 3222 Dei
3044 3163 3266 3221 scilicet
3293 3164 3394 3219 aut
3413 3159 3585 3215 mise-

183 3250 323 3316 Quis
382 3252 539 3310 enim
598 3234 982 3328 eorum,_qui
1039 3255 1213 3313 hodie
1251 3255 1312 3313 in
1369 3257 1587 3319 talibus
1641 3234 1828 3332 usque
1859 3234 1902 3302 (ἶ
1938 3234 2289 3315 ίιὶοονάἰαάᾶ
2321 3234 2722 3331 paenitentiam
2739 3244 3582 3329 exspectati,autjustitiasibi

182 3340 255 3398 ad
286 3341 676 3415 perditionem
727 3344 933 3400 animae
981 3346 1276 3403 intantum
1322 3347 1713 3419 decipiuntur,
1763 3350 1829 3403 ut

177 3430 355 3487 etiam
386 3431 472 3488 eis
500 3432 637 3505 (30),
667 3450 815 3506 quas
845 3433 927 3490 ait
952 3437 1095 3491 Gen.
1144 3436 1455 3492 Herodiam
1508 3434 1669 3492 illam
1718 3441 1825 3491 Ba-

174 3519 365 3591 ptista
395 3519 612 3578 Christi
649 3520 1100 3581 interfectricem
1149 3525 1319 3597 quasi
1368 3524 1651 3598 reginam,
1706 3526 1823 3582 imo

175 3608 349 3665 deam
380 3610 476 3667 2|
511 3616 858 3684 proponant,
873 3618 1201 3670 asserentes
1215 3614 1636 3671 tertiamtotius
1650 3632 1823 3671 mun-

169 3696 227 3753 di
259 3697 342 3753 illi
372 3703 599 3771 partem
640 3701 937 3770 traditam,
990 3703 1161 3775 quasi
1208 3703 1336 3760 haec
1387 3720 1611 3760 merces
1649 3703 1827 3761 fuerit

166 3787 461 3860 prophetae
490 3788 688 3858 occisi;
745 3807 878 3845 cum
908 3792 1104 3864 potius
1156 3792 1277 3848 sint
1331 3793 1627 3848 daemones
1689 3793 1823 3848 tali-

162 3874 274 3932 bus
286 3876 605 3950 praestigiis
620 3877 885 3935 tntelices
898 3879 1276 3937 mulierculas
1300 3880 1647 3955 (31),hisque
1667 3881 1821 3936 mul-

235 4000 351 4073 (30)
384 4002 675 4078 Luxatum
694 4003 850 4078 hunc
867 4004 1061 4061 locum
1080 4005 1264 4063 credit
1280 4005 1668 4078 Hieronymus
1686 4008 1824 4063 Tar“

166 4077 415 4147 tarottus
448 4074 506 4129 in
538 4091 710 4147 opere
734 4077 832 4132 Dei
858 4092 1139 4147 congresso
1165 4082 1428 4134 notturno
1452 4074 1591 4134 delle
1638 4079 1821 4135 Lamie

170 4142 270 4222 li_l_).
303 4162 344 4214 1,
376 4161 506 4222 cap.
532 4142 595 4214 5;
621 4151 840 4222 etpost
864 4142 1191 4222 relativum
1220 4166 1356 4222 quas
1404 4149 1605 4205 deesse
1652 4154 1821 4222 putat

171 4163 270 4200 un.
303 4163 344 4214 1,
377 4163 506 4218 cap.
532 4163 587 4214 ο,
621 4163 679 4202 et
747 4163 840 4203 ost
864 4163 1175 4204 relativum
1220 4166 1356 4221 quas
1404 4163 1605 4205 deesse
1652 4163 1816 4222 putat

169 4163 816 4295 aliquotvoces,qui_g_us
833 4224 1155 4295 nocturnus
1169 4220 1526 4295 Lamitarum
1544 4237 1816 4295 congres-

169 4287 682 4364 sus—indicaretur.
705 4289 1091 4364 Herodgiadem
1116 4292 1275 4364 enim
1301 4292 1571 4364 nocturni
1606 4287 1816 4364 hujus-

170 4359 1044 4436 modicongressusprzesidem
1076 4362 1274 4436 plures
1318 4363 1632 4436 tradidere,
1666 4359 1814 4436 quos

170 4426 265 4508 ille
292 4426 606 4508 diligepter
634 4426 886 4508 collegit.
920 4433 1031 4508 Qui
1059 4426 1400 4508 siprequas
1420 4426 1715 4508 quispiam
1737 4435 1814 4492 le-

167 4506 264 4576 gat
377 4500 771 4584 qiibus?__Qu.i_s
784 4500 955 4584 pyrro
985 4505 1065 4584 sit
1086 4500 1215 4584 gen.
1240 4500 1350 4584 h'oc
1367 4500 1810 4584 locolaudatus,

1936 3347 2084 3420 ipsis
2114 3347 2394 3416 derelicti,
2421 3347 2559 3420 quid
2594 3349 2930 3402 mereantur
2958 3339 3294 3414 Deijudicio
3324 3351 3583 3408 cempre-

1935 3436 2124 3492 hensi.
2156 3437 2217 3494 Si
2248 3438 2406 3494 enim
2429 3438 2634 3508 justus
2653 3436 2837 3508 judex
2864 3436 3075 3491 cuncta
3121 3430 3181 3487 in
3210 3428 3321 3485 hoc
3368 3422 3580 3483 saeculo

1933 3510 2275 3593 vindicaret,
2308 3525 2409 3582 illo
2442 3525 2650 3581 ultimo
2682 3522 2907 3596 judicio
2957 3538 3105 3595 opus
3154 3535 3271 3575 non
3320 3518 3494 3583 esset;
3528 3513 3580 3569 si

1934 3619 2129 3672 autem
2161 3614 2355 3671 nullas
2388 3631 2480 3671 res
2505 3615 2796 3670 humanas
2814 3615 3044 3669 curaret
3061 3609 3193 3683 (34),
3217 3606 3417 3663 nullus
3434 3618 3581 3678 pene

1932 3706 2210 3762 crederet.
2242 3704 2367 3761 Non
2390 3702 2692 3759 convenire
2713 3702 2893 3776 igitur
2911 3701 3064 3757 scias
3076 3700 3247 3771 juxta
3266 3693 3579 3767 cujusdam

1929 3792 2350 3867 sapientissimi
2370 3790 3168 3859 sententiam,vilissimorum
3189 3785 3509 3860 spirituum
3520 3785 3578 3837 te

1930 3882 2197 3957 praesidia
2225 3885 2477 3955 captare,
2501 3898 2675 3955 quem
2691 3880 2979 3954 sapientia
3005 3878 3062 3934 in
3076 3878 3228 3934 hanc
3241 3874 3368 3932 vult
3386 3870 3577 3929 excel-

1928 4006 2208 4079 ctoribus,
2243 4022 2390 4079 quos
2452 4006 2723 4063 Baluzius
2772 4005 2833 4061 in
2886 4005 3049 4079 noth
3072 4001 3575 4079 ad_Agobardum

1927 4078 2145 4153 laudat,
2182 4074 2936 4153 Tempestariivocabantur.
2990 4074 3274 4153 Eumdem
3317 4088 3573 4153 errorem

1927 4149 2154 4277 iterum"
2174 4145 2384 4206 refellit
2434 4149 2748 4206 Ratherius
2800 4164 2975 4205 serm.
3028 4165 3066 4215 1,
3101 4147 3173 4201 de
3217 4145 3574 4200 Ascensione

1927 4238 2091 4277 num.
2162 4262 2174 4275 .

1927 4238 2091 4277 num.
2121 4238 2174 4277 4.

1997 4294 2113 4364 (33)
2142 4292 2408 4364 Subaudi
2430 4292 2621 4358 credit,
2652 4290 2742 4347 vel
2783 4289 3006 4363 aliquid
3044 4287 3573 4364 simile._Construe

1924 4357 2142 4435 autem,
2175 4369 2232 4419 et
2262 4363 2504 4435 explica:
2538 4357 2681 4435 Quin
2704 4357 3179 4435 potiusfascritens
3210 4357 3357 4435 il_lu_d
3372 4358 3454 4428 (id
3483 4362 3573 4435 est

1923 4428 2204 4516 ﬂagellari
2238 4428 2518 4507 aliquem.
2552 4428 3205 4516 si_cut'Job_tlagellatu_s
3234 4428 3374 4516 fuit).
3397 4431 3569 4516 ascri-

1925 4500 2069 4590 beris,
2093 4500 2356 4590 inquam",
2386 4522 2501 4590 non
2519 4505 2708 4590 solun}
2726 4500 2988 4590 malignis
3016 4504 3250 4590 angelis,
3283 4500 3375 4558 sed
3402 4502 3573 4590 etiarn

167 4573 420 4669 reperire
448 4590 567 4631 non
587 4573 930 4669 lipu‘itfilla,
963 4577 1058 4634 cui
1090 4577 1343 4669 Herpdes
1384 4575 1619 4669 tertiam
1648 4579 1811 4669 regni
1842 4604 1890 4669 D
1923 4573 2250 4662 miserrimis
2297 4577 2622 4669 quibusdam
2672 4573 3027 4669 hominibus,‘
3062 4574 3233 4669 credit
3277 4573 3571 4669 quemlibet

167 4646 255 4721 sui
284 4648 512 4721 partem
539 4646 1243 4721 sedaturumspopondit,
1259 4666 1375 4705 non
1392 4646 1815 4721 Herodiasjed
1842 4646 1890 4669 ”
1922 4646 2321 4716 immissorem,‘
2365 4657 2457 4705 θυι
2506 4650 2905 4721 propulsorem,
2966 4651 3027 4703 ut
3083 4647 3306 4721 dicitur,
3367 4649 3570 4721 tempe-

166 4716 505 4794 llerodiadis
528 4717 651 4774 ﬁlia
680 4718 809 4794 fuit.
860 4716 1170 4776 Cum—vero
1208 4719 1629 4794 in__Evangelio
1680 4716 1810 4794 tiliae

164 4787 342 4860 hujus
368 4805 584 4865 n_omen
616 4806 738 4865 non
761 4790 1009 4864 legatur,
1041 4795 1244 4865 auctor
1274 4790 1372 4848 ille
1401 4787 1636 4865 igriotus
1677 4793 1805 4865 Gen.

167 4875 235 4915 ex
262 4877 378 4934 quo
396 4859 706 4936 Eutherius
723 4859 848 4920 haec
873 4864 1147 4936 sumpsit,
1169 4863 1323 4920 idem
1354 4859 1561 4920 matris
1581 4881 1646 4920 ac
1677 4864 1808 4920 ﬁliae

166 4931 373 4987 nomen
403 4931 672 4988 credidit.

234 5004 347 5078 (31)
375 5001 678 5078 Construe:
735 5006 849 5078 sint
895 5004 1169 5063 (immanes
1221 5006 1550 5078 decipientes
1605 5007 1809 5064 tatibus

163 5075 459 5147 praestigiis
484 5076 862 5146 mulierculas,
896 5081 1007 5133 etc.

234 5144 477 5232 (32)?Hic
505 5162 708 5232 eorum
738 5144 912 5232 error
929 5148 1362 5232 perstringitur,
1409 5149 1623 5232 quibus
1672 5167 1807 5207 cum

169 5230 511 5291 persuasum
533 5223 699 5291 esset
728 5219 1016 5291 quosdam
1037 5219 1306 5277 homines
1327 5219 1805 5290 emittendarum,

167 5287 223 5366 et
246 5287 727 5366 depellendarum
745 5287 1177 5366 tempestatum
1210 5292 1422 5349 virtute
1442 5291 1678 5366 pollere,
1719 5287 1807 5366 ἱρέ-

169 5359 430 5435 _sis_dona
455 5359 902 5435 largiebantur;
929 5368 994 5419 ut
1019 5363 1255 5435 easdem
1305 5359 1586 5435 arcerent.
1639 5359 1810 5421 Error

166 5429 501 5504 hujusmodi
548 5429 773 5507 saeculo
802 5429 1175 5507 ,p'razeedenti
1215 5434 1303 5507 ita,
1338 5433 1680 5501 invaluerat,
1742 5439 1808 5507 ut

164 5507 356 5579 contra
385 5520 523 5579 eum
546 5506 1240 5579 Agogbardusgepiscopus
1287 5506 1690 5579 Lugdunensis
1738 5506 1807 5562 li-

162 5572 729 5662 bellumpcripserit,
762 5577 857 5634 cui
882 5572 1350 5662 titulusfﬂon‘tra
1370 5572 1649 5662 insulsam
1683 5580 1805 5662 pul-

158 5648 221 5775 gi};
240 5647 561 5720 opinionem
614 5647 680 5705 de
718 5650 994 5719 grandine
1050 5658 1103 5706 et
1418 5650 1507 5707 Illi
1536 5650 1807 5735 homines

251 5719 456 5777 eodem
506 5721 816 5793 Agobardo
855 5725 911 5780 et
961 5722 1032 5778 ab
1065 5720 1196 5778 alus
1245 5722 1510 5793 ejusdem
1543 5740 1647 5779 sm
1697 5740 1807 5781 au—

1921 4728 2149 4787 staium,
2177 4722 2392 4777 evocari
2427 4716 2621 4787 donis;
2639 4725 2700 4776 ut
2728 4722 2826 4777 hoc
2871 4719 3196 4791 dignaretur
3246 4718 3317 4791 ‘(f.
3375 4716 3569 4785 digne-

1918 4793 2031 4873 iur)
2070 4792 2298 4873 mederi,
2348 4800 2412 4873 ut
2450 4792 2698 4873 uidelicet
2727 4788 3027 4873 Mercurius
3400 4804 3571 4873 sana-

1916 4866 1996 4937 vit
2014 4859 2191 4920 socios
2222 4864 2425 4937 Ulyssis
2455 4871 2601 4920 tactu
2646 4864 2887 4920 caducei.
2934 4859 3153 4937 Etenim
3196 4877 3267 4917 ne
3294 4860 3482 4937 dic_am_
3502 4859 3569 4937 de

1916 4935 2118 4992 damno
2147 4930 2308 4992 tante
2325 4936 2517 5008 gloriw
2563 4940 2749 5003 tantae,
2777 4940 2839 4992 ut
2886 4936 3003 5008 fuit
3043 4933 3314 5008 damnum
3358 4933 3426 5008 B._
3446 4930 3562 5008 Job_,

1915 5023 2025 5063 non
2053 5010 2299 5079 facerent
2316 5002 2419 5063 liae
2445 5007 2511 5063 de
2538 5002 2813 5064 vilissima
2853 5002 3058 5079 recula,
3100 5006 3198 5061 hoc
3242 5011 3320 5060 est
3341 5002 3426 5079 pel
3454 5002 3569 5079 culf

1917 5075 2077 5151 tells,
2123 5079 2227 5151 vet
2263 5080 2523 5150 corrigia,
2577 5096 2703 5135 cum
2753 5078 3062 5151 perduniur
3126 5080 3260 5151 (non
3323 5075 3567 5151 facerent

1916 5149 2033 5224 hoc,
2051 5145 2281 5222 inquit,
2313 5151 2372 5206 id
2393 5145 2482 5224 est
2505 5168 2573 5207 ex
2595 5145 3056 5224 praecedentibus
3075 5162 3185 5224 non
3215 5145 3566 5224 hortarentur

1916 5222 2115 5288 dicere,
2149 5215 2275 5295 ’πεδ’
2292 5221 2572 5295 crederent
2595 5215 2753 5295 ’jusie
2782 5221 2933 5295 dici,
2954 5219 3234 5295 _Dominu_s
3259 5215 3443 5295 dedita
3459 5215 3562 5295 De-

1912 5284 2111 5349 minus'
2130 5294 2399 5370 abstu_lit,_
2426 5298 2561 5361 etc.)
2607 5284 2857 5370 'eidimus
2900 5284 3130 5370 idsaepe
3182 5287 3308 5370 ﬁeri
3362 5284 3565 5359 (nimi-

1916 5382 2047 5421 rum
2080 5365 2299 5421 recurri
2333 5361 2402 5420 ad
2423 5364 2893 5430 superstitiones,
2919 5365 2985 5416 ut
3013 5361 3403 5426 inveniantur,
3432 5374 3563 5430 quis

1916 5383 2047 5421 rum
2080 5383 2299 5421 recurri
2333 5383 2402 5420 αα
2423 5383 2493 5421 su
2539 5383 2893 5428 ersuuoncs,
2919 5383 2985 5416 un
3013 5383 3403 5426 Inveniuntur,
3432 5383 3563 5430 quas

1916 5436 2137 5492 amissa
2167 5436 2422 5507 fuerunt)
2454 5383 2533 5492 ag)
2552 5436 2637 5490 his
2659 5435 2854 5507 quibus
2875 5431 3018 5507 iitud
3045 5432 3223 5507 uestri
3259 5431 3420 5507 istius
3439 5433 3564 5507 jam

1913 5525 2053 5580 saepe
2081 5510 2188 5579 fati
2215 5501 2513 5576 Augustini
2540 5501 2864 5562 non'sonuit
2893 5506 2954 5561 in
2973 5503 3149 5561 corde:
3181 5501 3392 5560 Gaudes
3429 5501 3563 5576 quia

1912 5596 2000 5636 res
2018 5584 2141 5635 tuas
2172 5580 2452 5645 invenisti,
2486 5582 2594 5633 etc.

1985 5650 2096 5723 (34)
2127 5650 2299 5724 Vulg.
2351 5649 2631 5724 mendose
2675 5662 2801 5724 eum
2846 5664 3059 5706 curare.
3109 5646 3386 5721 Exigente
3422 5661 3559 5703 con-

1914 5719 2087 5779 teatu'
2107 5726 2164 5779 et
2194 5719 2373 5780 se'nsu
2404 5719 2867 5779 emendavimus.
