4070 6408
437 382 558 478 ut

1357 409 1735 480 unseen
1770 410 2024 479 EPISC.
2067 392 2361 479 vanos.
2407 408 2581 479 app.
2626 412 2826 479 PARS
2868 404 2922 478 ι.

3733 356 3855 472 me

438 540 679 608 lentiam
709 560 1080 624 componere,
1112 553 1179 608 ut
1207 546 1321 608 Deo
1352 549 1625 616 similem,
1657 530 1944 622 quantum
1976 548 2084 606 sci-
2109 547 2166 616 Α
2187 552 2440 623 proximo
2469 550 2534 607 in
2555 557 2791 623 tempore
2817 546 3155 606 necessitatis
3191 541 3377 614 illius;
3409 538 3550 619 quia
3575 542 3715 617 facit
3749 537 3860 598 mi-

440 633 575 697 licet
602 639 674 696 ad
697 639 827 711 ejus
853 643 1085 713 spectat
1105 640 1557 710 concessionem,
1602 639 1788 712 possit
1829 640 2074 708 efﬁcere;

441 746 688 802 eamque
700 730 989 786 mentium
1008 734 1276 786 naturam
1289 728 1644 797 esse,eodem
1664 729 1790 802 ipso
1816 729 2077 797 docente,

442 818 754 891 perpende,
786 823 853 874 ut
881 819 1107 890 quoties
1137 816 1651 889 abjecerintveras,
1670 817 1832 873 falsis
1863 817 2083 890 opinio-

444 907 621 963 nibus
652 908 753 965 22
785 908 1124 974 iuduantnr;
1157 911 1214 962 et
1244 905 1387 962 illud
1420 908 1609 980 magis
1639 924 1858 974 exerce,
1904 906 2081 979 quod,

444 998 512 1051 ut
538 994 598 1050 in
627 995 943 1068 primordio
974 993 1284 1051 locutionis
1316 996 1604 1070 suggessi,
1630 1013 1663 1051 a
1693 997 1809 1052 Deo
1841 995 2087 1067 inspira-

445 1087 640 1140 torum
674 1083 1029 1139 medicorum
1060 1102 1213 1140 vera.
1247 1086 1387 1156 quia
1418 1086 1659 1158 probata
1676 1085 1895 1141 invenit
1916 1084 2090 1140 soler-

446 1168 547 1241 tia,
581 1189 756 1244 quam
785 1173 940 1243 quod
960 1172 1297 1245 infelicium
1322 1174 1825 1230 meretricularum
1857 1172 2088 1229 diabolo

447 1264 575 1317 acta
602 1260 947 1330 conjectavit
976 1262 1291 1318 dementia.
1314 1263 1400 1318 Ita
1420 1265 1565 1319 ﬁtut
1589 1261 1749 1319 nulla
1779 1261 2091 1317 inﬁdelita-

444 1347 521 1404 tis
552 1347 738 1422 caligo
766 1364 969 1405 verum
1001 1349 1191 1420 illum,
1227 1367 1343 1423 quo
1370 1350 1551 1406 videri
1600 1351 1905 1424 quidpiam
1947 1349 2096 1406 solet

448 1438 1511 1511 agendum,confundantintuitum;et
1542 1444 1776 1513 propter
1795 1437 2093 1511 sapientiae

448 1526 690 1594 bonum,
722 1532 780 1583 et
807 1527 1044 1584 medela:
1074 1546 1108 1585 a
1138 1528 1253 1585 Deo
1286 1545 1572 1586 concessa;
1594 1528 1927 1586 subsidium
1958 1544 1992 1582 a
2012 1544 2097 1584 re-

450 1617 645 1691 gibus,
678 1616 817 1684 imo,
850 1621 915 1672 ut
940 1615 1172 1690 legitur,
1207 1634 1241 1675 a
1270 1618 1421 1692 Rege
1453 1618 1658 1691 utique
1706 1634 1911 1691 regum
1970 1634 2096 1672 om-

450 1706 640 1772 nium,
674 1709 794 1762 tam
822 1704 1141 1780 temporale
1172 1724 1349 1780 quam
1381 1712 1664 1764 aeternum
1717 1707 1965 1781 accipies
1995 1707 2095 1761 do—

453 1811 597 1851 num
626 1793 826 1865 (Eccli.
858 1812 1090 1851 xxxvm.
1121 1796 1263 1867 2—8);
1305 1795 1616 1869 disciplina
1661 1812 1896 1869 quoque
1943 1795 2095 1851 exal-

2188 641 2562 698 sericordiam.
2595 642 2693 713 qui
2710 641 2994 712 [oneratur
3030 652 3306 709 proximo,
3355 641 3408 691 et
3448 635 3546 707 qui
3588 632 3862 705 prcevalet

2188 747 2379 796 manu,
2411 729 2670 786 mandata
2715 735 2893 785 servat
2939 727 3133 813 (Epcli.
3182 742 3275 793 xv,
3324 722 3402 795 2).
3455 721 3615 813 Voca
3654 721 3860 813 igitur

2192 819 2488 876 Christum
2528 819 2599 874 ad
2635 819 2874 875 domum
2897 810 3412 889 tuam,praeparaei
3446 810 3781 868 convivium
3798 812 3860 866 et

2195 926 2441 976 cumam,
2474 908 2651 981 pedes
2679 907 2825 975 lava,
2866 904 3140 979 lacrymis
3188 904 3338 976 riga,
3386 900 3612 973 capillis
3664 905 3855 973 terge,

2194 1014 2367 1070 pasce
2398 1013 2554 1064 eum,
2586 997 2753 1060 vesti,
2804 995 3038 1062 calefac,
3091 997 3248 1066 pota,
3284 990 3542 1063 hospitio
3593 989 3854 1061 suscipe,

2199 1102 2314 1141 non
2345 1086 2763 1159 dedignabitur
2793 1084 2865 1140 ad
2896 1085 3118 1139 donum
3160 1084 3326 1137 tuam
3375 1080 3679 1148 divertere;
3732 1076 3858 1133 imo

2199 1174 2499 1231 frontuose
2526 1173 2739 1248 ingerit
2767 1190 2849 1242 se;
2900 1172 3026 1245 ipse
3073 1169 3333 1244 quotidie
3373 1173 3441 1225 ut
3490 1166 3861 1241 suscipiatur

2200 1266 2385 1336 rogat,
2419 1280 2555 1319 cum
2582 1266 2645 1319 tu
2693 1262 2933 1319 deberes
2985 1276 3207 1337 cogere;
3254 1257 3508 1314 consulit
3555 1274 3673 1312 non
3735 1272 3859 1312 suae

2201 1352 2557 1426 indigentiae,
2592 1351 2693 1408 sed
2721 1355 2835 1406 tua:
2863 1349 3135 1407 avaritiae:
3188 1349 3317 1403 tum
3364 1348 3603 1403 demum
3647 1345 3721 1401 ad
3761 1344 3863 1401 do-

2203 1459 2368 1497 mum
2399 1444 2525 1513 ejus
2548 1438 3149 1514 propera,discipulos
3161 1439 3292 1510 ejus
3311 1435 3631 1508 alloquere,
3655 1450 3864 1490 mune-

2205 1548 2290 1598 ra,
2323 1532 2651 1602 deprecare,
2685 1532 2749 1584 ut
2774 1527 2880 1584 tibi
2908 1527 3159 1596 veniam;
3215 1525 3320 1582 tibi
3370 1521 3725 1590 consilium,
3754 1520 3864 1577 tibi

2206 1617 2633 1691 indulgentiam
2667 1622 2723 1673 et
2746 1616 2855 1689 ipsi
2891 1615 3205 1688 praebeant,
3238 1614 3291 1670 ei
3322 1631 3356 1669 a
3387 1614 3503 1670 Deo
3521 1616 3863 1687 exposcant.

2205 1707 2502 1780 Perpende
2552 1707 2693 1763 dum
2740 1705 2901 1762 domi
2949 1703 3213 1777 congeris
3264 1703 3521 1773 lucrum,
3568 1704 3867 1774 quantum

2208 1796 2413 1852 animae
2444 1812 2747 1868 comparas
2776 1793 3215 1849 detrimentum.
3252 1791 3393 1860 Quid
3422 1790 3602 1858 enim,
3641 1787 3725 1846 ait
3756 1787 3871 1846 Do—

451 1883 598 1941 tabit
627 1886 804 1956 caput
859 1888 1048 1951 tuum,
1099 1888 1156 1940 et
1207 1884 1630 1941 collaudaberis
1669 1885 1729 1941 in
1779 1887 2096 1956 conspectu
2127 1906 2175 1978 Β
2209 1885 2426 1951 minus,
2457 1884 2673 1957 prodest
2698 1884 2930 1952 homini,
2956 1884 3008 1938 si
3035 1883 3359 1937 universum
3385 1877 3871 1978 mundum-lucre-

453 1977 885 2047 magnatorum;
919 1973 991 2029 ad
1022 1972 1379 2047 agnitionem
1411 1973 1720 2030 hominum
1769 1975 1955 2030 virtus
1995 1978 2099 2030 tua

453 2061 583 2131 erit,
616 2061 919 2118 scientiam
952 2079 1183 2137 quoque
1211 2062 1319 2119 tibi
1349 2063 1690 2120 Altissimus
1729 2063 2004 2120 honorari
2036 2061 2097 2118 in

455 2148 824 2210 mirabilibus
836 2151 961 2208 suis
990 2152 1174 2222 dabit;
1198 2152 1258 2209 in
1273 2152 1367 2209 his
1384 2170 1599 2210 curans
1618 2152 1919 2227 mitigabis
1941 2152 2099 2209 dolo-

454 2256 548 2297 res
576 2243 635 2297 et
662 2239 837 2298 facies
868 2241 1170 2315 pigmenta
1199 2241 1528 2311 suavitatis,
1552 2248 1610 2299 et
1642 2244 1948 2299 unctiones
1969 2258 2101 2297 con-

454 2326 614 2385 ficies
644 2330 997 2397 sanitatis,et
1024 2347 1140 2387 non
1169 2337 1655 2388 consummentur
1670 2349 1844 2404 opera
1858 2336 1977 2399 tua,
1997 2331 2099 2387 sed

456 2433 569 2492 pax
598 2418 697 2474 Dei
728 2434 959 2491 semper
986 2419 1097 2475 erit
1124 2435 1303 2492 super
1330 2420 1538 2477 faciem
1570 2424 1740 2477 terra;
1768 2425 1902 2475 tua}.

833 2509 957 2565 Trr.
984 2508 1057 2564 V.
1091 2539 1159 2550 —
1187 2511 1269 2567 De
1292 2510 1736 2581 negotiatoribus.

531 2597 619 2653 12.
652 2591 988 2669 Νθεοῐίιιΐοι·
1014 2598 1106 2655 es?
1149 2598 1321 2654 Audi:
1368 2599 1596 2671 Propter
1649 2600 1894 2672 inopiam
1939 2599 2104 2655 multi

461 2682 827 2758 deliquerunt,
872 2690 923 2744 et
954 2688 1051 2759 qui
1096 2689 1296 2760 quaerit
1350 2688 1690 2761 locupletari,
1748 2691 1953 2744 avertet
1983 2704 2105 2743 ocu-

465 2774 582 2830 lum
607 2790 789 2830 suum.
823 2774 973 2831 Sicut
1022 2777 1079 2832 in
1128 2776 1305 2833 medio
1355 2779 1693 2850 compaginis
1740 2777 1983 2849 lapidum
2011 2794 2106 2849 pa-

465 2862 551 2919 lus
577 2863 787 2935 ﬁgitur,
810 2865 890 2919 sic
915 2868 966 2920 et
997 2866 1143 2922 inter
1168 2864 1410 2922 medium
1436 2866 1762 2923 venditionis
1788 2875 1839 2923 et
1886 2868 2107 2938 emptio-

463 2953 1611 3023 nisangustiabiturpeccatum.szteretur
1621 2973 1745 3013 cum
1756 2955 2107 3028 delinquente

465 3042 744 3099 delictum.
774 3042 837 3098 Si
856 3059 967 3099 non
990 3044 1051 3099 in
1073 3046 1268 3101 timore
1298 3046 1525 3101 Domini
1553 3047 1793 3102 tenueris
1822 3055 1871 3102 te
1899 3048 2109 3103 instam

465 3140 566 3202 ter,
622 3133 728 3188 cito
781 3132 1125 3189 subvertetur
1172 3133 1362 3191 domus
1408 3138 1504 3191 tua
1558 3132 1744 3208 (Eccli.
1789 3153 1965 3203 xxvn,
2027 3134 2104 3206 1);

466 3221 759 3295 idemque:
801 3227 987 3280 Λυανο
1034 3224 1177 3279 nihil
1228 3228 1307 3281 est
1360 3225 1654 3281 scelestius.
1710 3226 1803 3282 Nil
1853 3226 2107 3299 iniquius

466 3328 630 3388 quam
656 3327 848 3368 amare
873 3315 1184 3385 pecuniam;
1217 3312 1306 3369 hic
1334 3315 1483 3369 enim
1500 3316 1753 3371 animam
1771 3331 1931 3372 suam
1951 3331 2109 3371 vena-

470 3404 574 3459 lem
603 3400 763 3457 habet
791 3401 978 3474 (Er-cli.
1026 3419 1083 3470 x,
1115 3402 1192 3471 9).
1245 3400 1533 3458 Dominus
1587 3406 1783 3460 autem
1822 3404 1882 3459 in
1932 3403 2113 3460 Evan-

470 3489 640 3565 gelio;
694 3489 1015 3556 Intuemini,
1076 3490 1177 3559 ait,
1208 3497 1262 3546 et
1306 3499 1485 3547 cavete
1540 3491 1607 3547 ab
1647 3494 1796 3549 omni
1850 3495 2116 3561 avaritia;

471 3581 603 3653 quia
628 3594 741 3635 non
773 3579 833 3633 in
856 3577 1198 3635 abundantia
1233 3579 1558 3653 cujusquam
1602 3582 1719 3638 vita
1760 3583 1998 3639 hominis
2040 3590 2121 3640 est

469 3685 632 3742 super
660 3676 868 3724 terram
892 3683 962 3724 ea;
985 3666 1071 3724 his
1101 3685 1222 3742 qua:
1240 3669 1477 3742 possidet
1495 3671 1643 3743 (Luc.
1676 3689 1778 3744 xu,
1813 3671 1923 3745 15).
1944 3671 2116 3728 Item-

476 3774 591 3831 que
620 3756 722 3830 qui
753 3773 950 3829 supra;
983 3757 1196 3827 Multos,
1255 3758 1469 3831 inquit,
1496 3760 1737 3833 perdidit
1790 3778 1992 3817 aurum
2037 3765 2124 3818 at-

476 3864 580 3921 que
623 3854 911 3917 argentum
968 3848 1156 3920 (Eccli.
1214 3865 1336 3916 vm,
1393 3849 1475 3921 3),-
1532 3853 1607 3906 et:
1650 3851 1769 3907 Viro
1824 3851 2019 3923 cupido
2072 3860 2123 3908 et

476 3937 657 3993 tenaci
671 3936 791 3991 sine
821 3937 1031 3993 ratione
1050 3940 1128 3992 est
1146 3937 1473 4003 substantia,
1490 3943 1543 3993 et
1555 3941 1653 4011 qui
1662 3947 1877 3996 acervat
1898 3941 2120 4012 injuste,

478 4025 610 4081 aliis
637 4029 946 4097 congregat,
978 4027 1110 4082 etin
1140 4026 1294 4083 bonis
1336 4026 1494 4082 illius
1548 4027 1695 4083 alius
1743 4029 2125 4085 luxuriabitur

478 4108 806 4189 (Eccli.x1v,
839 4115 916 4184 3):
976 4131 1352 4188 rursumque:
1412 4117 1681 4188 Difﬁcile,
1738 4117 1841 4184 ait,
1899 4121 2125 4175 exuitur

476 4205 780 4276 nogotiator
809 4221 843 4260 a
866 4205 1222 4276 negligentia,
1254 4210 1306 4261 et
1334 4221 1445 4262 non
1459 4207 1858 4279 justiﬁeabitur
1892 4225 2063 4281 caupo
2091 4226 2129 4265 α

475 4294 710 4366 peccatis
739 4294 1013 4350 labiorum
1046 4294 1230 4367 ('Eceli.
1265 4306 1420 4361 xxvx,
1449 4297 1563 4365 28).
1599 4295 1702 4352 His
1731 4294 1927 4369 itaque
1958 4297 2042 4352 sic
2061 4314 2127 4355 se

481 4378 857 4451 habentibus,
892 4384 1205 4456 perpende,
1240 4398 1462 4455 quaeso,
1509 4400 1688 4457 quam
1730 4383 2126 4458 periculosum

482 4470 693 4527 animae
711 4475 824 4527 tuae
853 4471 1096 4528 sortitus
1128 4472 1211 4528 sis
1242 4472 1523 4542 ofﬁcium;
1566 4478 1622 4529 et
1652 4474 1797 4531 scito
1827 4479 1902 4543 te,
1953 4475 2128 4549 paulo

483 4558 618 4615 licet
644 4558 1060 4627 excusabilius,
1117 4577 1252 4617 cum
1302 4561 1675 4634 praedonibus
1724 4563 2006 4637 appellari
2051 4583 2130 4638 pu

2204 1979 2317 2045 tur,
2350 1976 2554 2030 animo:
2581 1989 2706 2030 vero
2731 1989 2843 2029 sua:
2882 1972 3270 2029 detrimentum
3319 1966 3598 2042 patiatur?
3634 1966 3865 2041 (Matth.

2205 2081 2319 2131 xv1,
2355 2064 2467 2133 25.)
2496 2063 2566 2118 Et
2594 2061 2925 2135 Apostolus:
2971 2056 3222 2128 Mundus,
3275 2056 3489 2131 inquit,
3539 2057 3765 2122 transit,
3808 2063 3869 2113 et

2206 2153 2637 2225 concupiicentia
2666 2153 2783 2223 ejus
2810 2153 2861 2221 (Ι
2885 2152 3045 2208 Joan.
3079 2165 3141 2219 ιι,
3174 2148 3288 2217 l7).
3317 2147 3532 2209 Verere
3577 2161 3739 2218 ergo,
3776 2159 3858 2203 ne

2207 2242 2350 2298 dum
2376 2240 2789 2298 insatiabiliter
2809 2239 3001 2296 inhias
3026 2236 3400 2307 transitoriis,
3419 2232 3664 2309 priveris
3684 2250 3869 2291 man-

2209 2330 2385 2388 suris.
2417 2329 2552 2387 Esto
2582 2329 2775 2403 potius
2804 2328 2910 2385 tibi
2958 2329 3147 2401 bonus
3198 2325 3481 2394 medicus;
3523 2325 3595 2381 de
3641 2324 3872 2380 instru-

2210 2423 2407 2476 mento
2439 2418 2690 2476 avaritiae
2740 2416 3072 2475 subsidium
3120 2414 3319 2471 confer
3369 2412 3599 2481 animze;
3649 2410 3866 2481 Facite,

2209 2509 2402 2582 inquit
2429 2508 2736 2578 Dominus,
2768 2508 2971 2565 amicos
3000 2505 3145 2564 vobis
3174 2504 3240 2560 de
3257 2498 3873 2587 mammona‘iniquitag

2211 2602 2280 2657 tis
2308 2600 2462 2670 (Luc.
2496 2615 2608 2666 xvr,
2631 2597 2708 2668 9).
2742 2596 2856 2652 Nec
2885 2593 2995 2652 hoc
3033 2594 3235 2650 dicens
3283 2592 3551 2648 hortatur
3580 2592 3655 2647 ad
3700 2588 3873 2647 frau-

2212 2688 2473 2757 dem,sed
2484 2691 2797 2760 postquam
2816 2686 3079 2742 fraudem
3102 2682 3312 2747 fecisti,
3335 2678 3546 2738 invitat
3566 2680 3639 2737 ad
3660 2695 3873 2738 emen-

2212 2776 2529 2835 dationem.
2560 2775 2734 2833 Verbi
2755 2774 2964 2849 gratia,
2989 2772 3241 2830 debuisti
3262 2770 3501 2845 quidem
3531 2768 3615 2826 nil
3639 2785 3872 2842 rapere,

2214 2868 2295 2925 nil
2323 2866 2476 2925 malo
2498 2865 2731 2941 ingenio
2752 2861 3443 2938 congregare,'neminem
3465 2858 3526 2915 in
3540 2857 3739 2932 aliquo
3764 2873 3876 2919 ne-

2214 2958 2370 3033 gotio
2418 2954 2859 3021 circumvenire,
2912 2956 3128 3020 certus,
3184 2949 3530 3025 praedicente
3567 2952 3627 3005 et
3665 2946 3877 3004 testiﬁ-

2215 3051 2383 3103 cante
2410 3044 2705 3119 Apostolo,
2737 3042 3029 3099 vindicem
3061 3057 3240 3114 super
3261 3038 3372 3096 hoc
3402 3039 3873 3111 omnipotentem

2216 3134 2530 3193 Dominum
2559 3150 2687 3191 esse
2719 3131 2767 3207 (ι
2798 3133 2967 3189 Thess.
3004 3149 3077 3198 IV,
3110 3130 3186 3203 6),
3222 3128 3333 3185 diei
3363 3128 3520 3185 victu
3553 3129 3873 3185 contentus

2219 3242 2474 3294 manere,
2509 3242 2544 3281 a
2566 3223 2680 3280 Deo
2710 3221 2910 3280 omnia
2936 3236 3192 3294 sperare,
3223 3217 3325 3291 qui
3356 3216 3486 3290 ipsa
3507 3231 3742 3289 quoque
3761 3231 3876 3272 vo-

2220 3315 2408 3373 latilia
2427 3313 2616 3388 pascit
2643 3311 2904 3386 quotidie
2930 3309 3134 3385 (Matth.
3167 3326 3245 3377 v1,
3276 3308 3390 3380 26);
3424 3306 3581 3380 quod
3611 3306 3739 3379 ipse
3769 3305 3878 3361 de-

2224 3404 2425 3473 disset,
2450 3420 2584 3460 cum
2612 3401 2936 3476 gratiarum
2984 3399 3210 3457 actione
3256 3401 3314 3453 et
3341 3397 3468 3469 ipse
3509 3410 3764 3464 sumere,
3810 3397 3881 3451 et

2226 3494 2357 3553 aliis
2387 3491 2754 3566 participare:
2789 3490 2942 3564 quod
2974 3489 3112 3545 dare
3140 3485 3448 3553 noluisset,
3479 3500 3585 3542 nec
3628 3498 3875 3558 cupere,

2227 3585 2329 3642 sed
2360 3581 2550 3656 ipsius
2572 3579 2871 3653 justitiam
2900 3576 3245 3653 gloriﬁcare.

2299 3673 2388 3730 44.
2422 3670 2535 3728 Sed
2565 3686 2745 3743 quare
2772 3669 2895 3725 haec
2924 3672 3327 3740 transgressus
3366 3662 3616 3738 rapuisti
3661 3658 3885 3720 violen-

2228 3767 2318 3819 ter
2340 3758 2704 3835 congregasti
2728 3756 3147 3825 fraudulenter,
3183 3771 3425 3812 usuram
3444 3757 3502 3809 et
3516 3771 3583 3810 su
3592 3752 3885 3826 parabun-

2231 3852 2494 3908 dantiam
2522 3847 2756 3917 amasti,
2798 3846 3034 3920 ingenio
3089 3849 3191 3901 tuo
3237 3848 3296 3901 te
3341 3841 3708 3911 concessisti,
3759 3840 3881 3898 Deo

2232 3944 2443 3997 cuncta
2473 3937 2609 3995 licet
2628 3937 2871 4011 indigno
2901 3934 3064 3991 danti
3113 3934 3380 4007 ingratus
3424 3929 3719 3999 exstitisti,
3775 3929 3882 3986 alii

2232 4029 2558 4086 secundum
2590 4023 2817 4081 Domini
2850 4027 3204 4097 praeceptum
3244 4038 3361 4078 non
3404 4018 3881 4088 communicasti;

2235 4117 2389 4191 qnod
2422 4117 2560 4173 dare
2616 4114 2699 4171 illi
2759 4130 2874 4170 non
2932 4111 3173 4187 placuit,
3232 4124 3383 4184 saepe
3435 4106 3725 4191 quaisisti,
3771 4118 3885 4165 nec

2235 4190 2483 4280 adeptus
2513 4204 2815 4262 multoties
2842 4201 3257 4260 murmurasti?
3304 4201 3442 4258 Post
3488 4200 3613 4257 haec
3642 4190 3882 4269 omnia,

2236 4315 2366 4371 quea
2420 4295 2664 4352 minime
2716 4293 3041 4349 debuerant
3094 4290 3451 4363 contingere,
3502 4305 3625 4346 non
3684 4287 3885 4345 adhuc

2235 4392 2292 4444 te
2320 4386 2445 4443 vult
2474 4382 3033 4458 perdere,Monstrat
3050 4380 3156 4438 tibi
3177 4379 3407 4436 divitias
3436 4377 3716 4435 bonitatis
3736 4388 3882 4445 suae,

2236 4480 2293 4534 et
2322 4477 2392 4533 de
2422 4476 2549 4548 ipso
2574 4488 2797 4530 veneno
2828 4470 3081 4529 avarities
3121 4468 3449 4527 antidotum
3497 4465 3605 4524 tibi
3649 4466 3890 4523 conﬁcit

2239 4563 2641 4639 indulgentiae,
2667 4567 2733 4620 ut
2760 4561 2894 4619 dum
2919 4562 3248 4633 defeceritis,
3278 4557 3575 4630 inquiens,
3614 4557 3891 4629 recipiant

485 4646 807 4704 blicanum.
841 4648 993 4705 Vitio
1050 4649 1207 4706 enim
1264 4653 1324 4707 te
1371 4651 1679 4717 deservire,
1729 4669 1836 4709 nec
1879 4654 2130 4727 modico,
2162 4658 2208 4726 D
2237 4672 2327 4713 vos
2358 4657 2421 4711 in
2447 4662 2661 4711 (eterna
2683 4652 3040 4709 tabernacula
3094 4651 3255 4724 (an.
3283 4664 3399 4718 xw,
3440 4647 3520 4720 7).
3572 4645 3695 4703 Illis
3748 4660 3889 4719 ergo

434 4770 441 4776 -
486 4734 546 4791 id
579 4739 867 4792 monstrat
892 4737 1393 4812 vocabulum,quo
1422 4738 1943 4797 teamultisvocari
1967 4743 2141 4800 audis
2247 4744 2398 4801 male
2427 4740 3286 4817 quaesitum,pejusinventum,
3308 4736 3562 4811 pessime
3579 4746 3893 4808 congrege»

488 4823 931 4898 cupidenarium
962 4828 1077 4901 (35)
1125 4828 1309 4886 Badio:
1343 4831 1494 4885 enim
1540 4831 1789 4886 omnium
1839 4832 2129 4904 malorum,

486 4914 761 4987 Apostolo
789 4918 955 4985 teste,
988 4918 1260 4989 cupiditas
1290 4920 1340 4991 (I
1369 4920 1503 4975 Tim.
1537 4935 1614 4986 v1,
1647 4917 1758 4989 40),

563 5005 649 5060 13.
696 5006 968 5060 Attamen
1014 5021 1086 5061 ne
1137 5006 1431 5078 desperes,
1485 5006 1625 5078 quia
1672 5008 1958 5081 scriptum
2004 5016 2131 5068 est:

487 5093 796 5152 Benedictio
854 5095 1083 5150 Domini
1123 5110 1295 5167 supra
1342 5103 1504 5168 caput
1550 5097 1897 5155 vendentium
1949 5100 2132 5174 (Prov.

489 5199 549 5252 ιι,
580 5184 693 5257 ‘26);
744 5183 845 5241 sed
877 5183 1184 5240 considera
1241 5200 1513 5257 quorum.
1548 5185 1658 5242 Fac
1712 5188 1929 5261 itaque,
1992 5191 2136 5247 dum

492 5272 685 5343 adhuc
715 5273 841 5330 dies
871 5277 981 5341 est,
1042 5273 1198 5346 quod
1232 5274 1332 5331 23
1377 5273 1482 5330 tibi
1537 5292 1808 5350 suggero:
1868 5281 2138 5338 Fenerare

565 5414 1518 5491 (35).,Legebaturgcupedinarium.
1551 5420 1768 5477 Verum
1817 5421 1939 5477 haec
1970 5440 2077 5478 vox
2106 5439 2141 5477 a

493 5490 800 5565 contextus
831 5489 1119 5565 sententia
1145 5489 1442 5565 abhorret.
1478 5490 1625 5548 Nam
1651 5493 2001 5565 cupedinarii
2022 5494 2142 5550 Do-

494 5561 629 5613 nato
661 5558 1078 5630 interpretante
1101 5562 1159 5617 in
1177 5562 1512 5620 Terentium
1526 5558 1829 5622 venditores
1849 5566 2120 5621 esculento
2133 5598 2145 5609 -

494 5644 621 5713 rum
643 5637 697 5687 et
712 5631 1600 5713 poculeiuo_rum_appellantur,_
1630 5636 1731 5708 qui
1781 5634 2006 5713 scilicet
2048 5653 2142 5695 cu-

491 5698 678 5775 pedia,
708 5698 768 5761 id
799 5706 908 5773 est,
942 5703 1101 5765 cibos
1149 5698 1426 5766 lautiores
1466 5711 1524 5767 et
1549 5698 1685 5767 vina
1731 5707 1954 5765 rariora
1999 5725 2143 5767 ven-

2243 4840 2373 4892 tum
2403 4850 2595 4907 eroga,
2628 4830 2889 4904 quicum
2913 4829 3188 4886 defecerit
3200 4827 3343 4894 vita,
3365 4825 3471 4882 tibi
3493 4826 3553 4883 in
3582 4823 3743 4881 cmlis
3765 4823 3896 4880 red-

2243 4926 2381 4981 dere
2408 4921 2648 4990 tributa,
2682 4935 3059 4993 cempensare
3089 4916 3324 4984 collata,
3366 4915 3721 4984 coadunare,
3770 4913 3892 4970 imo

2243 5011 2637 5085 centuplicare
2662 5008 2894 5067 valeant
2923 5008 3211 5082 dispersa.
3243 5005 3499 5063 Observa
3545 5008 3768 5071 tamen,
3800 5007 3889 5074 ut,

2246 5102 2292 5159 si
2327 5100 2451 5156 ﬁeri
2480 5099 2753 5173 qotest,id
2776 5097 2941 5166 est,si
2956 5101 3271 5172 praesentes
3286 5097 3425 5151 sunt
3437 5093 3653 5167 quibus
3667 5091 3893 5165 aliquid

2245 5188 2455 5256 tulisti,
2487 5192 2544 5245 et
2573 5187 2921 5260 copiafavet,
2938 5185 3212 5261 primitus
3226 5183 3553 5242 secundum
3584 5182 3896 5240 Zachmum

2244 5277 2429 5348 (Ibid.,
2465 5276 2571 5351 19),
2602 5276 2713 5335 etsi
2738 5293 2855 5333 non
2886 5274 3068 5343 vales,
3113 5278 3217 5331 aut
3262 5273 3430 5331 voles
3476 5268 3901 5346 quadruplum,

2249 5420 2414 5478 dunt.
2448 5419 2893 5496 Correcti_on_em_
2916 5418 3342 5496 cupidenarium
3370 5415 3650 5496 _Ratherii
3698 5413 3900 5496 sensui

2250 5496 2664 5564 congruentem
2695 5487 3057 5564 induximus.
3107 5489 3418 5564 Ugutionis
3466 5487 3624 5564 enim
3670 5487 3899 5543 codices

2251 5561 2473 5621 laudati
2530 5581 2567 5621 a
2611 5563 2832 5636 Cangio
2877 5562 3117 5621 habent:
3163 5561 3577 5635 'Cupidenarius
3632 5566 3903 5619 mercator

2252 5638 2480 5711 cupidus
2506 5636 2885 5695 denariorum.
