4070 6382
153 326 262 395 161
1010 316 1019 321 ’
1114 324 1760 402 PRIELOOUIORUM
1803 325 2012 395 LIBRI
2051 324 2221 394 SEX.
2255 366 2333 378 —
2361 326 2525 409 LIB.,
2555 325 2617 405 I._
2748 374 2758 383 —
3446 337 3575 413 £63,

152 458 365 517 saltem
394 454 674 517 restituas
690 457 991 535 simplum.
1007 460 1300 521 Memento
1311 462 1487 525 etiam
1510 467 1654 537 quot
1681 480 1802 537 per.
1833 465 1891 533 Α
1922 462 2044 520 rius
2064 464 2335 537 judicare
2364 470 2619 539 peccato,
2644 467 2745 542 qui
2765 485 2882 526 non
2906 468 3078 528 habet
3098 472 3252 530 unde
3262 473 3565 546 judicetur

145 549 309 624 j'uria
334 548 398 615 in
419 549 551 623 ipsa
580 550 894 620 taxatione,
932 554 1075 623 quot
1102 551 1409 611 mendacia
1434 552 1495 608 in
1524 552 1653 626 ipsa
1673 569 1809 625 pro-
1916 571 1985 610 ex
2014 554 2307 609 suo.Audi
2329 554 2582 628 denique
2609 556 2806 630 ipsum
2825 560 3047 629 :Nolite,
3065 559 3278 634 inquit,
3282 563 3569 635 judicare,

153 639 363 696 tuleris
391 639 702 710 auctione;
735 642 795 696 et
820 639 929 696 tibi
967 657 1145 714 super
1191 641 1285 697 bis
1323 640 1584 710 consule,
1618 641 1809 700 sciens
1916 649 1970 698 et
1993 657 2105 698 non
2124 642 2521 714 judicabimini
2545 664 2570 711 ,-
2597 647 2770 703 nolite
2799 648 3177 719 condemnare,
3210 658 3262 707 et
3287 669 3398 709 non
3433 651 3563 711 con?

154 728 536 794 veracissime
565 732 793 802 patrem
825 729 1114 786 mendacii
1141 729 1441 787 diabolum
1472 748 1600 788 esse
1627 734 1807 802 (toan.
1917 730 2320 789 demnabzmini
2350 733 2574 805 (Matth.
2606 751 2707 806 vn,
2743 736 2815 808 1).
2847 737 2993 793 Audi
3024 741 3080 794 et
3108 738 3313 809 alium,
3338 743 3439 799 sed
3470 749 3565 801 ta.

154 835 280 890 vm,
312 819 428 889 44),
457 817 586 892 ipso
615 818 861 876 Domino
903 821 1178 891 testante,
1210 819 1311 892 qui
1371 822 1428 876 et
1471 836 1575 893 per
1621 819 1811 894 legem
1920 837 2055 876 men
2107 821 2179 877 ab
2226 818 2414 894 ipsius
2452 822 2665 896 spiritu
2712 825 2993 883 doctum:
3025 810 3310 899 Noli,'ait,
3341 846 3568 898 querere

159 907 539 983 cognoscitur
556 906 843 965 clamasse
863 927 881 964 :
901 909 1016 965 Non
1044 909 1359 982 pery'urabis
1378 910 1441 966 in
1468 911 1690 966 nomine
1716 910 1817 966 D09

160 998 306 1053 mini
333 998 443 1054 Dei
470 998 555 1054 tui
589 999 780 1067 (Levit.
811 1014 927 1077 XIX,
957 997 1087 1067 12);
1121 1001 1179 1054 et
1225 1015 1328 1073 pcr
1378 992 1760 1072 semetipsum
1796 1017 1810 1056 :

162 1086 277 1157 Ego
306 1089 496 1147 autem
523 1085 642 1143 dico
669 1087 818 1142 vobis
845 1101 956 1142 non
991 1087 1190 1158 jurare
1218 1087 1320 1144 24
1348 1089 1569 1145 omnino
1599 1088 1811 1159 (Matth.

160 1193 220 1245 v,
249 1176 344 1245 34)
379 1192 395 1244 ;
427 1175 586 1232 unde
614 1178 671 1230 et
713 1175 868 1231 idem
920 1174 1156 1248 sapiens
1204 1176 1307 1248 qui
1365 1194 1546 1251 supra
1577 1193 1591 1234 :
1623 1177 1817 1235 Potius

165 1264 379 1338 inquit,
404 1266 505 1337 fur
523 1280 688 1338 quam
717 1263 1010 1321 assiduitas
1047 1266 1161 1321 viri
1190 1266 1470 1323 mendacis
1503 1285 1519 1333 ;
1546 1266 1818 1339 perditio-

164 1372 295 1413 nem
342 1357 532 1410 tamen
572 1356 793 1427 utrique
841 1354 1247 1412 haereditabunt
1285 1355 1470 1429 (Eccli.
1516 1374 1609 1425 xx,
1656 1355 1746 1428 17)
1799 1373 1815 1425 ;

168 1446 469 1521 itemque:
499 1445 778 1501 Jurationi
794 1452 913 1501 non
951 1460 1230 1501 assuescas
1275 1462 1333 1502 os
1374 1450 1534 1501 tuum
1562 1467 1581 1512 ,-
1609 1446 1818 1501 multus

170 1537 246 1591 est
274 1535 427 1595 enim
473 1551 631 1591 casus
677 1534 739 1588 in
785 1534 905 1590 illa.
940 1534 1254 1591 Nominatio
1301 1551 1424 1591 vero
1471 1535 1569 1591 Dei
1601 1551 1712 1592 non
1747 1536 1819 1591 sit

170 1624 396 1681 assidua
418 1625 482 1678 in
508 1639 603 1679 ore
629 1630 738 1680 tuo.
765 1631 819 1679 et
840 1624 1157 1680 nominibus
1197 1632 1512 1681 sanctorum
1540 1642 1647 1681 non
1674 1640 1816 1681 com-

169 1712 477 1780 miscearis,
508 1714 768 1786 quoniam
813 1728 920 1768 non
964 1714 1073 1768 eris
1118 1713 1383 1771 immunis
1411 1713 1478 1769 ab
1509 1717 1587 1770 eis
1631 1704 1817 1787 (Eccli.

173 1818 335 1869 mn,
378 1800 460 1874 9).
506 1799 657 1856 Alibi
707 1817 940 1873 quoque
976 1817 988 1856 :
1022 1802 1274 1873 Loquela,
1304 1802 1403 1871 ait,
1446 1804 1682 1859 multum
1719 1804 1823 1876 juo

176 1907 334 1959 vans,
366 1889 844 1962 horripilationem
893 1892 1062 1962 capiti
1097 1895 1295 1947 statuet
1320 1892 1508 1954 (Eccli.
1539 1909 1677 1960 XVII,
1708 1894 1821 1960 25).

178 1975 554 2051 Horripilatio
578 1994 732 2046 vero,
767 1977 823 2034 id
858 1983 946 2035 est
964 1978 1171 2036 horror
1194 1979 1468 2053 pilorum,
1502 1981 1601 2054 qui
1625 1999 1694 2039 ex
1726 1999 1823 2037 su-

178 2069 301 2126 bito
323 2066 664 2142 pavore,vel
691 2067 873 2123 nimio
904 2068 1116 2125 rubore
1147 2069 1295 2126 solet
1317 2070 1827 2143 contingere,sivis

181 2175 357 2216 nosse
413 2156 514 2212 ubi
572 2157 890 2230 contingat,
932 2158 1186 2215 maxime
1241 2159 1378 2215 audi
1434 2159 1825 2233 Apostolum:

181 2246 645 2313 Horrendumest,
677 2246 888 2319 inquit,
921 2247 1161 2303 incidere
1191 2249 1251 2303 in
1280 2266 1483 2315 manus
1507 2251 1609 2305 Dei
1642 2251 1826 2305 viven-

181 2341 253 2395 tis
282 2338 469 2411 (Hebr.
520 2354 575 2405 x,
618 2336 732 2400 31).
765 2336 833 2392 Et
877 2337 987 2394 Job
1034 2338 1106 2393 de
1153 2336 1296 2394 locis
1328 2338 1696 2410 poenalibus:
1734 2338 1832 2396 Ubi

183 2428 393 2496 uultus,
427 2412 533 2494 ait,
578 2426 727 2493 ordo,
758 2426 850 2482 sed
903 2428 1264 2498 sempiternus
1314 2427 1509 2484 horror
1561 2429 1834 2485 inhabitat

183 2518 325 2590 (Job.
364 2533 421 2583 χ,
452 2514 568 2588 31).
601 2515 713 2571 Sed
748 2532 816 2571 ne
848 2515 1093 2581 forsitan
1123 2516 1322 2572 minus
1352 2522 1552 2573 nostra
1581 2516 1832 2573 auctori-

178 2609 475 2678 tate,un
504 2602 670 2659 nulla
699 2606 806 2670 est,
822 2604 1054 2670 ductus,
1070 2598 1379 2672 consilium
1396 2623 1430 2661 a
1449 2605 1618 2663 nobis
1631 2621 1836 2678 capere

184 2694 363 2761 nolis,
396 2693 534 2750 audi
566 2692 832 2773 quaedam
852 2693 1231 2766 verbaipsius
1264 2694 1517 2768 Spiritus
1547 2695 1838 2763 saneti;ut

186 2789 245 2841 et
271 2783 567 2841 habentur
593 2781 655 2839 in
686 2783 1204 2856 agiographis,tuie
1237 2783 1407 2840 saluti
1436 2785 1835 2860 congruentia.

189 2875 252 2930 In
282 2880 415 2940 tota,
450 2870 663 2945 inquit,
695 2874 887 2928 anima
916 2874 1012 2928 iua
1041 2874 1171 2928 time
1219 2875 1409 2940 Deum,
1441 2881 1493 2929 et
1543 2874 1841 2929 sacerdotes

191 2963 348 3019 illius
379 2960 685 3031 sancti/ica.
719 2962 781 3017 In
809 2962 961 3017 omni
986 2964 1190 3017 virtute
1217 2966 1314 3017 tua
1355 2962 1526 3032 dilige
1572 2979 1715 3029 eum,
1747 2963 1842 3035 qui

192 3048 243 3110 te
267 3051 427 3127 fecit,
462 3054 515 3106 et
540 3050 822 3107 ministros
852 3050 1016 3106 illius.
1057 3066 1169 3107 non
1224 3050 1592 3123 derelinquas.
1628 3053 1842 3108 Honora

1917 908 2049 980 ﬁeri
2065 909 2261 981 judex,
2290 911 2408 967 nisi
2433 912 2576 982 forte
2603 913 2787 970 valeas
2816 916 3071 972 virtutem
3101 919 3406 991 irrumpere
3453 923 3565 978 mi-

1921 1000 2172 1072 quitatis.
2204 1015 2275 1055 ne
2300 1001 2442 1071 forte
2471 1003 2791 1058 extimescas
2816 1005 3018 1075 faciem
3043 1010 3296 1078 po'entis,
3321 1016 3374 1067 et
3393 1025 3569 1083 ponas

1920 1087 2241 1143 scandalum
2270 1090 2330 1144 in
2356 1091 2609 1161 aequitate
2637 1097 2730 1146 tua
2762 1092 2949 1165 (Eccli.
2980 1110 3080 1162 vn,
3113 1095 3188 1168 6).
3224 1097 3297 1152 At
3343 1101 3437 1167 tu,
3464 1097 3566 1166 ita,

1923 1174 2143 1248 inquis,
2175 1176 2297 1232 haec
2324 1180 2428 1234 tua
2453 1178 2726 1235 videntur
2753 1182 2927 1238 verba
2958 1200 3184 1252 sonare,
3217 1187 3386 1259 quasi
3414 1192 3583 1249 Deus.

1916 1264 2149 1337 judiccs
2180 1265 2419 1322 omnino
2450 1267 2597 1324 nolit
2624 1285 2772 1324 esse.
2802 1269 2913 1325 Ubi
2945 1287 3081 1345 ergo
3105 1272 3245 1331 lex?
3273 1275 3381 1343 Ubi
3434 1275 3523 1335 fas
3543 1278 3571 1333 ?

1924 1352 2034 1410 Ubi
2050 1355 2176 1427 ipsa
2200 1355 2352 1411 inter
2372 1356 2590 1412 bouum
2614 1356 2954 1430 malumque
2970 1359 3272 1418 discretio?
3284 1363 3570 1429 Omnibus

1926 1442 2124 1501 licebit
2155 1442 2424 1516 quaelibet
2445 1442 2686 1517 impune
2716 1462 2885 1519 agere
2910 1466 2922 1503 :
2949 1449 3175 1527 furtum
3192 1468 3355 1526 aeque
3375 1452 3574 1511 lauda-

1927 1531 2105 1601 bitur,
2140 1536 2206 1587 ut
2234 1533 2435 1588 datum
2472 1549 2485 1588 :
2519 1533 2659 1590 vitia
2688 1552 2821 1591 cum
2854 1537 3170 1596 virtutibus
3193 1541 3318 1613 pari
3359 1559 3574 1602 corona

1927 1619 2286 1693 gaudebunt.
2315 1620 2457 1686 Quis
2488 1621 2640 1678 inter
2670 1623 2876 1683 fratres
2908 1624 3306 1686 hzereditatem
3330 1630 3575 1688 dividet?

1929 1707 2071 1773 Quis
2118 1709 2355 1765 viduam
2395 1727 2428 1766 a
2458 1709 2900 1781 calumniatore,
2932 1714 3218 1789 virginem
3267 1735 3301 1774 a
3347 1722 3577 1794 raptore

1931 1797 2242 1855 defendet?
2262 1798 2403 1862 Quis
2429 1799 2665 1872 inopem
2697 1802 2998 1859 tuebitur?
3016 1804 3162 1874 Non,
3193 1804 3577 1880 inquitDeus,

1906 1886 2030 1945 ’25
2058 1886 2409 1958 probibeoin
2442 1890 2708 1961 prmseuti
2741 1891 2952 1949 sacculo
2970 1892 3207 1966 aliquod
3233 1896 3579 1955 interhomi-

1934 1992 2038 2032 nes
2068 1992 2196 2032 csse
2212 1976 2526 2048 judicium;
2551 1980 2649 2033 sed
2675 1981 2920 2052 prazdico
2937 1982 3582 2057 periculum,utcaveas

1934 2068 2257 2138 peccatum.
2284 2067 2444 2130 Quod
2466 2067 2622 2122 enim
2645 2070 3036 2140 periculosum
3067 2076 3155 2129 est
3179 2075 3303 2144 uni,
3328 2093 3444 2132 non
3476 2079 3581 2134 de-

1936 2153 2032 2209 bet
2063 2154 2286 2226 passim
2317 2172 2352 2209 a
2380 2154 2585 2210 multis
2610 2156 2841 2212 ambiri.

2010 2243 2097 2297 17.
2131 2243 2392 2315 Denique
2421 2243 2815 2315 considerans,
2848 2247 2941 2303 vix
2973 2266 3231 2320 unquam
3244 2252 3407 2323 potui
3417 2252 3580 2324 judi-

1939 2348 2065 2388 cem
2125 2348 2358 2387 cernere
2406 2331 2530 2390 sine
2576 2334 2879 2406 cvpiditia.
2912 2337 2982 2392 Et
3011 2343 3161 2394 certe
3193 2340 3321 2412 ipsa
3352 2358 3466 2397 non
3499 2340 3582 2397 dio

1942 2420 2158 2477 scernit
2179 2421 2364 2492 justa,
2386 2420 2505 2477 imo
2526 2422 3059 2495 obcaecatjudicum
3078 2428 3271 2486 corda.
3285 2428 3431 2486 Volo
3447 2446 3584 2504 ergo

1943 2525 2071 2565 esse
2092 2508 2347 2580 judices,
2381 2526 2494 2566 non
2528 2511 2868 2583 praedones;
2902 2513 3029 2570 volo
3050 2516 3304 2587 judices,
3337 2535 3455 2576 non
3492 2537 3587 2575 ra-

1943 2601 2176 2671 ptores;
2210 2598 2337 2655 volo
2359 2599 2612 2671 judices,
2646 2617 2761 2657 non
2792 2601 3266 2675 calumniatores;
3290 2606 3588 2679 volojudi-

1945 2704 2061 2753 ces,
2113 2687 2215 2744 sed
2245 2705 2476 2745 veraces
2517 2705 2532 2745 :
2573 2689 2699 2745 volo
2722 2691 2976 2762 judices,
3001 2694 3099 2750 sed
3122 2711 3239 2753 non
3261 2696 3478 2755 divitiis
3501 2694 3588 2755 in-

1945 2776 2272 2833 hiantes.Et
2288 2776 2443 2833 enim
2467 2778 2706 2851 quidam
2734 2780 2987 2839 amicum
3008 2800 3184 2840 suum
3202 2785 3273 2841 de
3285 2785 3589 2858 partiendo

1948 2883 2121 2923 onere
2170 2866 2475 2938 potestatis
2523 2869 2940 2927 consiliaturus
2973 2890 2985 2928 :
3016 2874 3312 2942 Constitue,
3364 2875 3464 2943 ait,
3494 2876 3593 2948 ju-

1948 2956 2093 3011 dices
2167 2957 2265 3028 qui
2337 2956 2550 3013 oderint
2621 2962 2920 3016 avaritiam
2990 2962 3179 3033 (Exod.
3260 2981 3419 3033 xvm,
3478 2966 3588 3038 21).

1951 3044 2259 3116 Sapientia:
2297 3062 2529 3117 quoque
2571 3045 2719 3103 liber
2764 3049 2847 3104 ita
2886 3050 3111 3121 incipit.
3160 3053 3386 3124 Diligite
3417 3054 3593 3126 justi-

193 3145 373 3200 Deum
398 3155 470 3197 ea:
496 3147 605 3197 tota
632 3141 821 3196 anima
847 3147 960 3209 tua,
986 3148 1040 3196 et
1084 3139 1383 3212 honoriﬁca
1434 3141 1767 3207 sanerdotes,
1792 3144 1846 3197 et
1884 3211 1910 3214 μ
1952 3135 2106 3201 tiam,
2140 3136 2238 3206 qui
2255 3133 2523 3206 judicatis
2553 3139 2759 3191 terram
2789 3137 2938 3209 (Sap.
2968 3154 3009 3205 ι,
3046 3137 3119 3211 1).
3150 3139 3322 3196 Jesus
3359 3158 3595 3214 quoque.

186 3247 473 3304 propurga
500 3232 553 3285 te
575 3246 702 3285 cum
730 3229 992 3285 brachiis:
1015 3229 1080 3285 da
1104 3230 1219 3285 illis
1234 3211 1417 3302 partes
1435 3232 1837 3303 primitiarum,
1870 3211 1914 3279 (Σ
1953 3221 2110 3278 ﬁlius
2140 3221 2342 3278 δίαιθὶὶ
2394 3222 2492 3278 ait
2523 3225 2585 3279 Ιη
2634 3224 2934 3296 iudicando
2986 3230 3094 3283 ϐδιο
3143 3211 3396 3302 pupillis—
3434 3211 3594 3294 mise-

186 3322 335 3376 sicut
362 3319 691 3379 mandatnm
749 3322 827 3375 est
871 3318 989 3388 tibi,
1022 3323 1074 3375 et
1115 3319 1180 3375 de
1202 3320 1559 3397 pegligentia
1584 3336 1763 3393 purga
1791 3323 1842 3376 te

188 3426 315 3465 cum
336 3410 535 3482 paucis
566 3406 750 3481 (Eccli.
777 3425 877 3476 vn,
910 3407 1022 3476 31).
1042 3460 1047 3465 ,
1070 3409 1298 3478 Porrige
1341 3410 1575 3481 pauperi
1615 3426 1842 3465 manum

189 3507 368 3566 tuam,
415 3501 478 3553 ut
528 3498 851 3570 perficiatur
913 3498 1250 3570 propitiatio,
1300 3505 1351 3555 et
1406 3497 1703 3555 benedictio
1747 3505 1842 3554 tua

191 3588 381 3661 (Eccli,
412 3603 536 3655 vm,
590 3586 677 3659 1).-
695 3588 814 3643 Non
862 3587 1045 3657 litiges
1091 3604 1218 3642 cum
1255 3586 1466 3645 homive
1498 3592 1735 3660 potente,
1773 3604 1843 3644 ne

186 3679 337 3750 forte
366 3675 581 3733 incidas
608 3676 671 3732 in
699 3692 897 3734 manus
927 3677 1043 3741 eius
1074 3693 1088 3732 :
1120 3692 1231 3733 non
1257 3676 1546 3733 contendas
1569 3694 1692 3733 cum
1724 3678 1841 3734 viro

190 3767 478 3839 loeuplete,
505 3781 576 3823 ne
603 3767 743 3838 forte
760 3774 976 3822 econtra
1003 3768 1300 3822 constituas
1342 3767 1495 3824 litem
1549 3767 1671 3823 tibi.
1704 3767 1842 3824 Mor-

190 3860 285 3913 tuo
314 3873 429 3912 non
453 3856 745 3928 prohibeas
772 3856 1028 3929 gratiam,
1060 3873 1159 3912 nec
1199 3856 1343 3914 desis
1388 3856 1737 3929 plorantibus
1782 3857 1844 3913 in

191 3945 583 4013 consolatione,
631 3949 683 4001 et
727 3961 851 4001 cum
891 3946 1202 4017 lugentibus
1244 3946 1471 4003 ambula
1517 3947 1701 4018 (Eccli.
1742 3964 1842 4003 vn.

193 4034 402 4104 37-40).
435 4035 554 4091 Non
584 4042 637 4090 te
650 4036 835 4107 pigeat
860 4035 1086 4091 visitare
1115 4035 1400 4106 inﬁrmum
1430 4056 1449 4100 ;
1478 4052 1548 4093 ex
1577 4036 1660 4093 his
1698 4039 1846 4093 enim

192 4124 255 4179 in
308 4123 601 4181 dilectione
647 4124 977 4194 ﬁrmaberis.
1019 4124 1168 4190 Quid
1218 4125 1456 4199 magis?
1483 4127 1542 4181 In
1591 4128 1847 4184 omnibus

194 4213 589 4285 operibustuis
610 4229 913 4270 memorare
938 4216 1231 4271 novissimo
1257 4219 1371 4283 tua,
1405 4223 1455 4272 et
1483 4216 1545 4272 in
1576 4223 1849 4274 aeternum

193 4318 306 4358 non
330 4302 604 4375 peccabis.

250 4418 260 4427 ο
615 4392 738 4448 Trr.
768 4390 875 4448 ,VI.
894 4422 963 4433 -
993 4392 1070 4448 De
1091 4392 1387 4451 causidicis
1415 4437 1428 4450 .

269 4481 359 4538 15.
392 4481 738 4542 Causidicus
768 4480 857 4538 vel
884 4481 1201 4539 advocatus
1248 4499 1310 4539 es
1340 4482 1368 4537 ?
1417 4482 1619 4557 Cogita
1675 4483 1846 4555 cujus

1947 3313 2118 3367 rieors
2170 3315 2232 3367 ut
2284 3319 2460 3384 pater,
2492 3320 2543 3369 et
2588 3328 2690 3379 pro
2741 3316 2864 3370 viro
2891 3319 3060 3372 matri
3087 3333 3295 3386 eorum,
3320 3326 3373 3376 et
3398 3321 3509 3377 eris
3532 3324 3595 3376 tu

1947 3401 2121 3457 veluti
2164 3399 2316 3473 ﬁlius
2377 3401 2647 3458 Altissimi
2679 3403 2953 3471 obediens,
3002 3412 3056 3462 et
3098 3409 3445 3465 miserebitur
3510 3412 3597 3471 tui

1948 3493 2129 3559 magis
2150 3507 2317 3563 quam
2340 3499 2514 3548 mater
2544 3492 2730 3565 (Eccli.
2756 3508 2832 3562 Iv,
2867 3494 2977 3567 10).
3018 3494 3303 3554 Dominus
3362 3514 3596 3571 quoque

1950 3579 2010 3635 in
2038 3579 2482 3636 Deuteronomio
2518 3598 2531 3638 :
2564 3580 2875 3638 Maledictus
2901 3585 2998 3656 qui
3017 3587 3281 3655 pervertit
3318 3586 3617 3659 Judicium,

1952 3668 2196 3738 advenat,
2228 3669 2453 3742 pupilli,
2477 3677 2529 3726 et
2564 3669 2740 3726 viduae
2771 3672 2948 3744 (Deut.
2980 3687 3156 3741 XXVII,
3189 3675 3301 3746 19).
3334 3675 3598 3749 Itemque

1954 3758 2051 3831 qui
2085 3776 2265 3831 supra
2297 3774 2310 3813 :
2348 3781 2376 3810 «
2405 3758 2487 3814 Ne
2512 3759 2811 3833 relinquas
2844 3766 2996 3819 retro
3044 3762 3151 3819 tibi
3205 3763 3548 3826 maledicere
3579 3782 3594 3835 ;

1952 3847 2353 3905 maledicenlis
2383 3847 2539 3904 enim
2565 3848 2671 3904 tibi
2691 3851 2752 3905 in
2786 3851 3183 3909 amaritudine
3201 3852 3408 3909 animae
3429 3869 3600 3912 exau-

1954 3937 2147 3993 diatur
2176 3938 2430 4010 precatio
2463 3937 2621 3995 illius
2647 3957 2660 4008 ;
2693 3940 2962 3997 exaudiet
2991 3945 3190 3998 autem
3220 3941 3401 4003 illum
3420 3942 3597 4012 Deus,

1956 4026 2055 4100 qui
2086 4026 2217 4083 fecit
2245 4026 2412 4084 illum
2437 4028 2622 4098 (Eccli.
2640 4045 2715 4097 ιν,
2737 4026 2814 4098 5);
2838 4052 2867 4080 ››
2882 4034 2937 4086 et
2965 4048 3200 4089 rursus:
3218 4054 3245 4083 «
3260 4030 3386 4087 Noli
3401 4018 3598 4093 amare

1955 4115 2329 4172 mendacium
2359 4117 2638 4174 adversus
2664 4118 2900 4174 fratrem
2926 4123 3119 4190 tuum;
3151 4136 3342 4193 neque
3394 4119 3599 4194 alliges

1956 4206 2063 4261 tibi
2094 4204 2350 4278 duplicia
2379 4210 2650 4278 peccata;
2683 4222 2870 4278 neque
2900 4208 3055 4263 enim
3084 4207 3145 4264 in
3177 4224 3299 4269 uno
3323 4209 3440 4265 eris
3486 4209 3600 4269 im-

1956 4294 2167 4351 munis.
2186 4295 2372 4365 (Eccli.
2402 4311 2502 4360 vn,
2532 4293 2641 4366 13).
2676 4316 2704 4345 ››
2736 4294 3051 4353 Psalmista
3080 4313 3361 4370 quoque:
3398 4299 3602 4372 Usque-

1956 4400 2079 4457 quo,
2137 4382 2347 4456 inquit,
2394 4383 2660 4456 judicatis
2715 4384 3087 4457 iniquitatem,
3145 4389 3198 4444 et
3251 4388 3422 4461 facies
3471 4405 3597 4461 pec-

1955 4481 2201 4530 catorum
2229 4474 2443 4549 sumitis
2463 4474 2489 4528 .9
2515 4472 2765 4531 Judicate
2792 4489 2959 4544 egeno
2989 4483 3040 4532 et
3063 4477 3302 4550 pupillo,
3336 4478 3604 4536 humilem

197 4571 448 4628 sortitus
477 4570 556 4628 sit
577 4586 885 4646 agnomen,
918 4574 976 4627 et
1002 4574 1123 4627 tam
1155 4571 1318 4627 bonae
1367 4571 1449 4628 rei
1508 4571 1834 4629 ministrum

1959 4571 2010 4619 et
2023 4578 2323 4636 pauperem
2339 4561 2640 4636 justiﬁcate
2657 4581 2681 4631 ;
2710 4566 2908 4636 eripite
2928 4582 3245 4639 pauperem,
3291 4575 3343 4625 et
3370 4584 3629 4639 egenum,

195 4662 253 4716 te
280 4659 492 4717 exhibe
521 4659 871 4717 fidelem.De
900 4659 1145 4717 Domine
1164 4660 1320 4716 enim
1334 4661 1552 4717 dictum
1583 4667 1692 4731 est,
1713 4662 1853 4735 quia
1885 4651 1910 4652 ἡ
1959 4651 2024 4708 de
2072 4668 2243 4707 manu
2286 4653 2582 4724 peccatoris
2624 4652 2852 4711 liberate
2895 4654 3064 4728 (Psal.
3098 4673 3285 4725 LXXXI,
3314 4660 3399 4729 2).
3439 4656 3605 4721 Alius

194 4748 550 4806 advocatum
583 4766 718 4805 eum
750 4749 1037 4807 habemus
1061 4750 1215 4823 apud
1245 4749 1492 4807 Patrem.
1531 4750 1853 4808 Dissimula
1958 4758 2094 4798 vero
2126 4757 2139 4795 ἒ
2191 4741 2309 4798 Non
2356 4758 2606 4799 αδδαγηαδ
2643 4741 2857 4817 inquit,
2899 4760 3191 4817 Ρθνδοηατη
3232 4750 3500 4820 pauperis
3544 4749 3607 4804 in

198 4854 436 4911 quoque
467 4837 782 4911 aliquando
807 4839 1204 4896 causationem
1265 4841 1336 4895 ob
1391 4840 1849 4897 conservandam
1949 4831 2164 4906 judicio
2226 4832 2416 4904 (Eccli.
2482 4848 2648 4899 xxxv,
2703 4834 2812 4903 16).
2861 4835 3023 4903 Quod
3077 4840 3217 4892 tunc
3289 4838 3608 4895 observan-

197 4925 596 4985 diiectionem.
1480 4998 1483 4999 ν
1961 4922 2102 4977 dum
2136 4920 2307 4991 scias,
2337 4923 2570 4994 quando
2603 4921 2762 4980 dives
2781 4923 3029 4995 justam,
3050 4942 3271 4999 pauper
3301 4925 3604 4999 injustam,

631 5019 755 5074 ΤΠ.
781 5014 904 5074 VII.
933 5049 993 5061 --
1025 5018 1412 5091 Dejudicibus,
1476 4998 1485 5007 “
1960 5016 2026 5067 ut
2057 5007 2295 5079 assolet,
2327 5011 2509 5067 habet
2531 5028 2790 5069 causam.
2819 5013 2971 5070 Item
2994 4998 3352 5087 idemquezu
3368 4998 3603 5081 Audite,

268 5107 360 5163 16.
403 5102 864 5181 Locotheta(-’i6),
918 5123 1094 5181 quem
1119 5125 1226 5165 nos
1276 5109 1551 5165 comitem
1597 5108 1850 5166 dicimus

198 5193 425 5268 palatii,
458 5196 765 5269 prafeutns
793 5201 895 5254 aut
915 5197 1097 5269 judex
1127 5198 1229 5255 es?
1260 5197 1580 5255 Considera
1598 5215 1781 5271 quem
1795 5202 1852 5255 et

197 5286 262 5350 tu
284 5283 605 5353 habiturus
618 5284 703 5344 sis
724 5285 1163 5360 dispunctorem
1178 5285 1267 5343 vel
1284 5285 1547 5357 judicem
1569 5300 1585 5343 :
1608 5303 1853 5361 perpen-

202 5372 271 5429 de
301 5388 481 5449 quam
512 5391 686 5449 grave
716 5375 920 5433 tuleris
944 5376 1179 5451 jugum,
1203 5379 1261 5432 et
1288 5379 1429 5449 puta
1451 5377 1606 5450 quod
1633 5394 1749 5433 non
1774 5377 1855 5434 sit
1884 5414 1889 5419 ο

200 5462 680 5536 graviusullumi
689 5463 854 5533 Illius
879 5464 1035 5522 enim
1068 5463 1250 5522 solius
1281 5464 1585 5535 est,libere
1610 5465 1681 5522 de
1707 5464 1853 5523 alte-

271 5573 387 5648 (9β)
409 5572 1275 5648 Ῡοοθωβιέσοέῖιθιαὶἶβιὴεξτίυε
1293 5589 1363 5648 ei;
1405 5573 1617 5648 Graecis
1646 5574 1921 5648 sumpsit,
1954 5569 2118 5648 apud
2164 5581 2313 5648 quos
2341 5564 2392 5622 is

1962 5105 2019 5157 et
2045 5100 2448 5173 quodjustum
2481 5104 2569 5156 est
2590 5101 2874 5175 judicate,
2899 5102 3020 5160 sive
3049 5104 3190 5161 civis
3221 5103 3299 5159 sit
3336 5102 3455 5172 ille,
3487 5101 3608 5160 sive
3716 5102 3723 5109 ”

1960 5189 2305 5264 peregrinus
2337 5207 2351 5246 :
2377 5189 2538 5247 nulla
2562 5190 2843 5249 distantia
2864 5192 2935 5248 sii
2966 5208 3369 5266 personarum.
3384 5191 3468 5251 Ita
3480 5210 3619 5266 par-1

1959 5296 2098 5337 vum
2129 5277 2376 5336 audietis
2408 5282 2475 5335 ut
2501 5295 2804 5353 magnum,
2838 5296 2946 5336 nec
2975 5278 3270 5353 accipietis
3299 5270 3609 5355 cujusdam

1961 5384 2272 5444 personam
2303 5367 2361 5423 in
2389 5367 2632 5441 judicio,
2666 5369 2804 5440 quia
2842 5368 2945 5425 Dei
2986 5369 3400 5442 estrjudicium
3426 5371 3607 5443 (Deut.

1960 5459 2006 5527 Ι,
2040 5460 2149 5530 16).
2183 5482 2212 5511 ››
2244 5457 2431 5515 Judex
2458 5473 2592 5513 vero
2646 5457 2861 5514 dicitur
2913 5458 3082 5532 quasi
3104 5461 3208 5534 jus
3247 5459 3445 5521 dicens
3470 5480 3483 5532 ;
3507 5463 3626 5537 jus.

2420 5564 2798 5652 Moemgyis
2828 5571 2936 5638 est,
2970 5567 3072 5645 qui
3120 5568 3404 5631 rationem
3450 5570 3661 5652 judi-h

202 5614 389 5710 εαὶιῖό
413 5614 2068 5728 ἀέἔὲἑιῗίῐῗέῐὲεἷὲὶῐᾶϊῖἆαῖἷθξὼῖἒῖοὲὄ“ξθῖ
2075 5614 2480 5702 “adibam?
2493 5614 2851 5721 ’ᾱρξὸΐϊαίῐιτζ
