4070 6378
449 338 584 410 1Ἷᾶ

1372 333 1752 398 RATHERII
1799 331 2045 396 EPISC.
2092 328 2380 397 VERON.
2427 330 2601 395 OPP.
2645 328 2852 411 PARS
2896 328 2946 393 ι.

3756 324 3884 392 176

438 438 592 539 Tunc
642 470 818 527 tratus
840 470 1125 527 ’Dominus
1178 470 1297 542 ejus
1339 468 1568 527 tradidit
1625 484 1751 524 eum
1797 467 2088 524 tortoribus
2113 467 2171 535 Α
2199 467 2390 535 corde,
2426 467 2581 541 quod
2614 467 2764 540 Agar
2792 464 3018 522 ancillae
3053 463 3227 521 Sarai
3258 461 3420 520 dedit
3449 460 3696 536 angelus
3727 478 3741 517 :
3776 463 3881 519 Re-

443 560 646 634 (Matth.
680 574 842 629 xvm,
875 559 1203 631 32-34),etc.
1234 558 1394 625 Quod
1427 557 1478 614 si
1508 557 1837 631 morigerus
1867 560 1924 613 et
1951 557 2099 612 ﬁde-
2206 562 2429 623 vertere,
2463 554 2842 628 inquiens,ad
2866 555 3147 610 dominam
3177 560 3345 620 tuam,
3378 561 3428 609 et
3449 552 3751 609 humiliore
3772 551 3877 608 sub

440 649 590 706 dolis
618 651 726 705 est.
757 649 898 705 audi
927 666 941 705 :
980 649 1041 705 Si
1069 656 1148 705 est
1177 648 1276 705 tibi
1302 663 1487 704 servus
1532 646 1730 717 ﬁdelis,
1765 648 1861 703 87
1901 649 1971 702 sit
1999 646 2103 702 tibi

438 739 580 794 sicut
604 738 796 794 anima
825 745 919 795 tua
943 739 1334 812 (Eccli.xxxm,
1364 735 1493 806 31);
1522 752 1638 791 non
1668 735 1905 791 fraudes
1929 733 2098 789 illum

439 825 730 897 libertate,
756 816 1214 899 neque'inopem
1244 823 1618 896 derelinquas
1646 823 1835 879 illum.

918 914 1038 970 Trr.
1071 912 1216 969 XIV.
1250 944 1315 953 —
1350 914 1423 969 De
1450 913 1634 969 servis.

516 1004 604 1061 29.
641 1005 851 1061 Servus
880 1004 985 1060 es?
1013 1001 1142 1058 Noli
1171 1002 1424 1071 tristari;
1474 1002 1523 1057 si
1571 1000 1820 1058 ﬁdeliter
1865 1001 2101 1057 domino

447 1096 551 1150 tuo
580 1089 1119 1159 servieris,libertus
1149 1091 1264 1147 eris
1294 1090 1563 1146 omnium
1606 1090 1836 1146 Domini
1863 1109 1875 1146 :
1899 1106 2102 1146 omnes

448 1180 605 1247 enim
634 1181 694 1235 in
724 1176 952 1236 Christo
985 1179 1195 1236 fratres
1226 1179 1612 1236 sumus.Audi
1638 1179 1834 1253 itaque
1870 1184 2100 1252 aposto-

446 1271 569 1325 lum
619 1268 911 1325 dicentem
944 1286 957 1325 :
992 1267 1169 1332 Servi,
1199 1269 1409 1324 subditi
1445 1272 1610 1326 estote
1639 1270 1699 1324 in
1729 1270 1883 1326 omni
1913 1270 2103 1325 timore

446 1359 682 1416 dominis
728 1358 901 1430 (Petr.
958 1372 1019 1425 ιι,
1081 1359 1194 1427 18.)
1250 1359 1372 1422 Quo
1420 1358 1649 1429 timore,
1682 1362 1740 1413 et
1798 1357 1938 1430 quid
1988 1356 2103 1415 sibi

445 1445 572 1503 vult
602 1438 760 1518 quod
785 1446 928 1502 dicit
952 1449 1147 1503 omni?
1178 1448 1239 1503 Id
1272 1450 1360 1503 est
1391 1446 1646 1519 primum
1680 1447 1798 1512 Dei,
1833 1446 1969 1502 inde
1996 1450 2105 1502 ter-

446 1536 571 1593 reni
602 1534 975 1601 domini,sive
1006 1536 1264 1608 primum
1294 1536 1502 1591 timore
1532 1535 1746 1602 servili,
1779 1552 1952 1607 quem
1973 1536 2106 1592 cha-

448 1624 594 1680 ritas
617 1624 772 1680 foras
803 1623 986 1679 mittit
1018 1623 1062 1695 (I
1099 1625 1262 1680 Joan.
1296 1616 1370 1693 iv,
1426 1624 1536 1696 18),
1577 1624 1842 1680 videlicet
1892 1641 1962 1681 ne
2008 1625 2104 1680 ﬂa-

449 1711 782 1785 gelleris,ne
808 1712 1145 1784 vapules,ne
1176 1713 1618 1786 constringaris,
1638 1715 1708 1769 ad
1735 1712 2009 1769 ultimum
2032 1729 2104 1769 ne

449 1800 511 1856 in
543 1801 739 1873 ignem
763 1805 1043 1857 aeternum
1086 1818 1190 1874 pro
1238 1805 1575 1874 contemptu
1615 1802 1848 1858 ducaris
1895 1821 1907 1858 :

451 1891 697 1964 quisquis
717 1892 981 1962 potestati
1010 1892 1346 1959 resistit,Dei
1369 1890 1708 1947 ordinationi
1725 1892 1965 1957 resistit;
1996 1908 2103 1947 non

451 1987 532 2035 est
560 1979 709 2035 enim
742 1983 979 2052 potestas
1021 1980 1138 2035 nisi
1177 1996 1212 2035 a
1257 1984 1369 2036 Deo
1412 1981 1585 2049 (Rom.
1642 1995 1765 2049 xm,
1816 1980 1890 2052 2).
1927 1983 2102 2054 Impo-

424 2069 615 2126 suisti
643 2080 872 2140 quoque,
922 2067 1004 2124 ait
1048 2067 1377 2136 Psalmista,
1425 2070 1670 2126 homines
1714 2087 1877 2142 super
1926 2072 2106 2143 capita

450 2162 644 2213 nostra
674 2157 844 2229 (Psal.
877 2174 1082 2223 LXXXII,
1115 2157 1205 2230 33)
1242 2176 1254 2214 :
1288 2162 1345 2214 et
1387 2158 1557 2229 juxta
1602 2160 1911 2230 cujusdam
1966 2176 2104 2216 sen-

451 2247 693 2303 tentiam
728 2263 740 2302 :
780 2269 808 2309 »
836 2247 942 2311 Qui
991 2247 1108 2303 Deo
1159 2252 1404 2303 conatur
1434 2247 1720 2316 resistere,
1750 2264 1987 2305 necesse
2016 2252 2107 2304 est

449 2340 516 2391 ut
543 2322 761 2410 magno
788 2337 941 2392 bono
973 2340 1250 2404 careat,et
1270 2353 1552 2409 magnum
1576 2335 1798 2392 malum
1821 2337 2101 2393 incurrat.

449 2425 590 2497 quia
637 2424 861 2480 scilicet
909 2441 1142 2480 summo
1192 2424 1344 2480 bono
1383 2425 1711 2496 contraivit,
1745 2431 1802 2481 et
1833 2426 2103 2483 deteriori

447 2512 604 2569 malo
633 2512 934 2568 adhaesit.»
965 2511 1111 2568 Hinc
1142 2513 1381 2568 demum
1409 2514 1618 2570 timore
1650 2518 1809 2570 casto
1847 2514 2107 2589 [subaudi

448 2601 722 2658 subditus
753 2601 921 2671 esto],
953 2601 1054 2671 qui
1103 2605 1406 2672 permanet
1455 2602 1513 2657 in
1553 2602 1830 2659 saeculum
1882 2603 2099 2673 smculi,

446 2689 719 2745 videlicet
741 2689 890 2758 ne,si
918 2689 1083 2762 piger
1107 2690 1197 2745 vel
1227 2690 1396 2747 deses
1418 2690 1833 2764 fueris,perdas
1855 2692 2103 2766 gloriam

448 2778 678 2845 fortiwr
701 2778 1105 2849 laborantibus
1149 2779 1209 2834 in
1251 2779 1445 2835 futuro
1494 2780 1868 2852 promissam.
1919 2782 2102 2838 Horas

450 2867 631 2945 igitur
660 2866 711 2924 si
742 2883 889 2943 quas
937 2866 1152 2923 furaris
1200 2867 1434 2925 domino
1478 2873 1601 2936 tuo,
1629 2870 1807 2925 redde
1847 2869 2103 2926 Creatori

449 2956 650 3012 tuo.Et
671 2971 741 3018 ne
771 2955 1143 3025 fortuitu,aut
1163 2957 1384 3029 absque
1416 2958 1515 3014 Del
1544 2958 1905 3030 providentia
1933 2964 2103 3032 putes

450 3048 509 3107 te
561 3045 844 3115 servituti,
878 3045 1083 3118 quovis
1142 3043 1344 3102 ordine
1400 3046 1694 3115 acciderit,
1745 3048 2099 3120 subjectum,

451 3133 585 3190 audi
619 3133 905 3190 I‘sidorum
939 3151 952 3189 ε
986 3156 1015 3185 ‹‹
1042 3135 1279 3207 Propter
1325 3139 1648 3207 peccatum,
1681 3135 1891 3210 inquit,
1926 3137 2100 3211 primi

2209 660 2374 700 monu
2401 644 2517 716 ejus
2547 644 2701 716 (Gen.
2723 659 2841 711 xw,
2863 644 2945 716 9.)

2637 734 2761 789 Trr.
2790 733 2905 789 XV.
2939 764 3008 775 -—
3036 733 3111 788 De
3138 732 3436 804 magistris.

2279 823 2367 877 30.
2401 821 2679 894 Magister
2703 824 2795 877 es?
2823 822 3114 878 Memento
3138 825 3193 877 te
3216 819 3590 894 disciplinam
3613 836 3748 875 cum
3780 818 3878 875 di-

2208 909 2456 966 lectione
2482 910 2785 983 discipulis
2816 911 3045 979 debere,
3073 908 3338 982 exemplo
3378 908 3538 965 illius
3571 908 3671 981 qui
3702 908 3881 965 desu-

2210 1015 2313 1071 per
2332 997 2611 1072 magister
2634 1004 2724 1055 est
2743 999 3139 1072 omnium,qui
3159 1016 3306 1072 quos
3331 997 3525 1071 diligit
3542 997 3799 1071 ﬂagellat
3816 1001 3878 1054 et

2210 1087 2450 1160 corripit
2478 1090 2657 1159 (Prov.
2687 1106 2771 1155 III,
2806 1090 2922 1160 12),
2955 1087 3172 1161 quique
3202 1105 3318 1143 non
3349 1104 3568 1154 servos,
3603 1087 3706 1143 sed
3729 1086 3880 1143 ami-

2211 1193 2308 1233 cos
2340 1193 2478 1232 suos
2507 1193 2712 1232 vocare
2742 1177 3047 1233 consuevit
3079 1175 3400 1250 discipulos
3419 1176 3597 1249 (Joan.
3629 1193 3723 1244 xv,
3758 1177 3876 1244 15),

2211 1269 2269 1321 et
2314 1264 2398 1320 sic
2424 1265 2789 1338 insequendo
2820 1270 2941 1322 tam
2973 1266 3166 1322 verbis
3196 1282 3371 1339 quam
3405 1265 3748 1322 verberibus
3774 1282 3880 1323 eo-

2212 1370 2343 1409 rum
2393 1357 2584 1410 errata
2626 1354 2933 1428 corrigere,
2968 1359 3035 1411 ut
3078 1372 3357 1427 personas
3401 1353 3877 1426 delinquentium

2212 1443 2427 1499 debeas
2460 1446 2517 1498 et
2545 1446 2610 1498 tu
2642 1442 2939 1516 diligendo
2972 1444 3215 1515 nutrire,

2560 1533 2661 1590 88
2694 1535 2817 1590 Trr.
2850 1533 2993 1589 XVI.
3026 1565 3093 1575 —
3123 1535 3198 1590 De
3221 1534 3524 1606 discipulis.

2284 1622 2368 1677 31.
2409 1621 2742 1695 Discipulus
2789 1623 2900 1678 es?
2931 1622 3084 1678 Scito
3135 1627 3190 1678 te
3238 1621 3629 1679 obedientiam
3661 1622 3877 1678 debere

2213 1711 2531 1784 magistris,
2560 1728 2807 1784 eamque
2846 1728 2968 1768 rem
3014 1711 3299 1768 moralem
3351 1713 3620 1778 existere,
3655 1715 3721 1767 ut
3760 1711 3877 1767 hoc

1966 1802 2105 1874 quia
2132 1838 2180 1904 B
2215 1800 2347 1872 quis
2380 1800 2572 1873 exigat
2599 1817 2633 1855 a
2662 1800 2936 1869 subditis,
2970 1802 3124 1873 quod
3151 1817 3214 1856 se
3245 1800 3513 1857 meminit
3535 1801 3880 1858 exhibuisse

2214 1888 2489 1960 praelatis.
2523 1890 2591 1943 Et
2617 1894 2682 1945 ut
2707 1889 2972 1959 mistum,
3006 1894 3064 1946 et
3094 1889 3271 1946 veluti
3301 1890 3639 1947 concionale
3678 1895 3879 1947 texam

2214 1977 2535 2050 eloquium,
2570 1977 2896 2050 discipulus
2927 1978 3028 2035 es?
3057 1978 3206 2033 Audi
3236 1982 3292 2034 et
3322 1983 3628 2052 tu,quaeso,
3662 1979 3878 2052 praeci-

2213 2065 2469 2139 pientem
2494 2067 2806 2123 Dominum
2841 2084 2854 2125 :
2892 2069 3025 2137 Qum
3052 2069 3220 2124 vultis
3263 2072 3324 2124 ut
3363 2069 3576 2141 faciant
3602 2069 3756 2124 vobis
3784 2070 3882 2124 ho-

2213 2156 2410 2222 mines,
2452 2164 2503 2212 et
2548 2173 2639 2213 vos
2681 2158 2851 2228 facite
2895 2158 3013 2213 illis
3060 2156 3277 2218 (Matth.
3309 2174 3408 2225 vn,
3445 2157 3555 2229 12).
3591 2156 3884 2214 Similiter

2217 2245 2494 2317 magister
2518 2246 2620 2301 es?
2649 2246 2810 2302 audi.
2841 2248 3020 2303 Nolite
3048 2248 3234 2303 vocari
3264 2246 3435 2302 Rabbi
3462 2246 3674 2316 (Matth.
3708 2264 3878 2316 χχιιι,

2213 2334 2290 2406 8).
2324 2333 2661 2407 Discipulus
2689 2335 2791 2391 es?
2820 2335 2978 2391 audi.
3012 2337 3138 2405 Quae
3167 2335 3359 2391 dicunt
3397 2337 3579 2407 facile,
3612 2351 3739 2408 quae
3769 2353 3881 2391 au-

2214 2432 2321 2479 tem
2346 2425 2771 2496 faciunt,facere
2799 2424 3212 2497 nolite(Ibid.3).
3238 2424 3514 2497 Magister
3545 2424 3651 2481 es?
3682 2424 3824 2482 audi
3863 2442 3879 2482 :

2215 2513 2321 2581 Qui
2347 2513 2807 2569 scandalizaverit
2838 2530 3014 2570 unum
3057 2513 3125 2570 dc
3149 2514 3373 2586 pusillis
3397 2514 3537 2582 istis,
3569 2516 3667 2586 qui
3695 2517 3754 2570 in
3787 2530 3883 2571 me

2211 2601 2455 2670 credunt,
2483 2604 2699 2675 expedit
2726 2606 2863 2660 eiut
2899 2604 3260 2677 suspendatur
3302 2590 3450 2660 mola
3503 2604 3758 2659 asinaria
3805 2602 3884 2660 ad

2211 2691 2412 2747 collum
2474 2692 2611 2764 ejus,
2668 2700 2720 2749 et
2773 2692 3119 2764 demergatur
3182 2694 3245 2747 in
3308 2694 3648 2766 profundum
3701 2695 3885 2750 maris

2212 2779 2418 2852 (Matth.
2454 2798 2615 2849 xvm,
2647 2783 2723 2851 6).
2757 2781 3091 2856 Discipulus
3122 2782 3227 2838 es?
3284 2799 3439 2839 cave.
3472 2783 3618 2851 Erit,
3675 2782 3886 2855 inquit

2210 2869 2543 2941 Apostolus,
2574 2879 2784 2944 tempus
2805 2889 2928 2927 cum
2956 2888 3152 2928 sanam
3192 2872 3503 2928 doctrinam
3548 2888 3661 2928 non
3708 2873 3883 2928 susti-

2211 2959 2437 3027 nebunt,
2468 2960 2561 3015 sed
2589 2960 2659 3015 ad
2684 2977 2789 3017 sua
2834 2961 3106 3020 desideria
3153 2962 3568 3028 coacervabunt,
3598 2961 3708 3018 sibi
3758 2978 3881 3035 ma-

2211 3050 2406 3117 gistros
2435 3053 2544 3106 etc.
2580 3051 2655 3122 (II
2681 3054 2814 3108 Tim.
2848 3069 2925 3122 ιν,
2966 3053 3043 3125 3).
3096 3052 3374 3125 Magister
3417 3050 3521 3107 es?
3568 3048 3802 3107 adverte
3859 3067 3877 3107 :

2218 3137 2455 3193 Volentes
2501 3155 2610 3194 esse
2660 3139 2792 3211 legis
2841 3140 3101 3210 doctores,
3131 3156 3243 3196 non
3291 3140 3659 3209 intelligentes
3698 3155 3884 3212 neque

418 3222 729 3293 ’hominis,
768 3223 1027 3279 humano
1076 3223 1270 3298 generi
1322 3241 1493 3297 poma
1538 3209 1820 3282 divinitus
1860 3209 1963 3282 illa
2006 3232 2097 3284 est
2127 3209 2169 3277 α
2206 3241 2331 3298 qum
2356 3227 2671 3299 loquuntur,
2702 3209 2875 3302 neque
2902 3230 2966 3287 de
2997 3232 3194 3303 quibus
3236 3231 3523 3302 afﬁrmat
3550 3231 3602 3300 (Ι
3646 3209 3796 3285 Tim.
3833 3245 3879 3295 ι,

452 3311 856 3381 servitutis,ita
885 3316 950 3366 ut
979 3312 1194 3383 quibus
1225 3312 1435 3384 aspicit
1459 3330 1574 3368 non
1597 3330 1914 3386 congruere
1929 3314 2107 3371 liber-

452 3403 655 3467 tatem,
686 3399 782 3456 his
814 3400 1269 3456 misericorditer
1297 3401 1511 3473 irroget
1540 3402 1875 3459 servitutem
1901 3428 1916 3473 ;
1952 3408 2010 3459 et
2039 3403 2106 3459 li-

455 3493 546 3544 cet
592 3486 703 3544 hoc
751 3503 853 3559 per
900 3492 1203 3560 peccatum
1251 3489 1560 3563 contigerit
1607 3492 1868 3564 originis,
1914 3497 2106 3548 tamen

453 3593 656 3650 a-quus
704 3577 859 3633 Deus
913 3576 995 3632 ita
1040 3577 1311 3634 discrevit
1346 3578 1687 3636 hominibus
1729 3581 2106 3653 vitam,alios,

453 3682 649 3722 servos
692 3666 1074 3736 constituens,
1108 3666 1253 3724 alios
1283 3668 1570 3739 dominos,
1605 3674 1670 3726 ut
1692 3669 1928 3727 licentia
1956 3671 2110 3727 male

454 3752 663 3828 agendi
701 3770 1021 3829 servorum,
1055 3761 1337 3828 potestate
1368 3759 1740 3816 dominorum
1789 3761 2106 3834 restringa-

451 3847 570 3900 tur.
602 3844 747 3901 Nam
777 3845 826 3901 si
857 3861 1059 3902 omnes
1085 3847 1209 3904 sine
1240 3851 1401 3904 metu
1434 3849 1792 3922 essent,quis
1821 3855 1976 3906 esset
2005 3851 2108 3923 qui

453 3949 488 3989 a
518 3932 693 3990 malis
724 3933 1059 4007 quempiam
1092 3935 1432 3993 cohiberet?
1464 3938 1625 3994 Unde
1656 3942 1714 3993 et
1743 3938 1801 3993 in
1834 3939 2107 4012 gentibus

451 4038 618 4097 reges
646 4022 1057 4097 principesque
1086 4022 1251 4081 electi
1284 4029 1444 4097 sunt,
1478 4031 1543 4082 ut
1588 4030 1805 4084 terrore
1856 4045 1962 4085 suo
2005 4046 2107 4102 po-

451 4111 623 4186 pulos
654 4130 688 4168 a
715 4112 869 4170 malo
901 4118 1248 4181 coercerent,
1282 4118 1453 4188 atque
1485 4116 1557 4172 ad
1597 4121 1750 4172 recte
1794 4117 2106 4175 vivendum

451 4200 680 4277 legibus
709 4203 1046 4259 subderent.
1080 4204 1374 4268 Quantum
1435 4205 1642 4262 attinet
1688 4208 1758 4262 ad
1799 4207 2104 4281 rationem,

453 4308 563 4348 non
611 4299 692 4347 est
727 4307 1088 4363 personarum
1133 4294 1368 4364 acceptio
1415 4294 1562 4366 apud
1609 4296 1780 4351 Deum
1830 4298 2002 4365 (Rom.
2045 4315 2106 4367 ιι,

452 4380 669 4454 11);qui
688 4380 886 4437 mundi
903 4380 1058 4451 eligit
1073 4382 1340 4450 ignobilia
1371 4390 1421 4456 et
1447 4384 1893 4457 contemptibilia,
1913 4394 1964 4442 et
1984 4401 2109 4458 quae

452 4486 565 4525 non
593 4475 813 4535 sunt,ut
837 4485 901 4524 ea
930 4483 1055 4539 quae
1077 4478 1205 4525 sunt
1233 4470 1550 4539 destrueret,
1581 4490 1652 4529 ne
1678 4475 1946 4549 glorietur
1992 4493 2107 4532 om-

2216 3317 2293 3384 7).
2336 3315 2668 3390 Discipulus
2715 3320 2817 3376 es?
2843 3324 3082 3387 Honore,
3132 3319 3342 3393 inquit,
3392 3320 3629 3376 invicem
3664 3333 3881 3390 praeve-

2216 3406 2427 3462 nientes
2459 3407 2630 3479 (Rom.
2680 3426 2783 3476 xu,
2837 3410 2952 3478 10.)
3001 3409 3322 3483 Magister?
3368 3410 3485 3465 Non
3532 3408 3882 3465 dominantes

2215 3496 2330 3567 65))
2388 3497 2445 3550 in
2480 3497 2645 3566 clero,
2692 3498 2782 3554 sed
2827 3500 3008 3570 forma
3053 3501 3193 3571 facti
3238 3499 3421 3569 gregis
3451 3500 3500 3569 (Ι
3524 3499 3671 3555 Petr.
3707 3515 3763 3570 ν,
3795 3496 3878 3570 3).

2217 3583 2515 3641 Postremo
2546 3587 2826 3659 magister
2885 3606 2968 3656 es,
2998 3592 3100 3644 aut
3159 3588 3392 3656 diceris,
3426 3590 3525 3643 aut
3581 3587 3695 3643 diei
3753 3587 3883 3643 vis?

2217 3674 2368 3729 Cura
2419 3674 2739 3747 magisterii
2783 3677 2923 3748 jura
2970 3692 3221 3744 servare,
3256 3693 3329 3732 ne
3360 3675 3581 3732 dicaria
3610 3676 3878 3733 abusive.

2216 3761 2494 3819 Desidera
2525 3765 2714 3837 magis
2744 3767 3020 3837 prodesse
3051 3783 3229 3839 quam
3260 3764 3878 3839 praeesseDiscipulus

2217 3851 2319 3907 es?
2348 3853 2527 3909 Stude
2556 3853 2861 3911 humiliter
2890 3855 3154 3927 subesse,
3188 3859 3253 3911 ut
3285 3854 3390 3911 tibi
3421 3860 3478 3911 et
3506 3852 3709 3911 multis
3739 3853 3882 3912 aliis

2217 3942 2569 4014 quandoque
2596 3942 2790 4000 valeas
2820 3945 3116 4017 prodesse.
3151 3944 3431 4017 Magister
3453 3946 3555 4000 es?
3583 3949 3727 4000 Doce
3760 3943 3879 4000 hu-

2218 4030 2434 4087 militer
2464 4033 2617 4105 quod
2651 4034 2824 4089 nosti.
2858 4033 3195 4106 Discipulus
3215 4033 3411 4091 ?Disce
3432 4032 3726 4090 inhianter
3744 4050 3881 4106 qua

2218 4120 2408 4177 adhuc
2439 4121 2680 4179 minime
2712 4122 2885 4179 nosti.
2928 4122 3241 4197 Magister?
3270 4122 3417 4196 Opta
3447 4122 3636 4197 magis
3664 4123 3877 4193 amari,

2218 4226 2393 4281 quam
2424 4209 2616 4267 timeri
2651 4229 2664 4267 :
2699 4211 2905 4268 avertit
2935 4212 3113 4280 enim,
3149 4214 3214 4267 ut
3252 4211 3397 4269 dicit
3423 4211 3811 4285 Augustinus,
3846 4230 3883 4268 a

2218 4316 2280 4355 se
2314 4298 2602 4371 plurimos
2652 4300 2838 4357 tristis
2886 4305 2943 4358 et
2987 4300 3236 4356 nimium
3287 4317 3488 4357 severa
3534 4300 3878 4358 crudelitas.

2218 4387 2379 4444 Unde
2409 4392 2467 4444 et
2496 4388 2808 4463 Gregorius
2844 4408 2856 4447 :
2889 4389 2944 4445 Si
2976 4390 3131 4462 quis,
3164 4388 3264 4456 ait,
3298 4389 3515 4447 ferinos
3546 4405 3739 4446 mores
3769 4389 3883 4445 ha-

2217 4478 2577 4545 bet,necesse
2596 4481 2684 4534 est
2710 4484 2775 4534 ut
2797 4478 3117 4535 bestialiter
3141 4478 3302 4536 solus
3331 4477 3882 4551 vivat.Discipulus?

452 4560 544 4613 nis
570 4556 863 4649 caroLhoc
888 4560 977 4649 est
1005 4557 1257 4649 carnalis
1288 4562 1547 4631 potentia
1574 4578 1758 4618 coram
1787 4564 1884 4619 illo
1907 4565 1958 4636 (I
1985 4565 2104 4621 Cor.
2139 4584 2186 4649 D
2218 4568 2512 4622 Contende
2557 4567 2931 4641 obsequendo
2962 4585 3221 4624 amorem
3276 4567 3521 4641 adipisci
3568 4567 3877 4641 magistri;

453 4664 493 4714 1,
523 4645 613 4716 28)
649 4663 662 4700 :
695 4644 857 4700 Unus
887 4644 1042 4701 enim
1072 4647 1356 4703 Dominus
1402 4649 1702 4721 aequaliter
1749 4655 1806 4706 et
1854 4651 2109 4710 dominis
2139 4644 2177 4649 ⁷
2219 4655 2374 4711 canit
2401 4655 2554 4711 enim
2587 4656 2693 4711 tibi
2725 4656 2809 4711 ita
2839 4660 3008 4729 poeta
3039 4674 3051 4712 :
3082 4680 3115 4707 .«
3138 4656 3360 4713 Victrix
3403 4656 3700 4730 sapientia:
3752 4657 3878 4713 for-

453 4735 566 4791 fert
595 4732 907 4789 consilium
939 4738 994 4789 et
1018 4734 1434 4792 servis.Melior
1462 4742 1551 4793 est
1589 4739 1889 4810 subjectus
1935 4743 2109 4798 servi-

452 4826 571 4891 tus,
600 4838 775 4895 quam
809 4822 960 4878 elata
997 4822 1266 4893 libertas;
1304 4825 1476 4881 multi
1528 4826 1684 4883 enim
1733 4827 2109 4887 inveniuntur

453 4911 571 4968 Deo
601 4910 782 4968 libere
814 4910 1150 4982 servientes,
1184 4914 1294 4969 sub
1342 4913 1596 4970 dominis
1644 4918 1918 4974 constitui
1950 4919 2108 4993 ﬂagi-

454 5000 641 5069 tiosis,
676 4998 776 5073 qui
805 4999 916 5055 etsi
948 5000 1195 5073 subjecti
1248 5005 1386 5056 sunt
1432 5001 1550 5060 illis
1597 5020 1853 5078 corpore,
1887 5008 2107 5081 praelati

454 5095 597 5148 sunt
624 5094 820 5146 tamen
865 5088 949 5145 eis
993 5094 1209 5146 mente.
1256 5113 1283 5140 »
1316 5091 1432 5148 Hoc
1463 5109 1599 5167 ergo
1630 5094 1774 5151 tanti
1802 5097 1909 5153 viri
1938 5099 2107 5155 testi-

455 5180 652 5236 monio
684 5196 800 5235 non
830 5182 953 5235 tam
980 5179 1221 5249 diserto,
1254 5196 1431 5252 quam
1452 5199 1583 5241 vero
1615 5185 1966 5257 consoletur,
1984 5192 2108 5244 esto

456 5267 647 5324 ﬁdelis
677 5273 735 5323 et
758 5268 949 5326 bonus
981 5284 1442 5343 servus,semper
1471 5271 1692 5331 habens
1714 5276 2026 5332 consilium
2048 5277 2107 5333 in

529 5409 639 5482 (65)
671 5409 969 5482 Magistris
1021 5415 1182 5482 aptat
1228 5416 1471 5481 textum,
1519 5434 1631 5474 non
1678 5417 2017 5476 dominantes
2049 5421 2110 5475 in

457 5479 796 5565 clero,"q.u_ia
817 5479 1240 5565 discipuliferp
1270 5492 1436 5565 erant
1460 5479 1466 5481 ⁷
1487 5488 1877 5565 cl_eri_ci,_adeo
1911 5495 1976 5547 ut
2007 5491 2108 5565 qui

453 5568 535 5627 ea
547 5551 841 5627 nobilibus
861 5551 1072 5627 schblze
1094 5557 1481 5627 traderentur,
1498 5551 1748 5618 clericali
1779 5565 1978 5619 essent
1997 5551 2106 5618 mi-

450 5621 586 5687 ﬁtiae
612 5622 993 5707 addicti,quod
1033 5629 1222 5707 utique
1249 5621 1515 5708 hodie,ait
1542 5631 1855 5697 Eutherius
1901 5636 2035 5714 part
2065 5651 2106 5699 ,ι

2214 4749 2359 4801 tuna
2392 4764 2403 4800 :
2439 4745 2690 4804 dicimus
2721 4750 2917 4823 autem
2949 4745 3057 4803 hos
3085 4763 3319 4819 quoque
3348 4745 3568 4814 felices,
3599 4744 3703 4819 qui
3726 4746 3881 4804 ferre

2215 4834 2590 4890 incommoda
2618 4835 2768 4905 vitae,
2804 4852 2909 4891 nec
2931 4837 3154 4907 jactare
3184 4837 3400 4909 jugum
3447 4835 3566 4893 vita
3617 4835 3881 4893 didicere

2219 4923 2835 4997 magistra.nMagister
2865 4925 2964 4981 es?
2994 4925 3145 4981 Cura
3165 4925 3274 4981 hac
3306 4930 3432 4982 arte
3466 4924 3880 4998 magisterium

2217 5011 2507 5067 moderari
2532 5017 2722 5081 tuum,
2758 5017 2823 5069 ut
2854 5013 3229 5070 instituendis
3255 5015 3443 5089 magis
3486 5031 3665 5088 quam
3696 5014 3880 5072 hebe-

2215 5099 2412 5156 tandis
2425 5100 2674 5158 videaris
2695 5118 2944 5175 praeesse
2956 5103 3099 5159 disci
3105 5103 3435 5176 pulis.Nam
3450 5106 3588 5160 sunt
3603 5102 3879 5165 nonnulli

2217 5194 2340 5245 tam
2370 5190 2520 5246 tardi
2553 5194 2726 5264 atque
2756 5190 3022 5248 obliviosi
3054 5192 3406 5262 intellectus,
3432 5196 3497 5249 ut
3518 5192 3653 5265 ipsa
3683 5194 3882 5268 prima

2218 5278 2455 5336 difﬁcile
2481 5279 2769 5361 elementa
2793 5280 3218 5351 litterarum,ne
3242 5283 3383 5339 dum
3414 5282 3633 5355 aliquid
3655 5299 3724 5338 ex
3745 5299 3882 5356 pro-

2219 5419 2289 5498 de
2327 5425 2688 5498 Contempto
2725 5440 3016 5498 canonum
3063 5441 3227 5481 num.
3259 5429 3351 5491 22,
3382 5427 3561 5497 magis
3586 5426 3712 5497 fieri
3753 5443 3880 5485 am-

2216 5492 2969 5628 fiitétnzidetur'episcopandi,
2987 5514 3153 5574 quam
3179 5492 3731 5575 cupiditate'Doinino
3758 5498 3877 5559 mi—

2398 5585 2436 5627 ι.
