4070 6372
155 377 262 445 ΓΠ

1103 385 1754 464 ΡΗΕΕΟΟΠΙΟΒῙῙΜ
1795 390 2006 458 LIBRI
2048 392 2490 460 SEX—LIB.
2535 392 2586 461 I.

3432 394 3562 465 1Ἶῦ

156 514 516 576 fundioribus
529 531 735 592 capere
748 515 978 577 valeant
997 522 1782 596 generibusinstitutionum.
1811 529 1869 596 Α
1895 529 2180 586 virtu-tum
2202 529 2465 603 generari
2488 531 2809 590 debuerant
2831 527 3078 605 soboles,
3093 527 3348 593 inaniter
3365 534 3551 592 effun-

155 608 388 676 Quidam
419 624 572 675 vero,
597 607 786 664 verbis
809 613 873 665 ut
893 611 949 665 id
970 611 1213 667 referam
1225 612 1783 686 AureliiAugustini,

151 703 314 756 tantae
336 702 478 753 sunt
497 697 885 766 fatuitatis,ut
915 700 1088 772 paulo
1121 701 1319 757 minus
1342 702 1610 758 differant
1641 721 1675 759 a
1695 721 1786 776 pe-

151 787 390 845 coribus.
407 788 708 843 Suntvero
733 788 830 856 aqiii
854 793 975 844 tam
1016 789 1184 862 agilis
1224 791 1551 848 intellectus
1577 797 1633 848 et
1659 798 1783 848 stu-

152 877 246 946 dii,
274 881 336 932 ut
365 894 519 950 saepe
549 877 782 950 proprio
815 895 989 934 sensu
1023 885 1080 934 et
1109 880 1325 946 studio,
1353 881 1528 936 etiam
1561 883 1784 952 majora

151 965 669 1041 percipiant,quam
696 983 728 1021 a
751 967 1045 1039 magistris
1065 969 1578 1024 didicerunt.Sunt
1607 971 1781 1024 etiam

151 1057 240 1130 qui
267 1054 502 1110 difficile
535 1055 793 1127 capiunt,
821 1061 876 1111 et
901 1055 1067 1111 facile
1090 1058 1519 1128 perdunt.Sunt
1549 1057 1648 1129 qui
1671 1058 1781 1113 dif-

149 1145 362 1202 ﬁculter
392 1144 632 1216 quidem
665 1144 979 1216 capientes,
1021 1151 1190 1218 capta
1235 1147 1461 1202 fortiter
1508 1147 1777 1203 retinent.

149 1240 281 1291 Sunt
309 1233 409 1306 qui
443 1233 612 1289 facile
643 1233 899 1306 capiunt,
935 1233 1164 1291 facilius
1196 1235 1492 1292 amittunt.
1512 1237 1662 1291 Sunt
1681 1237 1780 1309 qui

151 1322 407 1380 facillime
445 1321 706 1394 capiunt,
758 1322 1101 1380 difﬁcillime
1149 1325 1448 1380 amittunt.
1480 1325 1582 1380 His
1631 1326 1780 1380 nihil

148 1412 288 1469 aliud
319 1429 470 1484 opus
493 1416 582 1467 est
605 1412 1106 1483 insinuare,quam
1130 1417 1194 1468 ut
1215 1417 1522 1486 przapetem
1547 1414 1779 1487 agilita-

145 1506 250 1559 tem
271 1518 480 1558 sensus
507 1501 690 1557 studii
714 1501 984 1556 exercitio
1007 1501 1290 1570 nutriant,
1317 1520 1388 1558 ne
1410 1520 1523 1558 non
1552 1504 1776 1560 discen-

145 1593 209 1648 do
229 1591 375 1664 quod
398 1590 683 1657 valent,et
704 1595 999 1646 auctorem
1022 1591 1442 1663 ingratitudine
1459 1594 1776 1662 offendant,

145 1685 194 1738 et
211 1678 496 1752 sapientia
517 1679 707 1747 vacui,
728 1695 929 1751 paenae
949 1696 1051 1751 pro
1073 1685 1408 1752 contemptu
1427 1683 1778 1754 quandoque

144 1768 442 1826 exsolvant.
479 1767 715 1823 Caeteris
767 1784 900 1823 vero
943 1785 1046 1840 pro
1096 1773 1268 1840 captu
1318 1769 1687 1842 singulorum
1721 1775 1778 1826 et

143 1856 403 1914 varietate
436 1856 845 1912 intellectuum
881 1857 1168 1914 moderari
1203 1857 1408 1912 debere
1453 1859 1680 1914 noveris
1723 1863 1778 1914 et

144 1951 408 2020 pnecepta
438 1944 910 2018 disciplinarum,
945 1961 1038 2014 ne,
1073 1945 1122 2002 si
1153 1945 1488 2019 incapibilia
1517 1948 1602 2004 eis
1629 1947 1771 2004 velis

144 2035 384 2110 ingerere
402 2035 828 2102 doctrinarum,
845 2035 1193 2106 profundius
1216 2036 1490 2091 caecitatis
1515 2036 1774 2093 incidant

143 2125 527 2199 gurgustium.
561 2127 707 2196 Lege
733 2122 950 2178 librum
974 2124 1286 2197 Augustini
1299 2124 1771 2198 Soliloquiorum,

142 2219 196 2271 et
215 2215 290 2270 ibi
316 2213 688 2281 evidens,89
701 2213 836 2269 huic
861 2218 1055 2268 tamen
1079 2217 1278 2270 nostro
1299 2231 1416 2270 non
1439 2215 1770 2282 dissonans,

141 2303 377 2360 invenies
402 2319 586 2376 super
606 2303 716 2358 isto
740 2301 1072 2358 consilium.
1097 2303 1313 2358 Verum
1336 2303 1581 2358 forsitan
1611 2304 1776 2360 deest

140 2394 345 2465 [scilicet
365 2392 520 2448 liber
539 2391 878 2465 Augustini]
901 2407 1004 2447 nec
1025 2391 1176 2447 valet
1196 2391 1440 2446 inveniri
1465 2392 1776 2464 quaesitus?

137 2482 374 2539 Dicimus
395 2481 528 2549 tibi,
553 2480 726 2536 sicuti
755 2480 812 2535 in
847 2497 912 2536 eo
944 2480 1364 2553 legimus,quia
1395 2481 1600 2536 ordine
1630 2499 1776 2553 quo-

143 2572 263 2626 dam
294 2571 363 2627 ad
392 2570 748 2644 sapientiam
779 2570 1097 2642 pervenire,
1130 2570 1294 2625 bonae
1325 2569 1610 2642 diciplina:
1647 2570 1772 2625 offi-

141 2659 278 2716 cium
307 2663 431 2728 est;
467 2660 603 2715 sine
635 2659 836 2715 ordine
867 2662 1061 2714 autem
1090 2660 1185 2714 vix
1215 2657 1510 2715 credibilis
1542 2658 1779 2715 felicita-

140 2749 205 2806 tis
257 2753 313 2821 [Γ.
346 2748 622 2819 felicitas]
665 2767 677 2804 :
729 2749 1002 2820 quocirca
1054 2749 1271 2804 suadeo
1320 2747 1452 2804 illos
1504 2749 1775 2821 superius

140 2855 422 2912 expressos
443 2837 527 2909 [id
555 2840 645 2892 est
676 2837 1009 2910 discipulos]
1045 2841 1207 2893 tanto
1236 2837 1510 2894 doctrinae
1541 2838 1775 2909 ingenio

144 2929 378 2997 tractari,
411 2932 479 2984 ut
512 2943 672 2982 more
706 2927 1091 2992 medicorum,
1126 2927 1226 2999 qui
1271 2927 1653 3000 lippientibus
1684 2943 1775 2984 so-

145 3017 543 3091 ptusdoctrina
562 3017 654 3072 eis
669 3016 1178 3085 oﬂ‘eratur;deinde
1207 3016 1492 3088 quid,non
1525 3016 1776 3072 multum

147 3108 378 3180 quidem,
413 3106 629 3163 fortius
655 3111 880 3171 tamen;
914 3110 1039 3160 tum
1065 3106 1302 3160 demum
1347 3105 1588 3177 aliquid,
1622 3105 1774 3177 quod

147 3195 244 3252 lem
267 3197 512 3269 cupiunt
539 3193 828 3250 visibilem
860 3195 1120 3262 reddere,
1152 3193 1341 3266 primo
1373 3194 1654 3250 levissimi
1689 3211 1780 3249 ca-

148 3267 488 3358 aliquantula
515 3284 605 3340 sui
638 3287 801 3356 parte
833 3283 907 3338 ab
934 3283 1042 3339 hoc
1073 3287 1382 3350 remotum,
1417 3284 1771 3356 quibusdam
1804 3267 1846 3334 C

147 3374 303 3430 veluti
335 3374 695 3445 conjecturis
727 3373 920 3445 ipsum
952 3371 1316 3445 aliquantulo
1348 3373 1573 3444 aperire
1594 3372 1779 3428 valeat

145 3465 313 3520 visum
339 3483 351 3532 ;
377 3465 516 3520 inde
548 3463 852 3535 quodlibet
879 3463 1008 3532 ejus
1034 3461 1184 3518 lucis
1219 3460 1658 3530 vicinium,hinc
1689 3462 1776 3533 ip-

148 3553 254 3610 sius
283 3553 578 3627 sapientiae
603 3552 809 3619 levius,
833 3551 969 3607 hinc
999 3549 1372 3617 mediocrius,
1398 3549 1533 3606 hinc
1556 3550 1699 3622 ipse,
1729 3551 1778 3606 si

148 3645 321 3700 tamen
338 3642 466 3716 capi
487 3646 786 3713 utcunque
807 3639 1220 3712 posset,ipsius
1243 3638 1432 3711 fulgor
1453 3642 1781 3694 monstran-

151 3732 280 3801 dus;
308 3734 394 3788 sin
419 3730 862 3803 alias,optatius
884 3733 971 3784 est
996 3728 1276 3802 lippiente
1299 3729 1430 3783 visu
1454 3729 1578 3801 ipso
1609 3745 1779 3783 mane

153 3822 400 3878 tabernas
448 3819 720 3887 circuire,
751 3824 806 3874 et
854 3817 1073 3890 aliquid
1107 3817 1397 3873 commodi
1434 3817 1630 3872 referri
1677 3818 1779 3872 do-

154 3926 317 3978 mum,
343 3927 526 3983 quam
558 3909 684 3981 ipso
714 3907 1022 3980 splendore
1054 3907 1360 3963 meridiani
1383 3905 1524 3962 solis
1547 3906 1779 3978 penitus

157 3999 436 4068 obcaecato,
469 4000 638 4072 ipsas
669 4015 802 4054 cum
831 3998 1086 4070 quodam
1118 3997 1378 4070 appetitu
1409 3997 1680 4052 tenebras
1703 3995 1780 4052 si-

157 4104 217 4143 ne
242 4088 426 4162 aliquo
455 4089 654 4144 fructu
686 4092 942 4160 captare.

214 4178 471 4234 52.Sicut
494 4180 695 4232 autem
718 4177 778 4232 in
801 4175 1169 4233 auditoribus
1199 4174 1438 4230 diversae
1471 4173 1781 4230 inveniun-

155 4267 237 4320 tur
262 4267 552 4324 distantia:
577 4265 971 4330 sensuum,ita
1000 4269 1057 4320 et
1087 4265 1145 4319 in
1178 4263 1513 4319 doctoribus
1545 4263 1781 4318 diversa:

158 4357 504 4428 reperiuntur
517 4354 959 4427 conspersiones
979 4353 1230 4409 aifectuu
1242 4350 1599 4407 m.Nonnulli
1628 4351 1781 4406 enim

159 4447 262 4500 tam
290 4445 596 4502 obstinatae
620 4448 757 4501 sunt
784 4441 1196 4508 voluntatis,ut
1217 4458 1348 4496 cum
1373 4440 1635 4514 magistri
1659 4457 1782 4495 am-

161 4534 303 4591 biant
328 4535 543 4603 vocari,
577 4533 740 4590 nulla
782 4534 1057 4589 doctrinae
1092 4536 1214 4587 arte
1245 4531 1472 4604 aliquos
1511 4549 1544 4587 a
1574 4548 1635 4587 se
1685 4547 1783 4585 cu-

1896 619 2060 686 dens,
2095 619 2222 692 ipsa
2251 619 2342 676 sui
2373 621 2775 693 superfluitate
2796 623 3026 680 steriles
3047 625 3286 682 reddere
3309 625 3544 682 eosdem

1896 708 2150 763 cernitur
2181 708 2496 766 auditores.
2531 711 2751 767 Horum
2783 713 3100 785 quinifaria
3126 732 3258 770 curn
3291 715 3368 771 sit
3395 715 3543 770 divi-

1895 797 2002 862 sio,
2037 814 2152 853 una
2179 798 2381 853 virtuti
2415 799 2525 870 (66)
2559 799 2809 857 militare
2831 802 3060 858 videtur
3089 803 3541 874 solummodo;id

1893 889 1980 940 est
2011 903 2144 941 cum
2173 887 2419 959 quilibet
2448 893 2568 943 tam
2601 890 2861 945 ardentis
2891 896 2980 947 est
3022 892 3344 962 charitatis,
3379 897 3442 948 ut
3493 893 3542 948 si

1892 975 2016 1029 ﬁeri
2050 975 2450 1046 possit,totum
2473 994 2534 1032 se
2558 979 2994 1036 transfunderet
3019 981 3079 1036 in
3110 999 3208 1037 cor
3229 981 3543 1050 audientis,

1883 1063 2056 1133 juxta
2083 1062 2228 1118 illud
2259 1065 2515 1135 Apostoli
2542 1067 2689 1121 :l’olo
2719 1083 2900 1124 omnes
2929 1070 3055 1140 ﬁeri
3079 1073 3221 1126 sicut
3247 1087 3334 1126 me
3365 1073 3542 1142 ipsum

1900 1153 1952 1223 (I
1984 1150 2104 1207 Cor.
2137 1169 2236 1220 vu,
2270 1152 2360 1223 7);
2423 1157 2479 1208 et
2508 1170 2519 1206 :
2562 1153 2628 1209 0s
2656 1165 2904 1212 nostrum
2927 1166 3114 1229 pateat
3141 1159 3350 1227 advos,
3383 1175 3414 1214 o
3445 1160 3544 1215 Co-

1888 1241 2107 1307 rinthii,
2139 1257 2231 1296 cor
2251 1230 2505 1297 nostrum
2531 1243 2824 1300 dilatatum
2853 1255 2950 1316 est,
2981 1263 3091 1303 non
3133 1249 3542 1322 angustiamini

1890 1331 1949 1384 in
1977 1329 2156 1396 nobis,
2188 1347 2314 1385 cum
2339 1332 2741 1400 angustiamini
2788 1335 2850 1388 in
2894 1336 3188 1392 visceribus
3223 1338 3415 1392 vestris
3467 1337 3544 1409 (II

1891 1417 2010 1472 Cor.
2040 1420 2226 1485 v1,11,
2261 1420 2368 1488 12);
2404 1420 2572 1491 quasi
2604 1421 2867 1490 dixisset,
2902 1421 3036 1478 licet
3064 1429 3315 1496 angusta
3343 1424 3419 1480 sit
3439 1443 3537 1480 ar-

1889 1522 1955 1560 ca
1983 1507 2175 1562 cordis
2196 1506 2371 1562 vestri
2390 1525 2517 1579 qua:
2541 1509 2754 1580 capiat,
2783 1525 2899 1564 non
2930 1514 3018 1566 est
3051 1517 3301 1584 angusta
3325 1531 3538 1569 manus

1887 1594 2188 1650 charitatis
2219 1614 2344 1668 quae
2376 1595 2602 1652 fundat.
2621 1597 2814 1653 Altera
2843 1598 3050 1654 divisio
3077 1600 3291 1657 servire
3310 1601 3540 1657 videtur

1888 1683 2231 1752 adulationi,
2257 1685 2397 1740 dum
2427 1684 2673 1757 quilibet
2703 1688 2813 1742 sub
2846 1688 3036 1760 specie
3064 1689 3310 1746 docendi
3335 1690 3537 1746 volens

1887 1771 2114 1845 placere
2136 1777 2440 1846 potentum
2472 1774 2668 1842 alicui,
2697 1775 3018 1834 introducit
3047 1783 3390 1851 satyram,et
3417 1779 3537 1835 vio-

1886 1860 1969 1916 lat
1997 1862 2343 1918 doctrinam.
2368 1863 2561 1919 Tertia
2592 1865 2844 1920 avaritia
2891 1866 3348 1939 deprehenditur
3378 1867 3533 1923 mili-

1881 1953 2026 2019 tare;
2048 1950 2214 2006 multi
2249 1950 2405 2006 enim
2434 1951 2582 2008 lucri
2615 1954 3124 2027 ambitu,tegenda
3154 1955 3386 2011 silentio
3403 1972 3534 2012 ven-

1883 2040 2032 2094 dunt
2059 2039 2592 2112 loquendo.Quarta
2603 2043 2903 2114 jactantize
2925 2043 3238 2116 specialius
3261 2045 3531 2117 obsequi-

1883 2132 2000 2195 tur,
2032 2146 2170 2184 nam
2201 2133 2266 2184 ut
2297 2129 2549 2185 multum
2583 2131 2717 2202 quis
2749 2132 2896 2187 scire
2916 2131 3198 2200 videatur,
3215 2133 3400 2206 aperit
3422 2151 3534 2190 saa-

1885 2218 2124 2290 pissime
2159 2219 2314 2291 quod
2345 2219 2625 2274 debuerat
2655 2219 2860 2290 celare,
2888 2224 3088 2278 contra
3118 2220 3261 2276 illud
3293 2221 3535 2278 Psalmi-

1885 2311 1986 2362 stze
2022 2325 2034 2362 :
2067 2309 2130 2362 In
2153 2307 2311 2362 corde
2338 2324 2454 2363 meo
2497 2309 2753 2364 abscondi
2787 2310 3004 2386 eloquia
3033 2314 3150 2378 tua,
3181 2319 3242 2366 ut
3270 2327 3379 2366 non
3404 2327 3530 2382 pec-

1884 2413 1999 2452 cem
2031 2398 2135 2451 tibi
2164 2396 2331 2468 (Psal.
2364 2413 2557 2463 cxvm,
2585 2397 2695 2466 ll);
2722 2399 2876 2454 unde
2906 2403 2965 2454 et
2991 2399 3353 2472 Augustinus
3373 2416 3532 2456 eum-

1885 2485 2019 2540 dem
2049 2485 2401 2541 versiculum
2433 2487 2771 2558 exqonendo
2806 2505 2817 2541 :
2854 2488 2960 2555 Qui
2982 2504 3188 2544 arcana
3216 2487 3425 2560 inquit,
3445 2488 3529 2544 di-

1883 2574 2095 2642 vulgat,
2128 2575 2412 2629 imminuit
2466 2574 2672 2630 Christi
2717 2573 2999 2641 decorem;
3030 2575 3245 2647 quibus
3275 2577 3419 2632 satis
3448 2575 3529 2632 le-

1886 2662 2022 2734 pide
2054 2661 2196 2716 illud
2229 2661 2484 2717 concinit
2512 2667 2690 2734 poetae
2721 2663 2931 2718 Persii:
2965 2665 3136 2736 Usque
3162 2665 3293 2721 adeo
3321 2681 3409 2732 ne,
3443 2665 3533 2720 in-
3632 2707 3635 2709 -

1888 2751 2118 2822 quiens,
2151 2752 2290 2806 scire
2315 2759 2470 2806 tuum
2503 2751 2648 2806 nihil
2676 2760 2774 2822 est,
2796 2754 2912 2808 nisi
2941 2761 2990 2808 te
3018 2754 3157 2810 scire
3189 2754 3285 2810 hoc
3303 2755 3539 2810 sciatal-

1886 2847 1986 2896 ter.
2003 2839 2383 2904 400uintam
2414 2856 2547 2896 vero
2570 2839 2782 2896 horum
2801 2845 3028 2914 partem
3057 2841 3293 2898 incauta
3313 2842 3533 2898 solum-

1887 2928 2060 2998 modo
2091 2927 2417 2999 loquacitas
2449 2928 2666 2997 efﬁcit;
2701 2929 2961 3002 plerique
3004 2930 3182 2999 enim,
3217 2931 3358 2986 dum
3410 2932 3536 2988 sine

1888 3016 2284 3072 moderatione
2312 3015 2575 3090 linguam
2608 3017 2900 3073 incautius
2930 3018 3220 3090 loquendo
3253 3018 3533 3087 relaxant,

1889 3105 2388 3160 inconsideranter
2427 3105 2720 3174 emittunt,
2756 3106 2930 3177 quod,
2964 3105 3100 3162 licet
3139 3107 3536 3164 desideranter

1886 3194 2088 3260 vellnt,
2123 3211 2390 3250 revocare
2421 3212 2534 3250 non
2569 3196 2834 3266 possunt.
2867 3197 2949 3250 Ex
2978 3195 3070 3250 his
3105 3196 3365 3268 quinque
3393 3196 3538 3251 divi-

1886 3284 2153 3340 sionibus
2180 3283 2370 3356 prima
2391 3283 2758 3356 praedicanda
2780 3289 2870 3340 est
2893 3289 2950 3340 et
2970 3285 3220 3341 tenenda
3243 3302 3256 3353 ;
3282 3285 3540 3341 secunda

1887 3390 2019 3428 cum
2054 3372 2262 3445 quinta
2303 3373 2636 3428 miseranda
2684 3378 2741 3428 et
2791 3373 3171 3446 corrigenda;
3203 3373 3375 3430 tertia
3403 3390 3537 3429 cum

1889 3466 2096 3535 quarta
2123 3461 2355 3534 penitus
2387 3462 2642 3517 vitanda.
2674 3466 2822 3518 Sunt
2855 3467 2984 3535 post
3029 3461 3198 3531 istos,
3228 3463 3328 3534 qui
3379 3463 3537 3535 quod

1888 3551 1999 3622 ipsi
2020 3551 2262 3606 minime
2279 3550 2630 3617 didicerunt,
2651 3552 3066 3624 presumptius
3082 3552 3258 3608 nimis
3275 3551 3420 3608 alios
3438 3568 3536 3606 au-

1889 3640 2029 3694 dent
2060 3640 2379 3695 docere.De
2402 3641 2620 3711 quibus
2651 3641 2734 3696 ait
2761 3641 3102 3714 Apostolus:
3124 3642 3361 3697 Veientes
3391 3641 3540 3712 ﬁeri-

1891 3730 2026 3799 legis
2055 3729 2310 3797 doctores,
2343 3746 2450 3784 non
2476 3730 2841 3799 intelligentes
2869 3747 3043 3803 neque
3070 3747 3188 3803 quae
3217 3731 3534 3802 loquuntur,

1888 3835 2064 3890 neque
2092 3818 2157 3874 de
2185 3819 2382 3890 quibus
2415 3819 2701 3891 affirmant
2731 3819 2779 3892 (Ι
2813 3821 2944 3875 Tim.
2980 3837 3020 3889 ι,
3050 3819 3128 3892 7-).
3157 3819 3226 3875 Hi
3257 3835 3536 3892 persaepe,

1891 3909 2032 3964 dum
2065 3907 2459 3980 dedignantur
2487 3907 2759 3980 discipuli
2793 3909 2917 3964 ﬁeri
2945 3909 3230 3977 veritatis,
3271 3907 3538 3981 magistri

1890 3997 2222 4053 efficiantur
2251 3996 2484 4052 erroris.
2513 3997 2662 4052 Sunt
2706 3995 2882 4054 etiam
2917 3997 3178 4069 quidam,
3212 3996 3537 4051 secundum

1890 4086 2258 4157 Apostolum,
2290 4102 2502 4158 semper
2529 4086 2812 4151 discentes,
2845 4091 2896 4141 et
2929 4102 3211 4157 nunquam
3253 4084 3323 4139 ad
3351 4084 3538 4152 cogni-

1889 4177 2093 4231 tionem
2136 4177 2385 4231 veritatis
2415 4177 2688 4230 venie-ntcs
2720 4176 2794 4244 (II
2821 4176 2954 4229 Tim.
2988 4191 3072 4242 ιιι,
3101 4175 3182 4243 7).
3213 4173 3364 4228 Sunt
3395 4188 3538 4244 quo-

1893 4281 2006 4336 que
2034 4265 2132 4336 qui
2168 4263 2395 4334 copiose
2427 4264 2632 4319 dicunt
2660 4264 2815 4335 quod
2839 4279 2954 4318 non
3002 4261 3358 4334 intelligunt.
3391 4261 3542 4317 Sunt

1892 4353 2372 4424 econtra,quibus
2399 4351 2730 4408 intellectus
2762 4352 3043 4420 abundat,
3075 4351 3177 4407 sed
3209 4349 3543 4422 eloquentia

1895 4442 2108 4497 deficit.
2143 4441 2549 4496 Praedicandus
2584 4445 2804 4509 autem,
2836 4457 3009 4512 quem
3041 4443 3098 4496 et
3125 4437 3460 4512 eloquentia
3487 4442 3544 4494 et

1891 4530 2220 4587 intellectus
2253 4530 2441 4586 reddit
2471 4529 2782 4598 illustrem,
2815 4547 2949 4586 cum
2980 4529 3208 4603 primus
3232 4528 3349 4597 ille,
3367 4543 3542 4600 quem

165 4623 306 4695 piant
347 4623 574 4692 imbui;
630 4623 894 4679 doctores
926 4621 1038 4677 dici
1072 4620 1406 4677 desiderant
1437 4620 1533 4692 qui
1569 4618 1787 4675 invidia
1816 4640 1863 4704 D
1895 4620 2031 4688 dixi,
2067 4621 2136 4675 de
2166 4619 2616 4692 praesumptione
2663 4619 3012 4691 culpandus,
3045 4618 3190 4674 alter
3232 4634 3348 4674 non
3392 4615 3546 4672 vitu-

165 4712 418 4782 obstrusi,
444 4711 640 4769 doceri
672 4711 1026 4767 omnimodis
1058 4711 1400 4765 detrectant.
1437 4709 1504 4765 Hi
1533 4713 1670 4765 sunt
1701 4709 1784 4763 ni-

165 4801 485 4874 mirum,qui
514 4802 856 4858 thesaurum
876 4799 1172 4872 sapientiae
1189 4799 1382 4853 cordis
1405 4797 1781 4853 sulfodientes

165 4893 328 4959 antro,
360 4890 788 4948 maledictionis
819 4888 1040 4963 spiculo
1075 4887 1513 4944 tcrebranturin
1535 4887 1779 4958 judicio,

159 4978 302 5048 juxta
323 4979 464 5036 illud
501 4999 514 5036 :
544 4981 650 5050 Qui
676 4978 949 5035 abscondit
989 4979 1285 5048 frumenta,
1318 4975 1668 5031 maledicitur
1724 4977 1784 5029 in

163 5070 353 5140 populis
382 5072 562 5139 (Prov.
598 5087 674 5136 x1,
705 5069 818 5139 26).
851 5070 1000 5123 Sunt
1049 5070 1252 5122 contra
1305 5065 1425 5130 alii,
1457 5065 1556 5136 qui
1610 5069 1783 5120 tanta:

166 5156 414 5214 videntur
442 5157 752 5232 largitatis,
786 5161 851 5214 ut
881 5155 1205 5212 doctrinam
1251 5153 1440 5227 magis
1481 5154 1787 5209 videantur

172 5245 406 5320 tundere,
435 5265 613 5324 quam
644 5264 900 5321 erogare,
942 5247 1013 5301 de
1069 5245 1285 5317 quibus
1337 5242 1609 5317 Gregorio
1641 5247 1787 5299 teste

174 5333 366 5392 dicitur
392 5337 451 5392 in
483 5335 608 5411 lege
643 5353 654 5392 :
695 5338 784 5392 l'ir
813 5336 908 5408 qui
933 5335 1151 5407 ﬂumum
1202 5333 1411 5404 patitur
1464 5332 1710 5398 seminis,
1755 5350 1789 5387 α

173 5426 440 5483 sacerdotio
468 5428 782 5500 repellatur.
807 5425 1054 5481 Fluxum
1088 5422 1244 5479 enim
1277 5420 1496 5493 patitur
1526 5420 1785 5488 seminis,

177 5515 264 5586 qui
290 5531 373 5583 ea,
406 5518 478 5572 de
505 5517 720 5588 quibus
750 5516 806 5570 in
839 5516 1171 5570 auditorum
1202 5510 1474 5567 cordibus
1503 5510 1787 5566 bonarum

1895 4711 2212 4782 perandus,
2249 4710 2349 4765 sed
2383 4709 2458 4764 sit
2488 4709 2948 4780 amplectendus,
2980 4709 3092 4764 nisi
3135 4709 3282 4764 forte
3329 4705 3548 4762 invidia

1891 4800 1976 4855 vel
2007 4799 2248 4854 avaritia
2281 4799 2508 4872 plenus,
2546 4797 2910 4870 benignitate
2937 4799 3025 4855 vel
3053 4797 3334 4854 charitate
3363 4796 3460 4867 sit,
3482 4798 3548 4851 ut

1895 4888 2132 4957 assolet,
2164 4905 2403 4956 vacuus,
2437 4905 2612 4960 quem
2647 4891 2711 4942 ut
2740 4905 2943 4944 caveas
2969 4904 3173 4961 precor
3200 4885 3491 4944 obnixius.

2300 4979 2420 5032 TlT.
2455 4976 2621 5031 XVII.
2655 5007 2723 5017 ——
2756 4978 2829 5033 De
2857 4977 3144 5032 divitibus.

1963 5069 2052 5124 33.
2088 5069 2254 5123 Dives
2275 5067 2376 5122 es?
2407 5065 2552 5120 Cave
2578 5064 2817 5120 divitem
2858 5065 3024 5120 illum
3067 5063 3410 5136 superbum,
3445 5057 3544 5129 qui

1896 5157 2248 5229 contempsit
2278 5155 2559 5210 Lazarum
2588 5171 2601 5218 ;
2633 5151 2775 5208 time
2806 5153 2956 5222 ne,si
3005 5153 3259 5224 denegas
3302 5142 3548 5220 pauperi

1897 5247 2136 5315 micam,
2168 5243 2461 5302 desideres
2493 5258 2596 5297 nec
2627 5241 2882 5314 accipias
2926 5257 3087 5312 aquae
3142 5241 3370 5311 guttam
3393 5237 3546 5304 (Luc.

1897 5340 2033 5404 XVI).
2062 5334 2291 5391 Videris
2323 5333 2519 5404 aliqua
2552 5330 2897 5403 possidere?
2929 5329 3226 5401 Disperge,
3260 5331 3326 5383 ut
3363 5323 3552 5398 possi-

1899 5425 2036 5481 deas
2065 5441 2214 5480 vere.
2265 5421 2586 5487 Quomodo,
2619 5417 2842 5489 inquis,
2871 5417 3148 5473 veraciter
3195 5413 3553 5488 possidebo?

1901 5515 2169 5587 nunquid
2202 5528 2316 5568 non
2348 5514 2405 5564 et
2433 5508 2628 5573 modo,
2662 5523 2796 5562 cum
2846 5507 3025 5576 fruar,
3057 5505 3336 5562 veraciter
3366 5502 3553 5578 possi-

234 5623 335 5699 (66)
364 5624 513 5682 Male
543 5624 601 5681 in
629 5623 788 5699 vulg.
811 5625 907 5697 qui
935 5623 1152 5699 nefario
1179 5637 1305 5699 cum
1331 5621 1403 5676 sit
1433 5619 1629 5677 divisio
1653 5636 1785 5691 una,
1813 5624 2026 5691 virtuti,
2047 5628 2156 5680 etc.
2183 5618 2495 5678 Contextus
2525 5631 2797 5688 sequens,
2816 5615 2917 5689 qui
2949 5615 3208 5690 quinque
3239 5612 3556 5671 divisiones

183 5696 411 5768 praefert,
443 5693 907 5756 emendationem
937 5693 1238 5769 approbat.
