  <div class='ocr_page' id='page_1' title='image "/cluster/home/n/w/nwhite01/storage/ocr_20150623/136/umn.31951002477429o/097.png"; bbox 0 0 4070 6376; ppageno 0'>
   <div class='ocr_carea' id='block_1_1' title="bbox 438 368 3895 479">
    <p class='ocr_par' dir='ltr' id='par_1_1' title="bbox 438 368 3895 479">
     <span class='ocr_line' id='line_1_1' title="bbox 438 368 3895 479; baseline -0.004 -1"><span class='ocrx_word' id='word_1_1' title='bbox 438 390 603 479; x_wconf 68' lang='lat' dir='ltr'>Iis“</span> <span class='ocrx_word' id='word_1_2' title='bbox 1362 394 1736 479; x_wconf 57' lang='lat' dir='ltr'>caratam</span> <span class='ocrx_word' id='word_1_3' title='bbox 1776 391 2021 475; x_wconf 79' lang='lat' dir='ltr'>EPISG.</span> <span class='ocrx_word' id='word_1_4' title='bbox 2066 401 2355 474; x_wconf 76' lang='lat' dir='ltr'>vsaou.</span> <span class='ocrx_word' id='word_1_5' title='bbox 2403 406 2577 471; x_wconf 82' lang='lat' dir='ltr'>cpp.</span> <span class='ocrx_word' id='word_1_6' title='bbox 2624 405 2821 472; x_wconf 83' lang='lat' dir='ltr'>PARS</span> <span class='ocrx_word' id='word_1_7' title='bbox 2863 404 2915 471; x_wconf 84' lang='grc' dir='ltr'>ι.</span> <span class='ocrx_word' id='word_1_8' title='bbox 3726 368 3895 465; x_wconf 58' lang='lat' dir='ltr'>asc&quot;</span> 
     </span>
    </p>
   </div>
   <div class='ocr_carea' id='block_1_2' title="bbox 432 520 3846 626">
    <p class='ocr_par' dir='ltr' id='par_1_2' title="bbox 432 520 3846 626">
     <span class='ocr_line' id='line_1_2' title="bbox 432 520 3846 626; baseline -0.005 -20"><span class='ocrx_word' id='word_1_9' title='bbox 432 547 589 606; x_wconf 89' lang='lat' dir='ltr'>deo?</span> <span class='ocrx_word' id='word_1_10' title='bbox 609 548 726 607; x_wconf 85' lang='lat' dir='ltr'>Hoc</span> <span class='ocrx_word' id='word_1_11' title='bbox 747 564 782 607; x_wconf 92' lang='lat' dir='ltr'>a</span> <span class='ocrx_word' id='word_1_12' title='bbox 805 563 899 607; x_wconf 88' lang='lat' dir='ltr'>me</span> <span class='ocrx_word' id='word_1_13' title='bbox 919 520 1035 608; x_wconf 81' lang='lat' dir='ltr'>non</span> <span class='ocrx_word' id='word_1_14' title='bbox 1050 522 1282 626; x_wconf 87' lang='lat' dir='ltr'>indiges</span> <span class='ocrx_word' id='word_1_15' title='bbox 1302 549 1630 623; x_wconf 83' lang='lat' dir='ltr'>inquirere;</span> <span class='ocrx_word' id='word_1_16' title='bbox 1663 550 1721 603; x_wconf 92' lang='lat' dir='ltr'>te</span> <span class='ocrx_word' id='word_1_17' title='bbox 1748 545 1945 618; x_wconf 91' lang='lat' dir='ltr'>ipsum</span> <span class='ocrx_word' id='word_1_18' title='bbox 1975 544 2069 599; x_wconf 89' lang='lat' dir='ltr'>in-</span> <span class='ocrx_word' id='word_1_19' title='bbox 2097 543 2155 610; x_wconf 75' lang='grc' dir='ltr'><strong>Α</strong></span> <span class='ocrx_word' id='word_1_20' title='bbox 2182 557 2280 597; x_wconf 91' lang='lat' dir='ltr'>ves</span> <span class='ocrx_word' id='word_1_21' title='bbox 2298 541 2326 596; x_wconf 91' lang='lat'>?</span> <span class='ocrx_word' id='word_1_22' title='bbox 2354 544 2547 610; x_wconf 85' lang='lat' dir='ltr'>Servo,</span> <span class='ocrx_word' id='word_1_23' title='bbox 2577 542 2797 615; x_wconf 86' lang='lat' dir='ltr'>inquis,</span> <span class='ocrx_word' id='word_1_24' title='bbox 2829 542 2985 598; x_wconf 83' lang='lat' dir='ltr'>filiis.</span> <span class='ocrx_word' id='word_1_25' title='bbox 3018 540 3251 611; x_wconf 85' lang='lat' dir='ltr'>Antete</span> <span class='ocrx_word' id='word_1_26' title='bbox 3281 532 3523 597; x_wconf 79' lang='lat' dir='ltr'>forsitan</span> <span class='ocrx_word' id='word_1_27' title='bbox 3566 531 3846 594; x_wconf 90' lang='lat' dir='ltr'>cbibunt.</span> 
     </span>
    </p>
   </div>
   <div class='ocr_carea' id='block_1_3' title="bbox 432 628 3849 712">
    <p class='ocr_par' dir='ltr' id='par_1_3' title="bbox 432 628 3849 712">
     <span class='ocr_line' id='line_1_3' title="bbox 432 628 3849 712; baseline -0.004 -19"><span class='ocrx_word' id='word_1_28' title='bbox 432 640 683 712; x_wconf 89' lang='lat' dir='ltr'>terroga,</span> <span class='ocrx_word' id='word_1_29' title='bbox 718 642 775 696; x_wconf 89' lang='lat' dir='ltr'>te</span> <span class='ocrx_word' id='word_1_30' title='bbox 802 639 1064 707; x_wconf 87' lang='lat' dir='ltr'>conveni,</span> <span class='ocrx_word' id='word_1_31' title='bbox 1090 644 1283 697; x_wconf 88' lang='lat' dir='ltr'>tecum</span> <span class='ocrx_word' id='word_1_32' title='bbox 1313 638 1656 696; x_wconf 89' lang='lat' dir='ltr'>causamini.</span> <span class='ocrx_word' id='word_1_33' title='bbox 1688 636 1810 705; x_wconf 93' lang='lat' dir='ltr'>Dic,</span> <span class='ocrx_word' id='word_1_34' title='bbox 1842 632 2076 708; x_wconf 91' lang='lat' dir='ltr'>rogo,in</span> <span class='ocrx_word' id='word_1_35' title='bbox 2186 630 2368 698; x_wconf 91' lang='lat' dir='ltr'>Dabo,</span> <span class='ocrx_word' id='word_1_36' title='bbox 2398 631 2505 700; x_wconf 89' lang='lat' dir='ltr'>ais,</span> <span class='ocrx_word' id='word_1_37' title='bbox 2539 648 2642 704; x_wconf 93' lang='lat' dir='ltr'>pro</span> <span class='ocrx_word' id='word_1_38' title='bbox 2674 632 2872 688; x_wconf 91' lang='lat' dir='ltr'>anima</span> <span class='ocrx_word' id='word_1_39' title='bbox 2910 631 3165 687; x_wconf 92' lang='lat' dir='ltr'>illorum.</span> <span class='ocrx_word' id='word_1_40' title='bbox 3200 629 3442 695; x_wconf 92' lang='lat' dir='ltr'>Quando</span> <span class='ocrx_word' id='word_1_41' title='bbox 3464 628 3492 684; x_wconf 87' lang='lat'>?</span> <span class='ocrx_word' id='word_1_42' title='bbox 3524 631 3849 701; x_wconf 85' lang='lat' dir='ltr'>postquam</span> 
     </span>
    </p>
   </div>
   <div class='ocr_carea' id='block_1_4' title="bbox 432 722 2080 800">
    <p class='ocr_par' dir='ltr' id='par_1_4' title="bbox 432 722 2080 800">
     <span class='ocr_line' id='line_1_4' title="bbox 432 722 2080 800; baseline -0.004 -17"><span class='ocrx_word' id='word_1_43' title='bbox 432 726 651 800; x_wconf 85' lang='lat' dir='ltr'>quibus</span> <span class='ocrx_word' id='word_1_44' title='bbox 682 729 860 786; x_wconf 84' lang='lat' dir='ltr'>rebus</span> <span class='ocrx_word' id='word_1_45' title='bbox 877 733 1147 787; x_wconf 82' lang='lat' dir='ltr'>constant</span> <span class='ocrx_word' id='word_1_46' title='bbox 1176 727 1385 784; x_wconf 67' lang='lat' dir='ltr'>divitias</span> <span class='ocrx_word' id='word_1_47' title='bbox 1414 732 1526 784; x_wconf 72' lang='lat' dir='ltr'>tuas</span> <span class='ocrx_word' id='word_1_48' title='bbox 1550 726 1577 781; x_wconf 87' lang='lat'>?</span> <span class='ocrx_word' id='word_1_49' title='bbox 1599 726 1663 782; x_wconf 94' lang='lat' dir='ltr'>In</span> <span class='ocrx_word' id='word_1_50' title='bbox 1693 722 2080 799; x_wconf 90' lang='lat' dir='ltr'>possessioni-</span> 
     </span>
    </p>
   </div>
   <div class='ocr_carea' id='block_1_5' title="bbox 435 812 2078 891">
    <p class='ocr_par' dir='ltr' id='par_1_5' title="bbox 435 812 2078 891">
     <span class='ocr_line' id='line_1_5' title="bbox 435 812 2078 891; baseline -0.003 -19"><span class='ocrx_word' id='word_1_51' title='bbox 435 815 571 884; x_wconf 91' lang='lat' dir='ltr'>bus,</span> <span class='ocrx_word' id='word_1_52' title='bbox 628 815 851 890; x_wconf 88' lang='lat' dir='ltr'>inquis,</span> <span class='ocrx_word' id='word_1_53' title='bbox 908 817 1274 891; x_wconf 67' lang='lat' dir='ltr'>praediorum,</span> <span class='ocrx_word' id='word_1_54' title='bbox 1332 833 1654 883; x_wconf 88' lang='lat' dir='ltr'>servorum,</span> <span class='ocrx_word' id='word_1_55' title='bbox 1710 812 2078 881; x_wconf 81' lang='lat' dir='ltr'>ancillarum,</span> 
     </span>
    </p>
   </div>
   <div class='ocr_carea' id='block_1_6' title="bbox 438 901 2082 977">
    <p class='ocr_par' dir='ltr' id='par_1_6' title="bbox 438 901 2082 977">
     <span class='ocr_line' id='line_1_6' title="bbox 438 901 2082 977; baseline -0.005 -14"><span class='ocrx_word' id='word_1_56' title='bbox 438 919 747 976; x_wconf 84' lang='lat' dir='ltr'>equorum,</span> <span class='ocrx_word' id='word_1_57' title='bbox 780 906 976 974; x_wconf 93' lang='lat' dir='ltr'>boum,</span> <span class='ocrx_word' id='word_1_58' title='bbox 1010 909 1464 977; x_wconf 77' lang='lat' dir='ltr'>casterarumque</span> <span class='ocrx_word' id='word_1_59' title='bbox 1485 904 1797 977; x_wconf 87' lang='lat' dir='ltr'>pecudum;</span> <span class='ocrx_word' id='word_1_60' title='bbox 1834 901 1894 957; x_wconf 92' lang='lat' dir='ltr'>in</span> <span class='ocrx_word' id='word_1_61' title='bbox 1915 902 2082 956; x_wconf 85' lang='lat' dir='ltr'><strong>obse-</strong></span> 
     </span>
    </p>
   </div>
   <div class='ocr_carea' id='block_1_7' title="bbox 443 992 2090 1071">
    <p class='ocr_par' dir='ltr' id='par_1_7' title="bbox 443 992 2090 1071">
     <span class='ocr_line' id='line_1_7' title="bbox 443 992 2090 1071; baseline -0.002 -24"><span class='ocrx_word' id='word_1_62' title='bbox 443 993 792 1049; x_wconf 91' lang='lat' dir='ltr'>cundatione</span> <span class='ocrx_word' id='word_1_63' title='bbox 819 993 1309 1071; x_wconf 27' lang='lat' dir='ltr'>‘obsequentium,</span> <span class='ocrx_word' id='word_1_64' title='bbox 1342 992 1724 1049; x_wconf 81' lang='lat' dir='ltr'>delectatione</span> <span class='ocrx_word' id='word_1_65' title='bbox 1772 1007 1983 1045; x_wconf 91' lang='lat' dir='ltr'>canum</span> <span class='ocrx_word' id='word_1_66' title='bbox 2032 992 2090 1045; x_wconf 92' lang='lat' dir='ltr'>et</span> 
     </span>
    </p>
   </div>
   <div class='ocr_carea' id='block_1_8' title="bbox 446 1078 2088 1154">
    <p class='ocr_par' dir='ltr' id='par_1_8' title="bbox 446 1078 2088 1154">
     <span class='ocr_line' id='line_1_8' title="bbox 446 1078 2088 1154; baseline -0.004 -17"><span class='ocrx_word' id='word_1_67' title='bbox 446 1080 809 1154; x_wconf 79' lang='lat' dir='ltr'>accipitrum,</span> <span class='ocrx_word' id='word_1_68' title='bbox 842 1082 1203 1138; x_wconf 83' lang='lat' dir='ltr'>abundantia</span> <span class='ocrx_word' id='word_1_69' title='bbox 1234 1082 1509 1148; x_wconf 90' lang='lat' dir='ltr'>vestium,</span> <span class='ocrx_word' id='word_1_70' title='bbox 1542 1078 1936 1145; x_wconf 90' lang='lat' dir='ltr'>ustensilium,</span> <span class='ocrx_word' id='word_1_71' title='bbox 1968 1079 2088 1132; x_wconf 88' lang='lat' dir='ltr'>fru-</span> 
     </span>
    </p>
   </div>
   <div class='ocr_carea' id='block_1_9' title="bbox 449 1156 2091 1243">
    <p class='ocr_par' dir='ltr' id='par_1_9' title="bbox 449 1156 2091 1243">
     <span class='ocr_line' id='line_1_9' title="bbox 449 1156 2091 1243; baseline -0.003 -16"><span class='ocrx_word' id='word_1_72' title='bbox 449 1170 651 1236; x_wconf 87' lang='lat' dir='ltr'>menti,</span> <span class='ocrx_word' id='word_1_73' title='bbox 681 1170 800 1226; x_wconf 91' lang='lat' dir='ltr'>vini</span> <span class='ocrx_word' id='word_1_74' title='bbox 830 1173 887 1226; x_wconf 87' lang='lat' dir='ltr'>et</span> <span class='ocrx_word' id='word_1_75' title='bbox 913 1156 1046 1237; x_wconf 86' lang='lat' dir='ltr'>olei,</span> <span class='ocrx_word' id='word_1_76' title='bbox 1080 1187 1401 1243; x_wconf 90' lang='lat' dir='ltr'>armorum,</span> <span class='ocrx_word' id='word_1_77' title='bbox 1451 1162 1696 1243; x_wconf 83' lang='lat' dir='ltr'>argenti,</span> <span class='ocrx_word' id='word_1_78' title='bbox 1744 1168 1869 1225; x_wconf 87' lang='lat' dir='ltr'>auri</span> <span class='ocrx_word' id='word_1_79' title='bbox 1917 1171 2091 1239; x_wconf 89' lang='lat' dir='ltr'>atque</span> 
     </span>
    </p>
   </div>
   <div class='ocr_carea' id='block_1_10' title="bbox 450 1257 2089 1332">
    <p class='ocr_par' dir='ltr' id='par_1_10' title="bbox 450 1257 2089 1332">
     <span class='ocr_line' id='line_1_10' title="bbox 450 1257 2089 1332; baseline -0.002 -19"><span class='ocrx_word' id='word_1_80' title='bbox 450 1272 838 1330; x_wconf 89' lang='lat' dir='ltr'>gemmarum.</span> <span class='ocrx_word' id='word_1_81' title='bbox 906 1259 1159 1332; x_wconf 84' lang='lat' dir='ltr'>Optime.</span> <span class='ocrx_word' id='word_1_82' title='bbox 1224 1260 1394 1331; x_wconf 87' lang='lat' dir='ltr'>Modo</span> <span class='ocrx_word' id='word_1_83' title='bbox 1465 1263 1522 1316; x_wconf 91' lang='lat' dir='ltr'>te</span> <span class='ocrx_word' id='word_1_84' title='bbox 1580 1258 1708 1315; x_wconf 91' lang='lat' dir='ltr'>volo</span> <span class='ocrx_word' id='word_1_85' title='bbox 1765 1257 2089 1314; x_wconf 88' lang='lat' dir='ltr'>convenire.</span> 
     </span>
    </p>
   </div>
   <div class='ocr_carea' id='block_1_11' title="bbox 449 1345 2097 1420">
    <p class='ocr_par' dir='ltr' id='par_1_11' title="bbox 449 1345 2097 1420">
     <span class='ocr_line' id='line_1_11' title="bbox 449 1345 2097 1420; baseline -0.002 -17"><span class='ocrx_word' id='word_1_86' title='bbox 449 1346 570 1416; x_wconf 90' lang='lat' dir='ltr'>Die,</span> <span class='ocrx_word' id='word_1_87' title='bbox 625 1363 786 1420; x_wconf 92' lang='lat' dir='ltr'>rogo,</span> <span class='ocrx_word' id='word_1_88' title='bbox 841 1352 1160 1420; x_wconf 81' lang='lat' dir='ltr'>tempestas</span> <span class='ocrx_word' id='word_1_89' title='bbox 1216 1365 1520 1420; x_wconf 90' lang='lat' dir='ltr'><strong>nunquam</strong></span> <span class='ocrx_word' id='word_1_90' title='bbox 1558 1348 1678 1403; x_wconf 86' lang='lat' dir='ltr'>haec</span> <span class='ocrx_word' id='word_1_91' title='bbox 1714 1349 1815 1402; x_wconf 88' lang='lat' dir='ltr'>tua</span> <span class='ocrx_word' id='word_1_92' title='bbox 1853 1345 2097 1418; x_wconf 86' lang='lat' dir='ltr'>contigit</span> 
     </span>
    </p>
   </div>
   <div class='ocr_carea' id='block_1_12' title="bbox 450 1435 2098 1509">
    <p class='ocr_par' dir='ltr' id='par_1_12' title="bbox 450 1435 2098 1509">
     <span class='ocr_line' id='line_1_12' title="bbox 450 1435 2098 1509; baseline -0.001 -18"><span class='ocrx_word' id='word_1_93' title='bbox 450 1436 670 1509; x_wconf 65' lang='lat' dir='ltr'>praedia</span> <span class='ocrx_word' id='word_1_94' title='bbox 687 1436 717 1492; x_wconf 91' lang='lat'>?</span> <span class='ocrx_word' id='word_1_95' title='bbox 738 1437 1059 1504; x_wconf 88' lang='lat' dir='ltr'>Quomodo,</span> <span class='ocrx_word' id='word_1_96' title='bbox 1092 1435 1308 1509; x_wconf 89' lang='lat' dir='ltr'><strong>inquis,</strong></span> <span class='ocrx_word' id='word_1_97' title='bbox 1343 1436 1510 1492; x_wconf 91' lang='lat' dir='ltr'>aliter</span> <span class='ocrx_word' id='word_1_98' title='bbox 1538 1436 1661 1492; x_wconf 85' lang='lat' dir='ltr'>ﬁeri</span> <span class='ocrx_word' id='word_1_99' title='bbox 1693 1435 1886 1509; x_wconf 92' lang='lat' dir='ltr'>potuit</span> <span class='ocrx_word' id='word_1_100' title='bbox 1910 1436 2098 1500; x_wconf 79' lang='lat' dir='ltr'>PQuo-</span> 
     </span>
    </p>
   </div>
   <div class='ocr_carea' id='block_1_13' title="bbox 450 1524 2097 1597">
    <p class='ocr_par' dir='ltr' id='par_1_13' title="bbox 450 1524 2097 1597">
     <span class='ocr_line' id='line_1_13' title="bbox 450 1524 2097 1597; baseline -0.001 -17"><span class='ocrx_word' id='word_1_101' title='bbox 450 1526 647 1592; x_wconf 90' lang='lat' dir='ltr'>modo,</span> <span class='ocrx_word' id='word_1_102' title='bbox 680 1524 947 1597; x_wconf 90' lang='lat' dir='ltr'>inquam,</span> <span class='ocrx_word' id='word_1_103' title='bbox 980 1525 1126 1581; x_wconf 90' lang='lat' dir='ltr'>dicis</span> <span class='ocrx_word' id='word_1_104' title='bbox 1178 1529 1233 1581; x_wconf 89' lang='lat' dir='ltr'>te</span> <span class='ocrx_word' id='word_1_105' title='bbox 1286 1542 1547 1597; x_wconf 89' lang='lat' dir='ltr'><strong>unquam</strong></span> <span class='ocrx_word' id='word_1_106' title='bbox 1578 1525 1857 1581; x_wconf 84' lang='lat' dir='ltr'>veraciter</span> <span class='ocrx_word' id='word_1_107' title='bbox 1895 1539 2097 1597; x_wconf 88' lang='lat' dir='ltr'>posse-</span> 
     </span>
    </p>
   </div>
   <div class='ocr_carea' id='block_1_14' title="bbox 452 1611 2098 1687">
    <p class='ocr_par' dir='ltr' id='par_1_14' title="bbox 452 1611 2098 1687">
     <span class='ocr_line' id='line_1_14' title="bbox 452 1611 2098 1687; baseline -0.001 -18"><span class='ocrx_word' id='word_1_108' title='bbox 452 1613 631 1683; x_wconf 86' lang='lat' dir='ltr'>disse,</span> <span class='ocrx_word' id='word_1_109' title='bbox 661 1614 818 1686; x_wconf 92' lang='lat' dir='ltr'>quod</span> <span class='ocrx_word' id='word_1_110' title='bbox 846 1612 1030 1670; x_wconf 90' lang='lat' dir='ltr'>valuit</span> <span class='ocrx_word' id='word_1_111' title='bbox 1057 1617 1375 1687; x_wconf 85' lang='lat' dir='ltr'>tempestas</span> <span class='ocrx_word' id='word_1_112' title='bbox 1420 1615 1692 1671; x_wconf 89' lang='lat' dir='ltr'>auferre?</span> <span class='ocrx_word' id='word_1_113' title='bbox 1722 1611 1893 1671; x_wconf 89' lang='lat' dir='ltr'>Nulla</span> <span class='ocrx_word' id='word_1_114' title='bbox 1940 1613 2098 1670; x_wconf 91' lang='lat' dir='ltr'>enim</span> 
     </span>
    </p>
   </div>
   <div class='ocr_carea' id='block_1_15' title="bbox 452 1701 2099 1776">
    <p class='ocr_par' dir='ltr' id='par_1_15' title="bbox 452 1701 2099 1776">
     <span class='ocr_line' id='line_1_15' title="bbox 452 1701 2099 1776; baseline 0.001 -19"><span class='ocrx_word' id='word_1_115' title='bbox 452 1701 679 1758; x_wconf 87' lang='lat' dir='ltr'>ratione</span> <span class='ocrx_word' id='word_1_116' title='bbox 704 1702 983 1758; x_wconf 81' lang='lat' dir='ltr'>veraciter</span> <span class='ocrx_word' id='word_1_117' title='bbox 1009 1706 1099 1759; x_wconf 91' lang='lat' dir='ltr'>est</span> <span class='ocrx_word' id='word_1_118' title='bbox 1130 1704 1487 1775; x_wconf 89' lang='lat' dir='ltr'>tuum,_quod</span> <span class='ocrx_word' id='word_1_119' title='bbox 1521 1704 1770 1776; x_wconf 85' lang='lat' dir='ltr'>alicujus</span> <span class='ocrx_word' id='word_1_120' title='bbox 1800 1703 2099 1759; x_wconf 92' lang='lat' dir='ltr'>invasione</span> 
     </span>
    </p>
   </div>
   <div class='ocr_carea' id='block_1_16' title="bbox 454 1790 2100 1864">
    <p class='ocr_par' dir='ltr' id='par_1_16' title="bbox 454 1790 2100 1864">
     <span class='ocr_line' id='line_1_16' title="bbox 454 1790 2100 1864; baseline 0.001 -18"><span class='ocrx_word' id='word_1_121' title='bbox 454 1794 648 1863; x_wconf 87' lang='lat' dir='ltr'>potest</span> <span class='ocrx_word' id='word_1_122' title='bbox 676 1790 801 1847; x_wconf 83' lang='lat' dir='ltr'>ﬁeri</span> <span class='ocrx_word' id='word_1_123' title='bbox 832 1808 945 1847; x_wconf 90' lang='lat' dir='ltr'>non</span> <span class='ocrx_word' id='word_1_124' title='bbox 973 1792 1342 1863; x_wconf 89' lang='lat' dir='ltr'>tuum:unde</span> <span class='ocrx_word' id='word_1_125' title='bbox 1372 1796 1428 1848; x_wconf 90' lang='lat' dir='ltr'>et</span> <span class='ocrx_word' id='word_1_126' title='bbox 1454 1791 1599 1848; x_wconf 92' lang='lat' dir='ltr'>illud</span> <span class='ocrx_word' id='word_1_127' title='bbox 1629 1792 1947 1864; x_wconf 83' lang='lat' dir='ltr'>sapientis:</span> <span class='ocrx_word' id='word_1_128' title='bbox 1982 1794 2100 1848; x_wconf 85' lang='lat' dir='ltr'>Non</span> 
     </span>
    </p>
   </div>
   <div class='ocr_carea' id='block_1_17' title="bbox 2187 714 3855 793">
    <p class='ocr_par' dir='ltr' id='par_1_17' title="bbox 2187 714 3855 793">
     <span class='ocr_line' id='line_1_17' title="bbox 2187 714 3855 793; baseline -0.003 -18"><span class='ocrx_word' id='word_1_129' title='bbox 2187 736 2286 775; x_wconf 90' lang='lat' dir='ltr'>eos</span> <span class='ocrx_word' id='word_1_130' title='bbox 2317 719 2686 776; x_wconf 90' lang='lat' dir='ltr'>absorbuerit</span> <span class='ocrx_word' id='word_1_131' title='bbox 2713 720 3021 793; x_wconf 89' lang='lat' dir='ltr'>gehenna?</span> <span class='ocrx_word' id='word_1_132' title='bbox 3049 720 3175 774; x_wconf 89' lang='lat' dir='ltr'>Non</span> <span class='ocrx_word' id='word_1_133' title='bbox 3202 717 3417 774; x_wconf 90' lang='lat' dir='ltr'>audisti</span> <span class='ocrx_word' id='word_1_134' title='bbox 3439 717 3738 789; x_wconf 88' lang='lat' dir='ltr'>psalmum</span> <span class='ocrx_word' id='word_1_135' title='bbox 3761 714 3855 771; x_wconf 90' lang='lat' dir='ltr'>di-</span> 
     </span>
    </p>
   </div>
   <div class='ocr_carea' id='block_1_18' title="bbox 2189 805 3851 882">
    <p class='ocr_par' dir='ltr' id='par_1_18' title="bbox 2189 805 3851 882">
     <span class='ocr_line' id='line_1_18' title="bbox 2189 805 3851 882; baseline 0 -19"><span class='ocrx_word' id='word_1_136' title='bbox 2189 813 2416 865; x_wconf 89' lang='lat' dir='ltr'>centem</span> <span class='ocrx_word' id='word_1_137' title='bbox 2450 826 2463 864; x_wconf 93' lang='lat'>:</span> <span class='ocrx_word' id='word_1_138' title='bbox 2496 809 2555 864; x_wconf 88' lang='lat' dir='ltr'>Id</span> <span class='ocrx_word' id='word_1_139' title='bbox 2602 811 2817 882; x_wconf 79' lang='lat' dir='ltr'>inferno</span> <span class='ocrx_word' id='word_1_140' title='bbox 2847 812 2968 882; x_wconf 86' lang='lat' dir='ltr'>quis</span> <span class='ocrx_word' id='word_1_141' title='bbox 2997 809 3347 881; x_wconf 82' lang='lat' dir='ltr'>conﬁtebitur</span> <span class='ocrx_word' id='word_1_142' title='bbox 3376 809 3484 863; x_wconf 89' lang='lat' dir='ltr'>tibi</span> <span class='ocrx_word' id='word_1_143' title='bbox 3505 805 3533 861; x_wconf 88' lang='lat'>?</span> <span class='ocrx_word' id='word_1_144' title='bbox 3563 807 3736 878; x_wconf 89' lang='lat' dir='ltr'>(Psal.</span> <span class='ocrx_word' id='word_1_145' title='bbox 3765 822 3851 876; x_wconf 83' lang='lat' dir='ltr'>VI,</span> 
     </span>
    </p>
   </div>
   <div class='ocr_carea' id='block_1_19' title="bbox 2196 894 3854 970">
    <p class='ocr_par' dir='ltr' id='par_1_19' title="bbox 2196 894 3854 970">
     <span class='ocr_line' id='line_1_19' title="bbox 2196 894 3854 970; baseline -0.002 -17"><span class='ocrx_word' id='word_1_146' title='bbox 2196 897 2269 969; x_wconf 92' lang='lat'>6).</span> <span class='ocrx_word' id='word_1_147' title='bbox 2302 898 2428 953; x_wconf 88' lang='lat' dir='ltr'>Non</span> <span class='ocrx_word' id='word_1_148' title='bbox 2457 897 2646 970; x_wconf 87' lang='lat' dir='ltr'>legisti</span> <span class='ocrx_word' id='word_1_149' title='bbox 2676 917 2689 955; x_wconf 92' lang='lat'>:</span> <span class='ocrx_word' id='word_1_150' title='bbox 2723 902 2912 955; x_wconf 79' lang='lat' dir='ltr'>Frater</span> <span class='ocrx_word' id='word_1_151' title='bbox 2937 916 3049 954; x_wconf 85' lang='lat' dir='ltr'>non</span> <span class='ocrx_word' id='word_1_152' title='bbox 3087 898 3326 965; x_wconf 75' lang='lat' dir='ltr'>redimit,</span> <span class='ocrx_word' id='word_1_153' title='bbox 3360 897 3589 953; x_wconf 80' lang='lat' dir='ltr'>redimet</span> <span class='ocrx_word' id='word_1_154' title='bbox 3638 895 3798 952; x_wconf 79' lang='lat' dir='ltr'>homo</span> <span class='ocrx_word' id='word_1_155' title='bbox 3821 894 3854 949; x_wconf 89' lang='lat'>?</span> 
     </span>
    </p>
   </div>
   <div class='ocr_carea' id='block_1_20' title="bbox 2197 978 3909 1059">
    <p class='ocr_par' dir='ltr' id='par_1_20' title="bbox 2197 978 3909 1059">
     <span class='ocr_line' id='line_1_20' title="bbox 2197 978 3909 1059; baseline -0.002 -16"><span class='ocrx_word' id='word_1_156' title='bbox 2197 987 2368 1059; x_wconf 90' lang='lat' dir='ltr'>(Psal.</span> <span class='ocrx_word' id='word_1_157' title='bbox 2397 1004 2587 1055; x_wconf 81' lang='lat' dir='ltr'>XLVIII,</span> <span class='ocrx_word' id='word_1_158' title='bbox 2621 988 2696 1059; x_wconf 88' lang='lat'>8).</span> <span class='ocrx_word' id='word_1_159' title='bbox 2731 991 3031 1043; x_wconf 88' lang='lat' dir='ltr'>Postremo</span> <span class='ocrx_word' id='word_1_160' title='bbox 3089 1003 3182 1041; x_wconf 91' lang='lat' dir='ltr'>me</span> <span class='ocrx_word' id='word_1_161' title='bbox 3229 1003 3345 1042; x_wconf 92' lang='lat' dir='ltr'>non</span> <span class='ocrx_word' id='word_1_162' title='bbox 3394 984 3608 1041; x_wconf 91' lang='lat' dir='ltr'>audisti</span> <span class='ocrx_word' id='word_1_163' title='bbox 3642 985 3854 1040; x_wconf 92' lang='lat' dir='ltr'>dicen-</span> <span class='ocrx_word' id='word_1_164' title='bbox 3906 978 3909 981; x_wconf 71' lang='grc'><em>’</em></span> 
     </span>
    </p>
   </div>
   <div class='ocr_carea' id='block_1_21' title="bbox 2198 1075 3858 1149">
    <p class='ocr_par' dir='ltr' id='par_1_21' title="bbox 2198 1075 3858 1149">
     <span class='ocr_line' id='line_1_21' title="bbox 2198 1075 3858 1149; baseline -0.001 -18"><span class='ocrx_word' id='word_1_165' title='bbox 2198 1078 2315 1132; x_wconf 88' lang='lat' dir='ltr'>tem</span> <span class='ocrx_word' id='word_1_166' title='bbox 2350 1094 2362 1131; x_wconf 90' lang='lat'>:</span> <span class='ocrx_word' id='word_1_167' title='bbox 2392 1079 2552 1132; x_wconf 87' lang='lat' dir='ltr'>Ibunt</span> <span class='ocrx_word' id='word_1_168' title='bbox 2577 1078 2637 1132; x_wconf 83' lang='lat' dir='ltr'>hi</span> <span class='ocrx_word' id='word_1_169' title='bbox 2655 1078 2714 1133; x_wconf 86' lang='lat' dir='ltr'>in</span> <span class='ocrx_word' id='word_1_170' title='bbox 2735 1077 3065 1149; x_wconf 78' lang='lat' dir='ltr'>supplicium</span> <span class='ocrx_word' id='word_1_171' title='bbox 3082 1084 3372 1143; x_wconf 62' lang='lat' dir='ltr'>wternum,</span> <span class='ocrx_word' id='word_1_172' title='bbox 3396 1075 3539 1147; x_wconf 82' lang='lat' dir='ltr'>justi</span> <span class='ocrx_word' id='word_1_173' title='bbox 3572 1082 3757 1131; x_wconf 88' lang='lat' dir='ltr'>autem</span> <span class='ocrx_word' id='word_1_174' title='bbox 3790 1076 3858 1129; x_wconf 83' lang='lat' dir='ltr'>in</span> 
     </span>
    </p>
   </div>
   <div class='ocr_carea' id='block_1_22' title="bbox 2199 1164 3858 1239">
    <p class='ocr_par' dir='ltr' id='par_1_22' title="bbox 2199 1164 3858 1239">
     <span class='ocr_line' id='line_1_22' title="bbox 2199 1164 3858 1239; baseline -0.001 -20"><span class='ocrx_word' id='word_1_175' title='bbox 2199 1166 2371 1220; x_wconf 86' lang='lat' dir='ltr'>vitam</span> <span class='ocrx_word' id='word_1_176' title='bbox 2398 1173 2660 1222; x_wconf 69' lang='lat' dir='ltr'>aeternam</span> <span class='ocrx_word' id='word_1_177' title='bbox 2681 1166 2917 1239; x_wconf 83' lang='lat' dir='ltr'>?(Matth.</span> <span class='ocrx_word' id='word_1_178' title='bbox 2951 1164 3501 1238; x_wconf 62' lang='lat' dir='ltr'>xxv,1i6.)Quomodo</span> <span class='ocrx_word' id='word_1_179' title='bbox 3532 1168 3727 1221; x_wconf 91' lang='lat' dir='ltr'>autem</span> <span class='ocrx_word' id='word_1_180' title='bbox 3760 1167 3858 1220; x_wconf 92' lang='lat' dir='ltr'>est</span> 
     </span>
    </p>
   </div>
   <div class='ocr_carea' id='block_1_23' title="bbox 2202 1252 3862 1327">
    <p class='ocr_par' dir='ltr' id='par_1_23' title="bbox 2202 1252 3862 1327">
     <span class='ocr_line' id='line_1_23' title="bbox 2202 1252 3862 1327; baseline -0.001 -18"><span class='ocrx_word' id='word_1_181' title='bbox 2202 1258 2482 1310; x_wconf 66' lang='lat' dir='ltr'>aeternum</span> <span class='ocrx_word' id='word_1_182' title='bbox 2493 1256 2667 1327; x_wconf 89' lang='lat' dir='ltr'>,quod</span> <span class='ocrx_word' id='word_1_183' title='bbox 2682 1254 2933 1325; x_wconf 89' lang='lat' dir='ltr'>alicujus</span> <span class='ocrx_word' id='word_1_184' title='bbox 2946 1272 3044 1310; x_wconf 89' lang='lat' dir='ltr'>mu</span> <span class='ocrx_word' id='word_1_185' title='bbox 3054 1258 3524 1327; x_wconf 91' lang='lat' dir='ltr'>nere,postquam</span> <span class='ocrx_word' id='word_1_186' title='bbox 3539 1252 3721 1310; x_wconf 89' lang='lat' dir='ltr'>semel</span> <span class='ocrx_word' id='word_1_187' title='bbox 3736 1252 3862 1308; x_wconf 83' lang='lat' dir='ltr'>fue-</span> 
     </span>
    </p>
   </div>
   <div class='ocr_carea' id='block_1_24' title="bbox 2202 1342 3861 1418">
    <p class='ocr_par' dir='ltr' id='par_1_24' title="bbox 2202 1342 3861 1418">
     <span class='ocr_line' id='line_1_24' title="bbox 2202 1342 3861 1418; baseline -0.001 -21"><span class='ocrx_word' id='word_1_188' title='bbox 2202 1343 2588 1415; x_wconf 88' lang='lat' dir='ltr'>ritadeptum,</span> <span class='ocrx_word' id='word_1_189' title='bbox 2606 1348 2797 1418; x_wconf 89' lang='lat' dir='ltr'>potest</span> <span class='ocrx_word' id='word_1_190' title='bbox 2808 1344 2931 1399; x_wconf 80' lang='lat' dir='ltr'>ﬁeri</span> <span class='ocrx_word' id='word_1_191' title='bbox 2946 1342 3331 1399; x_wconf 88' lang='lat' dir='ltr'>nullum?Non</span> <span class='ocrx_word' id='word_1_192' title='bbox 3345 1343 3591 1399; x_wconf 89' lang='lat' dir='ltr'>audisti:</span> <span class='ocrx_word' id='word_1_193' title='bbox 3614 1344 3861 1412; x_wconf 84' lang='lat' dir='ltr'>Liguum</span> 
     </span>
    </p>
   </div>
   <div class='ocr_carea' id='block_1_25' title="bbox 2203 1431 3781 1506">
    <p class='ocr_par' dir='ltr' id='par_1_25' title="bbox 2203 1431 3781 1506">
     <span class='ocr_line' id='line_1_25' title="bbox 2203 1431 3781 1506; baseline 0 -17"><span class='ocrx_word' id='word_1_194' title='bbox 2203 1434 2265 1489; x_wconf 87' lang='lat' dir='ltr'>in</span> <span class='ocrx_word' id='word_1_195' title='bbox 2295 1449 2616 1506; x_wconf 82' lang='lat' dir='ltr'>quocunque</span> <span class='ocrx_word' id='word_1_196' title='bbox 2645 1434 2757 1489; x_wconf 89' lang='lat' dir='ltr'>loco</span> <span class='ocrx_word' id='word_1_197' title='bbox 2787 1433 3064 1499; x_wconf 79' lang='lat' dir='ltr'>ceciderit,</span> <span class='ocrx_word' id='word_1_198' title='bbox 3099 1434 3179 1489; x_wconf 86' lang='lat' dir='ltr'>ibi</span> <span class='ocrx_word' id='word_1_199' title='bbox 3206 1431 3357 1489; x_wconf 86' lang='lat' dir='ltr'>erit?</span> <span class='ocrx_word' id='word_1_200' title='bbox 3388 1432 3574 1505; x_wconf 86' lang='lat' dir='ltr'>(Eceli.</span> <span class='ocrx_word' id='word_1_201' title='bbox 3608 1449 3673 1499; x_wconf 86' lang='lat' dir='ltr'><strong>II,</strong></span> <span class='ocrx_word' id='word_1_202' title='bbox 3702 1434 3781 1503; x_wconf 83' lang='lat'>3).</span> 
     </span>
    </p>
   </div>
   <div class='ocr_carea' id='block_1_26' title="bbox 2276 1519 3863 1599">
    <p class='ocr_par' dir='ltr' id='par_1_26' title="bbox 2276 1519 3863 1599">
     <span class='ocr_line' id='line_1_26' title="bbox 2276 1519 3863 1599; baseline 0.001 -23"><span class='ocrx_word' id='word_1_203' title='bbox 2276 1522 2364 1576; x_wconf 88' lang='lat'>35.</span> <span class='ocrx_word' id='word_1_204' title='bbox 2396 1520 2560 1576; x_wconf 89' lang='lat' dir='ltr'>Unde</span> <span class='ocrx_word' id='word_1_205' title='bbox 2591 1522 2639 1576; x_wconf 91' lang='lat' dir='ltr'>si</span> <span class='ocrx_word' id='word_1_206' title='bbox 2665 1522 2751 1577; x_wconf 92' lang='lat' dir='ltr'>vis</span> <span class='ocrx_word' id='word_1_207' title='bbox 2783 1538 2886 1594; x_wconf 93' lang='lat' dir='ltr'>pro</span> <span class='ocrx_word' id='word_1_208' title='bbox 2917 1522 3116 1577; x_wconf 92' lang='lat' dir='ltr'>anima</span> <span class='ocrx_word' id='word_1_209' title='bbox 3145 1525 3266 1590; x_wconf 90' lang='lat' dir='ltr'>tua,</span> <span class='ocrx_word' id='word_1_210' title='bbox 3289 1519 3378 1577; x_wconf 92' lang='lat' dir='ltr'>vel</span> <span class='ocrx_word' id='word_1_211' title='bbox 3407 1519 3727 1594; x_wconf 79' lang='lat' dir='ltr'>cujuslibet</span> <span class='ocrx_word' id='word_1_212' title='bbox 3754 1522 3863 1599; x_wconf 80' lang='lat' dir='ltr'>da-</span> 
     </span>
    </p>
   </div>
   <div class='ocr_carea' id='block_1_27' title="bbox 2206 1609 3865 1683">
    <p class='ocr_par' dir='ltr' id='par_1_27' title="bbox 2206 1609 3865 1683">
     <span class='ocr_line' id='line_1_27' title="bbox 2206 1609 3865 1683; baseline 0 -17"><span class='ocrx_word' id='word_1_213' title='bbox 2206 1627 2287 1680; x_wconf 93' lang='lat' dir='ltr'>re,</span> <span class='ocrx_word' id='word_1_214' title='bbox 2316 1611 2457 1666; x_wconf 91' lang='lat' dir='ltr'>dum</span> <span class='ocrx_word' id='word_1_215' title='bbox 2488 1614 2551 1667; x_wconf 92' lang='lat' dir='ltr'>tu</span> <span class='ocrx_word' id='word_1_216' title='bbox 2581 1609 2725 1667; x_wconf 89' lang='lat' dir='ltr'>illud</span> <span class='ocrx_word' id='word_1_217' title='bbox 2757 1611 3042 1683; x_wconf 90' lang='lat' dir='ltr'>possides,</span> <span class='ocrx_word' id='word_1_218' title='bbox 3078 1612 3183 1679; x_wconf 90' lang='lat' dir='ltr'>da;</span> <span class='ocrx_word' id='word_1_219' title='bbox 3212 1611 3354 1667; x_wconf 88' lang='lat' dir='ltr'>dum</span> <span class='ocrx_word' id='word_1_220' title='bbox 3381 1609 3467 1667; x_wconf 93' lang='lat' dir='ltr'>tui</span> <span class='ocrx_word' id='word_1_221' title='bbox 3487 1614 3576 1667; x_wconf 91' lang='lat' dir='ltr'>est</span> <span class='ocrx_word' id='word_1_222' title='bbox 3586 1610 3865 1683; x_wconf 89' lang='lat' dir='ltr'>juris,tui</span> 
     </span>
    </p>
   </div>
   <div class='ocr_carea' id='block_1_28' title="bbox 2206 1699 3867 1772">
    <p class='ocr_par' dir='ltr' id='par_1_28' title="bbox 2206 1699 3867 1772">
     <span class='ocr_line' id='line_1_28' title="bbox 2206 1699 3867 1772; baseline 0.001 -17"><span class='ocrx_word' id='word_1_223' title='bbox 2206 1699 2580 1769; x_wconf 72' lang='lat' dir='ltr'>arbitrii,tuae</span> <span class='ocrx_word' id='word_1_224' title='bbox 2607 1701 3081 1772; x_wconf 91' lang='lat' dir='ltr'>potestatis,dum</span> <span class='ocrx_word' id='word_1_225' title='bbox 3102 1700 3260 1756; x_wconf 91' lang='lat' dir='ltr'>vales</span> <span class='ocrx_word' id='word_1_226' title='bbox 3285 1701 3513 1769; x_wconf 88' lang='lat' dir='ltr'>redimi,</span> <span class='ocrx_word' id='word_1_227' title='bbox 3538 1701 3683 1756; x_wconf 91' lang='lat' dir='ltr'><strong>dum</strong></span> <span class='ocrx_word' id='word_1_228' title='bbox 3704 1700 3867 1756; x_wconf 85' lang='lat' dir='ltr'>vales</span> 
     </span>
    </p>
   </div>
   <div class='ocr_carea' id='block_1_29' title="bbox 2205 1786 3864 1862">
    <p class='ocr_par' dir='ltr' id='par_1_29' title="bbox 2205 1786 3864 1862">
     <span class='ocr_line' id='line_1_29' title="bbox 2205 1786 3864 1862; baseline 0.002 -20"><span class='ocrx_word' id='word_1_229' title='bbox 2205 1786 2462 1843; x_wconf 91' lang='lat' dir='ltr'>liberari.</span> <span class='ocrx_word' id='word_1_230' title='bbox 2494 1788 2714 1844; x_wconf 70' lang='lat' dir='ltr'>Divitias</span> <span class='ocrx_word' id='word_1_231' title='bbox 2747 1789 2903 1845; x_wconf 88' lang='lat' dir='ltr'>enim</span> <span class='ocrx_word' id='word_1_232' title='bbox 2933 1794 3046 1845; x_wconf 66' lang='lat' dir='ltr'>tuae</span> <span class='ocrx_word' id='word_1_233' title='bbox 3086 1794 3143 1845; x_wconf 90' lang='lat' dir='ltr'>te</span> <span class='ocrx_word' id='word_1_234' title='bbox 3194 1790 3534 1845; x_wconf 87' lang='lat' dir='ltr'>antecedere</span> <span class='ocrx_word' id='word_1_235' title='bbox 3585 1793 3864 1862; x_wconf 86' lang='lat' dir='ltr'>possunt,</span> 
     </span>
    </p>
   </div>
   <div class='ocr_carea' id='block_1_30' title="bbox 451 1874 3866 1977">
    <p class='ocr_par' dir='ltr' id='par_1_30' title="bbox 451 1874 3866 1977">
     <span class='ocr_line' id='line_1_30' title="bbox 451 1874 3866 1977; baseline 0 -42"><span class='ocrx_word' id='word_1_236' title='bbox 451 1880 746 1952; x_wconf 84' lang='lat' dir='ltr'>proprium</span> <span class='ocrx_word' id='word_1_237' title='bbox 772 1880 944 1948; x_wconf 85' lang='lat' dir='ltr'>dicas,</span> <span class='ocrx_word' id='word_1_238' title='bbox 977 1880 1116 1953; x_wconf 88' lang='lat' dir='ltr'>quod</span> <span class='ocrx_word' id='word_1_239' title='bbox 1143 1874 1357 1937; x_wconf 84' lang='lat' dir='ltr'>mutari</span> <span class='ocrx_word' id='word_1_240' title='bbox 1389 1889 1583 1954; x_wconf 80' lang='lat' dir='ltr'>potest.</span> <span class='ocrx_word' id='word_1_241' title='bbox 1635 1881 1747 1938; x_wconf 90' lang='lat' dir='ltr'>Sed</span> <span class='ocrx_word' id='word_1_242' title='bbox 1798 1880 2099 1963; x_wconf 84' lang='lat' dir='ltr'>videamus</span> <span class='ocrx_word' id='word_1_243' title='bbox 2126 1910 2177 1977; x_wconf 81' lang='grc' dir='ltr'>Β</span> <span class='ocrx_word' id='word_1_244' title='bbox 2208 1877 2373 1949; x_wconf 86' lang='lat' dir='ltr'>sequi</span> <span class='ocrx_word' id='word_1_245' title='bbox 2405 1878 2642 1934; x_wconf 90' lang='lat' dir='ltr'>omnino</span> <span class='ocrx_word' id='word_1_246' title='bbox 2673 1895 2790 1933; x_wconf 91' lang='lat' dir='ltr'>non</span> <span class='ocrx_word' id='word_1_247' title='bbox 2821 1881 3088 1952; x_wconf 91' lang='lat' dir='ltr'>possunt.</span> <span class='ocrx_word' id='word_1_248' title='bbox 3125 1877 3229 1933; x_wconf 89' lang='lat' dir='ltr'>Hic</span> <span class='ocrx_word' id='word_1_249' title='bbox 3263 1895 3446 1935; x_wconf 91' lang='lat' dir='ltr'>sanus</span> <span class='ocrx_word' id='word_1_250' title='bbox 3477 1878 3667 1952; x_wconf 89' lang='lat' dir='ltr'>incipe</span> <span class='ocrx_word' id='word_1_251' title='bbox 3698 1879 3866 1947; x_wconf 89' lang='lat' dir='ltr'>dare,</span> 
     </span>
    </p>
   </div>
   <div class='ocr_carea' id='block_1_31' title="bbox 457 1969 2098 2042">
    <p class='ocr_par' dir='ltr' id='par_1_31' title="bbox 457 1969 2098 2042">
     <span class='ocr_line' id='line_1_31' title="bbox 457 1969 2098 2042; baseline 0.001 -18"><span class='ocrx_word' id='word_1_252' title='bbox 457 1972 684 2024; x_wconf 71' lang='lat' dir='ltr'>cetera.</span> <span class='ocrx_word' id='word_1_253' title='bbox 742 1969 1008 2025; x_wconf 86' lang='lat' dir='ltr'>Forsitan</span> <span class='ocrx_word' id='word_1_254' title='bbox 1062 1969 1291 2025; x_wconf 82' lang='lat' dir='ltr'>firmius</span> <span class='ocrx_word' id='word_1_255' title='bbox 1346 1970 1612 2042; x_wconf 91' lang='lat' dir='ltr'>possides</span> <span class='ocrx_word' id='word_1_256' title='bbox 1661 1987 1747 2026; x_wconf 91' lang='lat' dir='ltr'>ea.</span> <span class='ocrx_word' id='word_1_257' title='bbox 1781 1970 1962 2038; x_wconf 90' lang='lat' dir='ltr'>Servi,</span> <span class='ocrx_word' id='word_1_258' title='bbox 1996 1987 2098 2026; x_wconf 88' lang='lat' dir='ltr'>an-</span> 
     </span>
    </p>
   </div>
   <div class='ocr_carea' id='block_1_32' title="bbox 456 2056 2096 2131">
    <p class='ocr_par' dir='ltr' id='par_1_32' title="bbox 456 2056 2096 2131">
     <span class='ocr_line' id='line_1_32' title="bbox 456 2056 2096 2131; baseline -0.001 -18"><span class='ocrx_word' id='word_1_259' title='bbox 456 2056 622 2128; x_wconf 68' lang='lat' dir='ltr'>cillas,</span> <span class='ocrx_word' id='word_1_260' title='bbox 654 2057 810 2129; x_wconf 81' lang='lat' dir='ltr'>equi,</span> <span class='ocrx_word' id='word_1_261' title='bbox 838 2058 1012 2113; x_wconf 90' lang='lat' dir='ltr'>boves</span> <span class='ocrx_word' id='word_1_262' title='bbox 1035 2062 1359 2130; x_wconf 89' lang='lat' dir='ltr'>possuntne</span> <span class='ocrx_word' id='word_1_263' title='bbox 1404 2076 1438 2115; x_wconf 93' lang='lat' dir='ltr'>a</span> <span class='ocrx_word' id='word_1_264' title='bbox 1486 2059 1856 2131; x_wconf 65' lang='lat' dir='ltr'>praedonibus</span> <span class='ocrx_word' id='word_1_265' title='bbox 1900 2058 2096 2131; x_wconf 90' lang='lat' dir='ltr'><strong>diripi,</strong></span> 
     </span>
    </p>
   </div>
   <div class='ocr_carea' id='block_1_33' title="bbox 458 2142 2102 2221">
    <p class='ocr_par' dir='ltr' id='par_1_33' title="bbox 458 2142 2102 2221">
     <span class='ocr_line' id='line_1_33' title="bbox 458 2142 2102 2221; baseline 0.001 -19"><span class='ocrx_word' id='word_1_266' title='bbox 458 2146 624 2203; x_wconf 89' lang='lat' dir='ltr'>clade</span> <span class='ocrx_word' id='word_1_267' title='bbox 652 2142 954 2220; x_wconf 86' lang='lat' dir='ltr'>opprimi?</span> <span class='ocrx_word' id='word_1_268' title='bbox 980 2147 1065 2202; x_wconf 87' lang='lat' dir='ltr'><strong>Ad</strong></span> <span class='ocrx_word' id='word_1_269' title='bbox 1092 2150 1453 2219; x_wconf 90' lang='lat' dir='ltr'>postremum</span> <span class='ocrx_word' id='word_1_270' title='bbox 1503 2165 1694 2204; x_wconf 89' lang='lat' dir='ltr'>nonne</span> <span class='ocrx_word' id='word_1_271' title='bbox 1723 2147 1816 2204; x_wconf 91' lang='lat' dir='ltr'>his</span> <span class='ocrx_word' id='word_1_272' title='bbox 1846 2165 2008 2221; x_wconf 78' lang='lat' dir='ltr'>seque</span> <span class='ocrx_word' id='word_1_273' title='bbox 2036 2165 2102 2203; x_wconf 92' lang='lat' dir='ltr'>ac</span> 
     </span>
    </p>
   </div>
   <div class='ocr_carea' id='block_1_34' title="bbox 456 2234 2103 2310">
    <p class='ocr_par' dir='ltr' id='par_1_34' title="bbox 456 2234 2103 2310">
     <span class='ocr_line' id='line_1_34' title="bbox 456 2234 2103 2310; baseline 0.001 -19"><span class='ocrx_word' id='word_1_274' title='bbox 456 2234 565 2292; x_wconf 89' lang='lat' dir='ltr'>tibi</span> <span class='ocrx_word' id='word_1_275' title='bbox 587 2234 700 2307; x_wconf 85' lang='lat'>(67)</span> <span class='ocrx_word' id='word_1_276' title='bbox 723 2252 850 2292; x_wconf 90' lang='lat' dir='ltr'>sors</span> <span class='ocrx_word' id='word_1_277' title='bbox 865 2237 954 2292; x_wconf 87' lang='lat' dir='ltr'>est</span> <span class='ocrx_word' id='word_1_278' title='bbox 974 2234 1298 2309; x_wconf 88' lang='lat' dir='ltr'>moriendi?</span> <span class='ocrx_word' id='word_1_279' title='bbox 1318 2240 1522 2293; x_wconf 87' lang='lat' dir='ltr'>Vestes</span> <span class='ocrx_word' id='word_1_280' title='bbox 1543 2241 1841 2310; x_wconf 89' lang='lat' dir='ltr'>nequeunt</span> <span class='ocrx_word' id='word_1_281' title='bbox 1861 2255 1895 2293; x_wconf 91' lang='lat' dir='ltr'><strong>a</strong></span> <span class='ocrx_word' id='word_1_282' title='bbox 1915 2235 2103 2293; x_wconf 64' lang='lat' dir='ltr'>tinaeis</span> 
     </span>
    </p>
   </div>
   <div class='ocr_carea' id='block_1_35' title="bbox 457 2323 2100 2397">
    <p class='ocr_par' dir='ltr' id='par_1_35' title="bbox 457 2323 2100 2397">
     <span class='ocr_line' id='line_1_35' title="bbox 457 2323 2100 2397; baseline 0.001 -17"><span class='ocrx_word' id='word_1_283' title='bbox 457 2323 774 2381; x_wconf 87' lang='lat' dir='ltr'>demoliri?</span> <span class='ocrx_word' id='word_1_284' title='bbox 793 2324 943 2392; x_wconf 88' lang='lat' dir='ltr'>Scio,</span> <span class='ocrx_word' id='word_1_285' title='bbox 981 2324 1200 2397; x_wconf 81' lang='lat' dir='ltr'>inquis,</span> <span class='ocrx_word' id='word_1_286' title='bbox 1230 2325 1556 2382; x_wconf 90' lang='lat' dir='ltr'>remedium</span> <span class='ocrx_word' id='word_1_287' title='bbox 1587 2326 1743 2382; x_wconf 92' lang='lat' dir='ltr'>inde.</span> <span class='ocrx_word' id='word_1_288' title='bbox 1774 2326 1943 2382; x_wconf 91' lang='lat' dir='ltr'>Bene.</span> <span class='ocrx_word' id='word_1_289' title='bbox 1976 2325 2100 2381; x_wconf 87' lang='lat' dir='ltr'>Ali-</span> 
     </span>
    </p>
   </div>
   <div class='ocr_carea' id='block_1_36' title="bbox 457 2412 2103 2486">
    <p class='ocr_par' dir='ltr' id='par_1_36' title="bbox 457 2412 2103 2486">
     <span class='ocr_line' id='line_1_36' title="bbox 457 2412 2103 2486; baseline 0.001 -17"><span class='ocrx_word' id='word_1_290' title='bbox 457 2413 601 2486; x_wconf 91' lang='lat' dir='ltr'><strong>quid</strong></span> <span class='ocrx_word' id='word_1_291' title='bbox 646 2413 813 2483; x_wconf 25' lang='lat' dir='ltr'><strong>ncsti,</strong></span> <span class='ocrx_word' id='word_1_292' title='bbox 848 2412 1112 2481; x_wconf 88' lang='lat' dir='ltr'>remedii,</span> <span class='ocrx_word' id='word_1_293' title='bbox 1145 2430 1212 2468; x_wconf 79' lang='lat' dir='ltr'>nt</span> <span class='ocrx_word' id='word_1_294' title='bbox 1254 2413 1388 2485; x_wconf 90' lang='lat' dir='ltr'>igne</span> <span class='ocrx_word' id='word_1_295' title='bbox 1417 2429 1530 2469; x_wconf 91' lang='lat' dir='ltr'>non</span> <span class='ocrx_word' id='word_1_296' title='bbox 1565 2415 1794 2486; x_wconf 91' lang='lat' dir='ltr'>possint</span> <span class='ocrx_word' id='word_1_297' title='bbox 1825 2414 2103 2479; x_wconf 83' lang='lat' dir='ltr'>absumi?</span> 
     </span>
    </p>
   </div>
   <div class='ocr_carea' id='block_1_37' title="bbox 454 2496 2102 2574">
    <p class='ocr_par' dir='ltr' id='par_1_37' title="bbox 454 2496 2102 2574">
     <span class='ocr_line' id='line_1_37' title="bbox 454 2496 2102 2574; baseline 0.001 -16"><span class='ocrx_word' id='word_1_298' title='bbox 454 2502 605 2569; x_wconf 86' lang='lat' dir='ltr'>Non,</span> <span class='ocrx_word' id='word_1_299' title='bbox 633 2500 855 2574; x_wconf 88' lang='lat' dir='ltr'>inquis,</span> <span class='ocrx_word' id='word_1_300' title='bbox 887 2501 989 2558; x_wconf 90' lang='lat' dir='ltr'>sed</span> <span class='ocrx_word' id='word_1_301' title='bbox 1023 2500 1190 2557; x_wconf 90' lang='lat' dir='ltr'>mitto</span> <span class='ocrx_word' id='word_1_302' title='bbox 1220 2496 1318 2558; x_wconf 86' lang='lat' dir='ltr'>eas</span> <span class='ocrx_word' id='word_1_303' title='bbox 1346 2500 1505 2569; x_wconf 92' lang='lat' dir='ltr'>illuc,</span> <span class='ocrx_word' id='word_1_304' title='bbox 1543 2502 1640 2558; x_wconf 92' lang='lat' dir='ltr'>ubi</span> <span class='ocrx_word' id='word_1_305' title='bbox 1688 2503 2016 2569; x_wconf 86' lang='lat' dir='ltr'>continetur</span> <span class='ocrx_word' id='word_1_306' title='bbox 2045 2507 2102 2560; x_wconf 92' lang='lat' dir='ltr'>et</span> 
     </span>
    </p>
   </div>
   <div class='ocr_carea' id='block_1_38' title="bbox 456 2588 2099 2665">
    <p class='ocr_par' dir='ltr' id='par_1_38' title="bbox 456 2588 2099 2665">
     <span class='ocr_line' id='line_1_38' title="bbox 456 2588 2099 2665; baseline 0.002 -18"><span class='ocrx_word' id='word_1_307' title='bbox 456 2607 689 2651; x_wconf 85' lang='lat' dir='ltr'>aurum.</span> <span class='ocrx_word' id='word_1_308' title='bbox 718 2591 821 2645; x_wconf 86' lang='lat' dir='ltr'>Est</span> <span class='ocrx_word' id='word_1_309' title='bbox 844 2588 1009 2647; x_wconf 90' lang='lat' dir='ltr'>locus</span> <span class='ocrx_word' id='word_1_310' title='bbox 1039 2594 1331 2659; x_wconf 89' lang='lat' dir='ltr'>arcuatus,</span> <span class='ocrx_word' id='word_1_311' title='bbox 1365 2607 1480 2646; x_wconf 92' lang='lat' dir='ltr'>non</span> <span class='ocrx_word' id='word_1_312' title='bbox 1510 2590 1663 2657; x_wconf 86' lang='lat' dir='ltr'>valet</span> <span class='ocrx_word' id='word_1_313' title='bbox 1690 2591 1810 2665; x_wconf 91' lang='lat' dir='ltr'>igni</span> <span class='ocrx_word' id='word_1_314' title='bbox 1840 2609 1969 2649; x_wconf 91' lang='lat' dir='ltr'>esse</span> <span class='ocrx_word' id='word_1_315' title='bbox 2005 2610 2099 2649; x_wconf 92' lang='lat' dir='ltr'>ac-</span> 
     </span>
    </p>
   </div>
   <div class='ocr_carea' id='block_1_39' title="bbox 455 2670 2096 2754">
    <p class='ocr_par' dir='ltr' id='par_1_39' title="bbox 455 2670 2096 2754">
     <span class='ocr_line' id='line_1_39' title="bbox 455 2670 2096 2754; baseline 0 -17"><span class='ocrx_word' id='word_1_316' title='bbox 455 2696 679 2737; x_wconf 85' lang='lat' dir='ltr'>cessus.</span> <span class='ocrx_word' id='word_1_317' title='bbox 737 2679 1018 2736; x_wconf 90' lang='lat' dir='ltr'>Concedo.</span> <span class='ocrx_word' id='word_1_318' title='bbox 1074 2670 1316 2751; x_wconf 48' lang='lat' dir='ltr'>S&#39;emper</span> <span class='ocrx_word' id='word_1_319' title='bbox 1369 2695 1505 2754; x_wconf 90' lang='lat' dir='ltr'>ergo</span> <span class='ocrx_word' id='word_1_320' title='bbox 1553 2679 1670 2735; x_wconf 92' lang='lat' dir='ltr'>illic</span> <span class='ocrx_word' id='word_1_321' title='bbox 1700 2682 1917 2737; x_wconf 89' lang='lat' dir='ltr'>erunt?</span> <span class='ocrx_word' id='word_1_322' title='bbox 1949 2699 2096 2737; x_wconf 89' lang='lat' dir='ltr'>nun-</span> 
     </span>
    </p>
   </div>
   <div class='ocr_carea' id='block_1_40' title="bbox 456 2767 2100 2842">
    <p class='ocr_par' dir='ltr' id='par_1_40' title="bbox 456 2767 2100 2842">
     <span class='ocr_line' id='line_1_40' title="bbox 456 2767 2100 2842; baseline 0.001 -18"><span class='ocrx_word' id='word_1_323' title='bbox 456 2784 713 2840; x_wconf 88' lang='lat' dir='ltr'>quamne</span> <span class='ocrx_word' id='word_1_324' title='bbox 742 2767 883 2823; x_wconf 90' lang='lat' dir='ltr'>foris</span> <span class='ocrx_word' id='word_1_325' title='bbox 914 2767 1234 2839; x_wconf 90' lang='lat' dir='ltr'>prodibunt</span> <span class='ocrx_word' id='word_1_326' title='bbox 1256 2772 1280 2824; x_wconf 74' lang='grc' dir='ltr'><strong><em>Ρ</em></strong></span> <span class='ocrx_word' id='word_1_327' title='bbox 1300 2768 1534 2824; x_wconf 88' lang='lat' dir='ltr'>Facient</span> <span class='ocrx_word' id='word_1_328' title='bbox 1555 2768 1899 2842; x_wconf 90' lang='lat' dir='ltr'>plane,Quid</span> <span class='ocrx_word' id='word_1_329' title='bbox 1933 2771 2100 2826; x_wconf 92' lang='lat' dir='ltr'>tunc?</span> 
     </span>
    </p>
   </div>
   <div class='ocr_carea' id='block_1_41' title="bbox 457 2855 2101 2932">
    <p class='ocr_par' dir='ltr' id='par_1_41' title="bbox 457 2855 2101 2932">
     <span class='ocr_line' id='line_1_41' title="bbox 457 2855 2101 2932; baseline 0.002 -19"><span class='ocrx_word' id='word_1_330' title='bbox 457 2857 518 2914; x_wconf 92' lang='lat' dir='ltr'>Si</span> <span class='ocrx_word' id='word_1_331' title='bbox 548 2856 740 2926; x_wconf 66' lang='lat' dir='ltr'>salvae,</span> <span class='ocrx_word' id='word_1_332' title='bbox 773 2855 944 2913; x_wconf 68' lang='lat' dir='ltr'>salvae</span> <span class='ocrx_word' id='word_1_333' title='bbox 969 2873 982 2925; x_wconf 96' lang='lat'>;</span> <span class='ocrx_word' id='word_1_334' title='bbox 1003 2855 1053 2911; x_wconf 92' lang='lat' dir='ltr'><strong>si</strong></span> <span class='ocrx_word' id='word_1_335' title='bbox 1083 2855 1342 2929; x_wconf 68' lang='lat' dir='ltr'>perditae,</span> <span class='ocrx_word' id='word_1_336' title='bbox 1374 2856 1748 2929; x_wconf 69' lang='lat' dir='ltr'>perditae.Ubi</span> <span class='ocrx_word' id='word_1_337' title='bbox 1778 2874 1913 2932; x_wconf 91' lang='lat' dir='ltr'>ergo</span> <span class='ocrx_word' id='word_1_338' title='bbox 1935 2864 2101 2916; x_wconf 86' lang='lat' dir='ltr'>tanta</span> 
     </span>
    </p>
   </div>
   <div class='ocr_carea' id='block_1_42' title="bbox 458 2945 2101 3019">
    <p class='ocr_par' dir='ltr' id='par_1_42' title="bbox 458 2945 2101 3019">
     <span class='ocr_line' id='line_1_42' title="bbox 458 2945 2101 3019; baseline 0.001 -17"><span class='ocrx_word' id='word_1_339' title='bbox 458 2945 776 3019; x_wconf 85' lang='lat' dir='ltr'>diligentia,</span> <span class='ocrx_word' id='word_1_340' title='bbox 808 2948 973 3001; x_wconf 82' lang='lat' dir='ltr'>tanta</span> <span class='ocrx_word' id='word_1_341' title='bbox 1009 2945 1318 3002; x_wconf 78' lang='lat' dir='ltr'>custodia?</span> <span class='ocrx_word' id='word_1_342' title='bbox 1346 2945 1494 3010; x_wconf 89' lang='lat' dir='ltr'><strong>Quid</strong></span> <span class='ocrx_word' id='word_1_343' title='bbox 1526 2946 1743 3019; x_wconf 91' lang='lat' dir='ltr'>profuit</span> <span class='ocrx_word' id='word_1_344' title='bbox 1770 2950 1930 3004; x_wconf 90' lang='lat' dir='ltr'>tanto</span> <span class='ocrx_word' id='word_1_345' title='bbox 1959 2951 2101 3005; x_wconf 88' lang='lat' dir='ltr'>tem-</span> 
     </span>
    </p>
   </div>
   <div class='ocr_carea' id='block_1_43' title="bbox 455 3032 2098 3108">
    <p class='ocr_par' dir='ltr' id='par_1_43' title="bbox 455 3032 2098 3108">
     <span class='ocr_line' id='line_1_43' title="bbox 455 3032 2098 3108; baseline 0.002 -17"><span class='ocrx_word' id='word_1_346' title='bbox 455 3050 594 3108; x_wconf 90' lang='lat' dir='ltr'>pore</span> <span class='ocrx_word' id='word_1_347' title='bbox 632 3032 1300 3105; x_wconf 88' lang='lat' dir='ltr'>custodisse,aliquando</span> <span class='ocrx_word' id='word_1_348' title='bbox 1337 3034 1661 3108; x_wconf 88' lang='lat' dir='ltr'>perdidisse</span> <span class='ocrx_word' id='word_1_349' title='bbox 1681 3037 1710 3091; x_wconf 88' lang='lat'>?</span> <span class='ocrx_word' id='word_1_350' title='bbox 1738 3036 1870 3094; x_wconf 88' lang='lat' dir='ltr'>Esto</span> <span class='ocrx_word' id='word_1_351' title='bbox 1893 3036 1973 3092; x_wconf 91' lang='lat' dir='ltr'>nil</span> <span class='ocrx_word' id='word_1_352' title='bbox 1995 3038 2098 3094; x_wconf 92' lang='lat' dir='ltr'>ho-</span> 
     </span>
    </p>
   </div>
   <div class='ocr_carea' id='block_1_44' title="bbox 455 3122 2099 3196">
    <p class='ocr_par' dir='ltr' id='par_1_44' title="bbox 455 3122 2099 3196">
     <span class='ocr_line' id='line_1_44' title="bbox 455 3122 2099 3196; baseline 0.002 -16"><span class='ocrx_word' id='word_1_353' title='bbox 455 3139 587 3180; x_wconf 90' lang='lat' dir='ltr'>rum</span> <span class='ocrx_word' id='word_1_354' title='bbox 619 3123 954 3196; x_wconf 85' lang='lat' dir='ltr'>contingat;</span> <span class='ocrx_word' id='word_1_355' title='bbox 990 3122 1122 3195; x_wconf 89' lang='lat' dir='ltr'><strong>quis</strong></span> <span class='ocrx_word' id='word_1_356' title='bbox 1150 3125 1303 3179; x_wconf 90' lang='lat' dir='ltr'>tuas.</span> <span class='ocrx_word' id='word_1_357' title='bbox 1337 3139 1472 3179; x_wconf 92' lang='lat' dir='ltr'><strong>cum</strong></span> <span class='ocrx_word' id='word_1_358' title='bbox 1503 3122 1639 3180; x_wconf 94' lang='lat' dir='ltr'>hinc</span> <span class='ocrx_word' id='word_1_359' title='bbox 1668 3125 2099 3192; x_wconf 88' lang='lat' dir='ltr'>vadis,divitias</span> 
     </span>
    </p>
   </div>
   <div class='ocr_carea' id='block_1_45' title="bbox 451 3211 2099 3289">
    <p class='ocr_par' dir='ltr' id='par_1_45' title="bbox 451 3211 2099 3289">
     <span class='ocr_line' id='line_1_45' title="bbox 451 3211 2099 3289; baseline 0.001 -20"><span class='ocrx_word' id='word_1_360' title='bbox 451 3216 647 3269; x_wconf 84' lang='lat' dir='ltr'>tecum</span> <span class='ocrx_word' id='word_1_361' title='bbox 676 3211 905 3289; x_wconf 86' lang='lat' dir='ltr'>portat?</span> <span class='ocrx_word' id='word_1_362' title='bbox 932 3211 1135 3268; x_wconf 88' lang='lat' dir='ltr'>Nonne</span> <span class='ocrx_word' id='word_1_363' title='bbox 1159 3216 1217 3267; x_wconf 90' lang='lat' dir='ltr'>te</span> <span class='ocrx_word' id='word_1_364' title='bbox 1237 3212 1404 3269; x_wconf 90' lang='lat' dir='ltr'>video</span> <span class='ocrx_word' id='word_1_365' title='bbox 1432 3211 1627 3286; x_wconf 88' lang='lat' dir='ltr'>ligatis</span> <span class='ocrx_word' id='word_1_366' title='bbox 1658 3217 1752 3270; x_wconf 76' lang='grc'>41</span> <span class='ocrx_word' id='word_1_367' title='bbox 1790 3214 2099 3287; x_wconf 91' lang='lat' dir='ltr'>pollicibus</span> 
     </span>
    </p>
   </div>
   <div class='ocr_carea' id='block_1_46' title="bbox 2208 1965 3869 2040">
    <p class='ocr_par' dir='ltr' id='par_1_46' title="bbox 2208 1965 3869 2040">
     <span class='ocr_line' id='line_1_46' title="bbox 2208 1965 3869 2040; baseline 0.001 -20"><span class='ocrx_word' id='word_1_368' title='bbox 2208 1968 2265 2020; x_wconf 92' lang='lat' dir='ltr'>et</span> <span class='ocrx_word' id='word_1_369' title='bbox 2316 1965 2366 2021; x_wconf 92' lang='lat' dir='ltr'>si</span> <span class='ocrx_word' id='word_1_370' title='bbox 2404 1966 2717 2022; x_wconf 83' lang='lat' dir='ltr'>inﬁrmitas</span> <span class='ocrx_word' id='word_1_371' title='bbox 2773 1966 2986 2031; x_wconf 86' lang='lat' dir='ltr'>evenit,</span> <span class='ocrx_word' id='word_1_372' title='bbox 3044 1966 3368 2024; x_wconf 89' lang='lat' dir='ltr'>studiosius</span> <span class='ocrx_word' id='word_1_373' title='bbox 3424 1982 3639 2040; x_wconf 91' lang='lat' dir='ltr'>eroga;</span> <span class='ocrx_word' id='word_1_374' title='bbox 3699 1970 3758 2023; x_wconf 92' lang='lat' dir='ltr'>et</span> <span class='ocrx_word' id='word_1_375' title='bbox 3814 1966 3869 2023; x_wconf 88' lang='lat' dir='ltr'>si</span> 
     </span>
    </p>
   </div>
   <div class='ocr_carea' id='block_1_47' title="bbox 2208 2055 3869 2129">
    <p class='ocr_par' dir='ltr' id='par_1_47' title="bbox 2208 2055 3869 2129">
     <span class='ocr_line' id='line_1_47' title="bbox 2208 2055 3869 2129; baseline 0.002 -21"><span class='ocrx_word' id='word_1_376' title='bbox 2208 2070 2367 2110; x_wconf 90' lang='lat' dir='ltr'>mors</span> <span class='ocrx_word' id='word_1_377' title='bbox 2424 2056 2755 2123; x_wconf 89' lang='lat' dir='ltr'>intervenit,</span> <span class='ocrx_word' id='word_1_378' title='bbox 2816 2073 2887 2111; x_wconf 92' lang='lat' dir='ltr'>ne</span> <span class='ocrx_word' id='word_1_379' title='bbox 2941 2055 3188 2124; x_wconf 90' lang='lat' dir='ltr'>timeas;</span> <span class='ocrx_word' id='word_1_380' title='bbox 3234 2056 3390 2129; x_wconf 93' lang='lat' dir='ltr'>quod</span> <span class='ocrx_word' id='word_1_381' title='bbox 3429 2055 3524 2112; x_wconf 88' lang='lat' dir='ltr'>hic</span> <span class='ocrx_word' id='word_1_382' title='bbox 3561 2061 3869 2129; x_wconf 89' lang='lat' dir='ltr'>erogatur,</span> 
     </span>
    </p>
   </div>
   <div class='ocr_carea' id='block_1_48' title="bbox 2208 2142 3989 2218">
    <p class='ocr_par' dir='ltr' id='par_1_48' title="bbox 2208 2142 3989 2218">
     <span class='ocr_line' id='line_1_48' title="bbox 2208 2142 3989 2218; baseline 0.002 -21"><span class='ocrx_word' id='word_1_383' title='bbox 2208 2142 2328 2199; x_wconf 92' lang='lat' dir='ltr'>illic</span> <span class='ocrx_word' id='word_1_384' title='bbox 2360 2144 2657 2216; x_wconf 84' lang='lat' dir='ltr'>proficiet;</span> <span class='ocrx_word' id='word_1_385' title='bbox 2690 2148 2920 2200; x_wconf 89' lang='lat' dir='ltr'>tantum</span> <span class='ocrx_word' id='word_1_386' title='bbox 2953 2163 3023 2201; x_wconf 88' lang='lat' dir='ltr'>ne</span> <span class='ocrx_word' id='word_1_387' title='bbox 3064 2146 3217 2201; x_wconf 90' lang='lat' dir='ltr'>Deus</span> <span class='ocrx_word' id='word_1_388' title='bbox 3257 2162 3459 2201; x_wconf 89' lang='lat' dir='ltr'>serum</span> <span class='ocrx_word' id='word_1_389' title='bbox 3495 2146 3729 2218; x_wconf 88' lang='lat' dir='ltr'>judicet</span> <span class='ocrx_word' id='word_1_390' title='bbox 3776 2146 3870 2201; x_wconf 85' lang='lat' dir='ltr'>in-</span> <span class='ocrx_word' id='word_1_391' title='bbox 3982 2154 3989 2157; x_wconf 84' lang='grc'><strong><em>“</em></strong></span> 
     </span>
    </p>
   </div>
   <div class='ocr_carea' id='block_1_49' title="bbox 2211 2233 3875 2308">
    <p class='ocr_par' dir='ltr' id='par_1_49' title="bbox 2211 2233 3875 2308">
     <span class='ocr_line' id='line_1_49' title="bbox 2211 2233 3875 2308; baseline 0.001 -20"><span class='ocrx_word' id='word_1_392' title='bbox 2211 2237 2487 2305; x_wconf 73' lang='lat' dir='ltr'>emptum,</span> <span class='ocrx_word' id='word_1_393' title='bbox 2556 2233 2963 2290; x_wconf 86' lang='lat' dir='ltr'>necessitatem</span> <span class='ocrx_word' id='word_1_394' title='bbox 3033 2251 3150 2289; x_wconf 90' lang='lat' dir='ltr'>non</span> <span class='ocrx_word' id='word_1_395' title='bbox 3232 2234 3512 2303; x_wconf 89' lang='lat' dir='ltr'>attendat,</span> <span class='ocrx_word' id='word_1_396' title='bbox 3580 2235 3875 2308; x_wconf 87' lang='lat' dir='ltr'>approbet</span> 
     </span>
    </p>
   </div>
   <div class='ocr_carea' id='block_1_50' title="bbox 2207 2322 3871 2396">
    <p class='ocr_par' dir='ltr' id='par_1_50' title="bbox 2207 2322 3871 2396">
     <span class='ocr_line' id='line_1_50' title="bbox 2207 2322 3871 2396; baseline 0.001 -18"><span class='ocrx_word' id='word_1_397' title='bbox 2207 2322 2587 2390; x_wconf 84' lang='lat' dir='ltr'>voluntatem,</span> <span class='ocrx_word' id='word_1_398' title='bbox 2644 2340 2761 2379; x_wconf 88' lang='lat' dir='ltr'>non</span> <span class='ocrx_word' id='word_1_399' title='bbox 2810 2323 3195 2396; x_wconf 87' lang='lat' dir='ltr'>reprehendat</span> <span class='ocrx_word' id='word_1_400' title='bbox 3250 2323 3680 2380; x_wconf 90' lang='lat' dir='ltr'>intentionem:</span> <span class='ocrx_word' id='word_1_401' title='bbox 3725 2342 3871 2380; x_wconf 90' lang='lat' dir='ltr'>con-</span> 
     </span>
    </p>
   </div>
   <div class='ocr_carea' id='block_1_51' title="bbox 2210 2411 3874 2482">
    <p class='ocr_par' dir='ltr' id='par_1_51' title="bbox 2210 2411 3874 2482">
     <span class='ocr_line' id='line_1_51' title="bbox 2210 2411 3874 2482; baseline 0.001 -14"><span class='ocrx_word' id='word_1_402' title='bbox 2210 2412 2426 2469; x_wconf 83' lang='lat' dir='ltr'>sideret</span> <span class='ocrx_word' id='word_1_403' title='bbox 2479 2412 2576 2468; x_wconf 91' lang='lat' dir='ltr'>hic</span> <span class='ocrx_word' id='word_1_404' title='bbox 2629 2416 2685 2468; x_wconf 93' lang='lat' dir='ltr'>te</span> <span class='ocrx_word' id='word_1_405' title='bbox 2734 2430 2947 2469; x_wconf 90' lang='lat' dir='ltr'>sanum</span> <span class='ocrx_word' id='word_1_406' title='bbox 2990 2411 3244 2469; x_wconf 90' lang='lat' dir='ltr'>voluisse</span> <span class='ocrx_word' id='word_1_407' title='bbox 3274 2413 3433 2482; x_wconf 92' lang='lat' dir='ltr'>dare,</span> <span class='ocrx_word' id='word_1_408' title='bbox 3465 2411 3660 2469; x_wconf 80' lang='lat' dir='ltr'>videat</span> <span class='ocrx_word' id='word_1_409' title='bbox 3688 2416 3745 2469; x_wconf 88' lang='lat' dir='ltr'>te</span> <span class='ocrx_word' id='word_1_410' title='bbox 3771 2412 3874 2469; x_wconf 90' lang='lat' dir='ltr'>hic</span> 
     </span>
    </p>
   </div>
   <div class='ocr_carea' id='block_1_52' title="bbox 2209 2500 3874 2575">
    <p class='ocr_par' dir='ltr' id='par_1_52' title="bbox 2209 2500 3874 2575">
     <span class='ocr_line' id='line_1_52' title="bbox 2209 2500 3874 2575; baseline 0.001 -18"><span class='ocrx_word' id='word_1_411' title='bbox 2209 2501 2474 2574; x_wconf 72' lang='lat' dir='ltr'>erupisse,</span> <span class='ocrx_word' id='word_1_412' title='bbox 2507 2500 2602 2556; x_wconf 89' lang='lat' dir='ltr'>hic</span> <span class='ocrx_word' id='word_1_413' title='bbox 2629 2500 2885 2557; x_wconf 90' lang='lat' dir='ltr'>voluisse</span> <span class='ocrx_word' id='word_1_414' title='bbox 2915 2501 3206 2575; x_wconf 90' lang='lat' dir='ltr'>complere</span> <span class='ocrx_word' id='word_1_415' title='bbox 3232 2520 3245 2558; x_wconf 92' lang='lat'>:</span> <span class='ocrx_word' id='word_1_416' title='bbox 3275 2502 3345 2558; x_wconf 92' lang='lat' dir='ltr'>de</span> <span class='ocrx_word' id='word_1_417' title='bbox 3375 2501 3675 2558; x_wconf 89' lang='lat' dir='ltr'>voluntate</span> <span class='ocrx_word' id='word_1_418' title='bbox 3706 2503 3874 2559; x_wconf 91' lang='lat' dir='ltr'>enim</span> 
     </span>
    </p>
   </div>
   <div class='ocr_carea' id='block_1_53' title="bbox 2209 2589 3879 2664">
    <p class='ocr_par' dir='ltr' id='par_1_53' title="bbox 2209 2589 3879 2664">
     <span class='ocr_line' id='line_1_53' title="bbox 2209 2589 3879 2664; baseline 0.001 -19"><span class='ocrx_word' id='word_1_419' title='bbox 2209 2594 2266 2645; x_wconf 91' lang='lat' dir='ltr'>et</span> <span class='ocrx_word' id='word_1_420' title='bbox 2315 2590 2635 2645; x_wconf 88' lang='lat' dir='ltr'>intentione</span> <span class='ocrx_word' id='word_1_421' title='bbox 2684 2590 2938 2662; x_wconf 87' lang='lat' dir='ltr'>judicat.</span> <span class='ocrx_word' id='word_1_422' title='bbox 2972 2591 3046 2646; x_wconf 90' lang='lat' dir='ltr'>At</span> <span class='ocrx_word' id='word_1_423' title='bbox 3103 2590 3245 2646; x_wconf 89' lang='lat' dir='ltr'>forte</span> <span class='ocrx_word' id='word_1_424' title='bbox 3270 2589 3416 2646; x_wconf 91' lang='lat' dir='ltr'><strong>dicis</strong></span> <span class='ocrx_word' id='word_1_425' title='bbox 3452 2609 3464 2647; x_wconf 91' lang='lat'>:</span> <span class='ocrx_word' id='word_1_426' title='bbox 3501 2590 3879 2664; x_wconf 88' lang='lat' dir='ltr'>reliquerunt</span> 
     </span>
    </p>
   </div>
   <div class='ocr_carea' id='block_1_54' title="bbox 2210 2677 3875 2752">
    <p class='ocr_par' dir='ltr' id='par_1_54' title="bbox 2210 2677 3875 2752">
     <span class='ocr_line' id='line_1_54' title="bbox 2210 2677 3875 2752; baseline 0.002 -19"><span class='ocrx_word' id='word_1_427' title='bbox 2210 2677 2356 2734; x_wconf 91' lang='lat' dir='ltr'>mihi</span> <span class='ocrx_word' id='word_1_428' title='bbox 2405 2682 2694 2750; x_wconf 89' lang='lat' dir='ltr'>parentes,</span> <span class='ocrx_word' id='word_1_429' title='bbox 2730 2695 2973 2750; x_wconf 91' lang='lat' dir='ltr'>possum</span> <span class='ocrx_word' id='word_1_430' title='bbox 3020 2695 3134 2735; x_wconf 93' lang='lat' dir='ltr'>non</span> <span class='ocrx_word' id='word_1_431' title='bbox 3183 2678 3510 2752; x_wconf 89' lang='lat' dir='ltr'>relinquere</span> <span class='ocrx_word' id='word_1_432' title='bbox 3554 2679 3713 2747; x_wconf 86' lang='lat' dir='ltr'>filiis,</span> <span class='ocrx_word' id='word_1_433' title='bbox 3767 2686 3875 2736; x_wconf 90' lang='lat' dir='ltr'><strong>aut</strong></span> 
     </span>
    </p>
   </div>
   <div class='ocr_carea' id='block_1_55' title="bbox 2208 2766 3871 2843">
    <p class='ocr_par' dir='ltr' id='par_1_55' title="bbox 2208 2766 3871 2843">
     <span class='ocr_line' id='line_1_55' title="bbox 2208 2766 3871 2843; baseline 0.002 -22"><span class='ocrx_word' id='word_1_434' title='bbox 2208 2767 2541 2839; x_wconf 88' lang='lat' dir='ltr'>nepotibus,</span> <span class='ocrx_word' id='word_1_435' title='bbox 2573 2771 2676 2822; x_wconf 91' lang='lat' dir='ltr'><strong>aut</strong></span> <span class='ocrx_word' id='word_1_436' title='bbox 2700 2766 2993 2839; x_wconf 89' lang='lat' dir='ltr'>aliquibus</span> <span class='ocrx_word' id='word_1_437' title='bbox 3015 2766 3393 2824; x_wconf 61' lang='lat' dir='ltr'>haeredibus?</span> <span class='ocrx_word' id='word_1_438' title='bbox 3430 2769 3525 2824; x_wconf 69' lang='lat' dir='ltr'>Vae</span> <span class='ocrx_word' id='word_1_439' title='bbox 3571 2767 3711 2839; x_wconf 91' lang='lat' dir='ltr'>illis,</span> <span class='ocrx_word' id='word_1_440' title='bbox 3765 2769 3871 2843; x_wconf 88' lang='lat' dir='ltr'>qui</span> 
     </span>
    </p>
   </div>
   <div class='ocr_carea' id='block_1_56' title="bbox 2206 2854 3871 2927">
    <p class='ocr_par' dir='ltr' id='par_1_56' title="bbox 2206 2854 3871 2927">
     <span class='ocr_line' id='line_1_56' title="bbox 2206 2854 3871 2927; baseline 0.002 -17"><span class='ocrx_word' id='word_1_441' title='bbox 2206 2858 2392 2911; x_wconf 82' lang='lat' dir='ltr'>totum</span> <span class='ocrx_word' id='word_1_442' title='bbox 2417 2856 2524 2911; x_wconf 91' lang='lat' dir='ltr'>tibi</span> <span class='ocrx_word' id='word_1_443' title='bbox 2542 2854 2926 2927; x_wconf 80' lang='lat' dir='ltr'>reliquerunt,</span> <span class='ocrx_word' id='word_1_444' title='bbox 2943 2855 3055 2911; x_wconf 89' lang='lat' dir='ltr'>sibi</span> <span class='ocrx_word' id='word_1_445' title='bbox 3074 2856 3157 2911; x_wconf 90' lang='lat' dir='ltr'>nil</span> <span class='ocrx_word' id='word_1_446' title='bbox 3181 2855 3587 2925; x_wconf 89' lang='lat' dir='ltr'>tulerunt,imo</span> <span class='ocrx_word' id='word_1_447' title='bbox 3605 2856 3871 2914; x_wconf 89' lang='lat' dir='ltr'>multum</span> 
     </span>
    </p>
   </div>
   <div class='ocr_carea' id='block_1_57' title="bbox 2209 2944 3921 3019">
    <p class='ocr_par' dir='ltr' id='par_1_57' title="bbox 2209 2944 3921 3019">
     <span class='ocr_line' id='line_1_57' title="bbox 2209 2944 3921 3019; baseline 0.004 -20"><span class='ocrx_word' id='word_1_448' title='bbox 2209 2944 2493 3000; x_wconf 88' lang='lat' dir='ltr'>tulerunt.</span> <span class='ocrx_word' id='word_1_449' title='bbox 2526 2945 2839 3017; x_wconf 90' lang='lat' dir='ltr'>Nunquam</span> <span class='ocrx_word' id='word_1_450' title='bbox 2870 2946 3025 3001; x_wconf 90' lang='lat' dir='ltr'>enim</span> <span class='ocrx_word' id='word_1_451' title='bbox 3057 2946 3286 3002; x_wconf 81' lang='lat' dir='ltr'>deﬁciet</span> <span class='ocrx_word' id='word_1_452' title='bbox 3341 2947 3496 3019; x_wconf 89' lang='lat' dir='ltr'>quod</span> <span class='ocrx_word' id='word_1_453' title='bbox 3548 2946 3817 3004; x_wconf 85' lang='lat' dir='ltr'>tulerunt</span> <span class='ocrx_word' id='word_1_454' title='bbox 3852 2967 3868 3018; x_wconf 93' lang='lat'>;</span> <span class='ocrx_word' id='word_1_455' title='bbox 3912 2960 3921 2969; x_wconf 89' lang='lat'><strong><em>‘</em></strong></span> 
     </span>
    </p>
   </div>
   <div class='ocr_carea' id='block_1_58' title="bbox 2209 3033 3867 3110">
    <p class='ocr_par' dir='ltr' id='par_1_58' title="bbox 2209 3033 3867 3110">
     <span class='ocr_line' id='line_1_58' title="bbox 2209 3033 3867 3110; baseline 0.003 -21"><span class='ocrx_word' id='word_1_456' title='bbox 2209 3033 2645 3090; x_wconf 87' lang='lat' dir='ltr'>damnationem</span> <span class='ocrx_word' id='word_1_457' title='bbox 2676 3033 2831 3090; x_wconf 90' lang='lat' dir='ltr'>enim</span> <span class='ocrx_word' id='word_1_458' title='bbox 2862 3039 3203 3108; x_wconf 90' lang='lat' dir='ltr'>perpetuam</span> <span class='ocrx_word' id='word_1_459' title='bbox 3231 3034 3343 3091; x_wconf 90' lang='lat' dir='ltr'>sibi</span> <span class='ocrx_word' id='word_1_460' title='bbox 3375 3035 3867 3110; x_wconf 87' lang='lat' dir='ltr'>tulerunt,igncm</span> 
     </span>
    </p>
   </div>
   <div class='ocr_carea' id='block_1_59' title="bbox 2208 3122 3921 3198">
    <p class='ocr_par' dir='ltr' id='par_1_59' title="bbox 2208 3122 3921 3198">
     <span class='ocr_line' id='line_1_59' title="bbox 2208 3122 3921 3198; baseline 0.004 -23"><span class='ocrx_word' id='word_1_461' title='bbox 2208 3125 2555 3194; x_wconf 89' lang='lat' dir='ltr'>perpetuum</span> <span class='ocrx_word' id='word_1_462' title='bbox 2589 3122 2699 3178; x_wconf 92' lang='lat' dir='ltr'>sibi</span> <span class='ocrx_word' id='word_1_463' title='bbox 2731 3122 2994 3178; x_wconf 91' lang='lat' dir='ltr'>tulerunt</span> <span class='ocrx_word' id='word_1_464' title='bbox 3015 3141 3028 3191; x_wconf 93' lang='lat'>;</span> <span class='ocrx_word' id='word_1_465' title='bbox 3049 3122 3217 3196; x_wconf 90' lang='lat' dir='ltr'>quasi</span> <span class='ocrx_word' id='word_1_466' title='bbox 3245 3129 3301 3180; x_wconf 91' lang='lat' dir='ltr'>te</span> <span class='ocrx_word' id='word_1_467' title='bbox 3321 3124 3475 3180; x_wconf 90' lang='lat' dir='ltr'>Deus</span> <span class='ocrx_word' id='word_1_468' title='bbox 3505 3142 3622 3181; x_wconf 91' lang='lat' dir='ltr'>non</span> <span class='ocrx_word' id='word_1_469' title='bbox 3651 3126 3868 3198; x_wconf 87' lang='lat' dir='ltr'>possit,</span> <span class='ocrx_word' id='word_1_470' title='bbox 3916 3126 3921 3133; x_wconf 85' lang='grc'><strong>’</strong></span> 
     </span>
    </p>
   </div>
   <div class='ocr_carea' id='block_1_60' title="bbox 2209 3209 3869 3287">
    <p class='ocr_par' dir='ltr' id='par_1_60' title="bbox 2209 3209 3869 3287">
     <span class='ocr_line' id='line_1_60' title="bbox 2209 3209 3869 3287; baseline 0.004 -22"><span class='ocrx_word' id='word_1_471' title='bbox 2209 3226 2435 3282; x_wconf 91' lang='lat' dir='ltr'>nosque</span> <span class='ocrx_word' id='word_1_472' title='bbox 2447 3209 2681 3266; x_wconf 91' lang='lat' dir='ltr'>illorum</span> <span class='ocrx_word' id='word_1_473' title='bbox 2701 3210 3102 3268; x_wconf 89' lang='lat' dir='ltr'>munificentia</span> <span class='ocrx_word' id='word_1_474' title='bbox 3116 3213 3479 3287; x_wconf 89' lang='lat' dir='ltr'>pascere,qui</span> <span class='ocrx_word' id='word_1_475' title='bbox 3494 3217 3679 3270; x_wconf 88' lang='lat' dir='ltr'>totum</span> <span class='ocrx_word' id='word_1_476' title='bbox 3693 3232 3869 3271; x_wconf 90' lang='lat' dir='ltr'>mun-</span> 
     </span>
    </p>
   </div>
   <div class='ocr_carea' id='block_1_61' title="bbox 455 3274 3919 3377">
    <p class='ocr_par' dir='ltr' id='par_1_61' title="bbox 455 3274 3919 3377">
     <span class='ocr_line' id='line_1_61' title="bbox 455 3274 3919 3377; baseline 0.001 -19"><span class='ocrx_word' id='word_1_477' title='bbox 455 3319 602 3376; x_wconf 89' lang='lat' dir='ltr'>pene</span> <span class='ocrx_word' id='word_1_478' title='bbox 631 3274 857 3358; x_wconf 72' lang='lat' dir='ltr'>nudum</span> <span class='ocrx_word' id='word_1_479' title='bbox 890 3300 984 3374; x_wconf 88' lang='lat' dir='ltr'>agi</span> <span class='ocrx_word' id='word_1_480' title='bbox 1015 3300 1072 3355; x_wconf 93' lang='lat' dir='ltr'>in</span> <span class='ocrx_word' id='word_1_481' title='bbox 1102 3274 1518 3358; x_wconf 50' lang='lat' dir='ltr'>tumulum?Evt</span> <span class='ocrx_word' id='word_1_482' title='bbox 1544 3303 1591 3359; x_wconf 91' lang='lat' dir='ltr'><strong>si</strong></span> <span class='ocrx_word' id='word_1_483' title='bbox 1625 3303 1734 3358; x_wconf 92' lang='lat' dir='ltr'>hoc</span> <span class='ocrx_word' id='word_1_484' title='bbox 1755 3274 1859 3359; x_wconf 74' lang='lat' dir='ltr'>tibi</span> <span class='ocrx_word' id='word_1_485' title='bbox 1881 3304 2099 3361; x_wconf 90' lang='lat' dir='ltr'>eontin-</span> <span class='ocrx_word' id='word_1_486' title='bbox 2128 3274 2171 3341; x_wconf 64' lang='grc' dir='ltr'>Ε</span> <span class='ocrx_word' id='word_1_487' title='bbox 2208 3274 2356 3354; x_wconf 76' lang='grc' dir='ltr'>ςιυηί</span> <span class='ocrx_word' id='word_1_488' title='bbox 2382 3300 2533 3372; x_wconf 86' lang='lat' dir='ltr'>pacit</span> <span class='ocrx_word' id='word_1_489' title='bbox 2568 3300 2850 3372; x_wconf 92' lang='lat' dir='ltr'>quotidie.</span> <span class='ocrx_word' id='word_1_490' title='bbox 2884 3301 3070 3369; x_wconf 89' lang='lat' dir='ltr'>Pater,</span> <span class='ocrx_word' id='word_1_491' title='bbox 3116 3274 3368 3374; x_wconf 25' lang='lat' dir='ltr'>inquis;</span> <span class='ocrx_word' id='word_1_492' title='bbox 3395 3274 3567 3360; x_wconf 65' lang='lat' dir='ltr'>incus</span> <span class='ocrx_word' id='word_1_493' title='bbox 3624 3303 3872 3377; x_wconf 87' lang='lat' dir='ltr'>reliquit</span> <span class='ocrx_word' id='word_1_494' title='bbox 3914 3300 3919 3305; x_wconf 71' lang='grc'><em>’</em></span> 
     </span>
    </p>
   </div>
   <div class='ocr_carea' id='block_1_62' title="bbox 453 3388 2095 3467">
    <p class='ocr_par' dir='ltr' id='par_1_62' title="bbox 453 3388 2095 3467">
     <span class='ocr_line' id='line_1_62' title="bbox 453 3388 2095 3467; baseline 0.002 -22"><span class='ocrx_word' id='word_1_495' title='bbox 453 3394 571 3463; x_wconf 89' lang='lat' dir='ltr'>gat,</span> <span class='ocrx_word' id='word_1_496' title='bbox 598 3390 836 3445; x_wconf 89' lang='lat' dir='ltr'>beatum</span> <span class='ocrx_word' id='word_1_497' title='bbox 868 3393 927 3444; x_wconf 91' lang='lat' dir='ltr'>te</span> <span class='ocrx_word' id='word_1_498' title='bbox 957 3388 1198 3444; x_wconf 84' lang='lat' dir='ltr'>forsitan</span> <span class='ocrx_word' id='word_1_499' title='bbox 1230 3389 1497 3457; x_wconf 84' lang='lat' dir='ltr'>dixerim,</span> <span class='ocrx_word' id='word_1_500' title='bbox 1532 3408 1669 3446; x_wconf 92' lang='lat' dir='ltr'>nam</span> <span class='ocrx_word' id='word_1_501' title='bbox 1700 3392 1894 3449; x_wconf 90' lang='lat' dir='ltr'>audivi</span> <span class='ocrx_word' id='word_1_502' title='bbox 1944 3409 2095 3467; x_wconf 73' lang='lat' dir='ltr'>saepe</span> 
     </span>
    </p>
   </div>
   <div class='ocr_carea' id='block_1_63' title="bbox 452 3477 1319 3550">
    <p class='ocr_par' dir='ltr' id='par_1_63' title="bbox 452 3477 1319 3550">
     <span class='ocr_line' id='line_1_63' title="bbox 452 3477 1319 3550; baseline -0.002 -16"><span class='ocrx_word' id='word_1_503' title='bbox 452 3478 690 3535; x_wconf 88' lang='lat' dir='ltr'>divitem</span> <span class='ocrx_word' id='word_1_504' title='bbox 722 3494 758 3533; x_wconf 92' lang='lat' dir='ltr'>a</span> <span class='ocrx_word' id='word_1_505' title='bbox 786 3477 945 3550; x_wconf 91' lang='lat' dir='ltr'>lupis</span> <span class='ocrx_word' id='word_1_506' title='bbox 973 3481 1319 3533; x_wconf 85' lang='lat' dir='ltr'>comestum.</span> 
     </span>
    </p>
   </div>
   <div class='ocr_carea' id='block_1_64' title="bbox 523 3563 2097 3643">
    <p class='ocr_par' dir='ltr' id='par_1_64' title="bbox 523 3563 2097 3643">
     <span class='ocr_line' id='line_1_64' title="bbox 523 3563 2097 3643; baseline 0.003 -20"><span class='ocrx_word' id='word_1_507' title='bbox 523 3566 612 3623; x_wconf 89' lang='grc'>31.</span> <span class='ocrx_word' id='word_1_508' title='bbox 636 3565 783 3643; x_wconf 80' lang='lat' dir='ltr'>Quid</span> <span class='ocrx_word' id='word_1_509' title='bbox 815 3580 972 3641; x_wconf 83' lang='lat' dir='ltr'>ergo,</span> <span class='ocrx_word' id='word_1_510' title='bbox 995 3563 1217 3637; x_wconf 88' lang='lat' dir='ltr'><strong>inquis,</strong></span> <span class='ocrx_word' id='word_1_511' title='bbox 1242 3566 1532 3638; x_wconf 88' lang='lat' dir='ltr'>agendum</span> <span class='ocrx_word' id='word_1_512' title='bbox 1554 3567 1583 3622; x_wconf 87' lang='lat'>?</span> <span class='ocrx_word' id='word_1_513' title='bbox 1602 3568 1688 3623; x_wconf 87' lang='lat' dir='ltr'>An</span> <span class='ocrx_word' id='word_1_514' title='bbox 1721 3569 1979 3643; x_wconf 64' lang='lat' dir='ltr'>segnitiae</span> <span class='ocrx_word' id='word_1_515' title='bbox 1999 3589 2097 3628; x_wconf 88' lang='lat' dir='ltr'>va-</span> 
     </span>
    </p>
   </div>
   <div class='ocr_carea' id='block_1_65' title="bbox 451 3646 2102 3722">
    <p class='ocr_par' dir='ltr' id='par_1_65' title="bbox 451 3646 2102 3722">
     <span class='ocr_line' id='line_1_65' title="bbox 451 3646 2102 3722; baseline 0.002 -9"><span class='ocrx_word' id='word_1_516' title='bbox 451 3655 727 3722; x_wconf 84' lang='lat' dir='ltr'>candum,</span> <span class='ocrx_word' id='word_1_517' title='bbox 761 3654 843 3711; x_wconf 84' lang='lat' dir='ltr'>nil</span> <span class='ocrx_word' id='word_1_518' title='bbox 873 3646 1574 3721; x_wconf 83' lang='lat' dir='ltr'>laborandum,omnibus</span> <span class='ocrx_word' id='word_1_519' title='bbox 1606 3658 2102 3717; x_wconf 89' lang='lat' dir='ltr'>mendicandum?</span> 
     </span>
    </p>
   </div>
   <div class='ocr_carea' id='block_1_66' title="bbox 453 3741 2101 3822">
    <p class='ocr_par' dir='ltr' id='par_1_66' title="bbox 453 3741 2101 3822">
     <span class='ocr_line' id='line_1_66' title="bbox 453 3741 2101 3822; baseline 0.003 -21"><span class='ocrx_word' id='word_1_520' title='bbox 453 3744 595 3810; x_wconf 90' lang='lat' dir='ltr'>Quis</span> <span class='ocrx_word' id='word_1_521' title='bbox 622 3744 742 3811; x_wconf 92' lang='lat' dir='ltr'><strong>dat,</strong></span> <span class='ocrx_word' id='word_1_522' title='bbox 773 3741 825 3811; x_wconf 76' lang='lat' dir='ltr'>si</span> <span class='ocrx_word' id='word_1_523' title='bbox 855 3743 1049 3819; x_wconf 86' lang='lat' dir='ltr'>omnis</span> <span class='ocrx_word' id='word_1_524' title='bbox 1080 3743 1414 3800; x_wconf 87' lang='lat' dir='ltr'>mendicat?</span> <span class='ocrx_word' id='word_1_525' title='bbox 1434 3747 1559 3801; x_wconf 88' lang='lat' dir='ltr'>Non</span> <span class='ocrx_word' id='word_1_526' title='bbox 1586 3763 1599 3815; x_wconf 94' lang='lat'>;</span> <span class='ocrx_word' id='word_1_527' title='bbox 1629 3763 1745 3802; x_wconf 91' lang='lat' dir='ltr'>non</span> <span class='ocrx_word' id='word_1_528' title='bbox 1777 3747 1923 3804; x_wconf 90' lang='lat' dir='ltr'>illud</span> <span class='ocrx_word' id='word_1_529' title='bbox 1956 3766 2101 3822; x_wconf 69' lang='lat' dir='ltr'>prae-</span> 
     </span>
    </p>
   </div>
   <div class='ocr_carea' id='block_1_67' title="bbox 455 3824 2101 3908">
    <p class='ocr_par' dir='ltr' id='par_1_67' title="bbox 455 3824 2101 3908">
     <span class='ocr_line' id='line_1_67' title="bbox 455 3824 2101 3908; baseline 0.004 -19"><span class='ocrx_word' id='word_1_530' title='bbox 455 3831 775 3906; x_wconf 82' lang='lat' dir='ltr'>cipic,dicit</span> <span class='ocrx_word' id='word_1_531' title='bbox 794 3824 1232 3901; x_wconf 79' lang='lat' dir='ltr'>Dominus,imo</span> <span class='ocrx_word' id='word_1_532' title='bbox 1254 3833 1608 3891; x_wconf 90' lang='lat' dir='ltr'>omnimodis</span> <span class='ocrx_word' id='word_1_533' title='bbox 1630 3835 1907 3908; x_wconf 91' lang='lat' dir='ltr'>prohibeo</span> <span class='ocrx_word' id='word_1_534' title='bbox 1928 3856 1941 3906; x_wconf 95' lang='lat'>;</span> <span class='ocrx_word' id='word_1_535' title='bbox 1966 3856 2101 3895; x_wconf 89' lang='lat' dir='ltr'>nam</span> 
     </span>
    </p>
   </div>
   <div class='ocr_carea' id='block_1_68' title="bbox 459 3912 2106 4000">
    <p class='ocr_par' dir='ltr' id='par_1_68' title="bbox 459 3912 2106 4000">
     <span class='ocr_line' id='line_1_68' title="bbox 459 3912 2106 4000; baseline 0.005 -23"><span class='ocrx_word' id='word_1_536' title='bbox 459 3919 698 3997; x_wconf 81' lang='lat' dir='ltr'>praedixi</span> <span class='ocrx_word' id='word_1_537' title='bbox 726 3912 852 3988; x_wconf 80' lang='lat' dir='ltr'>tibi,</span> <span class='ocrx_word' id='word_1_538' title='bbox 884 3920 1040 3995; x_wconf 91' lang='lat' dir='ltr'>quod</span> <span class='ocrx_word' id='word_1_539' title='bbox 1069 3914 1131 3978; x_wconf 73' lang='lat' dir='ltr'>in</span> <span class='ocrx_word' id='word_1_540' title='bbox 1148 3922 1352 3978; x_wconf 79' lang='lat' dir='ltr'>sudore</span> <span class='ocrx_word' id='word_1_541' title='bbox 1374 3923 1554 3979; x_wconf 77' lang='lat' dir='ltr'>vultus</span> <span class='ocrx_word' id='word_1_542' title='bbox 1586 3926 1675 3980; x_wconf 89' lang='lat' dir='ltr'>tui</span> <span class='ocrx_word' id='word_1_543' title='bbox 1699 3928 1925 3982; x_wconf 81' lang='lat' dir='ltr'>vesceris</span> <span class='ocrx_word' id='word_1_544' title='bbox 1958 3944 2106 4000; x_wconf 80' lang='lat' dir='ltr'>pane</span> 
     </span>
    </p>
   </div>
   <div class='ocr_carea' id='block_1_69' title="bbox 460 4004 2104 4085">
    <p class='ocr_par' dir='ltr' id='par_1_69' title="bbox 460 4004 2104 4085">
     <span class='ocr_line' id='line_1_69' title="bbox 460 4004 2104 4085; baseline 0.004 -18"><span class='ocrx_word' id='word_1_545' title='bbox 460 4019 552 4067; x_wconf 87' lang='lat' dir='ltr'>tuo</span> <span class='ocrx_word' id='word_1_546' title='bbox 581 4009 732 4083; x_wconf 84' lang='lat' dir='ltr'>(Gen.</span> <span class='ocrx_word' id='word_1_547' title='bbox 766 4026 849 4077; x_wconf 82' lang='lat' dir='ltr'><strong>III,</strong></span> <span class='ocrx_word' id='word_1_548' title='bbox 918 4008 1029 4083; x_wconf 83' lang='grc'>19).</span> <span class='ocrx_word' id='word_1_549' title='bbox 1070 4004 1239 4066; x_wconf 29' lang='lat' dir='ltr'>‘Cum</span> <span class='ocrx_word' id='word_1_550' title='bbox 1309 4009 1451 4066; x_wconf 91' lang='lat' dir='ltr'>illud</span> <span class='ocrx_word' id='word_1_551' title='bbox 1518 4013 1778 4085; x_wconf 69' lang='lat' dir='ltr'>praedixi,</span> <span class='ocrx_word' id='word_1_552' title='bbox 1846 4015 2104 4073; x_wconf 90' lang='lat' dir='ltr'>laborem</span> 
     </span>
    </p>
   </div>
   <div class='ocr_carea' id='block_1_70' title="bbox 463 4096 2107 4172">
    <p class='ocr_par' dir='ltr' id='par_1_70' title="bbox 463 4096 2107 4172">
     <span class='ocr_line' id='line_1_70' title="bbox 463 4096 2107 4172; baseline 0.005 -18"><span class='ocrx_word' id='word_1_553' title='bbox 463 4096 672 4154; x_wconf 83' lang='lat' dir='ltr'>indixi:</span> <span class='ocrx_word' id='word_1_554' title='bbox 695 4101 759 4155; x_wconf 89' lang='lat' dir='ltr'>tu</span> <span class='ocrx_word' id='word_1_555' title='bbox 784 4101 1021 4157; x_wconf 89' lang='lat' dir='ltr'>econtra</span> <span class='ocrx_word' id='word_1_556' title='bbox 1049 4097 1131 4154; x_wconf 91' lang='lat' dir='ltr'>nil</span> <span class='ocrx_word' id='word_1_557' title='bbox 1155 4098 1242 4155; x_wconf 87' lang='lat' dir='ltr'>vis</span> <span class='ocrx_word' id='word_1_558' title='bbox 1272 4096 1554 4172; x_wconf 89' lang='lat' dir='ltr'>laborare,</span> <span class='ocrx_word' id='word_1_559' title='bbox 1574 4102 1675 4157; x_wconf 91' lang='lat' dir='ltr'>sed</span> <span class='ocrx_word' id='word_1_560' title='bbox 1703 4101 2107 4162; x_wconf 91' lang='lat' dir='ltr'>laborantibus</span> 
     </span>
    </p>
   </div>
   <div class='ocr_carea' id='block_1_71' title="bbox 463 4187 2107 4261">
    <p class='ocr_par' dir='ltr' id='par_1_71' title="bbox 463 4187 2107 4261">
     <span class='ocr_line' id='line_1_71' title="bbox 463 4187 2107 4261; baseline 0.003 -17"><span class='ocrx_word' id='word_1_561' title='bbox 463 4187 711 4254; x_wconf 89' lang='lat' dir='ltr'>auferre,</span> <span class='ocrx_word' id='word_1_562' title='bbox 746 4192 821 4256; x_wconf 90' lang='lat' dir='ltr'>et,</span> <span class='ocrx_word' id='word_1_563' title='bbox 855 4204 990 4244; x_wconf 92' lang='lat' dir='ltr'>cum</span> <span class='ocrx_word' id='word_1_564' title='bbox 1021 4191 1083 4261; x_wconf 82' lang='lat' dir='ltr'>tu</span> <span class='ocrx_word' id='word_1_565' title='bbox 1112 4205 1280 4244; x_wconf 77' lang='lat' dir='ltr'>vaces</span> <span class='ocrx_word' id='word_1_566' title='bbox 1313 4190 1564 4261; x_wconf 88' lang='lat' dir='ltr'>peccatis</span> <span class='ocrx_word' id='word_1_567' title='bbox 1597 4196 1655 4245; x_wconf 91' lang='lat' dir='ltr'>et</span> <span class='ocrx_word' id='word_1_568' title='bbox 1700 4190 1944 4261; x_wconf 86' lang='lat' dir='ltr'>deliciis,</span> <span class='ocrx_word' id='word_1_569' title='bbox 1976 4193 2107 4249; x_wconf 89' lang='lat' dir='ltr'>aliis</span> 
     </span>
    </p>
   </div>
   <div class='ocr_carea' id='block_1_72' title="bbox 460 4275 2109 4344">
    <p class='ocr_par' dir='ltr' id='par_1_72' title="bbox 460 4275 2109 4344">
     <span class='ocr_line' id='line_1_72' title="bbox 460 4275 2109 4344; baseline 0.005 -12"><span class='ocrx_word' id='word_1_570' title='bbox 460 4275 721 4332; x_wconf 89' lang='lat' dir='ltr'>laborem</span> <span class='ocrx_word' id='word_1_571' title='bbox 741 4275 1132 4344; x_wconf 90' lang='lat' dir='ltr'>indieis;cum</span> <span class='ocrx_word' id='word_1_572' title='bbox 1163 4281 1398 4333; x_wconf 87' lang='lat' dir='ltr'>econtra</span> <span class='ocrx_word' id='word_1_573' title='bbox 1427 4294 1520 4334; x_wconf 91' lang='lat' dir='ltr'>me</span> <span class='ocrx_word' id='word_1_574' title='bbox 1550 4278 1609 4332; x_wconf 92' lang='lat' dir='ltr'>in</span> <span class='ocrx_word' id='word_1_575' title='bbox 1639 4277 1869 4336; x_wconf 88' lang='lat' dir='ltr'>Psalmo</span> <span class='ocrx_word' id='word_1_576' title='bbox 1891 4282 2109 4340; x_wconf 87' lang='lat' dir='ltr'>dixisse</span> 
     </span>
    </p>
   </div>
   <div class='ocr_carea' id='block_1_73' title="bbox 457 4363 2108 4440">
    <p class='ocr_par' dir='ltr' id='par_1_73' title="bbox 457 4363 2108 4440">
     <span class='ocr_line' id='line_1_73' title="bbox 457 4363 2108 4440; baseline 0.006 -21"><span class='ocrx_word' id='word_1_577' title='bbox 457 4363 668 4437; x_wconf 90' lang='lat' dir='ltr'>legeris</span> <span class='ocrx_word' id='word_1_578' title='bbox 718 4382 731 4421; x_wconf 93' lang='lat'>:</span> <span class='ocrx_word' id='word_1_579' title='bbox 780 4365 1011 4422; x_wconf 83' lang='lat' dir='ltr'>Labores</span> <span class='ocrx_word' id='word_1_580' title='bbox 1055 4381 1325 4421; x_wconf 85' lang='lat' dir='ltr'>manuum</span> <span class='ocrx_word' id='word_1_581' title='bbox 1373 4370 1597 4423; x_wconf 85' lang='lat' dir='ltr'>tuarum</span> <span class='ocrx_word' id='word_1_582' title='bbox 1632 4371 1765 4440; x_wconf 85' lang='lat' dir='ltr'>quia</span> <span class='ocrx_word' id='word_1_583' title='bbox 1805 4372 2108 4429; x_wconf 82' lang='lat' dir='ltr'>manduca-</span> 
     </span>
    </p>
   </div>
   <div class='ocr_carea' id='block_1_74' title="bbox 461 4451 2109 4530">
    <p class='ocr_par' dir='ltr' id='par_1_74' title="bbox 461 4451 2109 4530">
     <span class='ocr_line' id='line_1_74' title="bbox 461 4451 2109 4530; baseline 0.005 -20"><span class='ocrx_word' id='word_1_584' title='bbox 461 4454 583 4519; x_wconf 82' lang='lat' dir='ltr'>bis;</span> <span class='ocrx_word' id='word_1_585' title='bbox 637 4454 823 4509; x_wconf 84' lang='lat' dir='ltr'>beatus</span> <span class='ocrx_word' id='word_1_586' title='bbox 878 4469 952 4520; x_wconf 86' lang='lat' dir='ltr'>es,</span> <span class='ocrx_word' id='word_1_587' title='bbox 1015 4451 1146 4507; x_wconf 83' lang='lat' dir='ltr'>bene</span> <span class='ocrx_word' id='word_1_588' title='bbox 1200 4452 1307 4508; x_wconf 78' lang='lat' dir='ltr'>tibi</span> <span class='ocrx_word' id='word_1_589' title='bbox 1351 4457 1459 4511; x_wconf 90' lang='lat' dir='ltr'>erit</span> <span class='ocrx_word' id='word_1_590' title='bbox 1484 4457 1655 4525; x_wconf 89' lang='lat' dir='ltr'>(Psal.</span> <span class='ocrx_word' id='word_1_591' title='bbox 1690 4473 1897 4527; x_wconf 79' lang='lat' dir='ltr'>cxxvu,</span> <span class='ocrx_word' id='word_1_592' title='bbox 1928 4463 2004 4530; x_wconf 85' lang='lat'>2).</span> <span class='ocrx_word' id='word_1_593' title='bbox 2038 4463 2109 4518; x_wconf 91' lang='lat' dir='ltr'>Et</span> 
     </span>
    </p>
   </div>
   <div class='ocr_carea' id='block_1_75' title="bbox 460 4540 2110 4616">
    <p class='ocr_par' dir='ltr' id='par_1_75' title="bbox 460 4540 2110 4616">
     <span class='ocr_line' id='line_1_75' title="bbox 460 4540 2110 4616; baseline 0.006 -19"><span class='ocrx_word' id='word_1_594' title='bbox 460 4558 561 4614; x_wconf 91' lang='lat' dir='ltr'>per</span> <span class='ocrx_word' id='word_1_595' title='bbox 588 4540 928 4612; x_wconf 82' lang='lat' dir='ltr'>Apostolum</span> <span class='ocrx_word' id='word_1_596' title='bbox 957 4557 971 4596; x_wconf 95' lang='lat'>:</span> <span class='ocrx_word' id='word_1_597' title='bbox 1007 4542 1116 4609; x_wconf 83' lang='lat' dir='ltr'>Qui</span> <span class='ocrx_word' id='word_1_598' title='bbox 1142 4557 1253 4596; x_wconf 83' lang='lat' dir='ltr'>non</span> <span class='ocrx_word' id='word_1_599' title='bbox 1282 4543 1397 4598; x_wconf 85' lang='lat' dir='ltr'>vult</span> <span class='ocrx_word' id='word_1_600' title='bbox 1428 4547 1663 4616; x_wconf 86' lang='lat' dir='ltr'>aperari,</span> <span class='ocrx_word' id='word_1_601' title='bbox 1696 4564 1794 4602; x_wconf 82' lang='lat' dir='ltr'>nec</span> <span class='ocrx_word' id='word_1_602' title='bbox 1820 4551 2110 4607; x_wconf 84' lang='lat' dir='ltr'>manducet</span> 
     </span>
    </p>
   </div>
   <div class='ocr_carea' id='block_1_76' title="bbox 2207 3387 3866 3466">
    <p class='ocr_par' dir='ltr' id='par_1_76' title="bbox 2207 3387 3866 3466">
     <span class='ocr_line' id='line_1_76' title="bbox 2207 3387 3866 3466; baseline 0.004 -23"><span class='ocrx_word' id='word_1_603' title='bbox 2207 3387 2539 3445; x_wconf 90' lang='lat' dir='ltr'>mihi.Patri</span> <span class='ocrx_word' id='word_1_604' title='bbox 2573 3390 2708 3462; x_wconf 87' lang='lat' dir='ltr'><strong>quis</strong></span> <span class='ocrx_word' id='word_1_605' title='bbox 2730 3388 2758 3443; x_wconf 87' lang='lat'>?</span> <span class='ocrx_word' id='word_1_606' title='bbox 2789 3389 3175 3463; x_wconf 89' lang='lat' dir='ltr'>avus,inquis.</span> <span class='ocrx_word' id='word_1_607' title='bbox 3208 3393 3345 3461; x_wconf 89' lang='lat' dir='ltr'>Avo,</span> <span class='ocrx_word' id='word_1_608' title='bbox 3379 3393 3561 3465; x_wconf 90' lang='lat' dir='ltr'>quis?</span> <span class='ocrx_word' id='word_1_609' title='bbox 3588 3410 3866 3466; x_wconf 89' lang='lat' dir='ltr'>proavus,</span> 
     </span>
    </p>
   </div>
   <div class='ocr_carea' id='block_1_77' title="bbox 2208 3475 3869 3554">
    <p class='ocr_par' dir='ltr' id='par_1_77' title="bbox 2208 3475 3869 3554">
     <span class='ocr_line' id='line_1_77' title="bbox 2208 3475 3869 3554; baseline 0.006 -26"><span class='ocrx_word' id='word_1_610' title='bbox 2208 3475 2314 3529; x_wconf 91' lang='lat' dir='ltr'>ais.</span> <span class='ocrx_word' id='word_1_611' title='bbox 2347 3476 2564 3532; x_wconf 88' lang='lat' dir='ltr'>Proavo</span> <span class='ocrx_word' id='word_1_612' title='bbox 2592 3476 2725 3548; x_wconf 93' lang='lat' dir='ltr'>quis</span> <span class='ocrx_word' id='word_1_613' title='bbox 2746 3476 2774 3531; x_wconf 93' lang='lat'>?</span> <span class='ocrx_word' id='word_1_614' title='bbox 2804 3475 3070 3545; x_wconf 86' lang='lat' dir='ltr'>illetalis</span> <span class='ocrx_word' id='word_1_615' title='bbox 3100 3482 3156 3534; x_wconf 92' lang='lat' dir='ltr'>et</span> <span class='ocrx_word' id='word_1_616' title='bbox 3184 3478 3340 3536; x_wconf 86' lang='lat' dir='ltr'>talis.</span> <span class='ocrx_word' id='word_1_617' title='bbox 3362 3479 3480 3535; x_wconf 91' lang='lat' dir='ltr'>Illis</span> <span class='ocrx_word' id='word_1_618' title='bbox 3511 3481 3644 3553; x_wconf 88' lang='lat' dir='ltr'>quis</span> <span class='ocrx_word' id='word_1_619' title='bbox 3663 3482 3691 3537; x_wconf 90' lang='lat'>?</span> <span class='ocrx_word' id='word_1_620' title='bbox 3721 3483 3869 3554; x_wconf 91' lang='lat' dir='ltr'>quid</span> 
     </span>
    </p>
   </div>
   <div class='ocr_carea' id='block_1_78' title="bbox 2210 3564 3869 3645">
    <p class='ocr_par' dir='ltr' id='par_1_78' title="bbox 2210 3564 3869 3645">
     <span class='ocr_line' id='line_1_78' title="bbox 2210 3564 3869 3645; baseline 0.006 -26"><span class='ocrx_word' id='word_1_621' title='bbox 2210 3581 2304 3620; x_wconf 92' lang='lat' dir='ltr'>me</span> <span class='ocrx_word' id='word_1_622' title='bbox 2333 3564 2550 3637; x_wconf 88' lang='lat' dir='ltr'>fatigas</span> <span class='ocrx_word' id='word_1_623' title='bbox 2578 3565 2857 3638; x_wconf 85' lang='lat' dir='ltr'>rogando,</span> <span class='ocrx_word' id='word_1_624' title='bbox 2893 3565 3112 3643; x_wconf 84' lang='lat' dir='ltr'>inquis,</span> <span class='ocrx_word' id='word_1_625' title='bbox 3144 3569 3351 3637; x_wconf 88' lang='lat' dir='ltr'>Adam,</span> <span class='ocrx_word' id='word_1_626' title='bbox 3384 3570 3495 3645; x_wconf 89' lang='lat' dir='ltr'>etsi</span> <span class='ocrx_word' id='word_1_627' title='bbox 3541 3587 3659 3626; x_wconf 91' lang='lat' dir='ltr'>non</span> <span class='ocrx_word' id='word_1_628' title='bbox 3690 3571 3869 3629; x_wconf 87' lang='lat' dir='ltr'>alius.</span> 
     </span>
    </p>
   </div>
   <div class='ocr_carea' id='block_1_79' title="bbox 2208 3649 3871 3729">
    <p class='ocr_par' dir='ltr' id='par_1_79' title="bbox 2208 3649 3871 3729">
     <span class='ocr_line' id='line_1_79' title="bbox 2208 3649 3871 3729; baseline 0.007 -21"><span class='ocrx_word' id='word_1_629' title='bbox 2208 3653 2394 3709; x_wconf 89' lang='lat' dir='ltr'>Adam</span> <span class='ocrx_word' id='word_1_630' title='bbox 2427 3653 2561 3726; x_wconf 92' lang='lat' dir='ltr'><strong>quis</strong></span> <span class='ocrx_word' id='word_1_631' title='bbox 2582 3654 2610 3710; x_wconf 93' lang='lat'>?</span> <span class='ocrx_word' id='word_1_632' title='bbox 2641 3654 2816 3710; x_wconf 89' lang='lat' dir='ltr'>Deus.</span> <span class='ocrx_word' id='word_1_633' title='bbox 2851 3655 3000 3727; x_wconf 86' lang='lat' dir='ltr'>Ergo</span> <span class='ocrx_word' id='word_1_634' title='bbox 3029 3656 3129 3712; x_wconf 89' lang='lat' dir='ltr'>Dei</span> <span class='ocrx_word' id='word_1_635' title='bbox 3161 3656 3303 3726; x_wconf 86' lang='lat' dir='ltr'>erat,</span> <span class='ocrx_word' id='word_1_636' title='bbox 3337 3649 3454 3715; x_wconf 83' lang='lat' dir='ltr'>imo</span> <span class='ocrx_word' id='word_1_637' title='bbox 3492 3658 3654 3727; x_wconf 85' lang='lat' dir='ltr'>velis,</span> <span class='ocrx_word' id='word_1_638' title='bbox 3683 3660 3871 3729; x_wconf 85' lang='lat' dir='ltr'>nolis,</span> 
     </span>
    </p>
   </div>
   <div class='ocr_carea' id='block_1_80' title="bbox 2209 3743 3867 3820">
    <p class='ocr_par' dir='ltr' id='par_1_80' title="bbox 2209 3743 3867 3820">
     <span class='ocr_line' id='line_1_80' title="bbox 2209 3743 3867 3820; baseline 0.005 -22"><span class='ocrx_word' id='word_1_639' title='bbox 2209 3743 2306 3799; x_wconf 89' lang='lat' dir='ltr'>Dei</span> <span class='ocrx_word' id='word_1_640' title='bbox 2339 3748 2429 3798; x_wconf 92' lang='lat' dir='ltr'>est</span> <span class='ocrx_word' id='word_1_641' title='bbox 2450 3747 2636 3798; x_wconf 89' lang='lat' dir='ltr'>totum</span> <span class='ocrx_word' id='word_1_642' title='bbox 2657 3761 2669 3812; x_wconf 92' lang='lat'>;</span> <span class='ocrx_word' id='word_1_643' title='bbox 2694 3744 2927 3799; x_wconf 89' lang='lat' dir='ltr'>etiamsi</span> <span class='ocrx_word' id='word_1_644' title='bbox 2960 3762 3073 3801; x_wconf 92' lang='lat' dir='ltr'>non</span> <span class='ocrx_word' id='word_1_645' title='bbox 3108 3747 3356 3820; x_wconf 91' lang='lat' dir='ltr'>accipiat</span> <span class='ocrx_word' id='word_1_646' title='bbox 3385 3752 3516 3815; x_wconf 86' lang='lat' dir='ltr'>ate,</span> <span class='ocrx_word' id='word_1_647' title='bbox 3540 3748 3714 3805; x_wconf 87' lang='lat' dir='ltr'>habet</span> <span class='ocrx_word' id='word_1_648' title='bbox 3731 3744 3867 3819; x_wconf 84' lang='lat' dir='ltr'>ate.</span> 
     </span>
    </p>
   </div>
   <div class='ocr_carea' id='block_1_81' title="bbox 2212 3832 3870 3908">
    <p class='ocr_par' dir='ltr' id='par_1_81' title="bbox 2212 3832 3870 3908">
     <span class='ocr_line' id='line_1_81' title="bbox 2212 3832 3870 3908; baseline 0.004 -19"><span class='ocrx_word' id='word_1_649' title='bbox 2212 3834 2433 3889; x_wconf 88' lang='lat' dir='ltr'>Domini</span> <span class='ocrx_word' id='word_1_650' title='bbox 2461 3837 2541 3888; x_wconf 84' lang='lat' dir='ltr'>est</span> <span class='ocrx_word' id='word_1_651' title='bbox 2586 3842 2733 3889; x_wconf 87' lang='lat' dir='ltr'>terra</span> <span class='ocrx_word' id='word_1_652' title='bbox 2772 3841 2823 3889; x_wconf 89' lang='lat' dir='ltr'>et</span> <span class='ocrx_word' id='word_1_653' title='bbox 2843 3835 3129 3906; x_wconf 79' lang='lat' dir='ltr'>plenitudo</span> <span class='ocrx_word' id='word_1_654' title='bbox 3154 3836 3271 3908; x_wconf 87' lang='lat' dir='ltr'>ejus</span> <span class='ocrx_word' id='word_1_655' title='bbox 3299 3838 3469 3906; x_wconf 85' lang='lat' dir='ltr'>(Psal.</span> <span class='ocrx_word' id='word_1_656' title='bbox 3503 3856 3634 3905; x_wconf 77' lang='lat' dir='ltr'>xxv,</span> <span class='ocrx_word' id='word_1_657' title='bbox 3663 3832 3735 3907; x_wconf 76' lang='grc'>1).</span> <span class='ocrx_word' id='word_1_658' title='bbox 3765 3841 3870 3896; x_wconf 73' lang='lat' dir='ltr'>Vae</span> 
     </span>
    </p>
   </div>
   <div class='ocr_carea' id='block_1_82' title="bbox 2214 3922 3865 3995">
    <p class='ocr_par' dir='ltr' id='par_1_82' title="bbox 2214 3922 3865 3995">
     <span class='ocr_line' id='line_1_82' title="bbox 2214 3922 3865 3995; baseline 0.005 -18"><span class='ocrx_word' id='word_1_659' title='bbox 2214 3926 2410 3978; x_wconf 91' lang='lat' dir='ltr'>autem</span> <span class='ocrx_word' id='word_1_660' title='bbox 2438 3922 2543 3991; x_wconf 91' lang='lat' dir='ltr'>eis,</span> <span class='ocrx_word' id='word_1_661' title='bbox 2585 3923 2802 3995; x_wconf 90' lang='lat' dir='ltr'>quibus</span> <span class='ocrx_word' id='word_1_662' title='bbox 2832 3925 2933 3980; x_wconf 73' lang='lat'>42</span> <span class='ocrx_word' id='word_1_663' title='bbox 2965 3924 3109 3979; x_wconf 90' lang='lat' dir='ltr'>tanti</span> <span class='ocrx_word' id='word_1_664' title='bbox 3142 3930 3555 3993; x_wconf 23' lang='lat' dir='ltr'>successerunt,</span> <span class='ocrx_word' id='word_1_665' title='bbox 3580 3927 3865 3986; x_wconf 64' lang='lat' dir='ltr'>heredes.</span> 
     </span>
    </p>
   </div>
   <div class='ocr_carea' id='block_1_83' title="bbox 2214 4010 3865 4085">
    <p class='ocr_par' dir='ltr' id='par_1_83' title="bbox 2214 4010 3865 4085">
     <span class='ocr_line' id='line_1_83' title="bbox 2214 4010 3865 4085; baseline 0.005 -19"><span class='ocrx_word' id='word_1_666' title='bbox 2214 4014 2279 4066; x_wconf 91' lang='lat' dir='ltr'><strong>ut</strong></span> <span class='ocrx_word' id='word_1_667' title='bbox 2310 4010 2593 4067; x_wconf 89' lang='lat' dir='ltr'>Dominus</span> <span class='ocrx_word' id='word_1_668' title='bbox 2626 4029 2928 4085; x_wconf 89' lang='lat' dir='ltr'>nunquam</span> <span class='ocrx_word' id='word_1_669' title='bbox 2959 4012 3076 4069; x_wconf 90' lang='lat' dir='ltr'>illis</span> <span class='ocrx_word' id='word_1_670' title='bbox 3134 4014 3412 4071; x_wconf 89' lang='lat' dir='ltr'>meruerit</span> <span class='ocrx_word' id='word_1_671' title='bbox 3468 4031 3597 4073; x_wconf 88' lang='lat' dir='ltr'>esse</span> <span class='ocrx_word' id='word_1_672' title='bbox 3654 4016 3865 4075; x_wconf 77' lang='lat' dir='ltr'>haeres.</span> 
     </span>
    </p>
   </div>
   <div class='ocr_carea' id='block_1_84' title="bbox 2216 4100 3868 4181">
    <p class='ocr_par' dir='ltr' id='par_1_84' title="bbox 2216 4100 3868 4181">
     <span class='ocr_line' id='line_1_84' title="bbox 2216 4100 3868 4181; baseline 0.005 -25"><span class='ocrx_word' id='word_1_673' title='bbox 2216 4100 2463 4173; x_wconf 82' lang='lat' dir='ltr'>Rumpe,</span> <span class='ocrx_word' id='word_1_674' title='bbox 2497 4100 2602 4170; x_wconf 80' lang='lat' dir='ltr'>fili,</span> <span class='ocrx_word' id='word_1_675' title='bbox 2636 4118 2860 4175; x_wconf 89' lang='lat' dir='ltr'>rumpe,</span> <span class='ocrx_word' id='word_1_676' title='bbox 2890 4119 3103 4174; x_wconf 69' lang='lat' dir='ltr'>quaeso,</span> <span class='ocrx_word' id='word_1_677' title='bbox 3138 4102 3294 4159; x_wconf 90' lang='lat' dir='ltr'>hunc</span> <span class='ocrx_word' id='word_1_678' title='bbox 3351 4104 3579 4181; x_wconf 83' lang='lat' dir='ltr'>funem,</span> <span class='ocrx_word' id='word_1_679' title='bbox 3625 4122 3697 4162; x_wconf 92' lang='lat' dir='ltr'>ne</span> <span class='ocrx_word' id='word_1_680' title='bbox 3752 4106 3868 4164; x_wconf 88' lang='lat' dir='ltr'>hoc</span> 
     </span>
    </p>
   </div>
   <div class='ocr_carea' id='block_1_85' title="bbox 2216 4189 3907 4273">
    <p class='ocr_par' dir='ltr' id='par_1_85' title="bbox 2216 4189 3907 4273">
     <span class='ocr_line' id='line_1_85' title="bbox 2216 4189 3907 4273; baseline 0.005 -27"><span class='ocrx_word' id='word_1_681' title='bbox 2216 4207 2350 4246; x_wconf 90' lang='lat' dir='ltr'>cum</span> <span class='ocrx_word' id='word_1_682' title='bbox 2410 4189 2556 4263; x_wconf 90' lang='lat' dir='ltr'>ipsis</span> <span class='ocrx_word' id='word_1_683' title='bbox 2611 4191 3029 4265; x_wconf 90' lang='lat' dir='ltr'>constringaris</span> <span class='ocrx_word' id='word_1_684' title='bbox 3087 4192 3145 4248; x_wconf 92' lang='lat' dir='ltr'>in</span> <span class='ocrx_word' id='word_1_685' title='bbox 3205 4193 3609 4266; x_wconf 89' lang='lat' dir='ltr'>perditionem.</span> <span class='ocrx_word' id='word_1_686' title='bbox 3654 4195 3907 4273; x_wconf 27' lang='lat' dir='ltr'>Accipe.</span> 
     </span>
    </p>
   </div>
   <div class='ocr_carea' id='block_1_86' title="bbox 2218 4279 3865 4358">
    <p class='ocr_par' dir='ltr' id='par_1_86' title="bbox 2218 4279 3865 4358">
     <span class='ocr_line' id='line_1_86' title="bbox 2218 4279 3865 4358; baseline 0.005 -24"><span class='ocrx_word' id='word_1_687' title='bbox 2218 4279 2526 4335; x_wconf 87' lang='lat' dir='ltr'>Dominum</span> <span class='ocrx_word' id='word_1_688' title='bbox 2575 4279 2882 4347; x_wconf 65' lang='lat' dir='ltr'>haeredem,</span> <span class='ocrx_word' id='word_1_689' title='bbox 2923 4285 2988 4337; x_wconf 93' lang='lat' dir='ltr'>ut</span> <span class='ocrx_word' id='word_1_690' title='bbox 3025 4284 3081 4337; x_wconf 92' lang='lat' dir='ltr'>tc</span> <span class='ocrx_word' id='word_1_691' title='bbox 3118 4281 3216 4338; x_wconf 92' lang='lat' dir='ltr'>ille</span> <span class='ocrx_word' id='word_1_692' title='bbox 3273 4282 3516 4356; x_wconf 89' lang='lat' dir='ltr'>accipiat</span> <span class='ocrx_word' id='word_1_693' title='bbox 3550 4285 3711 4358; x_wconf 90' lang='lat' dir='ltr'>regni</span> <span class='ocrx_word' id='word_1_694' title='bbox 3769 4285 3865 4342; x_wconf 90' lang='lat' dir='ltr'>sui</span> 
     </span>
    </p>
   </div>
   <div class='ocr_carea' id='block_1_87' title="bbox 2217 4369 3870 4444">
    <p class='ocr_par' dir='ltr' id='par_1_87' title="bbox 2217 4369 3870 4444">
     <span class='ocr_line' id='line_1_87' title="bbox 2217 4369 3870 4444; baseline 0.003 -19"><span class='ocrx_word' id='word_1_695' title='bbox 2217 4374 2569 4435; x_wconf 87' lang='lat' dir='ltr'>consortem;</span> <span class='ocrx_word' id='word_1_696' title='bbox 2588 4369 2803 4441; x_wconf 90' lang='lat' dir='ltr'>partire</span> <span class='ocrx_word' id='word_1_697' title='bbox 2819 4386 2954 4425; x_wconf 91' lang='lat' dir='ltr'>cum</span> <span class='ocrx_word' id='word_1_698' title='bbox 2973 4369 3072 4427; x_wconf 90' lang='lat' dir='ltr'>illo</span> <span class='ocrx_word' id='word_1_699' title='bbox 3104 4370 3358 4427; x_wconf 86' lang='lat' dir='ltr'>filiorum</span> <span class='ocrx_word' id='word_1_700' title='bbox 3381 4372 3870 4444; x_wconf 63' lang='lat' dir='ltr'>haereditatem,et</span> 
     </span>
    </p>
   </div>
   <div class='ocr_carea' id='block_1_88' title="bbox 2216 4457 3868 4537">
    <p class='ocr_par' dir='ltr' id='par_1_88' title="bbox 2216 4457 3868 4537">
     <span class='ocr_line' id='line_1_88' title="bbox 2216 4457 3868 4537; baseline 0.004 -21"><span class='ocrx_word' id='word_1_701' title='bbox 2216 4458 2380 4516; x_wconf 85' lang='lat' dir='ltr'>efﬁce</span> <span class='ocrx_word' id='word_1_702' title='bbox 2404 4475 2538 4515; x_wconf 88' lang='lat' dir='ltr'>cum</span> <span class='ocrx_word' id='word_1_703' title='bbox 2572 4457 2688 4514; x_wconf 90' lang='lat' dir='ltr'>illis</span> <span class='ocrx_word' id='word_1_704' title='bbox 2720 4459 2977 4516; x_wconf 89' lang='lat' dir='ltr'>fratrem.</span> <span class='ocrx_word' id='word_1_705' title='bbox 3011 4461 3173 4526; x_wconf 86' lang='lat' dir='ltr'>Quod</span> <span class='ocrx_word' id='word_1_706' title='bbox 3205 4461 3255 4517; x_wconf 91' lang='lat' dir='ltr'>si</span> <span class='ocrx_word' id='word_1_707' title='bbox 3293 4478 3409 4518; x_wconf 91' lang='lat' dir='ltr'>non</span> <span class='ocrx_word' id='word_1_708' title='bbox 3439 4462 3545 4532; x_wconf 89' lang='lat' dir='ltr'>vis,</span> <span class='ocrx_word' id='word_1_709' title='bbox 3580 4480 3769 4537; x_wconf 90' lang='lat' dir='ltr'>neque</span> <span class='ocrx_word' id='word_1_710' title='bbox 3800 4468 3868 4522; x_wconf 87' lang='lat' dir='ltr'>tu</span> 
     </span>
    </p>
   </div>
   <div class='ocr_carea' id='block_1_89' title="bbox 2217 4547 3865 4624">
    <p class='ocr_par' dir='ltr' id='par_1_89' title="bbox 2217 4547 3865 4624">
     <span class='ocr_line' id='line_1_89' title="bbox 2217 4547 3865 4624; baseline 0.003 -19"><span class='ocrx_word' id='word_1_711' title='bbox 2217 4549 2345 4621; x_wconf 88' lang='lat' dir='ltr'><strong>ejus</strong></span> <span class='ocrx_word' id='word_1_712' title='bbox 2374 4547 2769 4605; x_wconf 66' lang='lat' dir='ltr'>hmreditatem</span> <span class='ocrx_word' id='word_1_713' title='bbox 2800 4549 3136 4622; x_wconf 88' lang='lat' dir='ltr'>usurpabis.</span> <span class='ocrx_word' id='word_1_714' title='bbox 3176 4552 3444 4607; x_wconf 89' lang='lat' dir='ltr'>Attamen</span> <span class='ocrx_word' id='word_1_715' title='bbox 3493 4551 3656 4620; x_wconf 90' lang='lat' dir='ltr'>velis,</span> <span class='ocrx_word' id='word_1_716' title='bbox 3689 4552 3865 4624; x_wconf 88' lang='lat' dir='ltr'>nolis,</span> 
     </span>
    </p>
   </div>
   <div class='ocr_carea' id='block_1_90' title="bbox 457 4628 3868 4717">
    <p class='ocr_par' dir='ltr' id='par_1_90' title="bbox 457 4628 3868 4717">
     <span class='ocr_line' id='line_1_90' title="bbox 457 4628 3868 4717; baseline 0.004 -32"><span class='ocrx_word' id='word_1_717' title='bbox 457 4630 527 4717; x_wconf 76' lang='lat' dir='ltr'>(Il</span> <span class='ocrx_word' id='word_1_718' title='bbox 557 4630 727 4685; x_wconf 81' lang='lat' dir='ltr'>Thess.</span> <span class='ocrx_word' id='word_1_719' title='bbox 760 4644 844 4717; x_wconf 84' lang='lat' dir='ltr'><strong>III,</strong></span> <span class='ocrx_word' id='word_1_720' title='bbox 878 4628 988 4702; x_wconf 86' lang='grc'>10).</span> <span class='ocrx_word' id='word_1_721' title='bbox 1023 4629 1249 4685; x_wconf 92' lang='lat' dir='ltr'>Labora</span> <span class='ocrx_word' id='word_1_722' title='bbox 1268 4630 1485 4703; x_wconf 90' lang='lat' dir='ltr'>itaque,</span> <span class='ocrx_word' id='word_1_723' title='bbox 1510 4633 1658 4701; x_wconf 92' lang='lat' dir='ltr'>dico,</span> <span class='ocrx_word' id='word_1_724' title='bbox 1683 4635 1891 4705; x_wconf 90' lang='lat' dir='ltr'>fruere,</span> <span class='ocrx_word' id='word_1_725' title='bbox 1915 4654 2111 4717; x_wconf 87' lang='lat' dir='ltr'>eroga,</span> <span class='ocrx_word' id='word_1_726' title='bbox 2140 4646 2189 4710; x_wconf 78' lang='grc' dir='ltr'>ι)</span> <span class='ocrx_word' id='word_1_727' title='bbox 2220 4637 2552 4711; x_wconf 87' lang='lat' dir='ltr'>approbabo</span> <span class='ocrx_word' id='word_1_728' title='bbox 2572 4637 2691 4692; x_wconf 91' lang='lat' dir='ltr'><strong>tuis</strong></span> <span class='ocrx_word' id='word_1_729' title='bbox 2714 4636 2900 4709; x_wconf 82' lang='lat' dir='ltr'>ipsius</span> <span class='ocrx_word' id='word_1_730' title='bbox 2927 4638 3304 4705; x_wconf 86' lang='lat' dir='ltr'>testimoniis,</span> <span class='ocrx_word' id='word_1_731' title='bbox 3336 4656 3450 4695; x_wconf 92' lang='lat' dir='ltr'>non</span> <span class='ocrx_word' id='word_1_732' title='bbox 3479 4645 3537 4698; x_wconf 90' lang='lat' dir='ltr'>te</span> <span class='ocrx_word' id='word_1_733' title='bbox 3560 4644 3694 4697; x_wconf 92' lang='lat' dir='ltr'>tuas</span> <span class='ocrx_word' id='word_1_734' title='bbox 3726 4658 3868 4715; x_wconf 87' lang='lat' dir='ltr'>pos-</span> 
     </span>
    </p>
   </div>
   <div class='ocr_carea' id='block_1_91' title="bbox 456 4716 2096 4791">
    <p class='ocr_par' dir='ltr' id='par_1_91' title="bbox 456 4716 2096 4791">
     <span class='ocr_line' id='line_1_91' title="bbox 456 4716 2096 4791; baseline 0.005 -17"><span class='ocrx_word' id='word_1_735' title='bbox 456 4716 746 4791; x_wconf 89' lang='lat' dir='ltr'>disperge.</span> <span class='ocrx_word' id='word_1_736' title='bbox 767 4716 932 4771; x_wconf 90' lang='lat' dir='ltr'>Sicut</span> <span class='ocrx_word' id='word_1_737' title='bbox 950 4734 1055 4790; x_wconf 91' lang='lat' dir='ltr'>ego</span> <span class='ocrx_word' id='word_1_738' title='bbox 1077 4735 1192 4773; x_wconf 90' lang='lat' dir='ltr'>non</span> <span class='ocrx_word' id='word_1_739' title='bbox 1214 4734 1377 4776; x_wconf 91' lang='lat' dir='ltr'>cesso</span> <span class='ocrx_word' id='word_1_740' title='bbox 1401 4721 1683 4790; x_wconf 90' lang='lat' dir='ltr'>dare,imo</span> <span class='ocrx_word' id='word_1_741' title='bbox 1701 4716 2096 4783; x_wconf 90' lang='lat' dir='ltr'>committere:</span> 
     </span>
    </p>
   </div>
   <div class='ocr_carea' id='block_1_92' title="bbox 456 4805 2098 4885">
    <p class='ocr_par' dir='ltr' id='par_1_92' title="bbox 456 4805 2098 4885">
     <span class='ocr_line' id='line_1_92' title="bbox 456 4805 2098 4885; baseline 0.005 -22"><span class='ocrx_word' id='word_1_742' title='bbox 456 4805 538 4863; x_wconf 89' lang='lat' dir='ltr'>ita</span> <span class='ocrx_word' id='word_1_743' title='bbox 565 4810 629 4863; x_wconf 89' lang='lat' dir='ltr'><strong>tu</strong></span> <span class='ocrx_word' id='word_1_744' title='bbox 662 4822 734 4861; x_wconf 93' lang='lat' dir='ltr'>ne</span> <span class='ocrx_word' id='word_1_745' title='bbox 763 4822 956 4862; x_wconf 89' lang='lat' dir='ltr'>cesses</span> <span class='ocrx_word' id='word_1_746' title='bbox 994 4821 1270 4880; x_wconf 86' lang='lat' dir='ltr'>erogare;</span> <span class='ocrx_word' id='word_1_747' title='bbox 1321 4811 1378 4863; x_wconf 92' lang='lat' dir='ltr'>et</span> <span class='ocrx_word' id='word_1_748' title='bbox 1425 4826 1675 4881; x_wconf 90' lang='lat' dir='ltr'>semper,</span> <span class='ocrx_word' id='word_1_749' title='bbox 1738 4812 1877 4884; x_wconf 91' lang='lat' dir='ltr'>quia</span> <span class='ocrx_word' id='word_1_750' title='bbox 1920 4814 2098 4885; x_wconf 88' lang='lat' dir='ltr'>jussi,</span> 
     </span>
    </p>
   </div>
   <div class='ocr_carea' id='block_1_93' title="bbox 455 4892 2097 4973">
    <p class='ocr_par' dir='ltr' id='par_1_93' title="bbox 455 4892 2097 4973">
     <span class='ocr_line' id='line_1_93' title="bbox 455 4892 2097 4973; baseline 0.005 -21"><span class='ocrx_word' id='word_1_751' title='bbox 455 4895 639 4954; x_wconf 90' lang='lat' dir='ltr'>lobori</span> <span class='ocrx_word' id='word_1_752' title='bbox 670 4894 896 4965; x_wconf 89' lang='lat' dir='ltr'>insiste,</span> <span class='ocrx_word' id='word_1_753' title='bbox 916 4899 981 4951; x_wconf 90' lang='lat' dir='ltr'>ut</span> <span class='ocrx_word' id='word_1_754' title='bbox 1001 4892 1401 4969; x_wconf 85' lang='lat' dir='ltr'>habeas,quod</span> <span class='ocrx_word' id='word_1_755' title='bbox 1428 4898 1619 4970; x_wconf 89' lang='lat' dir='ltr'>possis</span> <span class='ocrx_word' id='word_1_756' title='bbox 1642 4906 1962 4973; x_wconf 86' lang='lat' dir='ltr'>erogare,et</span> <span class='ocrx_word' id='word_1_757' title='bbox 1983 4921 2097 4960; x_wconf 91' lang='lat' dir='ltr'>non</span> 
     </span>
    </p>
   </div>
   <div class='ocr_carea' id='block_1_94' title="bbox 453 4982 2097 5059">
    <p class='ocr_par' dir='ltr' id='par_1_94' title="bbox 453 4982 2097 5059">
     <span class='ocr_line' id='line_1_94' title="bbox 453 4982 2097 5059; baseline 0.005 -17"><span class='ocrx_word' id='word_1_758' title='bbox 453 4985 530 5042; x_wconf 91' lang='lat' dir='ltr'>sit</span> <span class='ocrx_word' id='word_1_759' title='bbox 545 5002 693 5059; x_wconf 90' lang='lat' dir='ltr'><strong>opus</strong></span> <span class='ocrx_word' id='word_1_760' title='bbox 714 4982 1248 5040; x_wconf 88' lang='lat' dir='ltr'>servare.0tiositas</span> <span class='ocrx_word' id='word_1_761' title='bbox 1278 4985 1456 5054; x_wconf 91' lang='lat' dir='ltr'>euim,</span> <span class='ocrx_word' id='word_1_762' title='bbox 1477 4985 1526 5041; x_wconf 93' lang='lat' dir='ltr'>si</span> <span class='ocrx_word' id='word_1_763' title='bbox 1549 5004 1664 5043; x_wconf 91' lang='lat' dir='ltr'>non</span> <span class='ocrx_word' id='word_1_764' title='bbox 1691 4990 1861 5047; x_wconf 89' lang='lat' dir='ltr'>certis</span> <span class='ocrx_word' id='word_1_765' title='bbox 1891 4990 2097 5051; x_wconf 91' lang='lat' dir='ltr'>diebus</span> 
     </span>
    </p>
   </div>
   <div class='ocr_carea' id='block_1_95' title="bbox 452 5072 2096 5140">
    <p class='ocr_par' dir='ltr' id='par_1_95' title="bbox 452 5072 2096 5140">
     <span class='ocr_line' id='line_1_95' title="bbox 452 5072 2096 5140; baseline 0.006 -11"><span class='ocrx_word' id='word_1_766' title='bbox 452 5075 566 5131; x_wconf 91' lang='lat' dir='ltr'>mei</span> <span class='ocrx_word' id='word_1_767' title='bbox 598 5090 796 5139; x_wconf 86' lang='lat' dir='ltr'>causa,</span> <span class='ocrx_word' id='word_1_768' title='bbox 828 5072 1069 5129; x_wconf 89' lang='lat' dir='ltr'>inimica</span> <span class='ocrx_word' id='word_1_769' title='bbox 1097 5076 1188 5129; x_wconf 89' lang='lat' dir='ltr'>est</span> <span class='ocrx_word' id='word_1_770' title='bbox 1218 5073 1447 5129; x_wconf 69' lang='lat' dir='ltr'>animos.</span> <span class='ocrx_word' id='word_1_771' title='bbox 1481 5075 1650 5131; x_wconf 90' lang='lat' dir='ltr'>Enim</span> <span class='ocrx_word' id='word_1_772' title='bbox 1678 5094 1811 5135; x_wconf 89' lang='lat' dir='ltr'>vero</span> <span class='ocrx_word' id='word_1_773' title='bbox 1843 5097 1947 5137; x_wconf 92' lang='lat' dir='ltr'>nec</span> <span class='ocrx_word' id='word_1_774' title='bbox 1977 5081 2096 5140; x_wconf 92' lang='lat' dir='ltr'>ullo</span> 
     </span>
    </p>
   </div>
   <div class='ocr_carea' id='block_1_96' title="bbox 452 5161 2098 5244">
    <p class='ocr_par' dir='ltr' id='par_1_96' title="bbox 452 5161 2098 5244">
     <span class='ocr_line' id='line_1_96' title="bbox 452 5161 2098 5244; baseline 0.006 -26"><span class='ocrx_word' id='word_1_775' title='bbox 452 5166 713 5236; x_wconf 89' lang='lat' dir='ltr'>tempore</span> <span class='ocrx_word' id='word_1_776' title='bbox 767 5167 824 5220; x_wconf 91' lang='lat' dir='ltr'>te</span> <span class='ocrx_word' id='word_1_777' title='bbox 874 5161 1003 5219; x_wconf 89' lang='lat' dir='ltr'>volo</span> <span class='ocrx_word' id='word_1_778' title='bbox 1043 5162 1296 5218; x_wconf 91' lang='lat' dir='ltr'>otiosum</span> <span class='ocrx_word' id='word_1_779' title='bbox 1329 5162 1457 5218; x_wconf 85' lang='lat' dir='ltr'>esse</span> <span class='ocrx_word' id='word_1_780' title='bbox 1492 5180 1504 5218; x_wconf 94' lang='lat'>:</span> <span class='ocrx_word' id='word_1_781' title='bbox 1540 5182 1675 5221; x_wconf 90' lang='lat' dir='ltr'>nam</span> <span class='ocrx_word' id='word_1_782' title='bbox 1707 5169 1814 5224; x_wconf 91' lang='lat' dir='ltr'>etsi</span> <span class='ocrx_word' id='word_1_783' title='bbox 1847 5170 1962 5225; x_wconf 85' lang='lat' dir='ltr'>dixi</span> <span class='ocrx_word' id='word_1_784' title='bbox 1994 5189 2098 5244; x_wconf 91' lang='lat' dir='ltr'>per</span> 
     </span>
    </p>
   </div>
   <div class='ocr_carea' id='block_1_97' title="bbox 450 5250 2099 5333">
    <p class='ocr_par' dir='ltr' id='par_1_97' title="bbox 450 5250 2099 5333">
     <span class='ocr_line' id='line_1_97' title="bbox 450 5250 2099 5333; baseline 0.008 -27"><span class='ocrx_word' id='word_1_785' title='bbox 450 5250 801 5322; x_wconf 88' lang='lat' dir='ltr'>Prophetam</span> <span class='ocrx_word' id='word_1_786' title='bbox 834 5267 849 5309; x_wconf 91' lang='lat'>:</span> <span class='ocrx_word' id='word_1_787' title='bbox 888 5253 1077 5309; x_wconf 83' lang='lat' dir='ltr'>Vacate</span> <span class='ocrx_word' id='word_1_788' title='bbox 1135 5251 1236 5307; x_wconf 91' lang='lat' dir='ltr'>sed</span> <span class='ocrx_word' id='word_1_789' title='bbox 1294 5250 1493 5307; x_wconf 91' lang='lat' dir='ltr'>addidi</span> <span class='ocrx_word' id='word_1_790' title='bbox 1534 5271 1546 5309; x_wconf 90' lang='lat'>:</span> <span class='ocrx_word' id='word_1_791' title='bbox 1600 5258 1673 5312; x_wconf 80' lang='lat' dir='ltr'>Et</span> <span class='ocrx_word' id='word_1_792' title='bbox 1728 5258 1914 5328; x_wconf 80' lang='lat' dir='ltr'>videte,</span> <span class='ocrx_word' id='word_1_793' title='bbox 1966 5264 2099 5333; x_wconf 87' lang='lat' dir='ltr'>quia</span> 
     </span>
    </p>
   </div>
   <div class='ocr_carea' id='block_1_98' title="bbox 446 5340 2095 5421">
    <p class='ocr_par' dir='ltr' id='par_1_98' title="bbox 446 5340 2095 5421">
     <span class='ocr_line' id='line_1_98' title="bbox 446 5340 2095 5421; baseline 0.008 -28"><span class='ocrx_word' id='word_1_794' title='bbox 446 5353 545 5408; x_wconf 82' lang='lat' dir='ltr'>ego</span> <span class='ocrx_word' id='word_1_795' title='bbox 582 5355 707 5394; x_wconf 88' lang='lat' dir='ltr'>sum</span> <span class='ocrx_word' id='word_1_796' title='bbox 733 5341 993 5396; x_wconf 83' lang='lat' dir='ltr'>Dominus</span> <span class='ocrx_word' id='word_1_797' title='bbox 1025 5340 1339 5412; x_wconf 70' lang='lat' dir='ltr'>(Psal.xcv,</span> <span class='ocrx_word' id='word_1_798' title='bbox 1370 5341 1477 5411; x_wconf 78' lang='lat' dir='ltr'>il),</span> <span class='ocrx_word' id='word_1_799' title='bbox 1530 5347 1594 5398; x_wconf 94' lang='lat' dir='ltr'><strong>ut</strong></span> <span class='ocrx_word' id='word_1_800' title='bbox 1646 5344 1937 5421; x_wconf 90' lang='lat' dir='ltr'>intelligas</span> <span class='ocrx_word' id='word_1_801' title='bbox 1989 5351 2095 5407; x_wconf 90' lang='lat' dir='ltr'>tibi</span> 
     </span>
    </p>
   </div>
   <div class='ocr_carea' id='block_1_99' title="bbox 449 5426 2096 5504">
    <p class='ocr_par' dir='ltr' id='par_1_99' title="bbox 449 5426 2096 5504">
     <span class='ocr_line' id='line_1_99' title="bbox 449 5426 2096 5504; baseline 0.009 -23"><span class='ocrx_word' id='word_1_802' title='bbox 449 5427 772 5482; x_wconf 91' lang='lat' dir='ltr'>cavendum</span> <span class='ocrx_word' id='word_1_803' title='bbox 800 5426 865 5501; x_wconf 86' lang='lat' dir='ltr'>[f.</span> <span class='ocrx_word' id='word_1_804' title='bbox 894 5428 1307 5500; x_wconf 90' lang='lat' dir='ltr'>vancandum],</span> <span class='ocrx_word' id='word_1_805' title='bbox 1341 5430 1483 5486; x_wconf 83' lang='lat' dir='ltr'>mihi</span> <span class='ocrx_word' id='word_1_806' title='bbox 1515 5434 1905 5494; x_wconf 88' lang='lat' dir='ltr'>serviendum.</span> <span class='ocrx_word' id='word_1_807' title='bbox 1947 5439 2096 5504; x_wconf 90' lang='lat' dir='ltr'>Quid</span> 
     </span>
    </p>
   </div>
   <div class='ocr_carea' id='block_1_100' title="bbox 446 5512 2097 5594">
    <p class='ocr_par' dir='ltr' id='par_1_100' title="bbox 446 5512 2097 5594">
     <span class='ocr_line' id='line_1_100' title="bbox 446 5512 2097 5594; baseline 0.008 -23"><span class='ocrx_word' id='word_1_808' title='bbox 446 5520 595 5587; x_wconf 88' lang='lat' dir='ltr'>opus</span> <span class='ocrx_word' id='word_1_809' title='bbox 624 5518 715 5571; x_wconf 90' lang='lat' dir='ltr'><strong>est</strong></span> <span class='ocrx_word' id='word_1_810' title='bbox 743 5520 809 5571; x_wconf 91' lang='lat' dir='ltr'><strong>ut</strong></span> <span class='ocrx_word' id='word_1_811' title='bbox 836 5512 1049 5584; x_wconf 85' lang='lat' dir='ltr'>serves,</span> <span class='ocrx_word' id='word_1_812' title='bbox 1075 5518 1174 5590; x_wconf 91' lang='lat' dir='ltr'>qui</span> <span class='ocrx_word' id='word_1_813' title='bbox 1208 5534 1299 5574; x_wconf 90' lang='lat' dir='ltr'>me</span> <span class='ocrx_word' id='word_1_814' title='bbox 1331 5520 1505 5577; x_wconf 87' lang='lat' dir='ltr'>dante</span> <span class='ocrx_word' id='word_1_815' title='bbox 1536 5524 1796 5594; x_wconf 89' lang='lat' dir='ltr'>quotidie</span> <span class='ocrx_word' id='word_1_816' title='bbox 1827 5527 1970 5583; x_wconf 79' lang='lat' dir='ltr'>satis</span> <span class='ocrx_word' id='word_1_817' title='bbox 2001 5544 2097 5584; x_wconf 89' lang='lat' dir='ltr'>ac-</span> 
     </span>
    </p>
   </div>
   <div class='ocr_carea' id='block_1_101' title="bbox 443 5602 2096 5685">
    <p class='ocr_par' dir='ltr' id='par_1_101' title="bbox 443 5602 2096 5685">
     <span class='ocr_line' id='line_1_101' title="bbox 443 5602 2096 5685; baseline 0.009 -26"><span class='ocrx_word' id='word_1_818' title='bbox 443 5602 630 5677; x_wconf 74' lang='lat' dir='ltr'>cipis?</span> <span class='ocrx_word' id='word_1_819' title='bbox 659 5603 806 5668; x_wconf 89' lang='lat' dir='ltr'><strong>Quid</strong></span> <span class='ocrx_word' id='word_1_820' title='bbox 831 5606 1097 5662; x_wconf 87' lang='lat' dir='ltr'>convenit</span> <span class='ocrx_word' id='word_1_821' title='bbox 1128 5612 1190 5663; x_wconf 91' lang='lat' dir='ltr'><strong>ut</strong></span> <span class='ocrx_word' id='word_1_822' title='bbox 1212 5622 1426 5678; x_wconf 85' lang='lat' dir='ltr'>serves,</span> <span class='ocrx_word' id='word_1_823' title='bbox 1460 5612 1562 5682; x_wconf 91' lang='lat' dir='ltr'><strong>qui</strong></span> <span class='ocrx_word' id='word_1_824' title='bbox 1593 5611 1829 5685; x_wconf 90' lang='lat' dir='ltr'>ignoras</span> <span class='ocrx_word' id='word_1_825' title='bbox 1859 5615 1953 5673; x_wconf 91' lang='lat' dir='ltr'>cui</span> <span class='ocrx_word' id='word_1_826' title='bbox 1974 5633 2096 5674; x_wconf 85' lang='lat' dir='ltr'>ser-</span> 
     </span>
    </p>
   </div>
   <div class='ocr_carea' id='block_1_102' title="bbox 515 5709 1597 5787">
    <p class='ocr_par' dir='ltr' id='par_1_102' title="bbox 515 5709 1597 5787">
     <span class='ocr_line' id='line_1_102' title="bbox 515 5709 1597 5787; baseline 0.006 -20"><span class='ocrx_word' id='word_1_827' title='bbox 515 5709 626 5785; x_wconf 88' lang='lat'>(67)</span> <span class='ocrx_word' id='word_1_828' title='bbox 659 5710 830 5787; x_wconf 92' lang='lat' dir='ltr'>Vulg.</span> <span class='ocrx_word' id='word_1_829' title='bbox 865 5728 1023 5786; x_wconf 67' lang='lat' dir='ltr'>(equa</span> <span class='ocrx_word' id='word_1_830' title='bbox 1055 5716 1174 5781; x_wconf 88' lang='lat' dir='ltr'>tibi,</span> <span class='ocrx_word' id='word_1_831' title='bbox 1209 5715 1406 5772; x_wconf 89' lang='lat' dir='ltr'>minus</span> <span class='ocrx_word' id='word_1_832' title='bbox 1431 5717 1597 5774; x_wconf 90' lang='lat' dir='ltr'>bene.</span> 
     </span>
    </p>
   </div>
   <div class='ocr_carea' id='block_1_103' title="bbox 2211 4725 3866 4800">
    <p class='ocr_par' dir='ltr' id='par_1_103' title="bbox 2211 4725 3866 4800">
     <span class='ocr_line' id='line_1_103' title="bbox 2211 4725 3866 4800; baseline 0.003 -18"><span class='ocrx_word' id='word_1_833' title='bbox 2211 4726 2399 4783; x_wconf 89' lang='lat' dir='ltr'>sidere</span> <span class='ocrx_word' id='word_1_834' title='bbox 2429 4726 2677 4781; x_wconf 88' lang='lat' dir='ltr'>divitias.</span> <span class='ocrx_word' id='word_1_835' title='bbox 2716 4725 2845 4794; x_wconf 82' lang='lat' dir='ltr'>Fac,</span> <span class='ocrx_word' id='word_1_836' title='bbox 2882 4726 3099 4799; x_wconf 89' lang='lat' dir='ltr'>inquis.</span> <span class='ocrx_word' id='word_1_837' title='bbox 3133 4728 3338 4800; x_wconf 86' lang='lat' dir='ltr'>Eroga,</span> <span class='ocrx_word' id='word_1_838' title='bbox 3383 4729 3531 4785; x_wconf 92' lang='lat' dir='ltr'>dico.</span> <span class='ocrx_word' id='word_1_839' title='bbox 3595 4730 3721 4785; x_wconf 89' lang='lat' dir='ltr'>Non</span> <span class='ocrx_word' id='word_1_840' title='bbox 3781 4732 3866 4787; x_wconf 88' lang='lat' dir='ltr'>fa-</span> 
     </span>
    </p>
   </div>
   <div class='ocr_carea' id='block_1_104' title="bbox 2209 4814 3869 4893">
    <p class='ocr_par' dir='ltr' id='par_1_104' title="bbox 2209 4814 3869 4893">
     <span class='ocr_line' id='line_1_104' title="bbox 2209 4814 3869 4893; baseline 0.005 -24"><span class='ocrx_word' id='word_1_841' title='bbox 2209 4815 2381 4882; x_wconf 90' lang='lat' dir='ltr'>ciam,</span> <span class='ocrx_word' id='word_1_842' title='bbox 2414 4814 2580 4870; x_wconf 91' lang='lat' dir='ltr'>dicis.</span> <span class='ocrx_word' id='word_1_843' title='bbox 2616 4814 2776 4887; x_wconf 78' lang='lat' dir='ltr'>cur?</span> <span class='ocrx_word' id='word_1_844' title='bbox 2805 4815 3027 4886; x_wconf 90' lang='lat' dir='ltr'>Timeo,</span> <span class='ocrx_word' id='word_1_845' title='bbox 3061 4815 3168 4883; x_wconf 89' lang='lat' dir='ltr'>ais.</span> <span class='ocrx_word' id='word_1_846' title='bbox 3202 4816 3349 4881; x_wconf 93' lang='lat' dir='ltr'>Quid</span> <span class='ocrx_word' id='word_1_847' title='bbox 3377 4817 3405 4873; x_wconf 91' lang='lat'>?</span> <span class='ocrx_word' id='word_1_848' title='bbox 3435 4818 3701 4891; x_wconf 90' lang='lat' dir='ltr'>inquam,</span> <span class='ocrx_word' id='word_1_849' title='bbox 3728 4838 3869 4893; x_wconf 85' lang='lat' dir='ltr'>pau-</span> 
     </span>
    </p>
   </div>
   <div class='ocr_carea' id='block_1_105' title="bbox 2208 4904 3862 4979">
    <p class='ocr_par' dir='ltr' id='par_1_105' title="bbox 2208 4904 3862 4979">
     <span class='ocr_line' id='line_1_105' title="bbox 2208 4904 3862 4979; baseline 0.004 -20"><span class='ocrx_word' id='word_1_850' title='bbox 2208 4904 2667 4978; x_wconf 87' lang='lat' dir='ltr'>pertatem.Ergo</span> <span class='ocrx_word' id='word_1_851' title='bbox 2681 4906 3042 4978; x_wconf 84' lang='lat' dir='ltr'>paupertatis</span> <span class='ocrx_word' id='word_1_852' title='bbox 3057 4910 3195 4962; x_wconf 90' lang='lat' dir='ltr'>sunt</span> <span class='ocrx_word' id='word_1_853' title='bbox 3211 4912 3322 4963; x_wconf 74' lang='lat' dir='ltr'>tua:</span> <span class='ocrx_word' id='word_1_854' title='bbox 3335 4907 3569 4979; x_wconf 66' lang='lat' dir='ltr'>divitiae,</span> <span class='ocrx_word' id='word_1_855' title='bbox 3586 4926 3702 4965; x_wconf 93' lang='lat' dir='ltr'>non</span> <span class='ocrx_word' id='word_1_856' title='bbox 3726 4912 3862 4965; x_wconf 66' lang='lat' dir='ltr'>tuae.</span> 
     </span>
    </p>
   </div>
   <div class='ocr_carea' id='block_1_106' title="bbox 2207 4993 3909 5072">
    <p class='ocr_par' dir='ltr' id='par_1_106' title="bbox 2207 4993 3909 5072">
     <span class='ocr_line' id='line_1_106' title="bbox 2207 4993 3909 5072; baseline 0.004 -23"><span class='ocrx_word' id='word_1_857' title='bbox 2207 4993 2492 5049; x_wconf 89' lang='lat' dir='ltr'>Dominus</span> <span class='ocrx_word' id='word_1_858' title='bbox 2514 4998 2604 5050; x_wconf 91' lang='lat' dir='ltr'>est</span> <span class='ocrx_word' id='word_1_859' title='bbox 2623 4994 2779 5050; x_wconf 89' lang='lat' dir='ltr'>enim</span> <span class='ocrx_word' id='word_1_860' title='bbox 2804 4995 2903 5067; x_wconf 91' lang='lat' dir='ltr'>qui</span> <span class='ocrx_word' id='word_1_861' title='bbox 2931 4995 3224 5053; x_wconf 89' lang='lat' dir='ltr'>interdicit</span> <span class='ocrx_word' id='word_1_862' title='bbox 3246 4998 3672 5069; x_wconf 88' lang='lat' dir='ltr'>subjectus,cui</span> <span class='ocrx_word' id='word_1_863' title='bbox 3693 4999 3867 5072; x_wconf 87' lang='lat' dir='ltr'>quid-</span> <span class='ocrx_word' id='word_1_864' title='bbox 3904 5034 3909 5039; x_wconf 66' lang='grc' dir='ltr'>ι</span> 
     </span>
    </p>
   </div>
   <div class='ocr_carea' id='block_1_107' title="bbox 2204 5081 3864 5160">
    <p class='ocr_par' dir='ltr' id='par_1_107' title="bbox 2204 5081 3864 5160">
     <span class='ocr_line' id='line_1_107' title="bbox 2204 5081 3864 5160; baseline 0.004 -23"><span class='ocrx_word' id='word_1_865' title='bbox 2204 5081 2345 5140; x_wconf 91' lang='lat' dir='ltr'>libet</span> <span class='ocrx_word' id='word_1_866' title='bbox 2392 5082 2774 5139; x_wconf 90' lang='lat' dir='ltr'>interdicitur.</span> <span class='ocrx_word' id='word_1_867' title='bbox 2808 5086 2968 5141; x_wconf 89' lang='lat' dir='ltr'>Ecce.</span> <span class='ocrx_word' id='word_1_868' title='bbox 3002 5090 3058 5142; x_wconf 92' lang='lat' dir='ltr'>te</span> <span class='ocrx_word' id='word_1_869' title='bbox 3104 5088 3437 5156; x_wconf 83' lang='lat' dir='ltr'>conﬁtente,</span> <span class='ocrx_word' id='word_1_870' title='bbox 3481 5088 3864 5160; x_wconf 90' lang='lat' dir='ltr'>deprehendi,</span> 
     </span>
    </p>
   </div>
   <div class='ocr_carea' id='block_1_108' title="bbox 2205 5175 3868 5247">
    <p class='ocr_par' dir='ltr' id='par_1_108' title="bbox 2205 5175 3868 5247">
     <span class='ocr_line' id='line_1_108' title="bbox 2205 5175 3868 5247; baseline 0.004 -20"><span class='ocrx_word' id='word_1_871' title='bbox 2205 5189 2321 5227; x_wconf 89' lang='lat' dir='ltr'>non</span> <span class='ocrx_word' id='word_1_872' title='bbox 2343 5175 2575 5228; x_wconf 89' lang='lat' dir='ltr'>tantum</span> <span class='ocrx_word' id='word_1_873' title='bbox 2594 5176 2647 5229; x_wconf 92' lang='lat' dir='ltr'>te</span> <span class='ocrx_word' id='word_1_874' title='bbox 2671 5178 2804 5229; x_wconf 92' lang='lat' dir='ltr'>tuas</span> <span class='ocrx_word' id='word_1_875' title='bbox 2818 5191 2929 5229; x_wconf 89' lang='lat' dir='ltr'>non</span> <span class='ocrx_word' id='word_1_876' title='bbox 2945 5175 3244 5247; x_wconf 87' lang='lat' dir='ltr'>possidere</span> <span class='ocrx_word' id='word_1_877' title='bbox 3258 5175 3620 5245; x_wconf 87' lang='lat' dir='ltr'>divitias,sed</span> <span class='ocrx_word' id='word_1_878' title='bbox 3640 5178 3817 5234; x_wconf 88' lang='lat' dir='ltr'>etiam</span> <span class='ocrx_word' id='word_1_879' title='bbox 3832 5195 3868 5234; x_wconf 88' lang='lat' dir='ltr'>a</span> 
     </span>
    </p>
   </div>
   <div class='ocr_carea' id='block_1_109' title="bbox 2207 5262 3863 5335">
    <p class='ocr_par' dir='ltr' id='par_1_109' title="bbox 2207 5262 3863 5335">
     <span class='ocr_line' id='line_1_109' title="bbox 2207 5262 3863 5335; baseline 0.004 -19"><span class='ocrx_word' id='word_1_880' title='bbox 2207 5265 2549 5333; x_wconf 89' lang='lat' dir='ltr'>paupertate</span> <span class='ocrx_word' id='word_1_881' title='bbox 2572 5262 2877 5334; x_wconf 87' lang='lat' dir='ltr'>possideri,</span> <span class='ocrx_word' id='word_1_882' title='bbox 2903 5262 2995 5318; x_wconf 92' lang='lat' dir='ltr'>cui</span> <span class='ocrx_word' id='word_1_883' title='bbox 3033 5263 3171 5335; x_wconf 73' lang='lat' dir='ltr'>ipsa:</span> <span class='ocrx_word' id='word_1_884' title='bbox 3204 5264 3464 5321; x_wconf 89' lang='lat' dir='ltr'>serviunt</span> <span class='ocrx_word' id='word_1_885' title='bbox 3492 5264 3725 5321; x_wconf 66' lang='lat' dir='ltr'>divitire.</span> <span class='ocrx_word' id='word_1_886' title='bbox 3751 5266 3863 5323; x_wconf 89' lang='lat' dir='ltr'>Sed</span> 
     </span>
    </p>
   </div>
   <div class='ocr_carea' id='block_1_110' title="bbox 2205 5350 3865 5423">
    <p class='ocr_par' dir='ltr' id='par_1_110' title="bbox 2205 5350 3865 5423">
     <span class='ocr_line' id='line_1_110' title="bbox 2205 5350 3865 5423; baseline 0.003 -18"><span class='ocrx_word' id='word_1_887' title='bbox 2205 5350 2370 5405; x_wconf 87' lang='lat' dir='ltr'>video</span> <span class='ocrx_word' id='word_1_888' title='bbox 2403 5350 2542 5423; x_wconf 87' lang='lat' dir='ltr'><strong>quid</strong></span> <span class='ocrx_word' id='word_1_889' title='bbox 2574 5351 2978 5408; x_wconf 89' lang='lat' dir='ltr'>declinaveris.</span> <span class='ocrx_word' id='word_1_890' title='bbox 3011 5352 3156 5408; x_wconf 91' lang='lat' dir='ltr'>Cum</span> <span class='ocrx_word' id='word_1_891' title='bbox 3187 5354 3345 5410; x_wconf 89' lang='lat' dir='ltr'>enim</span> <span class='ocrx_word' id='word_1_892' title='bbox 3378 5370 3584 5410; x_wconf 88' lang='lat' dir='ltr'>servus</span> <span class='ocrx_word' id='word_1_893' title='bbox 3615 5353 3697 5410; x_wconf 90' lang='lat' dir='ltr'>sis</span> <span class='ocrx_word' id='word_1_894' title='bbox 3728 5372 3865 5411; x_wconf 87' lang='lat' dir='ltr'>ava-</span> 
     </span>
    </p>
   </div>
   <div class='ocr_carea' id='block_1_111' title="bbox 2206 5439 3867 5516">
    <p class='ocr_par' dir='ltr' id='par_1_111' title="bbox 2206 5439 3867 5516">
     <span class='ocr_line' id='line_1_111' title="bbox 2206 5439 3867 5516; baseline 0.004 -23"><span class='ocrx_word' id='word_1_895' title='bbox 2206 5439 2370 5507; x_wconf 69' lang='lat' dir='ltr'>ritiae,</span> <span class='ocrx_word' id='word_1_896' title='bbox 2392 5456 2507 5496; x_wconf 91' lang='lat' dir='ltr'>non</span> <span class='ocrx_word' id='word_1_897' title='bbox 2538 5456 2720 5496; x_wconf 89' lang='lat' dir='ltr'><strong>ausus</strong></span> <span class='ocrx_word' id='word_1_898' title='bbox 2740 5456 2868 5495; x_wconf 88' lang='lat' dir='ltr'>eam</span> <span class='ocrx_word' id='word_1_899' title='bbox 2893 5442 3100 5497; x_wconf 88' lang='lat' dir='ltr'>saltem</span> <span class='ocrx_word' id='word_1_900' title='bbox 3127 5442 3450 5511; x_wconf 90' lang='lat' dir='ltr'>nominare,</span> <span class='ocrx_word' id='word_1_901' title='bbox 3475 5443 3584 5499; x_wconf 93' lang='lat' dir='ltr'>sub</span> <span class='ocrx_word' id='word_1_902' title='bbox 3604 5444 3867 5516; x_wconf 88' lang='lat' dir='ltr'>tegmine</span> 
     </span>
    </p>
   </div>
   <div class='ocr_carea' id='block_1_112' title="bbox 2205 5527 3863 5603">
    <p class='ocr_par' dir='ltr' id='par_1_112' title="bbox 2205 5527 3863 5603">
     <span class='ocr_line' id='line_1_112' title="bbox 2205 5527 3863 5603; baseline 0.003 -19"><span class='ocrx_word' id='word_1_903' title='bbox 2205 5529 2568 5601; x_wconf 89' lang='lat' dir='ltr'>paupertatis</span> <span class='ocrx_word' id='word_1_904' title='bbox 2601 5527 2825 5602; x_wconf 90' lang='lat' dir='ltr'>elegisti</span> <span class='ocrx_word' id='word_1_905' title='bbox 2849 5530 3181 5603; x_wconf 89' lang='lat' dir='ltr'>confugere,</span> <span class='ocrx_word' id='word_1_906' title='bbox 3206 5547 3341 5587; x_wconf 89' lang='lat' dir='ltr'>cum</span> <span class='ocrx_word' id='word_1_907' title='bbox 3364 5548 3478 5588; x_wconf 91' lang='lat' dir='ltr'>non</span> <span class='ocrx_word' id='word_1_908' title='bbox 3504 5532 3710 5588; x_wconf 89' lang='lat' dir='ltr'>timere</span> <span class='ocrx_word' id='word_1_909' title='bbox 3732 5548 3863 5589; x_wconf 89' lang='lat' dir='ltr'>eam</span> 
     </span>
    </p>
   </div>
   <div class='ocr_carea' id='block_1_113' title="bbox 2207 5608 3866 5693">
    <p class='ocr_par' dir='ltr' id='par_1_113' title="bbox 2207 5608 3866 5693">
     <span class='ocr_line' id='line_1_113' title="bbox 2207 5608 3866 5693; baseline 0.004 -21"><span class='ocrx_word' id='word_1_910' title='bbox 2207 5621 2263 5673; x_wconf 87' lang='lat' dir='ltr'>te</span> <span class='ocrx_word' id='word_1_911' title='bbox 2295 5608 2541 5689; x_wconf 85' lang='lat' dir='ltr'>constet,</span> <span class='ocrx_word' id='word_1_912' title='bbox 2574 5617 2673 5674; x_wconf 89' lang='lat' dir='ltr'>sed</span> <span class='ocrx_word' id='word_1_913' title='bbox 2708 5616 3019 5677; x_wconf 89' lang='lat' dir='ltr'>abhorrere</span> <span class='ocrx_word' id='word_1_914' title='bbox 3055 5637 3068 5677; x_wconf 92' lang='lat'>:</span> <span class='ocrx_word' id='word_1_915' title='bbox 3102 5617 3265 5679; x_wconf 86' lang='lat' dir='ltr'>illam</span> <span class='ocrx_word' id='word_1_916' title='bbox 3298 5614 3633 5693; x_wconf 85' lang='lat' dir='ltr'>vero,cujus</span> <span class='ocrx_word' id='word_1_917' title='bbox 3666 5638 3866 5680; x_wconf 85' lang='lat' dir='ltr'>amore</span> 
     </span>
    </p>
   </div>
  </div>
