4070 6372
472 379 586 450 183

1394 360 1770 449 ΒἉἸἯΕΒΙῙ
1812 380 2058 447 EPISC.
2102 378 2391 448 VEIION.
2439 382 2616 448 OPP.
2663 375 2864 448 mas
2904 372 2959 448 ι.

3768 374 3901 443 188

465 516 2117 597 men_(Psal.vam,20).Jobveroquiddamexpressius,Du-
2142 517 2196 586 Α
2220 518 2419 591 phetae,
2451 518 2750 589 mercedem
2775 516 3054 592 prophetae
3082 514 3312 591 accipiet
3340 511 3544 584 (Matth.
3562 531 3616 587 π,
3650 513 3889 591 41),θιο.

467 612 982 685 cunt,inqui_ens,in
1008 614 1161 679 bonis
1171 611 1283 667 dies
1294 618 1493 676 suos,et
1512 610 1573 665 in
1586 616 1789 680 puncto
1809 608 1879 664 ad
1898 609 2119 679 inferna

465 701 785 771 descendent
816 702 950 777 (Job.
983 719 1099 768 xxx,
1132 701 1240 773 13).
1290 698 1455 755 Alius
1504 701 1698 753 autem
1730 713 1744 755 :
1772 697 1929 767 Agite
1972 713 2120 752 nunc

462 794 677 863 divites,
709 794 811 862 ait,
838 793 1052 865 plorate
1080 792 1143 846 in
1170 790 1427 853 miseriis,
1460 804 1577 860 quae
1606 787 1896 842 advenient
1921 786 2072 841 vobis
2097 806 2118 854 ,-

463 882 681 940 divitiae
704 890 900 938 vestrae
918 881 1241 953 putrefactas
1269 882 1415 945 sunt,
1445 881 1498 932 et
1526 879 1851 932 vestimenta
1877 882 2056 931 vestra
2084 891 2119 931 a

464 975 629 1035 tineis
677 979 909 1028 comesta
953 976 1117 1037 sunt;
1173 983 1373 1037 aurum
1420 970 1471 1022 et
1516 972 1807 1036 argentum
1878 971 2120 1019 vestrum

463 1062 819 1139 aeruginavit,
873 1065 925 1115 et
975 1057 1170 1124 rubigo
1218 1071 1407 1111 eorum
1454 1054 1604 1110 vobis
1656 1055 1715 1108 in
1750 1053 2118 1109 testimonium

464 1154 587 1221 erit,
619 1158 669 1208 et
695 1147 1049 1213 manducabit
1076 1161 1267 1201 carnes
1294 1150 1503 1199 vestras
1530 1145 1671 1198 sicut
1699 1143 1862 1214 iqnis.
1892 1142 2120 1197 Thesaw

462 1240 685 1300 rimtis
714 1254 875 1310 super
903 1244 1130 1303 terram,
1179 1237 1233 1289 et
1277 1233 1337 1287 in
1381 1231 1595 1287 deliciis
1622 1232 1908 1303 enutristis
1955 1229 2119 1285 corda

463 1311 640 1387 vestra
670 1330 731 1385 in
758 1327 848 1382 die
876 1325 1160 1389 occisionis
1190 1341 1209 1376 :
1239 1320 1547 1392 adduxistis
1576 1322 1721 1376 iram
1748 1318 1896 1376 vobis
1924 1321 1984 1375 in
2025 1334 2119 1374 no-

465 1420 705 1477 vissimis
734 1415 923 1472 diebus
970 1430 983 1469 :
1024 1428 1141 1469 ecce
1166 1427 1366 1467 merces
1396 1411 1773 1481 operariorum
1798 1416 2116 1475 vestrorum,

467 1511 564 1589 qui
591 1511 930 1575 messuerunt
972 1503 1218 1571 regiones
1267 1506 1503 1589 vestras,
1524 1513 1649 1571 qum
1692 1497 1953 1571 fraudata
1979 1505 2060 1589 est
2086 1514 2121 1553 a

464 1585 643 1667 vobis,
672 1596 892 1660 clamat,
924 1599 976 1655 et
1001 1591 1208 1646 clamor
1248 1604 1437 1645 eorum
1484 1588 1542 1642 in
1585 1603 1744 1643 aures
1771 1587 1991 1644 Domini
2018 1585 2120 1641 Sa-

472 1662 640 1747 baoth'
660 1684 910 1743 introivit
942 1699 955 1737 :
989 1679 1260 1747 occidistis
1280 1680 1500 1751 justum
1540 1685 1592 1733 et
1633 1693 1744 1733 non
1792 1677 1993 1732 restitit
2032 1691 2121 1731 vo-

471 1779 555 1849 bis
582 1777 716 1850 (Jac.
747 1791 803 1841 v,
838 1770 980 1842 1ο6).
1032 1769 1195 1835 Sicut
1237 1783 1371 1822 vero
1425 1766 1595 1822 bonis
1640 1765 1920 1820 divitibus
1958 1763 2121 1819 nulla

468 1868 660 1940 major
688 1860 896 1925 salutis
923 1862 1013 1914 est
1042 1873 1239 1926 causa,
1266 1872 1444 1928 quam
1492 1853 1797 1910 humilitas
1840 1869 2004 1922 vera;
2038 1852 2121 1909 ita

466 1954 598 2021 istis
626 1951 793 2011 nulla
821 1948 1030 2011 certior
1075 1945 1257 2001 ruinae
1300 1960 1498 2010 causa,
1530 1959 1708 2015 quam
1748 1941 1978 1998 illorum
2011 1959 2114 1998 su-

466 2022 828 2125 perbiaJpsa
846 2037 1003 2103 enim
1035 2052 1149 2091 non
1183 2034 1374 2125 solum
1405 2049 1468 2089 se
1497 2032 1875 2125 perdunt,sed
1897 2036 1954 2088 et
1971 2030 2116 2125 alios

467 2121 822 2209 opprimant,
853 2128 1053 2191 urunt,
1102 2128 1162 2180 et
1189 2122 1469 2187 cruciant,
1505 2138 1684 2194 seque
1715 2121 1984 2177 meliores
2015 2122 2114 2177 de-

465 2221 721 2298 pretiant
771 2216 916 2295 (69);
970 2213 1128 2271 unde
1177 2216 1235 2268 et
1284 2210 1617 2278 Psalmista,
1668 2213 1808 2267 Dum
1851 2210 2112 2284 superbit,

464 2311 677 2391 inquit,
736 2308 960 2381 impius,
1021 2302 1334 2360 incenditur
1385 2316 1618 2391 pauper‘
1653 2300 1823 2391 (Psal.
1865 2317 1942 2391 ix,
2000 2301 2117 2371 23).

463 2388 728 2477 Itemque
757 2394 976 2453 orando
1010 2408 1024 2446 :
1053 2391 1304 2461 Miserere
1348 2390 1547 2456 nostri,
1587 2388 1830 2456 Domine,
1860 2390 2119 2444 miserere

462 2488 659 2557 nostri,
689 2487 823 2560 quia
848 2482 1089 2553 multum
1131 2478 1323 2550 repleti
1367 2493 1555 2532 sumus
1603 2478 1953 2548 despectione,
1986 2478 2118 2549 quia

461 2579 701 2636 multum
728 2573 934 2645 repleta
974 2572 1049 2627 est
1095 2569 1283 2622 anima
1327 2574 1531 2622 nostra.
1564 2566 1917 2638 opprobrium
1947 2567 2119 2620 abun-

465 2665 726 2729 dantibus
769 2668 821 2718 et
863 2658 1127 2730 despectio
1153 2654 1401 2727 superbis
1428 2655 1601 2716 (Psal.
1634 2670 1806 2723 exxn,
1838 2654 1913 2726 4).
1959 2654 2118 2711 Unde

462 2736 529 2821 et
548 2749 881 2826 Apostolus,
915 2744 1267 2803 medicinam
1298 2743 1613 2816 quamdam
1657 2744 1742 2800 eis
1779 2743 2066 2799 adhibens
2099 2761 2113 2799 ε

462 2842 763 2911 Divitibus,
796 2837 1009 2910 inquit,
1041 2835 1202 2907 hujus
1230 2832 1425 2888 swculi
1446 2833 1708 2905 praecipe,
1736 2849 1848 2887 non
1892 2833 2117 2904 superbe

459 2949 642 3013 agere,
666 2944 837 3002 neque
865 2924 1101 2997 gloriari
1129 2924 1195 2990 in,
1211 2923 1419 2978 incerto
1448 2920 1774 2976 divitiarum
1805 2922 1853 2993 (1
1885 2923 2018 2977 Tim.
2035 2939 2115 2993 v1,

460 3009 572 3094 17).
599 3018 1002 3093 Omnibusque
1030 3009 1378 3086 generaliter
1409 3028 1422 3067 :
1455 3012 1598 3083 Bene
1636 3011 1850 3083 faciant
1898 3011 2111 3076 divites,

456 3099 572 3171 sint
599 3111 660 3168 in
682 3106 947 3181 operibus,
967 3103 1142 3168 bonis,
1174 3102 1341 3173 facite
1391 3101 1661 3169 tribuant,
1696 3102 2114 3170 communicent,

458 3200 827 3261 thesaurizent
870 3195 980 3251 sibi
1024 3190 1441 3264 fundamentum
1476 3189 1694 3258 bonum,
1725 3198 1787 3246 ut
1815 3192 2116 3262 apprehen-

458 3260 593 3350 dant
617 3304 804 3346 veram
832 3286 1003 3341 vitam
1024 3260 1189 3353 (Ibid.
1224 3282 1312 3346 18,
1346 3278 1457 3350 19.)
1489 3279 1632 3334 Ecce
1680 3260 1971 3351 quomodo
2020 3297 2115 3336 ca-
2146 3260 2189 3329 C

460 3378 655 3447 melus
701 3373 969 3449 deposita
1016 3369 1174 3444 gibbi
1225 3367 1473 3432 sarcina,
1509 3384 1613 3440 per
1662 3368 1923 3423 foramen
1970 3365 2115 3425 valel

462 3453 605 3527 acus
655 3461 907 3521 transire
958 3458 1173 3530 (Matth.
1218 3474 1333 3525 xix,
1382 3456 1502 3527 24);
1563 3457 1856 3527 quomodo
1894 3456 2114 3514 animal

466 3534 822 3619 tortuosum,
868 3564 1042 3615 onere
1086 3544 1371 3619 deposito,
1422 3560 1645 3616 pennas
1690 3561 1989 3602 assumere
2019 3563 2113 3603 eo-

463 3644 681 3709 lumbae
712 3639 885 3715 (Psal.
919 3654 1028 3703 LIV,
1057 3637 1114 3705 7)
1144 3638 1201 3690 et
1228 3633 1499 3703 invramis
1544 3633 1905 3706 requiescere
1953 3637 2117 3692 arbo-

463 3733 546 3799 ris
576 3733 648 3790 de
668 3731 924 3787 semente
970 3724 1195 3797 sinapis
1236 3723 1401 3780 edita:
1434 3723 1581 3795 (Luc.
1614 3740 1732 3791 xm,
1766 3723 1874 3796 l9),
1901 3727 1959 3781 et
2008 3742 2113 3782 nec

459 3823 572 3881 hoc
628 3820 843 3885 solum,
891 3816 991 3873 sed
1041 3817 1098 3870 et
1144 3816 1309 3868 tanta
1351 3812 1714 3885 prerogativa
1741 3812 1913 3868 ditari
1964 3814 2110 3872 utin

455 3909 736 3984 taspharo
770 3905 882 3979 (70)
912 3902 1071 3959 illius
1100 3900 1354 3967 Madian,
1386 3900 1568 3972 Epha,
1603 3905 1660 3956 et
1699 3901 1853 3957 Saba
1898 3918 2110 3959 aurum

452 3986 523 4077 et
543 3999 682 4077 thus
714 3996 787 4069 ad
818 3991 1101 4067 templum
1150 3990 1378 4046 Domini
1428 3990 1693 4045 deferant
1722 3990 1849 4063 (Isa.
1895 4009 1982 4060 1.x,
2015 3994 2107 4062 6);

452 4062 760 4149 Isﬁmaelitai
781 4062 1015 4158 quoque
1032 4079 1421 4155 negotiatores
1438 4082 1677 4135 stactem
1701 4062 1757 4135 et
1777 4080 2107 4148 thimiama,

450 4178 826 4249 resinamque
858 4173 916 4229 in
950 4170 1169 4228 Galaad
1201 4173 1540 4226 nascentem
1575 4168 1725 4241 (Gen.
1749 4186 1959 4239 xxxvu,
1993 4171 2104 4242 25),

448 4266 687 4337 subaudi
714 4262 995 4331 deferant,
1029 4260 1088 4315 id
1133 4264 1223 4314 est
1270 4256 1677 4331 praedicatores
1707 4259 1892 4314 sancti
1932 4260 2107 4316 verba

449 4356 912 4429 Seripturarum,
944 4348 1112 4425 quasi
1162 4348 1553 4420 quorumdam
1603 4348 1930 4420 congeriem
1975 4365 2102 4405 aro-

448 4445 761 4512 matum,et
785 4439 1131 4496 thesaurum
1163 4435 1460 4508 sapientiae
1491 4435 1961 4505 desiderabilem,
1979 4439 2103 4510 qui-

447 4533 561 4609 bus
602 4536 661 4587 et
705 4527 851 4586 alios
903 4527 1108 4587 ditare.
1138 4528 1195 4581 et
1239 4525 1403 4580 bonas
1456 4524 1749 4596 opinionis
1795 4525 1998 4582 nidore
2028 4528 2101 4583 ad

2226 607 2298 663 Et
2347 607 2655 680 Apostolus
2706 627 2719 665 :
2758 608 2909 664 Alter
2952 608 3183 664 alterius
3228 624 3397 665 onera
3436 615 3667 680 portate,
3712 612 3765 664 et
3810 607 3897 663 sic

2224 697 2594 769 adimplcbitis
2623 699 2793 769 legem
2819 698 3033 753 Christi
3056 696 3194 767 (Gal.
3214 715 3291 764 v1,
3321 699 3401 770 2).
3425 697 3635 768 Recipe
3661 696 3889 769 itaque,

2225 785 2325 842 45
2358 803 2390 841 ο
2420 787 2599 853 dives,
2632 803 2735 858 pro
2768 786 3004 841 nomine
3034 785 3248 841 Christi
3286 785 3730 859 prophetantem
3777 783 3899 842 ali-

2225 891 2401 946 quem
2432 873 2492 929 in
2526 877 2760 930 nomine
2789 875 2939 947 ejus,
2974 878 3029 929 et
3060 874 3353 948 propheta:
3375 873 3561 947 ipsius
3593 891 3730 929 cum
3758 874 3895 947 ipso

2224 962 2469 1034 recipies
2501 964 3124 1031 mercedem;sustenta
3154 962 3367 1036 opibus
3397 964 3516 1019 tuis
3539 964 3801 1033 justum,
3834 967 3894 1019 et

2216 1051 2464 1123 justitiae
2511 1051 2755 1124 recipies
2801 1050 3107 1119 meritum;
3159 1051 3267 1107 hoc
3312 1054 3402 1107 est
3451 1051 3608 1107 enim
3652 1051 3893 1107 divitias

2226 1141 2676 1212 negotiatorum,
2724 1140 2780 1195 id
2830 1144 2921 1196 est
2970 1141 3119 1196 bene
3168 1140 3555 1213 operantium,
3605 1139 3662 1195 in
3711 1138 3892 1195 dorso

2224 1233 2484 1302 portare,
2508 1230 2593 1285 eis
2623 1228 2683 1285 in
2715 1230 2866 1285 bono
2906 1245 3077 1302 opere
3123 1227 3456 1285 subsidium
3485 1229 3653 1284 ferre.
3696 1227 3891 1285 Colla-

2224 1322 2353 1374 tum
2384 1322 2578 1374 autem
2608 1319 2693 1376 eis
2722 1317 3071 1391 subsidium,
3106 1317 3369 1392 ipsorum
3421 1317 3696 1390 impetrat
3743 1335 3893 1374 con-

2225 1406 2507 1476 sortium;
2536 1407 2797 1480 ipsorum
2824 1424 2957 1463 vero
2988 1405 3348 1462 consortium
3384 1423 3633 1479 regnum
3685 1407 3892 1480 aequi-

2227 1499 2314 1552 ret
2361 1497 2806 1569 sempiternum,
2855 1496 2983 1569 ipso
3026 1498 3339 1569 praebente
3368 1495 3467 1569 qui
3512 1494 3655 1552 vivit
3697 1500 3758 1552 et
3799 1512 3893 1553 re-

2227 1589 2368 1658 gnat
2389 1584 2447 1640 in
2472 1590 2775 1642 aeternum.

2313 1675 2433 1730 TIT.
2468 1672 2661 1731 XVIII.
2693 1707 2762 1718 ——
2791 1676 2866 1732 De
2890 1675 3205 1732 hominibus
3230 1677 3472 1747 fortuna:
3499 1674 3805 1731 mediocris.

2301 1764 2393 1819 29.
2427 1764 2733 1820 Mediocris
2763 1765 2866 1820 es?
2895 1764 3044 1821 Audi
3072 1763 3416 1837 Apostolum
3452 1782 3465 1820 :
3499 1765 3618 1821 Non
3647 1772 3710 1820 ut
3756 1765 3895 1822 aliis

2227 1854 2501 1920 remissio,
2550 1855 2694 1910 vobis
2746 1863 2931 1910 autem
2973 1855 3278 1916 tribulatio.
3321 1851 3413 1909 sed
3456 1869 3527 1910 ex
3570 1854 3897 1926 aequalitate

2225 1950 2402 1998 vestra
2434 1942 2779 2013 abundantia
2803 1936 3029 1999 illorum
3057 1944 3302 2014 inopiam
3323 1946 3590 2015 suppleat,
3624 1951 3686 1998 ut
3731 1947 3787 1999 et
3826 1944 3897 1998 il'.

2224 2033 2400 2088 lorum
2430 2031 2771 2089 abundantia
2799 2042 2994 2090 vestrae
3023 2032 3228 2104 inopiae
3255 2032 3329 2088 sit
3345 2033 3782 2105 supplementum
3821 2031 3903 2102 (II

2225 2120 2346 2177 Cor.
2391 2138 2513 2191 νηί,
2564 2122 2652 2189 l3,
2706 2123 2824 2191 14);
2854 2126 2911 2177 et
2958 2120 3105 2189 illud
3155 2121 3348 2178 Tobiae
3383 2138 3397 2177 :
3431 2120 3495 2177 Si
3519 2122 3762 2177 multum
3791 2122 3900 2181 tibi

2224 2218 2318 2277 est,
2352 2211 2699 2267 abundanter
2719 2213 2939 2276 tribue,-
2968 2213 3019 2266 si
3035 2227 3259 2284 parum,
3290 2212 3458 2267 etiam
3494 2211 3679 2282 ipsum
3720 2211 3901 2269 liben'

2225 2307 2308 2357 ter
2337 2302 2621 2372 impertire
2651 2300 2806 2357 stude
2836 2300 2982 2370 (Tob.
3010 2317 3083 2368 ιν,
3111 2300 3193 2371 9).
3221 2298 3383 2363 Quod
3436 2298 3486 2354 si
3531 2299 3897 2371 omnimodis

2224 2388 2777 2461 pauper,considera
2806 2388 2922 2444 duo
2952 2387 3137 2455 vidua:
3172 2386 3401 2443 minuta
3433 2386 3584 2459 (Luc.
3636 2404 3756 2454 xxi,
3808 2388 3892 2460 2);

2226 2477 2394 2533 Forte
2418 2478 2630 2533 desunt
2658 2481 2716 2533 et
2740 2477 2904 2549 ipsa?
2947 2477 3136 2533 Habes
3188 2475 3428 2531 calicem
3468 2492 3631 2549 aquae
3665 2473 3895 2549 frigida:

2226 2566 2429 2638 (Matth.
2458 2584 2515 2635 x,
2548 2567 2659 2637 42).
2694 2567 2816 2622 Non
2867 2570 2975 2633 est,
3027 2565 3247 2637 inquis,
3294 2569 3528 2639 puteus,
3562 2565 3729 2621 deest
3759 2563 3896 2621 fons

2222 2654 2311 2710 vel
2344 2654 2705 2727 ﬂuvius,ipse
2737 2672 2851 2710 non
2885 2655 3052 2710 adest
3080 2659 3330 2721 torrens,
3362 2651 3756 2709 hauritorium
3779 2654 3893 2731 (7i)

2225 2743 2463 2800 omnino
2496 2743 2823 2800 nullum.Et
2846 2743 2941 2799 hic
2964 2742 3195 2799 Domini
3226 2759 3341 2799 non
3366 2742 3530 2798 deest
3548 2741 3891 2811 consilium;

2225 2834 2363 2889 audi
2394 2834 2552 2889 enim
2581 2832 2922 2907 angelorum
2954 2832 3015 2888 in
3046 2831 3356 2904 Evangelia
3407 2831 3737 2888 canticum:
3766 2831 3893 2889 Glo-

2226 2925 2313 2979 ria
2341 2925 2403 2979 in
2430 2924 2663 2979 excelsis
2698 2927 2826 2991 Deo,
2857 2930 2909 2978 et
2939 2923 2999 2977 in
3030 2926 3179 2977 terra
3218 2938 3333 2994 pax
3373 2920 3688 2977 hominibus
3736 2920 3895 2977 bona

2223 3012 2517 3069 voluntatis
2548 3013 2700 3086 (Luc.
2734 3029 2799 3081 ιι,
2832 3012 2942 3083 14).
2969 3013 3154 3067 Avaro
3187 3014 3382 3067 autem
3412 3009 3740 3066 secundum
3763 3010 3897 3067 Hie-

2225 3118 2536 3175 ronymum
2568 3106 2688 3157 tam
2720 3100 2884 3157 deest
2931 3100 3086 3173 quod
3138 3099 3335 3169 habet,
3369 3116 3546 3174 quam
3580 3098 3736 3172 quod
3770 3116 3893 3156 non

2225 3190 2419 3247 habet.
2447 3189 2718 3258 Sed,heul
2752 3190 3059 3246 vecordem
3089 3205 3205 3258 me,
3233 3188 3371 3261 quid
3403 3205 3659 3261 namque
3697 3188 3892 3246 habeo

2227 3281 2597 3336 confectum?
2632 3280 2783 3335 Dum
2815 3279 2971 3336 enim
3006 3278 3415 3352 properantius
3444 3266 3627 3351 quam
3653 3279 3895 3351 expetit

2227 3369 2456 3434 festino,
2482 3368 2804 3424 maximum
2853 3368 3245 3442 quorumdam
3275 3371 3396 3423 tam
3427 3366 3672 3423 divitum
3704 3384 3891 3440 quam

2227 3464 2285 3515 et
2308 3458 2688 3516 mediocrium
2716 3457 2924 3514 vitium
2957 3457 3560 3514 dimisiomnino.Sed
3592 3460 3887 3530 retrogra-

2226 3548 2367 3604 dum
2400 3565 2605 3604 rursus
2635 3547 2922 3604 sermonis
2951 3547 3061 3602 iter
3088 3547 3389 3619 arripiam,
3418 3545 3631 3603 iterum
3661 3546 3885 3616 dicam,

2225 3636 2436 3693 iterum
2469 3641 2746 3709 repetam,
2779 3634 3283 3704 clamabo,dieam,
3320 3652 3436 3691 non
3469 3634 3888 3703 dimittam;di-

2224 3742 2352 3782 eam
2384 3730 2580 3782 tamen
2612 3742 2725 3781 non
2753 3741 2820 3780 ex
2848 3740 2996 3793 meo,
3044 3723 3285 3780 alterius
3328 3722 3430 3779 sed
3479 3739 3616 3780 voce
3646 3723 3878 3793 boabo;

2218 3818 2449 3871 tantum
2481 3815 2775 3887 siquidem
2807 3817 2896 3869 est
2916 3830 2981 3869 ac
3000 3811 3297 3885 tale,quod
3335 3829 3447 3868 non
3478 3813 3725 3869 audeam
3745 3813 3884 3869 reti-

2221 3920 2381 3972 nere,
2411 3903 2643 3961 etiamsi
2693 3903 2750 3959 id
2800 3904 2948 3959 meis
2997 3919 3281 3974 nequeam
3323 3902 3516 3958 verbis
3563 3900 3878 3975 explicare;

2219 3998 2481 4065 poteram
2513 3997 2709 4048 autem
2741 3996 3080 4064 utcumque,
3114 3992 3214 4047 sed
3243 3989 3587 4048 contradicit
3626 3990 3775 4046 ratio
3811 3993 3875 4060 [Γ.

2218 4080 2441 4152 oratio],
2458 4081 2585 4153 jam
2618 4081 2688 4136 ab
2720 4080 2832 4136 alio
2863 4080 3017 4144 edita
3049 4078 3656 4135 disertissime.Potest
3674 4082 3876 4135 autem

2217 4170 2363 4237 ﬁeri,
2398 4174 2462 4225 ut
2490 4170 2655 4226 labor
2681 4170 2776 4225 hie
2806 4173 3002 4225 noster
3029 4168 3088 4224 in
3115 4167 3433 4241 cujuslibet
3462 4171 3627 4224 exeat
3658 4185 3876 4226 manus

2215 4259 2317 4331 qui
2337 4259 2465 4331 eius
2490 4259 2781 4315 dictorum
2807 4274 3010 4331 expers
3040 4257 3117 4313 sit
3141 4257 3378 4329 penitus
3426 4256 3563 4330 (72);
3596 4272 3731 4313 cum
3763 4270 3874 4314 nec

2214 4349 2517 4405 defuturos
2547 4347 2806 4403 noverim
2837 4347 3177 4403 innumeros
3209 4345 3553 4413 certissime,
3578 4344 3679 4418 qui
3700 4350 3759 4401 et
3790 4345 3871 4402 is-

2212 4436 2374 4506 tis,et
2405 4436 2609 4493 multis
2636 4436 2767 4492 aliis
2788 4452 2823 4491 a
2843 4439 3041 4491 nostra
3071 4451 3305 4507 quoque
3337 4433 3579 4490 scientia
3607 4435 3873 4491 remotis-

2211 4527 2380 4583 simis
2401 4526 2481 4583 ita
2498 4527 2619 4583 sint
2641 4523 3100 4596 refertissimi,ut
3121 4523 3510 4597 dedignentur
3530 4527 3869 4580 nostrorum

445 4620 551 4678 Dei
582 4633 842 4676 amorem
865 4615 1199 4683 accendere,
1225 4618 1283 4671 et
1305 4613 1557 4669 inﬁrmis
1588 4614 1884 4670 mentibus
1910 4616 2103 4673 mede-
2129 4633 2178 4700 ι)
2206 4614 2294 4671 vel
2324 4614 2454 4671 visu
2486 4615 2558 4672 ad
2592 4618 2955 4670 momentum
3004 4610 3213 4667 saltem
3263 4609 3556 4683 impediri,
3600 4626 3674 4665 ne
3721 4608 3869 4666 dum

444 4709 565 4765 Iam
594 4705 733 4779 boni
764 4702 1010 4777 exempli
1034 4700 1263 4758 valeant
1292 4702 1870 4773 praebere,quatenus
1894 4702 2096 4759 intitu-

440 4795 715 4855 babiliter
742 4791 935 4853 cuncti
964 4790 1198 4854 valeant
1226 4789 1843 4861 animadvertere,quae
1872 4791 2091 4862 impos-

439 4884 639 4961 sibilia
662 4885 803 4942 sunt
843 4880 997 4955 apud
1028 4878 1318 4947 homines,
1351 4876 1654 4951 possibilia
1695 4879 1850 4951 apud
1908 4880 2089 4936 Deum

437 4972 796 5045 omnimodis
851 4987 979 5027 esse
1035 4969 1222 5039 (Marc.
1280 4985 1335 5035 x,
1392 4967 1484 5039 27)
1546 4984 1558 5021 :
1612 4967 1765 5040 quod
1798 4970 2089 5041 quomodo

434 5062 561 5137 fieri
590 5062 778 5137 possit
803 5058 1032 5123 Veritas
1059 5058 1188 5130 ipsa
1235 5074 1350 5112 non
1396 5056 1598 5124 tacuit,
1632 5057 1773 5113 dum
1807 5058 1866 5113 in
1897 5059 2087 5115 Evan-

431 5149 584 5226 gelio
621 5149 768 5207 dixit
807 5167 821 5207 :
856 5148 960 5218 Qui
986 5147 1183 5218 recipit
1224 5145 1542 5217 prophetam
1589 5146 1648 5201 in
1698 5148 1919 5203 nomine
1960 5166 2091 5221 pro-

504 5257 618 5330 (69)
648 5257 892 5330 Depretio
934 5273 979 5330 _a
1032 5251 1411 5330 Tertulliano,
1471 5251 1777 5330 Cypriane,
1838 5254 2085 5329 aliisque

433 5323 756 5397 usurpatur
784 5345 887 5399 pro
918 5324 1265 5398 deprimere,
1297 5323 1473 5407 vilius
1503 5323 1809 5408 aestimare.
1986 5323 2005 5329 ’

502 5398 980 5471 (70)4Ταδρ1ιονιρδ
1025 5397 1267 5452 dorsum
1315 5396 1624 5471 signiﬁcat,
1685 5415 1778 5471 c_u1
1835 5398 2055 5454 transfe

502 5412 617 5471 (7U)
676 5412 980 5470 I'asphorus
1025 5412 1267 5452 uersum
1315 5412 1624 5470 signincat,
1685 5415 1778 5452 cu1
1835 5412 2079 5454 transle-

428 5471 623 5542 renda
641 5469 1024 5542 imponuntur
1053 5484 1247 5542 onera,
1277 5484 1310 5522 a
1337 5468 1574 5542 vocibus
1607 5469 2079 5542 barbaraitassus,

428 5536 988 5614 cumulus,'_struea,
1019 5544 1075 5614 et
1103 5536 1470 5614 Grzncapoldg
1503 5540 1730 5614 ferens;
1764 5536 2083 5614 undepOSt

425 5629 614 5696 pauca
637 5612 861 5696 divitias
888 5610 1366 5696 negotiatorumﬁd
1400 5615 1488 5669 est
1516 5613 1663 5669 bene
1685 5610 2076 5684 operantium,

425 5684 489 5740 in
513 5684 671 5744 dorso
686 5691 911 5757 portare
932 5684 1222 5740 scribitur.

2207 4701 2453 4760 lectione
2484 4703 2813 4760 desiderent
2845 4700 2980 4757 frui.
3015 4699 3295 4767 Quocirca
3324 4698 3601 4755 libentius
3631 4702 3751 4755 tam
3786 4698 3868 4756 is-

2200 4792 2319 4849 tius
2350 4791 2484 4865 (73),
2510 4810 2688 4865 quam
2721 4791 2971 4848 aliorum
3002 4788 3288 4845 similium
3327 4788 3441 4857 hic,
3478 4804 3657 4860 quam
3710 4804 3867 4856 meo,

2200 4885 2332 4937 utor
2362 4885 2725 4950 sermone,ut
2752 4884 2809 4937 et
2838 4879 2938 4953 qni
2967 4878 3081 4935 alio
3109 4878 3189 4951 [id
3219 4886 3295 4934 est
3326 4875 3485 4949 alibi]
3540 4880 3864 4948 nequeunt,

2198 4971 2293 5028 hic
2322 4968 2554 5027 valeant
2577 4986 2779 5027 eorum
2807 4969 2963 5026 dicta
2992 4967 3253 5025 invenire
3283 4971 3339 5023 et
3363 4982 3567 5023 eorum
3615 4981 3860 5022 eonsor-

2198 5060 2280 5117 tio
2307 5060 2487 5116 robur
2515 5059 2753 5132 aliquod
2784 5062 2985 5115 nostra
3015 5060 3232 5131 queant
3262 5056 3545 5114 obtinere.

2267 5151 2356 5205 30.
2390 5149 2492 5205 Dic
2520 5164 2679 5223 ergo,
2714 5165 2909 5221 quaeso
2957 5151 3042 5215 tu,
3092 5146 3329 5219 loquere
3377 5150 3463 5214 tu,
3515 5141 3725 5213 clama,
3769 5147 3859 5215 tu,

2287 5256 2379 5328 71)
2411 5257 2792 5312 Ilauritorium
2823 5252 3131 5328 hauriendi
3154 5253 3638 5328 instrumentum.

2287 5258 2379 5328 71)
2411 5258 2792 5312 Ilauritorium
2823 5258 3131 5312 hauriendi
3154 5258 3638 5309 instrumentum.

2265 5258 2377 5398 E72)
2406 5328 2636 5400 Vulgati
2661 5326 2927 5400 expressit
2952 5327 3193 5400 penitus.
3232 5321 3712 5400 Emendationem
3743 5321 3855 5400 levi

2193 5393 2755 5457 mutationeusensus
2785 5393 3016 5453 edocuit
3049 5414 3062 5453 :
3096 5396 3321 5469 hacque
3352 5397 3424 5451 de
3453 5411 3632 5469 causa
3677 5393 3856 5469 paulo

2194 5477 2328 5543 ante
2357 5471 2651 5543 edidimus
2672 5471 2983 5543 cujuslibet,
3010 5468 3109 5543 ubi
3128 5462 3265 5543 erat
3293 5462 3853 5543 quorunilibeLQuod

2190 5542 2238 5599 si
2271 5542 2638 5599 retinendum
2671 5537 2827 5598 esset
2854 5537 3386 5613 quorumlibet,tunc
3410 5537 3852 5595 emendandum

2195 5624 2440 5671 expertes
2458 5614 2588 5671 sint.

2281 5686 2372 5758 75)
2406 5688 2586 5756 Istius,
2618 5686 2689 5743 de
2720 5701 2834 5759 quo
2867 5683 3089 5744 scilicet
3129 5686 3299 5742 antea
3342 5682 3585 5751 dixerat,
3616 5681 3850 5739 alterius
