4054 6386
113 372 231 461 iss
258 380 263 393 '

1070 372 1727 475 FMaLOQUioaUM
1755 384 1961 465 LiﬁRI
1994 384 2179 465 sex.
2209 386 2301 451 --’
2317 402 2466 465 LIB.
2488 388 2491 393 '
2511 382 2589 465 111
2624 384 2657 397 "

3419 398 3567 468 190'

1083 731 1488 826 INCIPIT
1552 737 1869 822 LIBER
1929 735 2568 824 SECUNDUS.

122 904 404 969 Contine!

516 925 666 987 aque
690 902 850 990 istud
884 903 1005 990 llaec
1051 905 1457 990 Praeloquz'uvn
1478 926 1501 967 .·
1552 905 1581 965 Ι
1599 902 2012 990 -Κᾲοαηὶί-,ΙᾹ
2065 902 2381 990 Miilierem
2400 926 2426 981 ,·
2457 905 2605 990 ,_
2652 907 2943 990 .[laritmn
2963 931 2991 989 ;
3038 912 3152 987 1V,
3227 913 3486 977 Uxorem
3508 967 3523 990 ,

211 985 277 1076 ζ,
335 982 616 1076 ςκῖίύρῇι
640 1006 662 1057 ,·
704 985 829 1076 ,_
868 986 1112 1076 Iiatrem
1159 996 1216 1046 et
1242 982 1515 1076 -ᾏζᾳτνςηξ
1538 1005 1569 1076 ,ζ
1599 984 1754 1076 VII,_
1788 982 2016 1076 Filium
2031 983 2396 1076 _e't1f"iliam:
2457 985 2624 1060 VIII,
2673 986 2921 1051 Viduam
2939 982 2975 1068 ,ί
3010 991 3109 1053 IX
3106 982 3148 1066 ,⁷
3186 982 3525 1076 Virginem;

197 1066 282 1140 Χ,
323 1065 660 1130 Parvulum
681 1085 706 1142 ,'
733 1065 848 1139 ΧΙ,
882 1065 1145 1128 Puerum
1167 1085 1193 1143 ;
1221 1065 1366 1139 XII,
1405 1064 1889 1141 Adolescentem;
1916 1062 2099 1139 XIII,
2136 1063 2371 1126 Senem.

191 1363 477 1429 Decurso,
509 1360 658 1417 duce
696 1363 775 1429 te,
806 1360 982 1429 Deus,
1032 1360 1280 1417 breviter
1318 1361 1530 1434 primo,
1565 1375 1772 1415 secun-
1802 1357 1858 1425 Α
1885 1360 2016 1413 tens
2046 1358 2385 1428 clementiae,
2421 1363 2590 1434 cujus
2619 1364 2691 1419 ad
2723 1368 2929 1422 nutum
2954 1373 3164 1426 cuncta
3193 1372 3326 1429 novi
3346 1375 3539 1433 favere

117 1451 263 1507 dum
296 1451 371 1507 de
395 1453 453 1506 te
477 1465 709 1522 quoque
739 1450 930 1506 adhuc
960 1465 1340 1522 praesumens,
1373 1448 1781 1505 incunctanter

119 1539 392 1596 libellum
406 1538 565 1595 hunc
583 1537 888 1612 aggredior
898 1538 1324 1610 modicum,per
1343 1536 1561 1593 nullius
1580 1535 1778 1592 multi-

125 1629 402 1702 loquium
432 1626 544 1700 (80)
586 1626 1015 1700 mmstiloquus,
1046 1614 1267 1698 majore
1296 1626 1389 1683 sui
1420 1630 1581 1699 parte
1613 1625 1780 1690 lecta,

126 1716 501 1790 aliquantula
527 1733 661 1772 vero
690 1719 984 1789 comperta
1004 1717 1288 1784 dicturus,
1312 1732 1446 1772 cum
1468 1714 1690 1771 scilicet
1709 1714 1782 1769 ab

127 1807 390 1863 infantiae
435 1798 778 1880 crepusculo
808 1806 867 1860 in
899 1805 1056 1860 hunc
1102 1804 1288 1861 aetatis
1333 1804 1452 1861 fere
1484 1798 1784 1861 ‘deductus

128 1895 462 1964 meridiem,
490 1910 703 1951 caecam
734 1893 923 1963 adhuc
946 1910 1189 1950 casuum
1212 1893 1574 1950 diversorum
1597 1892 1785 1965 patiar

130 1988 388 2050 noctem,
415 1983 790 2054 trimodoque
810 1982 921 2053 (81)
946 1987 1212 2038 retrosus
1233 1982 1601 2055 constringar
1625 1999 1784 2055 erga-

130 2072 306 2141 stulo,
341 2072 445 2146 qui
477 2087 508 2128 e
534 2071 792 2128 tenebris
839 2069 1161 2139 liberanda,
1194 2070 1267 2126 ad
1312 2070 1627 2143 lumenque
1670 2076 1784 2126 tuae

131 2162 375 2220 visionis
390 2161 491 2218 ὅθ
503 2159 847 2219 admirabile
866 2161 1126 2216 vocando
1163 2160 1457 2244 quondam
1480 2161 1784 2217 institutus

132 2252 373 2309 videbar
414 2249 651 2324 populo,
706 2249 989 2305 frutratus
1043 2248 1238 2323 gregis
1285 2249 1597 2317 consortio,
1649 2249 1789 2323 quia

133 2357 268 2399 eum
300 2338 611 2396 insidianti
644 2338 731 2411 (ut
759 2339 961 2417 fertur,
994 2341 1052 2394 et
1082 2337 1307 2394 utinam
1328 2338 1608 2395 veraciter
1637 2338 1790 2395 dice-

134 2429 313 2502 retur)
348 2427 513 2485 nolui
542 2426 906 2484 committere
949 2425 1091 2499 lupo
1122 2425 1236 2499 (82)
1264 2445 1277 2497 ;
1309 2427 1610 2500 expositus
1641 2444 1786 2500 sup-

135 2519 330 2594 plicio,
359 2516 502 2590 quia
532 2516 727 2573 solum
774 2532 910 2572 eum
952 2531 1237 2588 exponere
1283 2515 1456 2571 timui
1489 2516 1785 2588 periculo;

137 2608 334 2666 saeculi
365 2608 650 2664 subactus
680 2604 961 2673 dominio,
1006 2603 1143 2677 quia
1172 2620 1265 2661 me
1301 2604 1407 2661 tibi
1439 2604 1547 2662 soli
1577 2607 1789 2678 subjici

1891 1445 1951 1517 [ι.
1984 1446 2153 1518 ﬁeri].

2434 1585 2551 1640 Trr.
2585 1589 2630 1640 Ι.
2663 1618 2729 1629 -
2760 1590 2835 1645 De
2862 1593 3000 1647 viris

1959 1717 2014 1771 2.
2057 1715 2159 1770 Vir
2188 1732 2250 1772 es
2299 1717 2434 1790 (85),
2478 1736 2511 1774 a
2556 1720 2791 1790 virtute,
2845 1741 3025 1783 necne
3073 1745 3108 1784 a
3142 1724 3330 1802 'vireo,
3375 1735 3465 1792 vel
3505 1753 3542 1794 a

1888 1803 2133 1876 viribus,
2169 1804 2287 1863 sive
2326 1807 2400 1877 vi,
2435 1811 2491 1864 et
2521 1825 2654 1883 rego
2685 1813 2881 1882 verbo,
2911 1819 2977 1871 ut
3003 1820 3318 1889 quemdam
3343 1825 3539 1882 audivi

1890 1909 2006 1984 non
2039 1893 2378 1968 incongrue,
2430 1900 2487 1953 et
2536 1898 2681 1955 mihi
2728 1901 2922 1959 visum
2954 1910 3063 1977 est,
3115 1908 3539 1984 disputantem,

1892 1983 2333 2040 denominatum
2364 1990 2602 2058 gestans
2626 1990 2973 2049 vocabulum
2991 1995 3019 2050 ?
3036 1996 3371 2057 Femineam
3389 2002 3544 2061 devi-

1891 2075 2025 2128 tans
2048 2071 2375 2141 mollitiem,
2411 2074 2468 2129 in
2499 2075 2709 2133 virtute
2736 2078 2924 2137 solida
2940 2082 3020 2153 [id
3046 2093 3124 2141 est
3152 2087 3380 2157 robora,
3405 2070 3542 2148 con-

1892 2159 2086 2231 firma]
2116 2161 2380 2217 animum
2406 2180 2420 2231 ;
2451 2165 2632 2237 Neque
2660 2166 2838 2238 enim,
2872 2162 2967 2225 ait
3002 2174 3335 2245 Apostolus,
3352 2181 3543 2237 molles

1892 2266 2121 2321 regnum
2159 2252 2258 2306 Dei
2297 2253 2647 2323 possidebunt
2691 2255 2743 2329 (1
2787 2248 2913 2313 Cor;
2957 2276 3035 2327 v1,
3081 2262 3179 2332 9):
3215 2266 3370 2336 quod
3402 2272 3543 2325 tunc

1896 2338 2083 2394 facere
2112 2337 2408 2412 praevales,
2441 2341 2491 2397 si
2538 2342 2761 2400 viribus
2810 2336 3026 2417 nitens,
3078 2349 3195 2407 vim
3245 2354 3424 2410 animi
3468 2357 3542 2413 ad

1896 2428 2090 2483 sidera
2109 2428 2314 2498 eleves,
2334 2446 2568 2487 carnem
2594 2433 2822 2502 animae,
2847 2436 3106 2493 animam
3134 2441 3375 2514 subiges
3392 2438 3540 2513 Deo,
3588 2508 3589 2515 η

1896 2516 2121 2589 rigidus
2151 2535 2383 2592 semper
2410 2524 2467 2575 et
2512 2520 2865 2591 inflexibilis,
2921 2542 3056 2582 cum
3100 2528 3201 2584 Dei
3252 2531 3543 2603 adjutorio
3581 2575 3589 2581 .

1898 2610 2100 2661 contra
2150 2607 2346 2662 saeculi
2397 2608 2743 2681 voluptates,
2778 2617 3097 2689 contraque
3149 2618 3339 2676 carnis
3383 2621 3547 2679 ince-

138 2694 1191 2796 oportere‘credidiDomino..Verum
1221 2699 1276 2751 te
1308 2694 1539 2796 penitus
1561 2700 1786 2796 contra-
1818 2730 1868 2796 Β
1897 2694 2043 2796 dens
2108 2694 2435 2796 illecebras,
2733 2699 3057 2796 Psalmistae
3125 2723 3373 2781 semper.
3412 2698 3591 2787 ante

139 2789 243 2857 rio,
276 2790 474 2843 creato
505 2802 540 2841 a
568 2789 625 2840 te
654 2783 736 2839 nil
761 2782 855 2858 agi
887 2782 1079 2840 sciens
1109 2782 1168 2838 in
1202 2785 1443 2853 mundo,
1472 2788 1788 2858 tempesta-

139 2881 251 2934 tem
264 2876 421 2932 hanc
438 2866 537 2930 tuo
555 2871 841 2930 solamine
858 2871 1039 2928 fultus
1052 2872 1363 2945 tranquille
1376 2873 1634 2931 sustineo
1652 2874 1786 2947 (83);

118 2953 383 3024 credens
415 2962 631 3032 sedari,
654 2961 703 3017 si
723 2960 978 3017 volueris
1000 2966 1058 3017 et
1080 2963 1314 3034 quando
1340 2960 1612 3031 volueris,
1629 2963 1788 3019 istud

142 3073 239 3130 per
268 3061 327 3112 te
356 3068 563 3128 possse
585 3050 857 3108 facillime
879 3049 1140 3124 pelagus,
1175 3051 1275 3123 qui
1300 3052 1618 3107 terminum
1641 3052 1788 3107 mari

142 3160 379 3202 arenam
435 3139 680 3215 posuisti
740 3139 1052 3212 primitus:
1116 3141 1287 3211 Usque
1337 3139 1459 3205 huc,
1492 3140 1786 3212 inquiens,
1816 3192 1828 3203 ,

139 3236 336 3304 venies,
366 3238 425 3289 et
447 3248 562 3287 non
606 3229 1057 3302 supergredieris,
1107 3230 1201 3284 sed
1248 3231 1307 3285 in
1338 3232 1614 3302 temetipso
1661 3247 1787 3288 con-

137 3326 458 3395 fringentur
483 3322 679 3391 ﬂuctus
705 3320 787 3375 tui
816 3318 948 3391 (Job.
995 3335 1227 3386 nxvm,
1262 3318 1373 3390 1|).
1418 3319 1625 3375 Intona
1652 3336 1788 3392 ergo

138 3418 191 3470 et
218 3412 439 3480 adhuc,
470 3411 521 3468 si
552 3407 762 3482 placet,
794 3413 895 3464 tuo
926 3425 957 3464 e
986 3406 1166 3475 caelis,
1198 3408 1443 3478 Christe,
1477 3414 1784 3483 praecepto,

138 3503 415 3575 quodque
441 3516 545 3573 per
581 3497 820 3566 multos,
855 3514 1072 3570 perque
1102 3501 1159 3553 te
1200 3497 1396 3570 ipsum
1437 3497 1789 3556 interdixisti

137 3589 492 3649 creberrime
522 3587 825 3656 minando,
858 3586 1103 3642 interdic
1135 3586 1244 3659 (84)
1292 3590 1350 3642 et
1397 3604 1553 3643 nunc
1584 3587 1788 3644 miser-

136 3682 283 3738 rimo
315 3676 869 3735 misericordissime
892 3674 1244 3745 miserando,
1270 3676 1363 3731 dic
1384 3675 1456 3732 de
1486 3677 1790 3750 profundis

136 3768 418 3828 clamanti
460 3763 950 3823 misericorditer:
1001 3767 1128 3833 Exi,
1178 3764 1433 3821 tenebris
1481 3765 1791 3824 horrendis

136 3860 556 3928 circumsepto,
605 3855 845 3910 relevare
891 3855 1125 3921 carceris
1177 3852 1243 3909 de
1291 3856 1584 3924 ergastulo,
1647 3855 1787 3912 dic:

136 3948 253 4011 noli
296 3945 631 4021 prohibere.
667 3943 776 3999 Ssd
807 3943 950 4016 quia
980 3943 1132 4014 quod
1165 3942 1517 4000 desideranti
1549 3942 1791 4017 longum

136 4038 369 4094 videtur
401 4051 554 4101 esse,
587 4036 642 4088 et
668 4032 835 4102 quasi
866 4030 1123 4101 difﬁcile,
1156 4032 1486 4105 disponenti
1508 4033 1678 4103 breve
1700 4038 1789 4090 est

1899 2784 2099 2841 oculos
2182 2786 2449 2842 habens:
2534 2790 2778 2846 Virititer
2850 2792 3014 2864 agite,
3081 2804 3133 2851 et
3214 2780 3592 2871 con/artetur:

1894 2889 1990 2930 cor
2034 2882 2297 2943 vestrum,
2345 2893 2526 2955 omnes
2572 2880 2670 2950 qui
2708 2884 2940 2951 speratis
2990 2885 3050 2939 in
3100 2880 3332 2944 Domino
3373 2890 3545 2957 (Psal.
3584 2930 3593 2945 .

1895 2981 2048 3032 xxvr,
2129 2966 2236 3039 14).
2299 2966 2369 3020 Et
2443 2966 2591 3022 illud
2659 2968 2891 3026 Domini
2958 2973 3032 3028 ad
3090 2974 3250 3032 Job:
3319 2977 3591 3053 Accinge:

1895 3054 2038 3109 sicut
2097 3055 2186 3108 vir
2249 3055 2456 3111 lumbos
2521 3065 2637 3113 tuos
2704 3059 2841 3131 (Job.
2913 3078 3144 3130 xxxvm,
3196 3065 3273 3137 3).
3337 3066 3593 3124 Contra-

1898 3140 2083 3198 aerias
2133 3160 2364 3216 quoque
2425 3150 2942 3220 potestatemquae
2992 3151 3409 3223 signiﬁcantur.
3445 3154 3592 3228 per'

1897 3234 2310 3288 Cananaeorum
2358 3250 2543 3306 reges,
2592 3235 2663 3290 ab
2715 3234 2990 3294 bellanda
3036 3239 3269 3296 Domini
3309 3242 3461 3299 bella
3490 3248 3548 3300 te

1898 3319 2161 3393 cogitans
2193 3321 2498 3391 directum,
2553 3326 2619 3379 ut
2668 3327 2884 3381 terram
2917 3324 3389 3399 repromissionis
3424 3350 3542 3390 mc-

1897 3409 2081 3466 rearis
2110 3405 2347 3466 intrare
2377 3412 2877 3486 (quandoquidem
2925 3432 2995 3472 ex
3042 3422 3274 3492 IEgypto
3296 3421 3422 3493 jam
3446 3438 3550 3494 per
3584 3467 3589 3472 .

1899 3515 2057 3555 mare
2075 3499 2476 3568 Rubrum,hoc
2496 3506 2584 3557 est
2607 3504 2892 3576 sanguine
2910 3504 3120 3562 Christi
3145 3514 3548 3569 consecratum
3584 3575 3593 3581 ν

1899 3589 2192 3661 baptisma
2222 3590 2489 3658 eductus,
2532 3591 2712 3663 hujus
2745 3593 2836 3649 51
2883 3594 3081 3651 saeculi
3128 3592 3416 3670 gradiaris
3447 3617 3553 3673 per

1900 3678 2204 3749 ercmum),
2233 3683 2509 3752 computa
2533 3680 2639 3736 tibi
2689 3681 2910 3739 dictum
2941 3701 2952 3740 :
2991 3685 3308 3757 Confortare
3356 3694 3408 3745 et
3439 3698 3549 3747 esto

1900 3768 2148 3823 robustus
2195 3768 2369 3840 (Deut.
2410 3786 2507 3839 vn,
2540 3770 2650 3844 23).
2704 3772 3000 3837 Quantum
3047 3775 3205 3831 enim
3257 3776 3452 3835 mollis
3495 3783 3552 3836 et

1901 3855 2190 3912 dissoluta
2210 3857 2421 3913 mentis
2451 3859 2717 3915 custodia
2737 3861 2912 3917 etiam
2936 3863 3324 3934 perfectorum
3347 3871 3553 3924 noceat

1901 3944 2134 4016 studiis,
2168 3944 2309 4000 Loth
2342 3945 2503 4003 illius
2524 3947 2866 4019 justissimi,
2897 3950 3144 4008 Samson
3176 3952 3339 4011 illius
3356 3955 3550 4012 fortis-

1901 4033 2057 4103 simi,
2090 4032 2415 4091 Salomonis
2446 4053 2680 4108 quoque
2700 4039 3121 4110 sapientissimi
3143 4041 3551 4100 demonstrant
3578 4091 3584 4097 .

135 4124 452 4184 etomnino
485 4120 909 4188 facillimum;si
933 4121 1073 4193 quid
1096 4115 1649 4187 hicinterimanimo
1666 4139 1798 4196 sug-
1827 4105 1871 4173 C
1907 4139 2097 4179 casus.
2137 4123 2398 4180 Isboseth
2453 4105 2628 4181 etiam
2658 4105 2891 4182 intiinat
2937 4127 3230 4198 interitus,
3285 4131 3548 4187 feminea:

135 4213 413 4291 gesseris,
445 4227 661 4286 ponere
711 4212 996 4287 satagam,
1029 4208 1184 4283 quod
1217 4209 1488 4267 conficiat
1531 4214 1588 4266 et
1631 4211 1789 4269 istud

136 4321 270 4362 cum
298 4303 390 4360 tui
426 4298 716 4373 adjutorio
747 4298 1115 4377 opusculum,
1149 4303 1356 4357 caetera
1383 4303 1484 4356 tua
1514 4300 1790 4357 commit-

203 4492 318 4567 (80)
358 4493 479 4567 Per_
511 4489 731 4567 nullius
777 4488 1213 4567 multiloquium,
1259 4487 1452 4567 inquit
1475 4505 1499 4567 ;_
1541 4488 1682 4560 quia
1730 4490 1789 4544 in

140 4558 390 4629 carcere,
424 4560 526 4618 ubi
555 4560 677 4616 haec
706 4558 959 4633 scripsit,
1008 4558 1302 4615 neminem
1334 4558 1606 4627 habebat,
1640 4577 1789 4633 quo-

139 4633 826 4716 cumcol‘loqueretur."
892 4701 903 4713 .
1021 4700 1033 4712 _
1100 4700 1139 4716 ν
1219 4704 1230 4716 ⁸
1307 4662 1323 4712 ..

208 4709 324 4780 (81)
364 4700 712 4780 Papiensem
753 4701 970 4780 turrim
1017 4700 1256 4770 indicat,
1303 4700 1362 4756 in
1414 4717 1532 4773 qua
1575 4701 1791 4777 triplici

140 4772 267 4837 sera
293 4772 384 4834 vel
417 4772 569 4833 ostio
599 4778 722 4830 erat
751 4772 1035 4830 inclusus.

207 4853 321 4922 (82)
343 4848 475 4922 iQui
506 4845 704 4922 sedem
732 4845 1152 4922 Veronensem_
1175 4842 1346 4922 pulso
1387 4843 1661 4922 Ramex-io
1681 4846 1792 4922 _in..

140 4915 310 4987 vasit,
339 4920 648 4976 Manasses
669 4917 796 4973 fuit.
831 4916 1014 4989 Istum
1031 4915 1405 4989 proindelupi
1424 4917 1659 4989 nomine
1680 4918 1791 4974 hoc

144 4994 264 5051 loco
292 4985 557 5047 indicare
606 4989 855 5057 videtur,
888 4985 1051 5043 sicut
1085 4988 1144 5042 in
1191 4985 1321 5042 aliis
1339 4985 1793 5059 :iposterioribus

144 5064 418 5138 operibus
466 5061 676 5138 eadem
714 5060 935 5138 ratione
967 5060 1160 5138 lupum
1187 5056 1445 5138 appellat
1492 5059 1789 5138 Milonem,

144 5128 241 5210 qui
272 5138 481 5210 postea
502 5132 777 5210 eamdem
808 5128 1465 5210 sedem_,‘pulso’i‘ter1_1m
1494 5128 1789 5210 Rathcrio,

145 5201 465 5280 (icon-pavit.
501 5204 832 5280 Manassem
880 5201 1119 5280 quidem
1150 5218 1334 5280 unum
1368 5201 1646 5280 fu_is_seex
1675 5202 1792 5280 illis

143 5272 351 5357 tribus,
376 5294 537 5357 quos
547 5276 718 5357 Hugo
733 5272 1056 5357 veronensi
1070 5272 1335 5356 Ecclesia;
1352 5273 1581 5357 volebat
1604 5276 1789 5357 praeﬁ-

144 5368 283 5419 cere,
318 5345 481 5407 fama
508 5345 749 5419 ferebat.
778 5345 977 5419 Solum
1001 5346 1156 5419 idem
1180 5361 1279 5419 rex
1310 5345 1367 5400 in
1393 5345 1651 5419 Ratherii
1677 5346 1790 5403 ele-

145 5415 396 5481 ctionem
421 5418 741 5485 consensit,
762 5418 913 5491 quia
939 5417 1097 5472 hunc
1127 5415 1438 5491 infirmum
1475 5417 1631 5491 brevi
1665 5435 1789 5475 mo-

145 5496 394 5552 riturum
425 5492 720 5567 sperabat.
749 5486 893 5567 Cum
914 5506 1046 5567 vero
1077 5504 1212 5567 eum
1230 5494 1363 5567 post
1390 5486 1786 5567 electioneme

146 5568 340 5625 morbo
388 5558 758 5622 convaluisse
805 5558 1434 5633 deprehendittihujus
1487 5558 1786 5619 electionis

146 5576 340 5625 morbo
388 5576 758 5622 convaluisse
805 5576 1208 5633 deprehendit,
1256 5576 1434 5686 huius
1487 5576 1786 5619 eiecuonis

146 5640 447 5714 pamitens,
478 5633 749 5718 adhibuit
771 5631 1104 5701 nonnullos,
1135 5629 1332 5759 quive
1384 5629 1580 5715 ipsum
1607 5634 1678 5689 ad
1704 5634 1790 5690 fu-

146 5729 289 5759 gam-
324 5726 431 5759 seu
480 5708 556 5759 ad
589 5705 996 5759 dimittendam
1043 5704 1153 5759 Ecc
1178 5719 1360 5759 asiam
1402 5703 1786 5759 impellerent.

146 5703 290 5787 gain,
324 5703 438 5770 seu
480 5708 556 5767 ad
589 5704 996 5768 dimittendam
1043 5703 1360 5762 Ecclesiam
1402 5703 1786 5777 impellerent,

1898 4215 2118 4281 utrum,
2152 4230 2225 4269 an
2255 4213 2410 4281 virili
2435 4214 2711 4270 custodiae
2760 4215 3045 4273 committi
3096 4218 3288 4275 cordis
3339 4219 3548 4277 debeat

1899 4300 2094 4358 aditus
2125 4302 2198 4375 (ΙΙ
2222 4303 2349 4372 Reg.
2384 4319 2459 4367 1v,
2490 4302 2571 4374 5).

1899 4487 1988 4567 vel
2012 4487 2094 4545 ita
2123 4488 2181 4544 in
2212 4488 2789 4567 illum_encederent,
2816 4496 2882 4548 ut
2902 4493 3050 4567 ejus
3080 4494 3350 4567 ejiciendi
3379 4511 3547 4554 occa-

1900 4559 2123 4641 sionem
2138 4561 2806 4641 caperet.Epi_scopatum
2824 4559 2980 4641 enim
2994 4559 3127 4641 aliis
3138 4567 3549 4641 ac_praasertim

1901 4631 2156 4713 Manassi
2174 4631 2401 4713 tradere
2413 4631 2672 4713 volebat,
2683 4635 2912 4713 utisane
2928 4636 3040 4710 ipsi
3054 4655 3121 4694 eu
3131 4631 3325 4713 tndem
3349 4643 3552 4713 postea

1898 4702 2160 4783 tradidit.
2194 4704 2778 4783 Huic._autem_ve_luti_
2796 4708 2935 4783 lupo
2952 4702 3023 4766 se
3047 4709 3311 4783 noluisse
3332 4702 3553 4783 episco-

1901 4778 2103 4847 patum
2137 4775 2501 4833 committere
2545 4775 2881 4837 Ratherius'
2905 4779 3014 4837 hoc
3044 4780 3171 4839 loco
3198 4775 3430 4840 videtur
3459 4782 3550 4840 in-

1902 4863 2101 4902 nuere.

1975 4920 2085 4992 (83)
2125 4919 2408 4975 Construe
2437 4922 2701 4996 :_l’erum
2740 4924 2916 4980 sciens
2963 4924 3048 4981 nil
3096 4927 3190 4996 agi
3233 4927 3295 4981 in
3345 4924 3548 4981 mundo

1900 5000 2078 5068 creato
2109 5008 2143 5046 a
2173 4999 2245 5068 te,
2274 5001 2327 5046 te
2347 4994 2570 5062 penitus
2607 4998 2904 5064 contrario,
2944 4994 3417 5068 [ultus—solamine
3455 5000 3548 5051 tuo

1899 5064 2144 5136 sustineo
2162 5063 2720 5136 ﬁanetempestatem,
2755 5071 2863 5122 etc.

1974 5134 2085 5206 (84)
2127 5133 2272 5208 Male
2317 5135 2379 5197 in
2429 5133 2681 5208 vulgatis
2712 5138 2998 5194 interdicet
3023 5155 3189 5194 nunc.
3236 5138 3367 5193 Mox
3409 5153 3548 5208 eon-

1902 5209 2091 5281 strue:
2123 5206 2490 5281 Clamanlide
2502 5206 2795 5281 profundis
2820 5210 2913 5265 die
2938 5208 3365 5281 misericorditer
3388 5223 3401 5262 :
3421 5207 3545 5275 Exi,

1899 5278 2250 5354 circumsepto
2282 5278 2516 5354 tenebris
2545 5278 2830 5354 horrendis
2848 5281 2936 5336 dic
2956 5299 2974 5336 :
3006 5279 3275 5336 Rolevare
3296 5279 3368 5336 de
3388 5295 3552 5354 erga-

1902 5348 2054 5422 stulo
2085 5349 2354 5422 carceris,
2377 5350 2495 5405 noli
2522 5352 2827 5422 prohibere.

1976 5421 2088 5488 (85)
2117 5420 2179 5475 Id
2211 5425 2316 5487 est,
2374 5422 2472 5477 Vir
2511 5420 2567 5477 es
2607 5426 2824 5491 gestans
2871 5423 3193 5479 vocabulum
3227 5421 3550 5480 denomina-

1900 5500 2017 5548 tum
2045 5510 2081 5547 α
2104 5493 2320 5560 virtute,
2362 5507 2529 5547 necne
2558 5510 2592 5548 a
2624 5494 2789 5561 vireo,
2825 5500 2933 5550 etc.
2961 5499 3139 5551 Neene
3168 5496 3323 5561 apud
3349 5498 3550 5552 aucto-

1898 5581 1991 5620 res
2004 5564 2206 5620 mediae
2222 5563 2533 5640 etipﬁrmae
2556 5562 2655 5640 lati
2664 5564 2862 5640 uitatis
2884 5571 3188 5640 acceptum
3202 5562 3417 5640 legitur
3445 5584 3548 5639 pro

1898 5652 2108 5713 necnon
2136 5640 2204 5713 ut
2229 5633 2422 5713 videre
2450 5638 2540 5690 est
2570 5636 2629 5690 in
2649 5634 2940 5695 Glossaris
2969 5633 3190 5713 Cangii.
3223 5633 3326 5698 Hic
3348 5633 3546 5697 autem

1902 5707 2086 5781 accipi
2113 5706 2343 5765 videtur
2371 5722 2477 5778 pro
2508 5715 2622 5764 aut.
2738 5732 2739 5735 η
3093 5706 3123 5713 ”
3426 5718 3431 5721 ·
