4054 6382
476 358 595 428 1M

890 488 1014 561 Trr,
1049 489 1121 551 ῙῙ.
1162 523 1231 534 -
1259 490 1334 549 De
1358 492 1697 549 mulieribus.

546 586 601 642 3.
636 581 845 642 Mulier
873 583 975 640 es?
1007 582 1330 650 Mollitiem,
1384 597 1561 654 quam
1592 581 1828 654 praefers
1860 582 2116 653 nomine,

475 675 547 732 ad
570 673 908 730 obedientiae
928 674 1223 739 virtutem,
1248 688 1363 727 non
1390 671 1461 726 ad
1485 670 1892 727 dissolutionis
1910 671 2117 728 vitium

1396 350 1783 424 RATHBRII
1814 354 2065 423 EPISC.
2108 354 2401 426 VERON.
2446 359 2621 425 OPP.
2664 354 2864 425 PARS
2904 348 2962 441 It

3768 351 3897 423 £92

2147 494 2203 561 Α
2228 494 2559 568 legitimum
2589 495 2940 565 dominium,
2961 496 3020 552 et
3038 490 3295 553 Creatori
3320 490 3584 552 debitum
3606 486 3889 551 exhibeat

2231 584 2601 657 obsequium,
2623 602 2743 658 qua
2770 585 2947 642 etiam
2978 584 3181 642 civitas
3212 584 3310 641 Dei
3340 600 3410 641 ex
3440 598 3690 641 numero
3721 600 3890 640 com-

2230 673 2458 746 pleatur
2488 674 3053 747 praedestinatorum.
3086 673 3257 730 Aliud
3288 690 3422 731 vero
3450 673 3676 729 veniale
3705 678 3891 746 atque

473 763 790 822 transferre
837 763 1028 818 stude.
1057 763 1247 833 Vz'rago
1281 759 1458 828 enim,
1487 759 1546 815 id
1590 763 1680 816 est
1700 760 1884 828 fortis,
1907 760 2121 817 mulier
2229 762 2652 832 concessivum,
2706 780 2918 837 proper
2976 763 3422 820 fornicationem
3469 763 3890 819 tantummodo

472 858 679 911 vocata
727 856 818 909 est
864 851 931 907 in
972 848 1256 923 principio
1275 848 1435 917 (Gen.
1477 867 1537 916 ιι,
1584 848 1693 920 23),
1728 852 1794 903 ut
1824 852 1881 904 et
1911 850 2117 905 fortem

470 946 528 999 te
559 946 760 999 contra
787 940 942 1006 vitia,
975 943 1030 994 et
1074 936 1385 994 ﬂexibilem
1414 937 1473 992 in
1506 936 1863 1006 subjectione
1885 938 2117 993 Domini

470 1034 889 1105 praeceptorum
920 1044 1048 1083 esse
1079 1027 1288 1082 debere
1339 1025 1680 1081 memineris
1724 1026 1981 1081 omnino.
2015 1026 2119 1082 Vir

468 1123 667 1192 itaque
697 1121 907 1183 mente,
941 1115 1154 1171 mulier
1194 1131 1385 1181 carne,
1433 1115 1803 1187 insurgentes
1833 1119 1890 1169 et
1916 1119 1979 1170 tu
2014 1115 2114 1170 ad-

465 1224 668 1265 versus
689 1206 962 1280 spiritum
979 1205 1221 1260 insanos
1232 1203 1507 1259 vitiorum
1526 1202 2007 1276 voluptatumque
2028 1208 2116 1259 tu-

467 1297 691 1355 multus
722 1295 854 1353 forti
877 1294 1095 1350 mentis
1114 1292 1312 1365 vigore
1333 1294 1505 1348 stude
1527 1292 1850 1361 devincere,
1874 1309 2116 1365 perpen-

463 1388 606 1443 dens
637 1383 894 1458 plurima
921 1382 1031 1437 tibi
1063 1381 1122 1436 in
1147 1379 1463 1452 Scripturis
1488 1379 1700 1435 divinis
1722 1379 1899 1450 hujus
1921 1381 2113 1454 operis

462 1473 730 1547 exempla
744 1470 1132 1543 suppeditare
1156 1486 1169 1535 ;
1203 1469 1345 1523 dum
1374 1472 1431 1524 et
1451 1468 1509 1522 in
1531 1467 1723 1523 Veteri
1743 1469 2110 1525 Testamento

463 1577 805 1637 quanquam
827 1560 899 1615 de
913 1559 1080 1615 hoste
1101 1555 1521 1613 universoorbi
1546 1556 1973 1627 pavendo,viris
1995 1575 2112 1614 om-

462 1651 639 1707 nibus
687 1648 918 1712 timore,
970 1644 1139 1719 quasi
1187 1645 1392 1701 mortis
1443 1660 1671 1713 somno,
1722 1646 2106 1718 consumptis,

462 1736 794 1797 mirabilem
821 1734 925 1792 Dei
954 1734 1144 1808 gratia
1171 1733 1382 1807 legeris
1412 1737 1741 1805 reportasse
1764 1732 2065 1790 victoriam
2093 1753 2121 1804 ;.

2229 852 2566 907 conceditur
2588 854 2661 908 ab
2712 852 3006 925 Apostolo,
3037 850 3306 908 videlicet
3335 870 3409 909 ne
3438 868 3541 925 per
3567 851 3886 921 adulteria,

2227 946 2328 996 aut
2359 941 2650 1014 quoslibet
2694 941 2927 998 illicitos
2977 940 3257 1015 quislibet
3304 942 3522 998 deﬂuat
3552 941 3883 1014 appetitus,

2226 1030 2538 1102 impatiens
2555 1029 2947 1099 libidinis,aut
2962 1031 3140 1103 (quod
3158 1030 3328 1104 longe
3343 1028 3888 1104 incomparabiliter

2224 1120 2393 1192 pejus
2421 1120 2531 1191 est)
2552 1123 2752 1175 contra
2783 1123 3051 1175 naturam
3075 1119 3280 1192 quovis
3313 1120 3485 1175 modo
3519 1123 3764 1192 cogatur
3784 1135 3883 1175 ex-

2224 1208 2460 1263 cedere:
2496 1208 2570 1263 ob
2612 1207 2755 1263 talia
2782 1208 2940 1263 enim
2974 1209 3241 1280 quaedam
3266 1225 3280 1264 :
3307 1209 3500 1265 Melius
3528 1213 3606 1266 est
3642 1209 3879 1275 nubere,

2221 1312 2386 1368 quam
2414 1298 2509 1352 uri
2536 1296 2583 1368 (Ι
2611 1295 2731 1353 Cor.
2780 1312 2881 1365 vn,
2913 1296 2990 1370 9),
3023 1298 3082 1354 id
3111 1301 3201 1354 est
3244 1313 3433 1370 usque
3459 1298 3533 1353 ad
3562 1296 3878 1377 eliquatio-

2222 1401 2357 1440 nem
2387 1383 2474 1440 vel
2508 1385 2604 1457 [αι.
2643 1386 2747 1456 ut],
2799 1384 3091 1454 illicitum,
3151 1384 3271 1443 sive
3321 1385 3880 1443 immundissimum

2222 1473 2443 1533 ﬂuxum
2473 1473 2730 1541 accendi,
2780 1490 2886 1530 nec
2916 1473 3033 1529 ullo
3064 1473 3165 1529 Dei
3210 1489 3427 1543 amore,
3462 1478 3565 1530 aut
3592 1475 3877 1548 gehennaa

2219 1562 2430 1618 timore
2478 1562 2774 1636 restringi.
2806 1564 2950 1619 Ecce
2980 1566 3269 1636 quantum
3309 1562 3463 1619 valet
3518 1564 3695 1620 etiam
3735 1550 3877 1621 cuin

2218 1651 2392 1724 culpa
2422 1652 2784 1726 conjugium,
2819 1654 3167 1729 necessitate
3189 1651 3411 1709 scilicet
3439 1656 3675 1728 propter
3703 1654 3880 1726 pejus

2219 1757 2497 1797 concessu
2508 1758 2586 1796 m.
2613 1740 2775 1797 Unde
2793 1740 3033 1814 pulchre
3044 1741 3408 1814 Augustinus
3425 1741 3484 1796 in
3499 1740 3648 1798 libro
3669 1746 3881 1799 contra

460 1832 519 1887 et
539 1829 597 1884 in
630 1843 776 1884 novo
795 1822 1256 1880 innumerabiles
1280 1821 1589 1879 femineam
1612 1821 1823 1878 oblitas
1854 1822 2107 1878 infirmi-
2137 1864 2187 1930 Β
2215 1830 2592 1886 Jovinianum
2623 1831 2694 1886 de
2722 1830 2878 1886 Bono
2909 1830 3202 1905 conjugali
3234 1830 3576 1887 hazreticum
3609 1830 3688 1905 (η.
3724 1832 3787 1888 11
3823 1840 3880 1889 et

467 1922 477 1930 .
531 1921 540 1930 .
754 1914 768 1929 .
973 1929 1003 1930 η
1195 1910 1466 1930 tum-“
1506 1908 1735 1930 j-__.-,,_
2227 1919 2303 1930 .-.
2430 1919 2465 1930 Α
2625 1919 2638 1930 .
2669 1919 2703 1930 ..
2863 1919 2896 1930 ..
3227 1920 3238 1930 .
3833 1923 3876 1930 --

460 1921 667 1986 tatem,
715 1913 870 1971 virili
919 1915 1151 1986 peracto
1195 1910 1468 1967 hostibus
1499 1908 1737 1965 devictis
1767 1912 2103 1980 certamine,

460 2023 595 2065 cum
626 2002 925 2077 triumpho
955 2000 1147 2074 gloriae
1177 1999 1434 2073 palmam
1465 1997 1714 2054 victorize
1747 2002 1803 2054 et
1832 2016 2104 2057 coronam

460 2095 749 2155 meruisse
778 2091 1093 2164 insignem.

896 2180 1017 2236 Trr.
1051 2177 1145 2235 IIl.
1180 2210 1248 2219 —
1276 2179 1350 2234 De
1382 2177 1733 2250 Conjugibus.

528 2276 579 2331 4.
613 2272 856 2344 Conjux,
877 2269 968 2325 vel
990 2269 1240 2325 maritus
1262 2283 1324 2323 es
1343 2267 1372 2323 ?
1392 2265 1707 2323 Considera
1730 2282 1907 2339 quam
1932 2267 2104 2324 ﬁdem

455 2365 668 2422 debeas
699 2361 886 2428 uxori,
938 2360 1227 2431 cujusque
1270 2355 1403 2411 fidei
1444 2356 1577 2427 quis
1607 2354 1860 2410 habetur
1879 2361 2108 2412 exactor

453 2451 961 2513 et'testis.Bonum
981 2462 1236 2517 namque
1265 2461 1392 2501 esse
1413 2444 1994 2516 conjugium,secund
2007 2463 2104 2502 um

454 2544 632 2601 istam
662 2537 883 2597 scilicet
902 2534 1301 2593 conditionem
1333 2531 1608 2589 nascendi
1633 2537 1691 2587 et
1711 2532 2019 2602 moriendi,
2042 2534 2102 2590 in

456 2648 575 2705 qua
602 2629 781 2687 creati
810 2642 1038 2693 sumus,
1089 2627 1146 2679 et
1192 2622 1387 2695 ipsum
1419 2620 1639 2677 bonum
1672 2620 1868 2677 violari
1904 2623 2103 2697 magni

455 2719 723 2778 criminis
749 2732 898 2783 esse,
949 2713 1259 2786 Scriptura;
1291 2713 1505 2767 sanctae
1550 2710 1903 2767 testimoniis
1932 2717 2099 2784 potes

454 2811 770 2874 advertere,
802 2802 1144 2878 praesertim,
1178 2817 1312 2856 cum
1338 2804 1459 2855 tam
1492 2798 1867 2855 insolubilem
1916 2817 2096 2875 copu-

452 2899 573 2956 lam
592 2885 743 2972 pacti
764 2895 943 2967 hujus
954 2890 1237 2949 Dominus
1250 2889 1309 2944 in
1324 2888 1607 2962 principio
1624 2889 1871 2946 voluerit
1890 2890 2098 2958 facere,

454 2992 522 3046 ut
551 3005 670 3044 non
690 2982 954 3058 singulos
976 2978 1370 3054 singulariter,
1385 2978 1485 3034 sed
1510 2995 1694 3033 unum
1716 2994 1785 3034 ex
1803 2977 1981 3036 altero
2001 2996 2100 3036 vo-

451 3075 626 3136 luerit
656 3073 958 3139 fabricare,
990 3063 1276 3143 praecepto
1306 3071 1749 3140 consequenter,
1771 3072 1829 3124 et
1856 3084 1962 3124 cur
1989 3068 2099 3125 hoc

450 3167 653 3226 fecerit
678 3166 1043 3222 monstrante
1087 3162 1263 3232 atque
1308 3156 1576 3214 dicente:
1604 3157 1830 3230 Pr0pter
1867 3159 1965 3215 hoc
2007 3176 2098 3216 re-

450 3262 663 3331 linquet
710 3255 864 3310 homo
889 3254 1105 3324 patrem
1142 3252 1193 3303 et
1229 3255 1479 3314 matrem,
1512 3255 1565 3303 et
1603 3247 1906 3304 adhaerebii
1932 3252 2099 3305 mori
2127 3232 2170 3301 C

448 3363 590 3413 sum,
619 3350 669 3401 et
717 3349 879 3400 erunt
926 3339 1032 3394 duo
1081 3339 1143 3392 in
1179 3353 1345 3391 carne
1388 3352 1505 3391 una
1556 3335 1708 3407 (Gen.
1758 3336 1844 3407 11,)
1890 3337 2093 3407 Erunt,

451 3433 664 3508 inquit,
698 3432 814 3487 duo
844 3429 904 3483 in
953 3441 1126 3482 carne
1174 3442 1312 3480 una.
1342 3424 1400 3480 Si
1450 3441 1584 3496 ergo
1632 3427 1795 3479 tanta
1838 3425 1945 3493 vis,
1980 3425 2097 3481 imo

451 3523 593 3599 puia
620 3523 788 3578 tanta
805 3516 893 3573 vis
922 3515 1102 3588 hujus
1132 3517 1221 3570 est
1241 3513 1698 3586 conjunctionis;
1723 3513 1978 3587 cogitent
1999 3515 2099 3588 qui

454 3613 646 3670 abusu
692 3603 1133 3682 perversissimo
1182 3602 1352 3671 hanc,
1404 3606 1505 3660 aut
1553 3602 1950 3675 adulteraudo,
2000 3609 2102 3660 aut

454 3699 690 3776 penitus
738 3693 1057 3753 deserendo
1116 3708 1324 3748 uxores
1372 3696 1474 3747 aut
1518 3691 1693 3761 viros,
1742 3696 1917 3748 tantae
1965 3693 2099 3749 fidei

452 3796 693 3862 tamque
722 3782 1055 3842 insolubilis
1099 3780 1368 3855 copulam
1425 3780 1753 3837 dilectionis
1798 3781 2096 3851 scindunt,

456 3896 634 3954 quam
688 3891 865 3951 grave
918 3873 1273 3945 noxiumque
1319 3871 1539 3927 crimen
1590 3870 1701 3926 sibi
1749 3870 2098 3944 acquirunt;

455 3969 709 4028 maxime
731 3982 865 4023 cum
897 3962 1134 4021 evidens
1165 3964 1221 4018 et
1251 3962 1311 4016 in
1333 3960 1726 4034 Evangelio,et
1746 3960 1805 4016 in
1825 3960 2100 4033 Apostolo

455 4059 640 4135 ipsius
670 4054 903 4114 Domini
934 4056 1136 4110 contra
1156 4050 1265 4107 hoc
1290 4050 1545 4106 habeant
1570 4053 1945 4122 praeceptum;
1964 4053 2023 4104 et
2051 4049 2102 4106 si

451 4147 666 4204 violata
693 4144 971 4212 charitas,
1005 4140 1139 4199 odio
1172 4138 1562 4205 subvertente,
1596 4137 1657 4192 in
1688 4137 1920 4193 duobus
1941 4137 2104 4210 spiri-

452 4236 598 4294 tuali
614 4231 1047 4310 regeneratione
1069 4227 1349 4286 fratribus
1360 4226 1661 4284 homicidii
1679 4225 1921 4283 crimine
1938 4230 2101 4283 nota-

453 4330 582 4396 tur;
615 4323 758 4398 quid
789 4338 927 4379 cum
957 4336 1075 4375 non
1107 4316 1300 4374 solum
1339 4315 1604 4389 spiritus,
1648 4316 1749 4371 sed
1781 4314 1956 4371 etiam
1986 4333 2104 4372 una

454 4432 589 4472 caro
619 4406 998 4470 abominabili
1022 4405 1268 4462 divortio
1298 4405 1359 4459 in
1390 4404 1619 4460 diversa
1646 4403 2034 4460 distrahitur?

523 4505 577 4557 5.
606 4498 921 4558 Sciendum
941 4511 1077 4551 vero
1093 4495 1209 4549 duo
1225 4508 1438 4564 genera
1455 4509 1582 4549 esse
1604 4493 1882 4566 conjugii,
1918 4511 2104 4549 unum

2218 1919 2307 1990 12)
2334 1937 2347 1975 :
2374 1942 2401 1969 «
2426 1919 2806 1987 Concubitus,
2822 1919 2923 1988 ait,
2949 1920 3316 1977 necessarius
3357 1936 3537 1977 causa
3554 1923 3879 1994 generandi

2215 2007 2588 2081 inculpabilis
2619 2013 2726 2077 est,
2750 2012 2807 2065 et
2832 2008 2993 2065 solus
3019 2009 3144 2083 ipse
3166 2009 3446 2083 nuptialis
3472 2026 3484 2067 :
3517 2009 3618 2066 ille
3644 2014 3873 2082 autem,

2216 2098 2317 2171 qui
2347 2098 2500 2154 ultra
2530 2098 2705 2154 istam
2735 2098 3140 2155 necessitatem
3178 2098 3722 2172 progreditur,,jam
3749 2118 3879 2158 non

2215 2185 2447 2255 rationi,
2475 2187 2576 2243 sed
2606 2186 2834 2243 libidini
2861 2187 3236 2261 obsequitur;
3266 2192 3324 2244 et
3341 2188 3499 2244 hunc
3523 2192 3720 2245 tamen
3746 2208 3873 2247 non

2215 2276 2461 2349 exigere,
2497 2276 2598 2332 sed
2648 2276 2886 2332 reddere
2916 2277 3174 2350 conjugi,
3225 2293 3296 2333 ne
3328 2276 3666 2334 fornicando
3697 2279 3873 2335 dam-

2214 2365 2488 2420 nabiliter
2518 2369 2734 2438 peccet,
2758 2365 2829 2421 ad
2862 2381 3173 2438 personam
3195 2365 3449 2439 pertinet
3470 2366 3868 2441 conjugalem.

2212 2454 2268 2510 Si
2299 2459 2495 2510 autem
2514 2455 2688 2510 ambo
2709 2452 2811 2509 tali
2833 2455 3318 2527 concupiscentia:
3341 2455 3715 2528 subiguntur,
3740 2474 3870 2516 rem

2210 2543 2433 2599 faciunt
2450 2542 2563 2599 non
2586 2543 2756 2616 plane
2773 2543 3111 2617 nuptiarum
3137 2562 3150 2613 ;
3174 2548 3574 2601 verumtamen
3596 2545 3646 2600 si
3670 2547 3868 2621 magis

2209 2633 2270 2689 in
2302 2650 2410 2689 sua
2439 2631 2848 2704 conjunctione
2899 2632 3153 2705 diligunt
3197 2633 3354 2706 quod
3401 2632 3717 2691 honestum
3772 2640 3869 2692 est

2209 2740 2388 2796 quam
2414 2723 2571 2795 quod
2619 2721 3018 2790 inhonestum,
3052 2722 3110 2778 id
3150 2726 3240 2779 est
3288 2723 3444 2795 quod
3489 2724 3861 2796 nuptiarum,

2209 2829 2388 2885 quam
2418 2811 2475 2867 id
2509 2811 2663 2884 quod
2696 2829 2810 2868 non
2841 2816 2930 2867 est
2959 2806 3333 2884 nuptiarum;
3356 2812 3466 2869 hoc
3489 2812 3595 2883 eis,
3620 2817 3863 2871 auctore

2206 2900 2501 2975 Apostolo,
2520 2899 2843 2956 secundum
2861 2900 3090 2958 veniam
3113 2899 3642 2974 conceditur,cujus
3656 2902 3859 2959 delicti

2207 3007 2323 3047 non
2354 2990 2572 3046 habent
2604 2988 2949 3045 hortatrices
2979 2989 3234 3062 nuptias,
3263 2990 3365 3047 sed
3406 2991 3855 3064 deprecatrices,

2207 3079 2255 3136 si
2287 3079 2388 3135 Dei
2436 3075 2899 3134 misericordiam
2950 3094 3064 3134 non
3096 3095 3131 3134 a
3178 3095 3240 3135 se
3269 3083 3553 3152 avertant,
3601 3078 3692 3136 vel
3739 3098 3858 3138 non

2207 3167 2555 3225 abstinendo
2581 3166 2939 3239 quibusdam
2969 3167 3195 3236 diebus,
3224 3170 3290 3223 ut
3319 3167 3597 3225 orationis
3626 3173 3860 3238 vacent,

2208 3262 2264 3315 et
2294 3274 2397 3331 per
2426 3255 2577 3312 hanc
2598 3255 3016 3312 abstinentiam
3039 3257 3451 3313 commendent
3472 3273 3672 3330 preces
3695 3274 3860 3328 suas,

2208 3347 2361 3404 sicut
2373 3345 2616 3417 etperjej
2628 3343 2947 3413 unium,vel
2962 3345 3329 3402 immutando
3344 3346 3666 3403 naturalem
3682 3364 3863 3404 usum
3928 3402 3933 3403 γ

2207 3436 2269 3492 in
2301 3453 2456 3503 eum,
2490 3434 2590 3507 qui
2620 3437 2710 3490 est
2738 3438 2941 3490 contra
2961 3439 3259 3502 naturam,
3282 3436 3437 3508 quod
3461 3435 3865 3494 damnabilius

2209 3527 2276 3582 ﬁt
2308 3525 2367 3580 in
2396 3525 2664 3598 conjuge.
2684 3523 2831 3579 Nam
2854 3516 2990 3580 cum
3007 3523 3106 3580 ille
3136 3525 3420 3581 naturalis
3436 3542 3602 3593 usus,
3628 3527 3865 3600 quando

2208 3612 2499 3688 prolabitu
2508 3631 2535 3668 r
2544 3612 2699 3669 ultra
2710 3618 2880 3685 pacta
2890 3629 2970 3668 nu
2976 3611 3262 3684 ptialia,id
3274 3618 3362 3670 est
3374 3612 3868 3689 ultrapropagan-

2211 3703 2268 3760 di
2293 3701 2722 3770 necessitatem,
2760 3699 3007 3757 venialis
3034 3701 3113 3757 sit
3141 3700 3203 3757 in
3238 3719 3435 3771 uxore,
3466 3702 3525 3758 in
3554 3703 3866 3761 meretrice

2210 3789 2598 3849 damnabilis:
2626 3789 2736 3846 iste
2758 3789 2857 3862 qui
2879 3792 2969 3845 est
2989 3792 3188 3846 contra
3208 3794 3501 3860 naturam,
3526 3793 3861 3849 exsecrabi-

2209 3880 2344 3938 liter
2373 3881 2437 3935 ﬁt
2467 3879 2526 3935 in
2556 3878 2886 3949 meretrice,
2918 3879 3018 3935 sed
3064 3879 3477 3936 exsecrabilius
3503 3881 3563 3937 in
3594 3898 3795 3939 uxore.
3828 3904 3859 3934 ››

2279 3972 2333 4026 6.
2378 3970 2518 4026 Item
2550 3969 2609 4024 in
2639 3967 2836 4025 libello
2866 3968 2938 4024 ad
2984 3967 3283 4025 Valerium
3332 3970 3431 4043 (lib
3468 3988 3487 4027 ι
3516 3970 3582 4026 de
3608 3970 3777 4044 Nupt.
3811 3977 3867 4029 et

2213 4059 2448 4132 Concup.
2479 4077 2537 4114 η.
2574 4059 2663 4127 15)
2711 4061 2915 4114 contra
2958 4057 3214 4115 novellos
3264 4058 3564 4117 hereticos
3617 4059 3690 4117 de
3737 4077 3864 4118 ser-

2212 4165 2385 4207 mone
2411 4146 2671 4222 Apostoli
2700 4165 2712 4203 :
2745 4147 2866 4204 Volo
2886 4163 2977 4204 vos
2996 4149 3118 4204 sine
3139 4148 3512 4205 sollicitudine
3539 4165 3654 4207 esse
3669 4150 3721 4221 (Ι
3734 4149 3861 4206 Cor.

2209 4254 2312 4305 vn,
2372 4238 2503 4309 31);
2557 4260 2585 4288 ‹‹
2648 4235 2786 4304 Ηοο,
2851 4236 3064 4309 inquit,
3122 4237 3272 4306 dico,
3334 4238 3564 4308 fratres,
3622 4242 3866 4310 tempus

2212 4327 2386 4383 breve
2415 4331 2526 4394 est,
2559 4326 2618 4382 id
2650 4330 2740 4383 est
2769 4342 2884 4382 non
2915 4325 3105 4382 adhuc
3128 4324 3380 4399 populus
3411 4326 3513 4383 Dei
3532 4343 3863 4401 propagan-

2212 4415 2325 4471 dus
2355 4418 2444 4472 est
2471 4413 2841 4488 generatione
2886 4414 3193 4487 temporali
3243 4414 3571 4481 carlianter,
3605 4417 3707 4472 sed
3730 4417 3863 4488 jam

2213 4504 2585 4577 generatione
2637 4504 2751 4574 (86)
2800 4502 3185 4575 spiritualiter
3253 4502 3635 4580 colligendus.
3714 4505 3865 4561 Reli-

456 4587 832 4662 inculpabile,
877 4584 1036 4639 aliud
1086 4599 1222 4638 cum
1270 4580 1442 4653 culpa
1478 4580 1720 4637 veniale.
1751 4581 1853 4637 His
1883 4582 2100 4654 aliquid
2131 4603 2180 4668 D
2211 4610 2382 4666 quum
2437 4609 2573 4666 ergo
2625 4596 2724 4661 est,
2782 4600 2843 4648 ut
2895 4595 2990 4665 qui
3044 4592 3245 4649 habent
3298 4610 3514 4663 uxores,
3565 4610 3682 4650 non
3729 4611 3865 4650 οδε..

456 4676 905 4753 superadditum
922 4675 1050 4745 jam
1082 4687 1210 4729 esse
1241 4669 1611 4738 adulterium,
1644 4670 1873 4726 etiamsi
1903 4687 2103 4743 perpe-

454 4770 642 4826 trator
667 4763 886 4821 nullius
928 4761 1109 4818 violet
1148 4760 1408 4831 tborum,
1459 4758 1600 4831 quia
1626 4757 1893 4815 videlicet
1920 4759 1980 4829 in
2012 4777 2101 4817 se-

456 4856 735 4930 metipso,
764 4853 825 4909 in
855 4869 971 4926 quo
1000 4852 1214 4907 cubare
1245 4849 1545 4915 debuerat,
1594 4846 1697 4903 Dei
1746 4847 1924 4904 violat
1952 4852 2099 4905 tem-

455 4946 644 5022 plum.
677 4943 896 5002 Horum
919 4940 1177 5015 primum
1198 4941 1431 4994 tantum
1456 4936 1733 4993 Conditor
1752 4936 1877 5010 ipse
1906 4939 2105 5012 digna-

456 5044 553 5095 tus
582 5038 671 5094 est
700 5031 1028 5099 nobilitare,
1075 5032 1142 5085 ut
1170 5044 1287 5084 non
1318 5026 1511 5084 solum
1550 5026 1880 5100 praecipere,
1914 5029 2015 5085 sed
2048 5034 2104 5086 et

456 5124 509 5183 ei
540 5124 600 5181 in
631 5122 859 5196 nuptiis
892 5119 1172 5193 dignatus
1202 5117 1280 5173 sit
1308 5115 1585 5185 assidere,
1620 5116 1886 5190 factoque
1914 5118 2103 5191 primo

457 5212 762 5282 miraculo,
785 5228 891 5269 suo
912 5225 1048 5266 eum
1071 5221 1312 5263 munere
1334 5204 1614 5279 insignire
1642 5205 1815 5278 (Joan.
1838 5224 1900 5277 II,
1928 5208 2101 5281 1-11).

456 5302 698 5360 Constat
724 5318 859 5358 vero
886 5300 1040 5355 idem
1072 5312 1269 5353 amore
1299 5298 1530 5351 tantum
1561 5294 1837 5363 filiorum,
1864 5313 1977 5370 quo
2000 5298 2108 5354 sei-

456 5389 592 5448 licet
622 5393 973 5465 propagetur
993 5385 1306 5443 multitudo
1331 5382 1638 5441 hominum
1666 5384 1765 5442 ω
1796 5404 1923 5457 qua:
1954 5404 2107 5442 com-

457 5480 614 5553 pleat
663 5479 862 5535 orbem
909 5480 1220 5546 terrarum,
1251 5479 1307 5532 et
1335 5475 1617 5531 creaturis
1666 5474 1779 5531 sibi
1811 5478 2106 5535 concessis

528 5587 645 5657 (86)
682 5582 888 5642 Melius
918 5583 1074 5657 apud
1102 5581 1499 5657 Augustinum
1528 5582 1959 5655 regeneratione.

2210 4681 2327 4738 nali
2359 4679 2841 4753 concupiscentiae
2857 4682 3284 4755 subjugentur;
3331 4687 3386 4738 et
3411 4685 3509 4755 qui
3520 4684 3657 4755 ﬂent
3676 4681 3864 4739 tristi-

2208 4771 2292 4827 tia
2321 4770 2625 4844 praesentis
2655 4769 2813 4839 mali,
2847 4771 3141 4844 gaudeant
3168 4789 3270 4845 spe
3299 4773 3481 4828 futuri
3504 4772 3660 4840 boni,
3686 4781 3741 4830 et
3765 4776 3868 4847 qui

2208 4859 2449 4932 gaudent
2491 4863 2726 4932 propter
2776 4858 3095 4933 temporale
3155 4862 3551 4931 commodum,
3614 4861 3869 4920 timeant

2213 4953 2493 5006 mternum
2508 4948 2802 5021 judicium
2822 4967 2836 5020 ;
2870 4953 2919 5005 et
2940 4952 3037 5022 qui
3052 4955 3259 5019 emunt,
3285 4950 3369 5008 sic
3385 4950 3655 5010 habendo
3677 4952 3869 5026 possi-

2213 5038 2409 5105 deant,
2442 5040 2509 5092 ut
2537 5039 2787 5094 amando
2837 5028 3126 5111 possessis
3179 5057 3294 5096 non
3338 5040 3635 5111 haereant;
3665 5048 3720 5098 et
3765 5044 3869 5113 qui

2212 5130 2450 5182 utuntur
2477 5125 2575 5183 hoc
2598 5126 2820 5195 mundo,
2866 5128 3119 5185 transire
3170 5145 3231 5186 se
3282 5128 3556 5203 cogitent,
3588 5145 3705 5186 non
3737 5146 3867 5187 ma-

2214 5231 2370 5273 nere.
2419 5216 2670 5273 Praeterit
2696 5218 2843 5272 enim
2879 5219 3061 5289 ﬁgura
3089 5219 3250 5291 hujus
3268 5219 3483 5276 mundi.
3534 5219 3656 5277 Volo
3680 5211 3869 5275 autem

2212 5320 2305 5361 vos
2334 5306 2454 5361 sine
2481 5304 2857 5362 sollicitudine
2898 5322 3027 5376 esse,
3068 5307 3129 5363 id
3177 5312 3268 5365 est
3294 5306 3421 5365 volo
3468 5325 3572 5364 vos
3622 5323 3867 5366 sursum

2216 5411 2315 5450 cor
2352 5394 2413 5450 in
2461 5411 2587 5467 quae
2637 5411 2753 5450 non
2798 5399 3151 5468 praetereunt
3210 5398 3324 5471 (87)
3372 5396 3669 5470 praeterita
3712 5401 3866 5455 tem-

2217 5499 2360 5556 pora
2405 5483 2638 5540 habere.
2689 5482 2910 5540 Deinde
2960 5486 3305 5561 subjungit:
3367 5488 3474 5557 Qui
3528 5488 3652 5544 sine
3688 5501 3868 5543 more

530 5655 646 5732 (87)
683 5655 1086 5731 Augustinus:
1119 5657 1179 5713 in
1199 5655 1310 5725 his,
1343 5671 1463 5730 qum
1491 5670 1601 5712 non
1633 5661 1984 5729 praetereunt,
2018 5673 2108 5715 vos
2147 5659 2361 5721 habere.
