4054 6382
571 306 691 371 195

1493 302 1877 409 RATHERII'
1908 303 2152 368 EPISC.
2199 299 2489 367 VEIION.
2536 300 2708 368 OPP.
2764 304 2968 369 PARS
3014 300 3062 367 Ῑ.

3880 302 4019 368 196

569 457 909 517 quanquam
937 439 1010 496 ad
1039 438 1272 497 tertiam
1293 437 1568 494 connubii
1588 454 1774 509 genus
1795 439 1903 494 hoc
1924 455 1958 495 a
1979 438 2219 510 quibus-
2244 437 2301 504 Α
2330 439 2389 494 id
2419 442 2509 494 est
2537 442 2701 510 pater
2726 441 2784 494 et
2812 441 3019 505 mater,
3050 437 3110 509 in
3154 453 3328 495 carne
3351 452 3489 507 una,
3521 435 3581 493 1d
3630 442 3723 496 est
3759 439 3822 494 in
3874 440 4017 495 ﬁlio

570 534 705 588 dam
737 528 936 586 referri
992 527 1271 593 noverim,
1305 526 1783 598 proponentibus,
1819 527 1876 582 in
1929 527 2217 600 principio

568 621 763 697 ipsum
793 622 1137 675 cunctorum
1162 619 1468 671 Auctorem
1491 615 1706 671 dixisse
1730 632 1741 669 :
1768 617 1886 671 Non
1906 624 1982 671 est
2019 616 2217 672 bonum

564 726 680 766 esse
699 710 977 765 hominem
1005 708 1202 772 solum,
1231 704 1509 778 faciamus
1539 705 1594 759 ei
1647 704 1985 776 adjutorium
2031 706 2217 761 simile

554 799 671 855 sibi
704 798 855 872 (Gen.
888 815 950 863 ιι,
986 793 1311 864 12).Quovis
1343 796 1536 849 autem
1569 793 1770 849 ordine
1801 811 1980 849 causa
2010 793 2211 866 prolis,

567 906 641 944 an
673 885 1080 959 aspernatione
1111 882 1209 938 55
1241 880 1766 950 fornicationis,vel
1799 883 2039 954 repudio
2071 900 2213 955 pau-

565 975 807 1049 pertatis
831 973 1329 1044 agantur,tantum
1351 967 1504 1024 valet
1525 969 1754 1036 ﬁdes,et
1782 975 2212 1026 sacramentum

516 1052 523 1055 5
564 1062 853 1120 connubio
896 1059 1215 1131 preprium,
1251 1060 1316 1113 ut
1347 1073 1450 1113 nec
1499 1057 1731 1113 deserta
1760 1058 1998 1114 alterius
2028 1059 2215 1131 possit

561 1168 710 1221 esse,
763 1148 876 1204 nisi
934 1145 1249 1203 desertoris
1302 1162 1486 1212 uxor;
1546 1146 1967 1216 superinducta
2018 1152 2213 1202 autem

558 1239 884 1313 quamlibet
912 1239 1133 1301 sancta,
1167 1238 1349 1302 casta,
1378 1233 1591 1289 nobilis
1623 1233 1722 1304 sit,
1752 1240 1808 1290 et
1837 1235 2070 1307 pudica,
2091 1251 2212 1291 me-

556 1328 736 1385 retrix
760 1327 1049 1383 habeatur
1090 1322 1314 1378 ratione
1364 1321 1653 1377 veridica:
1683 1322 1895 1378 ductus
1954 1326 2149 1400 autem
2180 1340 2214 1378 a

554 1416 868 1483 contraria,
900 1412 1127 1470 adulter
1150 1413 1208 1467 et
1236 1410 1360 1482 ipse
1389 1408 1739 1478 sit,testante
1773 1414 1947 1482 atque
1979 1411 2213 1468 dicente

554 1524 694 1565 voce
718 1503 1058 1563 Dominica:
1093 1501 1410 1571 Quicunque
1447 1497 1717 1554 dimiserit
1767 1515 1993 1555 morem
2030 1517 2208 1569 suam,

556 1598 672 1653 nisi
698 1609 868 1651 causa
895 1590 1300 1663 fornicationis,
1340 1588 1656 1655 mwchaiur,
1683 1596 1735 1645 et
1790 1590 1886 1660 qui
1929 1588 2212 1645 dimissam

557 1683 778 1741 duxerit
808 1682 1103 1737 moechatur
1132 1678 1340 1750 (Matth.
1373 1694 1489 1744 xxx,
1521 1677 1598 1747 9).
1650 1677 1799 1732 Nota
1829 1682 2047 1743 autem,
2074 1679 2213 1749 quia

2326 544 2512 582 unum
2542 526 2678 583 sint.
2705 527 2766 583 Si
2810 526 2967 582 enim
3014 526 3097 582 ita
3141 530 3315 595 esset,
3350 528 3721 584 tantumdem
3770 527 4014 584 valeret

2325 621 2605 682 scortum,
2638 619 2924 688 quantum
2974 615 3359 684 connubium,
3388 620 3618 672 tantum
3678 620 3747 673 ut
3794 617 4013 690 proles

2324 723 2391 762 ex
2423 722 2488 762 eo
2518 708 2889 773 nasceretur;
2944 721 3078 760 cum
3126 703 3426 761 evidenter
3479 704 3821 778 Apostolus,
3875 724 4011 763 non

2325 800 2562 867 propter
2593 793 2848 850 ﬁliorum
2883 794 3336 867 generationem,
3370 795 3470 851 sed
3516 799 3755 868 propter
3786 795 4009 869 ipsum

2324 894 2726 959 concubitum,
2741 908 2927 947 unum
2951 909 3160 965 corpus
3182 892 3327 949 tales
3350 909 3580 966 quoque
3600 910 3730 950 esse
3752 894 4005 963 dixerit,

2323 983 2407 1039 sic
2439 982 2593 1038 enim
2625 981 2742 1036 ait:
2775 981 3012 1038 Nescitis
3045 984 3305 1052 quoniam
3326 983 3425 1054 qui
3458 982 3705 1040 actitaret
3731 986 4005 1040 meretri-

2321 1074 2391 1140 ci,
2426 1088 2598 1127 unum
2627 1087 2820 1141 corpus
2840 1071 3007 1142 efﬁcit
3016 1088 3081 1125 ur
3098 1089 3121 1134 ;
3141 1073 3240 1143 qui
3267 1075 3451 1127 autem
3470 1071 3709 1127 adhaeret
3726 1073 4001 1141 Domino,

2323 1175 2463 1215 unus
2490 1159 2717 1229 spiritus
2745 1166 2822 1213 est
2853 1159 2901 1228 (Ι
2928 1158 3047 1213 Cor.
3098 1174 3178 1226 Vl,
3234 1159 3343 1227 16).
3395 1158 3455 1214 Si
3503 1158 3585 1215 ita
3625 1176 3884 1232 quoque,
3926 1165 4006 1218 ut

2320 1248 2505 1313 aiunt,
2537 1251 2709 1313 esset,
2742 1246 2932 1301 dicere
2952 1246 3101 1302 satis
3129 1246 3286 1303 {ilius
3308 1251 3526 1319 posset,
3559 1249 3715 1320 quod
3749 1248 3855 1305 56
3887 1267 4002 1307 so-

2319 1335 2413 1392 lus
2443 1335 2789 1408 Unigcnitus
2824 1335 2918 1390 Dei
2952 1333 3130 1391 Filius
3162 1334 3624 1392 coessentialiter
3653 1341 3709 1392 et
3741 1342 3996 1395 coaeter-

2320 1424 2530 1482 naliter
2558 1425 2732 1492 Deus,
2765 1426 2919 1496 apud
2957 1429 3137 1481 Deum
3170 1441 3435 1493 manens,
3469 1424 3659 1482 dicere
3696 1426 4001 1484 veraciter

2322 1522 2545 1595 potuit:
2581 1526 2747 1578 Pater
2777 1523 2838 1577 in
2865 1537 2953 1576 me
2982 1531 3082 1587 est,
3113 1529 3164 1578 et
3192 1538 3289 1593 ego
3319 1524 3379 1577 in
3425 1539 3487 1579 eo
3536 1527 3718 1591 (Joan.
3751 1542 3811 1589 χ,
3844 1526 3946 1598 38)
3972 1544 3999 1591 ,-

2320 1618 2377 1667 et
2400 1617 2588 1667 :Pater
2616 1612 2673 1666 in
2698 1627 2783 1667 me
2810 1626 3035 1665 manens
3080 1612 3216 1681 facit
3261 1626 3425 1682 opera
3470 1612 3650 1680 (Joan.
3692 1629 3809 1676 xxv,
3847 1614 3945 1685 10)
3977 1632 3993 1682 ;

2320 1706 2412 1758 et:
2449 1701 2558 1769 Ego
2588 1707 2639 1754 et
2681 1706 2840 1770 pater
2884 1714 3059 1753 unum
3099 1715 3290 1753 sumus
3334 1698 3514 1770 (Joan.
3545 1718 3603 1767 x,
3634 1700 3765 1772 30);
3799 1718 3995 1758 unum

560 1791 697 1831 cum
728 1771 895 1827 aliter
924 1767 1177 1868 P‘Bfﬁtus
1199 1764 1784 1868 int?rdi_cf‘tffrv°ansa
1812 1764 2210 1868 Γῗτηξθθίξοηίθ
2237 1804 2285 1868 Β
2317 1764 2582 1846 videlicet
2610 1764 3005 1860 singulariter,
3055 1803 3243 1842 sumus
3300 1764 3501 1844 dicens
3549 1764 3880 1860 pluraliter,
3917 1796 3997 1848 ut

557 1861 778 1920 dimitti
802 1856 1172 1924 conceditur;
1202 1855 1342 1927 quia
1369 1852 1895 1926 videlicet,quando
1927 1854 2211 1912 fornicata

557 1958 667 2018 est,
683 1952 810 2023 jam
843 1946 1000 2020 rupit
1028 1942 1346 2011 vinculum,
1371 1943 1496 2013 jam
1529 1941 1702 1998 desiit
1733 1959 1861 2001 esse
1908 1961 2023 1999 una
2052 1961 2204 2000 caro.

560 2040 703 2095 Hinc
724 2034 970 2092 adulteri
990 2032 1078 2088 vel
1102 2030 1377 2087 adulterae
1399 2030 2207 2105 eolligant,advertant.quam

510 2126 513 2129 ⁷
556 2122 895 2184 detestabile
921 2122 1148 2179 facinus
1180 2120 1498 2188 incurrant,
1520 2119 1569 2175 si
1602 2124 1804 2175 contra
1832 2120 2207 2177 interdictum

554 2213 901 2280 Conditoris,
936 2211 1087 2285 quod
1123 2210 1275 2265 Deus
1308 2208 1629 2280 conjunxit,
1664 2213 1767 2264 aut
1799 2208 2203 2280 adulterando,

551 2311 655 2364 aut
673 2305 906 2379 penitus
928 2299 1249 2358 abdicando
1271 2302 1545 2370 separant
1567 2316 1580 2366 ;
1606 2315 1739 2354 eum
1764 2315 1881 2355 una
1901 2315 2034 2354 caro
2056 2316 2202 2365 esse,

550 2395 665 2452 nisi
679 2395 855 2450 ﬁdem
868 2390 980 2447 sibi
993 2389 1361 2454 servando,et
1375 2392 1805 2443 sacramentum
1826 2387 2206 2446 custodiendo

552 2501 670 2540 non
700 2482 813 2552 (92)
845 2478 1092 2553 possint.
1125 2478 1496 2547 Quzecunque
1528 2480 1724 2531 autem
1758 2476 1988 2533 feminis
2002 2494 2117 2534 non
2142 2477 2208 2533 li-

553 2578 705 2641 cent,
736 2572 859 2627 hsec
889 2573 945 2627 et
971 2567 1114 2625 viris
1161 2582 1276 2621 non
1324 2564 1496 2621 licere
1552 2566 2032 2623 manifestissima
2059 2568 2206 2625 ratio

551 2663 737 2730 docet,
772 2663 1060 2732 quantum
1088 2655 1311 2712 scilicet
1340 2654 1411 2709 ad
1442 2654 1594 2726 pacti
1628 2655 2087 2712 convenientiam
2120 2661 2205 2713 at-

548 2752 700 2807 tinet
726 2768 738 2819 ;
761 2755 815 2805 et
839 2745 1252 2820 turpissimum
1279 2743 1442 2799 valde
1474 2748 1583 2812 est,
1607 2743 1657 2799 si
1690 2745 1845 2815 quod
1867 2746 2002 2816 jure
2032 2763 2205 2801 sexus

550 2838 849 2896 robustior
881 2837 953 2895 ab
987 2831 1354 2890 imbecilliori
1388 2832 1582 2905 exigit,
1609 2832 1798 2888 victus
1842 2836 1898 2889 et
1927 2835 2206 2891 subactus

547 2928 815 2996 libidine,
857 2921 1222 2982 imbecilliori
1282 2938 1397 2977 non
1443 2921 1749 2994 impendit.
1807 2923 2047 2978 Pactum
2095 2941 2203 2979 au-

544 3021 665 3074 tem
707 3020 764 3074 et
797 3018 1254 3077 sacramentum,
1287 3009 1605 3082 sponsalia,
1638 3009 1727 3065 vel
1784 3011 1898 3083 (93)
1953 3011 2200 3077 tabalas,

545 3107 665 3163 sive
690 3106 925 3161 chartas
958 3100 1331 3173 dico,quibus
1364 3099 1609 3155 invicem
1643 3098 2035 3157 insolubiliter
2063 3118 2199 3156 con-

543 3195 900 3251 foederantur
928 3195 1232 3267 praesente,
1266 3192 1565 3261 spectante
1624 3192 1800 3261 atque
1846 3193 1990 3245 teste
2035 3190 2198 3261 justo

535 3285 733 3358 judice
767 3284 904 3340 Deo.
939 3282 1056 3337 Hoc
1084 3283 1272 3336 totum
1305 3279 1487 3351 igitur
1515 3295 1549 3332 a
1596 3277 1765 3334 nobis
1797 3276 2089 3350 prolatum
2123 3280 2194 3336 ad

542 3374 651 3429 hoc
682 3388 877 3445 quasso
906 3368 1114 3435 valeat,
1138 3372 1204 3423 ut
1235 3367 1370 3437 quia
1396 3367 1513 3437 iam
1535 3366 1834 3422 ardentem
1856 3367 2195 3437 Sodomam,

543 3462 603 3517 id
636 3467 726 3516 est
758 3460 961 3515 illicita
990 3458 1184 3513 carnis
1216 3454 1731 3520 ineendia,saniori
1762 3456 2041 3530 auiugisti
2063 3474 2197 3514 con-

541 3549 695 3615 silio,
727 3564 833 3603 nec
858 3550 1155 3611 montana,
1186 3545 1245 3599 id
1291 3548 1380 3599 est
1433 3542 1842 3599 celsitudinem
1899 3545 2197 3603 caelibatus

543 3637 950 3705 conscendere,
983 3632 1336 3702 deliberasti,
1371 3631 1578 3688 saltem
1610 3630 1669 3689 in
1710 3636 1887 3706 Segor
1917 3636 2192 3704 (Gen.x1x,

539 3726 784 3800 23),hoe
816 3729 903 3782 est
932 3724 992 3780 in
1024 3723 1215 3779 medio
1246 3722 1476 3787 horum,
1512 3722 1665 3793 quod
1694 3721 2035 3795 intelligitur
2068 3741 2193 3781 car-

540 3815 673 3873 nale
702 3832 833 3871 esse
855 3812 1234 3878 connubium,
1266 3815 1323 3867 te
1354 3810 1719 3866 continenter
1747 3816 1805 3867 et
1852 3814 2061 3885 pudice
2090 3832 2194 3887 pro

540 3921 714 3978 posse
742 3902 1062 3969 contineas,
1094 3917 1332 3957 uxorem
1381 3900 1703 3957 secundum
1752 3902 2013 3973 Apostoli
2044 3920 2193 3975 prae-

540 3997 794 4067 ceptum,
829 3996 893 4048 ut
922 3991 1186 4048 Christus
1215 3989 1533 4046 Ecclesiam
1583 3988 1835 4063 diligens
1891 3991 2101 4063 (Ephes.
2135 4011 2189 4063 v,

534 4082 649 4154 25),
685 4085 742 4138 et
772 4085 980 4154 praeter
1009 4080 1199 4152 ipsam
1249 4078 1473 4135 nullam
1533 4094 1925 4150 cognoscens;
1960 4081 2032 4136 ab
2064 4081 2194 4154 ipsa

534 4171 711 4229 etiam
744 4169 1006 4244 legaliter
1026 4167 1350 4225 interdictis
1374 4166 1765 4223 ecclesiastice
1797 4166 2023 4236 diebus,
2058 4187 2192 4227 cum

535 4260 723 4333 ipsius
753 4276 1045 4316 consensu
1078 4263 1134 4315 te
1166 4256 1493 4323 continens,
1528 4256 1820 4328 ﬁdemque
1849 4263 2190 4331 perpetuam

535 4350 588 4406 ei
620 4366 972 4407 conservans
998 4367 1011 4404 :
1046 4347 1370 4404 certissime
1393 4346 1916 4418 cognoscens,quia
1937 4348 1986 4403 si
2009 4348 2065 4403 in
2089 4348 2191 4405 ali-

2229 3169 2272 3237 C

533 4454 649 4512 quo
680 4438 911 4511 negotio
941 4454 1070 4493 eam
1102 4434 1418 4507 deceperis,
1452 4433 1540 4490 vel
1589 4435 2058 4505 circumveneris,
2087 4439 2187 4494 ad-

532 4527 643 4583 erit
662 4526 876 4581 vindex
896 4522 1385 4588 vetocissimus,et
1407 4521 1587 4591 judex
1599 4521 1623 4591 j
1637 4521 1996 4591 ustisslmus,
2014 4528 2189 4596 atque
2217 4541 2266 4606 D

494 4624 497 4627 ’
529 4616 699 4673 testis
729 4613 1143 4670 veracissimus
1173 4611 1244 4666 de
1275 4609 1416 4665 ccelo
1446 4614 1657 4665 cuncta
1687 4611 2048 4683 prospiciens
2079 4614 2188 4670 Do-

533 4704 753 4770 minus,
787 4702 955 4773 cujus
986 4698 1255 4773 praecepti
1286 4714 1348 4754 es
1380 4702 1777 4770 transgressor
1806 4700 2065 4756 effectus.

602 4793 655 4847 8.
688 4788 995 4846 Pueriliter
1015 4806 1148 4845 vero
1200 4787 1479 4852 sentiunt,
1522 4787 1675 4858 quod
1736 4786 1979 4844 minime
2005 4791 2188 4848 audeo

532 4879 846 4955 praeterire,
881 4878 981 4951 qui
1030 4878 1174 4934 illud
1232 4876 1385 4949 quod
1437 4875 1689 4931 dicitur:
1746 4878 1921 4933 [ἔναυε
1976 4878 2080 4935 duo
2128 4882 2184 4937 in

532 4986 696 5028 carne
720 4986 834 5025 una
864 4968 1013 5042 (Gen.
1038 4985 1099 5036 ιι,
1131 4966 1245 5038 24),
1278 4982 1454 5035 super
1483 4963 1600 5019 tilio
1630 4963 1986 5038 intelligunt,
2020 4973 2084 5023 ut
2111 4970 2188 5025 vi-

529 5060 739 5117 delicet
768 5062 1004 5133 propter
1035 5072 1235 5113 semen
1268 5053 1449 5110 maris
1472 5057 1529 5109 et
1577 5054 1780 5109 ﬂorem
1834 5054 2084 5126 feminae,
2117 5075 2185 5115 ex

529 5150 747 5222 quibus
776 5146 980 5205 conﬁci
1006 5144 1227 5219 prolem
1249 5144 1307 5199 in
1331 5146 1493 5199 utero
1518 5142 1740 5216 physici
1766 5146 2182 5217 tractant,duo,

602 5309 714 5382 (92)
746 5308 1097 5382 Particulam
1133 5306 2182 5382 nonsensuexigente_supplevimus.

602 5376 714 5449 (93)
747 5379 1086 5436 Indicantur
1107 5376 2025 5450 tabulm,quibusinatrimonium
2049 5397 2184 5437 con-

533 5450 897 5507 trahebatur.
950 5450 1177 5505 Tabulas
1220 5451 1653 5524 matrimoniales
1700 5456 1867 5524 vocat
1910 5454 2184 5524 Augusti-

488 5549 497 5558 -
528 5539 644 5580 nus
674 5538 849 5579 serm.
882 5524 975 5589 52,
1007 5539 1170 5579 num.
1231 5522 1323 5589 22,
1353 5523 1669 5580 Reeitantur
1716 5523 1938 5595 tabula,
1966 5522 2027 5583 et
2054 5526 2188 5583 reci-

528 5598 720 5666 tantur
748 5595 807 5658 in
836 5603 1122 5675 cmpectu
1146 5595 1397 5661 omnium
1435 5595 1810 5659 attestantium
1887 5635 1900 5657 .

2314 1886 2607 1959 intelligas
2636 1886 2785 1940 duos
2806 1884 2865 1939 in
2895 1900 3015 1940 una
3034 1883 3991 1955 substantia,deitate,a3ternitate,

2317 1977 2644 2048 majestate,
2676 1972 3028 2045 operatione,
3060 1971 3359 2029 voluntate
3406 1979 3464 2028 et
3494 1978 3780 2047 potestate
3808 1976 3991 2035 inso-

2317 2064 2575 2122 tubiliter
2602 2078 2731 2118 esse
2755 2078 2768 2129 ;
2799 2064 2857 2116 et
2887 2065 2951 2116 ut
2974 2060 3266 2133 replicem,
3284 2061 3367 2116 ita
3396 2061 3506 2118 iste
3525 2062 3716 2119 dicere
3734 2071 3987 2136 posset:

2314 2156 2433 2227 Ego
2465 2157 2527 2209 et
2542 2156 2705 2225 pater
2722 2154 2781 2207 et
2802 2153 2985 2206 mater
3013 2166 3200 2205 unum
3222 2166 3466 2219 sumus;
3501 2155 3557 2207 et
3587 2156 3754 2225 pater
3776 2158 3837 2210 et
3858 2172 3994 2213 ma-

2313 2247 2404 2299 ter
2431 2244 2490 2298 in
2515 2257 2607 2296 me
2638 2243 2867 2310 sunt,ct
2897 2254 3002 2311 ego
3029 2239 3087 2293 in
3118 2239 3203 2294 eis
3229 2257 3241 2307 ;
3274 2245 3331 2294 et
3359 2241 3632 2297 vesanius
3656 2258 3670 2297 :
3696 2241 3812 2315 Ego
3834 2260 3986 2301 sum

2316 2340 2431 2396 mei
2460 2337 2647 2411 ipsius
2678 2339 2841 2409 pater
2868 2339 2925 2398 et
2955 2338 3160 2403 mater,
3194 2335 3333 2408 quia
3378 2335 3438 2393 in
3484 2352 3576 2393 me
3627 2343 3769 2395 sunt
3793 2340 3985 2396 ambo

2316 2446 2499 2485 unum
2521 2425 2621 2499 qui
2655 2425 2885 2480 fuerant
2915 2429 3047 2480 ante
3078 2425 3213 2492 duo,
3247 2425 3402 2497 quod
3452 2424 3578 2481 fieri
3611 2444 3726 2484 non
3760 2429 3988 2501 potuit,

2315 2517 2429 2574 nisi
2460 2515 2544 2571 illi
2575 2531 2703 2570 esse
2724 2512 2945 2568 desiiss.
2974 2516 3038 2567 nt
3068 2513 3128 2568 in
3157 2529 3239 2580 se,
3272 2514 3422 2570 versi
3455 2514 3515 2570 in
3548 2532 3659 2572 me.
3685 2517 3834 2583 Quid
3871 2536 3984 2575 au-

2313 2620 2430 2673 tem
2459 2631 2590 2670 cum
2613 2628 2729 2668 non
2753 2609 2944 2667 solum
2967 2610 3250 2677 unus,sed
3272 2614 3329 2666 et
3347 2611 3485 2683 dno,
3508 2611 3625 2668 imo
3647 2612 3857 2686 viginti
3884 2621 3993 2672 aut

2315 2705 2510 2778 plures
2532 2704 2858 2759 nascuntur
2886 2698 3037 2754 ﬁlii?
3065 2698 3210 2771 Ergo
3241 2700 3312 2755 de
3357 2699 3577 2756 talibus
3607 2702 3810 2758 debuit
3836 2704 3987 2773 dici,

2315 2811 2429 2850 non
2462 2792 2780 2848 debuerant
2805 2787 3535 2861 przetermitti,debuerant,
3558 2790 3980 2863 inquam,dici,

2312 2886 2484 2939 erunt
2510 2881 2624 2936 duo
2648 2880 2707 2934 in
2740 2877 3016 2933 carnibus
3036 2874 3722 2951 viginti.lntelligendum
3746 2883 3979 2953 potius,

2313 2981 2453 3052 quia
2481 2983 2652 3036 erunt
2673 2978 2787 3033 duo
2820 2976 2879 3030 in
2912 2991 3083 3031 carne
3104 2992 3245 3042 una,
3277 2975 3334 3030 in
3365 2974 3512 3049 lege,
3535 2976 3870 3049 dilectione,
3893 2986 3988 3038 at-

2313 3086 2426 3143 que
2454 3069 2567 3124 fide
2597 3064 2788 3122 carnis
2818 3081 2955 3131 una,
2990 3064 3048 3119 in
3078 3062 3311 3121 vinculo
3342 3064 3535 3122 carnis
3564 3067 3770 3134 uno,in
3795 3074 3979 3141 pacto

2310 3158 2502 3215 carnis
2535 3172 2671 3224 uno,
2706 3158 2770 3210 ut
2799 3152 3022 3210 scilicet
3052 3155 3217 3208 tanta
3242 3152 3459 3209 unione
3490 3154 3615 3211 duae
3644 3156 3982 3224 carnes,in-

2307 3247 2490 3303 vicem
2512 3244 2997 3310 confmderentur,
3019 3246 3084 3297 ut
3115 3259 3227 3298 non
3261 3241 3431 3299 liceat
3458 3243 3558 3298 uni
3582 3245 3736 3316 quod
3756 3262 3876 3303 non
3900 3246 3981 3302 li-

2305 3341 2395 3393 cet
2424 3334 2588 3391 alteri
2617 3352 2629 3401 ;
2665 3349 2771 3389 nec
2800 3331 2919 3399 isti,
2951 3330 3109 3386 verbi
3141 3332 3349 3403 gratia,
3383 3332 3452 3387 ad
3488 3330 3730 3390 alterius
3758 3334 3984 3393 mulie-

2307 3434 2407 3501 ris,
2441 3450 2546 3489 nec
2577 3430 2661 3487 illi
2694 3431 2766 3486 ad
2799 3429 3040 3486 alterius
3071 3428 3178 3484 viri
3209 3446 3463 3497 carnem,
3488 3431 3724 3503 propria
3751 3432 3813 3489 in
3844 3434 3976 3493 viro

2306 3522 2527 3587 relicta,
2562 3519 2916 3586 accedere,et
2944 3517 3114 3573 sicuti
3147 3534 3328 3575 caroa
3350 3536 3520 3577 carne
3543 3518 3724 3576 dividi
3756 3524 3973 3596 nequit

2305 3612 2431 3667 sine
2453 3627 2665 3683 magno
2686 3608 2991 3675 dolore,ita
3020 3624 3163 3662 utor
3183 3625 3218 3663 a
3238 3607 3361 3662 viro
3385 3607 3563 3664 dividi
3597 3609 3810 3683 nequit
3839 3612 3975 3670 sine

2305 3716 2517 3773 magno
2539 3699 2785 3754 crimine
2807 3714 2820 3752 :
2847 3695 3107 3769 alioquin
3122 3695 3223 3769 qui
3244 3695 3303 3751 in
3324 3696 3660 3771 virginitate
3680 3707 3975 3774 perpetua

2302 3791 2771 3862 permanserunt,
2842 3784 2995 3841 sicut
3060 3784 3278 3841 multos
3319 3790 3653 3843 sanctorum
3708 3786 3972 3863 legimus

2302 3878 2478 3933 etiam
2510 3876 2781 3949 conjugio
2807 3877 3044 3948 junctos
3078 3874 3413 3942 fecisse,aut
3442 3875 3543 3948 qui
3575 3876 3810 3936 steriles
3836 3880 3971 3936 fue-

2301 3980 2458 4043 runt,
2491 3991 2660 4032 senes
2691 3991 2922 4047 quoque
2979 3973 3039 4028 in
3070 3973 3431 4029 cadaverinis
3453 3975 3581 4046 jam
3613 3976 3968 4048 corporibus

2299 4064 2716 4132 constituti,ab
2747 4063 2856 4119 hac
2878 4061 3213 4118 viderentur
3242 4062 3543 4121 charitatis
3564 4062 3712 4137 lege,
3734 4065 3859 4123 imo
3893 4068 3966 4124 ab

2300 4154 2407 4209 hoc
2436 4152 2769 4226 nuptiarum
2792 4153 2943 4208 bono
2962 4150 3129 4207 alieni
3154 4169 3167 4218 ;
3192 4151 3347 4223 quod
3367 4150 3602 4209 aliunde
3619 4170 3733 4209 non
3749 4158 3843 4211 est
3864 4156 3967 4212 bo-

2299 4258 2463 4309 num,
2488 4241 2601 4296 nisi
2630 4246 2862 4313 propter
2894 4246 3014 4295 tam
3049 4239 3360 4296 insolubile
3406 4239 3706 4297 vinculum
3736 4260 3748 4298 :
3802 4245 3963 4317 quod

2299 4331 2453 4387 Deus
2483 4347 2551 4386 ex
2573 4347 2688 4386 uno
2712 4330 2859 4385 duos
2879 4328 3062 4385 voluit
3093 4328 3371 4400 facere,ut
3391 4346 3573 4385 unum
3597 4334 3855 4388 essenta
3877 4351 3963 4403 se,

2297 4432 2360 4484 ut
2391 4445 2459 4484 ex
2488 4426 2618 4484 istis
2649 4427 2880 4483 duobus
2911 4425 3117 4483 tertius
3151 4426 3444 4499 ﬁeret,qui
3468 4427 3594 4499 jam
3627 4444 3742 4484 non
3766 4446 3961 4487 unum

2297 4534 2433 4574 cum
2464 4518 2548 4574 eis
2573 4521 2750 4586 esset,
2785 4518 2886 4573 sed
2920 4515 3138 4572 relictis
3170 4515 3286 4572 illis
3318 4515 3415 4572 alii
3444 4517 3789 4587 adhaereret,
3824 4536 3963 4577 cum

2299 4623 2413 4679 quo
2444 4605 2708 4679 exemplo
2731 4604 2965 4661 illorum
2997 4606 3111 4661 duo
3134 4604 3191 4660 in
3223 4622 3397 4661 carne
3419 4623 3538 4661 una
3560 4610 3850 4673 essent,et
3877 4608 3963 4665 ita

2297 4700 2716 4769 propagaretur
2744 4694 3050 4750 hominum
3078 4693 3391 4767 generatio,
3419 4693 3528 4750 hoc
3554 4711 3588 4749 a
3616 4695 3824 4752 bestiis
3847 4714 3957 4752 caa-

2296 4784 2554 4857 terisque
2580 4783 2979 4839 animantibus
3011 4783 3196 4840 divisa
3224 4783 3560 4856 bono,quod
3582 4782 3694 4839 illis
3725 4783 3958 4841 irratio-

2297 4880 2543 4949 nabiles,
2576 4883 2785 4938 affectu
2816 4880 3145 4937 dilectionis
3166 4897 3351 4937 unum
3374 4897 3503 4938 esse
3534 4881 3955 4951 nescientes,in

2294 4971 2660 5043 promiscuos
2690 4971 2999 5026 ditluerent
3046 4970 3431 5039 concubitus;
3465 4970 3563 5027 isti
3608 4988 3743 5027 vero
3774 4972 3961 5029 ratio-

2294 5059 2456 5116 nales
2485 5067 2651 5132 pacto
2699 5059 3075 5115 tenacissimo
3132 5060 3527 5131 ﬁrmarentur,
3567 5076 3684 5116 uno
3742 5060 3956 5117 affectu

2294 5148 2592 5206 charitatis
2624 5149 2796 5205 etiam
2832 5164 3004 5205 carne
3034 5148 3296 5205 connexi.

2293 5314 2345 5366 et
2376 5318 2639 5368 vocantur
2665 5310 2864 5366 tabulae
2893 5311 3422 5367 matrimoniales.ln
3455 5308 3547 5367 his
3576 5310 3796 5368 tabulis
3817 5328 3951 5368 con-

2294 5383 2544 5438 ditiones
2566 5386 2624 5437 et
2652 5387 2820 5454 pacta
2842 5381 3197 5438 matrimonii
3239 5383 3760 5451 describebantur;
3790 5400 3950 5452 nam,

2293 5458 2359 5509 ut
2388 5454 2469 5509 ait
2498 5454 2652 5509 idem
2684 5454 2887 5510 doctor
2934 5471 3108 5510 serm.
3132 5455 3187 5519 9,
3222 5472 3279 5510 ιγ.
3315 5456 3414 5510 18:
3444 5454 3504 5512 Id
3546 5456 3714 5510 etiam
3746 5455 3954 5514 tabula:

2294 5525 2562 5595 indicant,
2630 5526 2727 5585 ubi
2789 5525 3054 5584 scribitur
3126 5526 3426 5585 liberorum
3484 5526 3956 5602 procreandorum

2168 5637 2184 5662 .
2293 5612 2483 5675 causa.
