4054 6388
120 327 252 393 19⁵1

1084 326 1724 403 ΡΗιΕΙιΟΟῙῙΙΟΒΠΜ
1768 324 1976 393 LIBRI
2019 328 2194 394 SEX.
2224 365 2305 380 --
2331 333 2479 396 LIB.
2529 330 2605 396 II.

3427 340 3544 401 198

197 465 264 520 9.
296 462 460 531 Quod
491 458 543 519 si
571 466 829 537 opponat
857 462 1003 521 mihi
1033 464 1210 521 Jacob
1241 465 1387 521 duas
1414 480 1641 532 uxores,
1674 465 1790 521 Da-
1819 464 1875 531 Α
1905 465 2066 520 illum
2093 481 2308 533 vocans,
2340 467 2497 538 cujus
2528 470 2653 524 estis
2680 468 2819 540 ﬁliae
2846 470 2979 525 bene
3022 468 3282 541 facientes
3310 473 3359 540 (Ι
3396 474 3541 531 Petr.

118 553 224 608 vid
264 569 505 626 quoque
533 556 591 608 et
620 553 949 610 Salomonis
967 554 1143 610 etiam
1164 553 1363 626 plures
1388 572 1401 623 ;
1434 554 1612 610 invito
1633 558 1687 610 te
1714 556 1785 610 ad

115 642 936 715 mysterium-indagandum,
969 643 1113 715 quia
1155 643 1345 698 omnia
1374 642 1486 698 hac
1515 645 1576 699 in
1611 644 1790 714 ﬁgura

114 732 526 801 contingebant
547 733 598 801 (Ι
635 731 755 788 Cor.
787 748 844 787 x.
879 732 941 787 ll
976 732 1016 803 ;)
1049 735 1105 787 et
1162 733 1441 788 audacter
1495 732 1787 804 proﬁteor,

115 820 310 876 etiam
343 820 441 875 hic
470 818 761 877 civitatem
784 820 883 876 Dei
906 820 1116 889 nostri,
1138 826 1194 876 et
1215 825 1476 877 montem
1517 825 1787 876 sanctum

117 909 261 981 ejus
291 908 734 981 prophetatum,
769 907 826 964 in
851 924 968 981 quo
999 925 1115 964 non
1138 908 1274 965 licet
1301 909 1424 965 viro
1439 909 1653 965 habere
1676 907 1789 964 nisi

117 1012 316 1052 unam
342 1012 616 1064 uxorem,
649 1001 707 1052 et
751 995 916 1052 uxori
974 996 1090 1053 nisi
1139 1014 1322 1052 unum
1383 997 1592 1065 virum,
1652 1013 1786 1052 cum

120 1101 247 1158 quo
274 1084 489 1158 pudice
513 1084 709 1142 vivens
739 1102 918 1141 causa
945 1085 1023 1141 sit
1053 1084 1254 1157 prolis,
1282 1088 1385 1142 aut
1413 1090 1573 1142 metu
1604 1085 1788 1141 forni-

120 1174 407 1241 cationis,
429 1174 608 1230 ﬁdem
628 1174 679 1229 ei
695 1173 975 1231 illibatam
996 1178 1274 1246 perpetuo
1307 1173 1684 1241 custodiat,et
1703 1191 1790 1230 sa-

58 1294 65 1302 -
118 1267 535 1330 ammentum,
572 1262 825 1318 maxime
864 1279 995 1318 cum
1029 1266 1088 1319 et
1134 1262 1189 1318 id
1241 1264 1313 1318 ad
1355 1264 1548 1335 majus
1605 1263 1787 1335 perti—

120 1357 289 1420 neat,
322 1351 439 1408 hoc
464 1354 555 1406 est
599 1342 919 1407 Ecclesium
952 1356 1009 1407 et
1065 1350 1362 1407 Christum
1391 1369 1404 1421 ;
1440 1350 1579 1408 dicit
1629 1352 1787 1407 enim

118 1440 450 1514 Apostolus
482 1440 557 1495 de
581 1440 782 1496 eadem
815 1440 1102 1496 sententia
1127 1459 1139 1496 :
1174 1439 1591 1498 Sacramentnm
1620 1441 1677 1497 id
1699 1446 1789 1497 est

119 1530 510 1603 mysterium,
550 1529 650 1584 hoc
702 1544 968 1597 magnum
1020 1537 1113 1596 est,
1166 1545 1263 1598 ego
1314 1533 1497 1586 autem
1552 1530 1670 1587 dico
1727 1531 1788 1586 in

123 1618 351 1677 Christo
398 1625 453 1674 et
486 1619 548 1673 in
576 1618 818 1673 Ecclesia
866 1617 1082 1689 (Ephes.
1114 1636 1170 1674 v.
1202 1620 1279 1675 32
1300 1624 1344 1688 :)
1401 1619 1667 1676 videlicet
1723 1625 1789 1676 ut

124 1708 226 1766 η
263 1705 708 1779 aliquantulum
743 1722 812 1762 ex
868 1706 977 1762 hoc
1008 1708 1263 1779 proferre
1318 1709 1587 1776 audeam,
1649 1710 1788 1781 quia

122 1797 288 1853 sicut
308 1795 397 1852 illi
421 1796 540 1852 duo
560 1795 623 1851 in
647 1812 819 1852 carne
841 1799 979 1851 sunt
1001 1813 1135 1865 una,
1170 1796 1251 1853 ita
1268 1797 1532 1854 Christus
1554 1815 1686 1855 cum
1710 1798 1787 1853 sit

124 1903 317 1944 verus
338 1886 520 1952 Deus,
553 1888 611 1941 et
638 1901 810 1942 verus
841 1884 1015 1940 homo
1036 1886 1096 1941 in
1125 1901 1363 1957 corpore
1395 1888 1677 1960 sao,quod
1700 1892 1788 1943 est

124 1975 396 2032 Ecclesia
416 1974 642 2047 (Coloss.
671 1993 710 2040 ι,
741 1976 812 2029 24
835 1978 876 2043 ;)
898 1991 1082 2029 unum
1105 1992 1175 2029 ex
1203 1976 1433 2032 duabus
1463 1985 1661 2032 manet
1691 1995 1789 2034 na-

124 2064 307 2129 turis,
338 2079 451 2119 nec
483 2062 664 2118 dividi
692 2063 766 2119 ob
796 2079 864 2118 ea
892 2067 1083 2136 potest
1110 2064 1169 2119 in
1200 2069 1502 2132 internum,
1537 2082 1640 2137 pro
1671 2083 1788 2139 qua

121 2153 284 2211 fudit
306 2152 369 2207 in
382 2150 761 2224 sponsalibus
783 2152 1131 2224 sanguinem
1154 2152 1660 2225 proprium,sicuti
1683 2171 1787 2210 nec
1826 2214 1835 2219 _

119 2242 249 2303 viro
283 2256 557 2307 uxorem,
589 2256 695 2296 nec
716 2240 881 2297 uxori
902 2240 1165 2313 linquere
1187 2241 1489 2314 proprium
1512 2241 1643 2299 licet
1664 2260 1787 2300 ma-

122 2332 337 2388 ritum.
372 2329 541 2386 Sicut
568 2334 763 2385 autem
795 2346 974 2386 causa
995 2330 1395 2386 fornicationis
1416 2330 1491 2386 ab
1511 2331 1788 2390 alterutro

122 2419 473 2494 legitimum
485 2418 822 2491 contingere
842 2424 1031 2491 potest
1051 2419 1385 2489 divortium,
1401 2420 1483 2476 ita
1502 2425 1559 2476 et
1578 2438 1612 2478 a
1631 2420 1791 2477 Chri-

126 2514 225 2566 sto
254 2523 634 2580 unaquaeque
665 2507 863 2563 anima
892 2511 1024 2578 post
1055 2513 1343 2564 amatores
1373 2508 1679 2577 alienos,id
1703 2514 1791 2566 est

128 2596 393 2656 crimina
424 2596 673 2663 diversa,
718 2594 807 2652 vel
839 2596 1112 2668 spiritum
1170 2597 1612 2654 immundorum
1647 2616 1789 2672 sug-

129 2686 441 2761 gestiones
462 2685 778 2751 foraicans,
799 2685 872 2741 ab
902 2702 968 2742 eo
999 2686 1359 2758 repudiatur,
1385 2687 1498 2743 nisi
1524 2688 1671 2744 forte
1690 2689 1793 2744 ite-

129 2793 276 2833 rum
304 2775 358 2832 ei
409 2790 516 2847 per
571 2774 973 2846 pcenitentiam
1026 2775 1431 2831 reconcilietur
1460 2776 1508 2848 (Ι
1538 2776 1656 2833 Cor.
1690 2795 1791 2848 vn,

128 2866 157 2922 l
174 2865 256 2937 1,)
286 2863 447 2921 sicut
474 2866 533 2919 et
561 2878 800 2919 uxorem
834 2861 954 2919 viro
976 2863 1100 2918 ﬁeri
1127 2880 1298 2936 posse
1326 2879 1431 2936 per
1447 2866 1791 2937 Apostolum

131 2956 449 3011 docemur.

210 3043 303 3099 lO.
334 3042 506 3109 Quod
536 3046 731 3098 autem
754 3041 929 3097 etiam
953 3057 1057 3115 per
1077 3041 1418 3115 Apostolum
1451 3060 1625 3100 carne
1653 3046 1792 3116 duo,

131 3132 202 3189 in
230 3148 412 3189 carne
441 3134 585 3187 sunt
608 3147 725 3186 una
754 3132 969 3203 (Ephes.
1001 3149 1055 3200 v,
1079 3132 1197 3200 31,)
1220 3148 1322 3187 nec
1353 3131 1462 3188 hoc
1488 3137 1795 3190 transeun-

1899 571 1982 621 m,
2015 556 2071 609 6.
2104 554 2176 609 Ut
2205 572 2341 628 ergo
2382 555 2503 613 ﬁlia
2559 558 2837 614 merearis
2894 559 3018 614 ﬁeri
3076 560 3543 631 patriarcharum

1897 641 2045 697 bene
2074 641 2315 710 faciens,
2341 644 2575 701 obedire
2605 647 2775 703 stude
2803 648 2927 703 viro
2957 648 3132 703 etiam
3184 648 3242 704 in
3274 649 3402 722 ipso
3428 668 3545 707 ser-

1899 746 2071 786 mone
2101 730 2475 801 humilitatis,
2507 734 2931 804 subjectionem
2963 741 3020 792 et
3035 736 3377 811 gravitatem
3405 756 3544 811 prae-

1897 818 2089 875 ferens
2121 826 2673 893 morum,quatenus
2690 826 3045 896 prieconium
3061 825 3221 884 illius
3242 829 3545 885 conveniat

1897 907 2189 979 Sapientis
2219 910 2467 966 dicentis
2500 928 2512 965 :
2548 912 2801 968 Mulieris
2832 915 2989 971 bonae
3009 916 3194 971 beatus
3219 918 3326 983 vir,
3358 934 3546 974 nume-

1898 1011 1994 1051 rus
2023 1012 2297 1053 annorum
2327 999 2482 1054 illius
2509 1000 2717 1072 duplex
2745 1002 2932 1068 (Eccli.
2982 1020 3133 1072 xxvr,
3169 1004 3244 1076 1,)
3276 1005 3334 1061 id
3371 1009 3461 1061 est
3488 1010 3546 1061 et

1898 1086 2202 1157 praesentis
2234 1086 2427 1143 saeculi
2457 1092 2514 1143 et
2533 1090 2711 1144 futuri
2727 1090 3091 1161 jucuncitate
3118 1092 3544 1166 felix.Itemque

1897 1173 2094 1229 Mulier
2120 1176 2281 1245 fortis
2334 1176 2565 1232 oblectat
2617 1179 2802 1233 cirum
2855 1196 3037 1248 suum,
3094 1189 3147 1236 et
3194 1198 3370 1238 annos
3411 1184 3545 1241 vitae

1898 1263 2056 1318 illius
2085 1264 2145 1318 in
2172 1280 2305 1336 pace
2341 1266 2606 1336 implebit.
2665 1272 2805 1322 Pars
2835 1270 2995 1332 bona,
3036 1270 3241 1326 mulier
3289 1272 3429 1327 bona
3482 1273 3545 1328 in

1894 1355 2053 1423 parte
2082 1353 2222 1408 bona
2251 1352 2475 1408 dabitur
2498 1356 2616 1411 viro
2642 1371 2743 1426 pro
2774 1356 2926 1412 bonis
2952 1359 3114 1429 factis
3146 1358 3326 1427 (Ibid.,
3360 1362 3438 1427 2.)
3474 1361 3545 1416 Et

1899 1455 2074 1496 vere:
2111 1440 2431 1499 Saluabitur
2483 1445 2652 1510 enim,
2712 1448 2860 1500 teste
2915 1444 3209 1517 Apostolo,
3259 1448 3429 1504 etiam
3458 1451 3545 1505 vir

1898 1529 2141 1600 inﬁdelis
2164 1546 2263 1600 per
2285 1532 2573 1587 mulierem
2602 1532 2816 1601 ﬁdelem
2844 1534 2893 1603 (Ι
2919 1533 3040 1589 Cor.
3069 1551 3170 1601 vn,
3205 1535 3294 1590 14.
3332 1536 3545 1595 Contra

1895 1631 2031 1675 vero
2060 1620 2385 1675 secundum
2419 1621 2690 1677 eumdem
2722 1622 2821 1692 qui
2855 1638 3066 1693 supra:
3100 1624 3264 1680 Dolor
3283 1626 3464 1682 cordis
3492 1631 3547 1683 et

1897 1705 2076 1761 luctus
2104 1708 2310 1763 mulier
2356 1709 2603 1781 zelotypa
2638 1711 2825 1771 (Eccti.
2858 1728 3010 1777 xxvr,
3061 1712 3166 1784 8;)
3196 1717 3254 1769 et
3285 1733 3298 1770 :
3329 1715 3394 1769 In
3422 1732 3544 1771 mu-

1816 1834 1865 1899 B
1898 1795 2033 1850 liere
2074 1796 2325 1868 zelotypa
2377 1799 2659 1897 ﬂagellum
2716 1798 2927 1870 linguae
2956 1800 3143 1899 (Ibid,
3168 1802 3254 1870 9.)
3277 1801 3549 1876 Zelotypa

1898 1900 2030 1939 vero
2054 1884 2267 1940 mulier
2295 1890 2385 1940 est
2416 1885 2626 1954 rixosa,
2662 1888 2747 1942 vel
2782 1904 2850 1943 ea
2880 1906 3006 1960 qua;
3062 1887 3305 1947 zelotem
3353 1892 3545 1948 virum

1897 1972 2094 2027 efﬁcit.
2127 1972 2350 2028 Zelotes
2380 1978 2572 2029 autem
2605 1975 2691 2029 vir
2709 1981 2816 2039 est,
2843 1977 3099 2048 quicum
3116 1995 3256 2035 cura
3277 1984 3334 2036 et
3354 1981 3546 2038 cordis

1897 2059 2155 2115 cruciatu
2190 2062 2518 2117 castitatem
2551 2064 2810 2125 custodit
2841 2065 3062 2122 uxoris.
3098 2067 3260 2123 Unde
3279 2076 3336 2124 et
3355 2068 3548 2125 Domi-

1898 2164 2011 2203 nus
2041 2147 2252 2204 zelotes
2285 2149 2475 2221 (Exod.
2507 2168 2694 2208 xxxw.
2727 2152 2817 2223 14)
2872 2169 2977 2224 per
3013 2154 3249 2227 Moysen
3307 2156 3542 2226 dicitur,

1898 2235 2038 2309 quia
2062 2236 2231 2293 sicuti
2267 2239 2515 2295 maritus
2542 2256 2676 2295 cum
2709 2257 2848 2297 cura
2869 2242 3199 2299 castitatem
3225 2245 3440 2313 uxoris,
3466 2246 3548 2302 ita

1898 2329 1955 2381 et
1983 2325 2108 2397 ipse
2134 2327 2306 2383 modo
2336 2332 2555 2384 terrore
2610 2328 2904 2401 supplicii,
2940 2332 3112 2388 modo
3156 2334 3546 2405 promissione

1899 2415 2061 2486 regni
2116 2431 2242 2481 nos,
2298 2432 2372 2471 ne
2430 2417 2503 2471 ab
2544 2417 2671 2489 ipso
2732 2418 3105 2487 fornicamur,
3164 2423 3546 2480 custodiendo

1900 2502 2226 2575 restringit.
2259 2504 2519 2577 Itemque
2553 2522 2566 2560 :
2598 2506 2795 2562 Mulier
2840 2509 3028 2564 rimosa
3082 2510 3170 2565 ira
3213 2527 3418 2580 magna
3444 2531 3466 2568 .·
3495 2517 3548 2569 et

1898 2592 2253 2661 contumelia,
2287 2601 2337 2648 et
2389 2595 2668 2666 turpitudo
2722 2596 2877 2653 illtus
2928 2614 3040 2654 non
3086 2606 3324 2671 tegetur;
3363 2603 3550 2671 gratia

1896 2696 2022 2737 vero
2049 2696 2212 2752 super
2247 2685 2487 2753 gratiam
2539 2684 2743 2741 mulier
2805 2686 2905 2742 58
2934 2691 3126 2743 sancta
3181 2692 3233 2744 et
3277 2690 3550 2761 pudorata

1901 2770 2088 2834 (Eccli.
2120 2787 2273 2837 xxvr,
2306 2773 2419 2840 11.)
2445 2773 2756 2845 Apostolus
2787 2791 3020 2848 quoque
3045 2776 3242 2833 Titum
3273 2778 3346 2834 de
3375 2780 3551 2837 rebus

1901 2855 2706 2931 ecclesiasticisinstruens,te
2728 2880 2959 2937 quoque
2981 2867 3276 2937 quomodo
3297 2883 3552 2925 commo-

1901 2946 2171 3013 nefaciat,
2204 2948 2391 3016 docet,
2425 2949 2669 3007 dicendo
2699 2950 2853 3008 inter
2880 2958 3085 3009 caetera
3117 2971 3130 3009 :
3161 2960 3400 3028 Loquere
3430 2974 3548 3030 qua:

1900 3034 2087 3091 decent
2108 3053 2302 3092 sanam
2330 3037 2653 3108 doctrinam,
2679 3056 2830 3097 senes
2857 3050 2921 3098 ut
2944 3043 3122 3100 sobrii
3147 3046 3279 3113 sint,
3330 3047 3546 3117 pudici,

1896 3125 2217 3196 prudentes,
2246 3127 2373 3181 sani
2413 3128 2472 3182 in
2500 3128 2623 3197 ﬁde,
2675 3131 2732 3184 in
2787 3129 3091 3199 dilectione,
3146 3135 3204 3188 in
3255 3135 3544 3205 patientia.

137 3227 234 3281 ιειι
259 3220 670 3294 accipiendum
699 3237 711 3287 ;
737 3198 836 3276 εξθᾶ
860 3198 1331 3293 ἀίοθηάωηνειυῑα
1353 3225 1409 3277 ει
1428 3221 1486 3277 in
1510 3222 1795 3297 principio
1826 3198 1869 3265 C
1905 3213 2057 3269 Anus
2083 3214 2343 3270 similiter
2370 3216 2431 3269 in
2480 3217 2673 3273 habitu
2724 3226 2930 3288 sancto,
2971 3236 3083 3276 non
3119 3222 3544 3294 criminatrices,

142 3312 265 3371 duo
294 3311 560 3376 fuerunt,
588 3308 727 3381 quia
756 3326 942 3365 unum
973 3310 1139 3381 quasi
1163 3326 1373 3383 corpus
1405 3312 1651 3368 invicem
1683 3313 1802 3370 fue-

146 3404 313 3466 runt,
344 3398 477 3471 ipse
498 3397 559 3453 in
592 3413 660 3453 ea
685 3401 864 3464 costa,
898 3415 1025 3469 quae
1047 3399 1304 3455 detracta
1333 3403 1422 3456 est
1444 3400 1577 3468 sibi,
1611 3399 1713 3458 illa
1740 3403 1799 3459 in

146 3488 281 3563 ipso
308 3491 503 3545 totum
534 3502 747 3558 corpus
783 3486 1028 3555 habens,
1058 3504 1125 3543 ex
1182 3505 1298 3561 quo
1329 3493 1490 3544 costa
1520 3490 1796 3562 detracta,

148 3582 351 3637 creata
378 3579 470 3633 est
498 3574 606 3631 illi.
630 3574 913 3631 Similiter
935 3580 991 3632 et
1022 3575 1286 3633 Christus
1318 3594 1503 3634 unum
1543 3583 1633 3635 est
1664 3597 1800 3639 cum

145 3665 437 3731 Ecclesia,
470 3664 531 3721 in
564 3667 851 3736 quantum
884 3669 1059 3736 caput
1088 3666 1351 3736 ejusdem
1383 3671 1471 3723 est
1508 3668 1795 3737 Ecclesiae,

145 3755 306 3813 sicut
334 3755 464 3827 ipse
494 3768 729 3826 quoque
759 3751 818 3807 in
864 3753 1174 3827 Evangelia
1232 3760 1498 3825 testatur,
1550 3758 1751 3815 dicens
1782 3778 1795 3817 :

142 3845 315 3901 Nemo
343 3842 593 3899 ascendit
620 3844 676 3897 in
708 3842 922 3909 malum,
954 3844 1070 3898 nisi
1091 3846 1191 3915 qui
1236 3844 1507 3901 descendit
1552 3846 1619 3902 de
1645 3850 1798 3916 certo,

142 3935 325 3990 Filius
356 3933 603 3999 honinis,
631 3933 729 4005 qui
755 3935 833 3987 est
864 3933 925 3986 in
947 3936 1079 3988 cazto
1111 3934 1293 4004 (Joan.
1329 3950 1409 3998 ιη,
1473 3936 1585 4007 13.)
1620 3938 1796 4003 Quasi

147 4022 417 4090 dixisset,
450 4021 645 4094 aptius
677 4036 847 4077 nemo
878 4020 1119 4077 intrabit
1140 4022 1199 4077 in
1231 4039 1474 4095 regnum
1497 4024 1794 4096 caelorum,

144 4112 258 4169 nisi
271 4111 502 4176 unitus,
516 4113 574 4165 et
594 4108 763 4182 quasi
784 4115 1235 4183 concorporatus
1248 4111 1427 4184 ei.qui
1451 4112 1533 4169 sic
1555 4113 1797 4172 descen-

144 4201 233 4257 dit
260 4201 445 4257 homo
476 4199 665 4256 factus
696 4200 767 4255 de
796 4199 957 4265 coelo,
1012 4204 1075 4254 ut
1107 4216 1209 4271 per
1236 4200 1562 4258 divinitatis
1592 4208 1797 4275 poten-

140 4291 292 4347 tiam
323 4289 405 4345 sit
434 4288 495 4345 in
528 4287 693 4356 coelo,
725 4292 940 4345 terram
989 4287 1211 4344 scilicet
1258 4290 1558 4363 complens
1593 4296 1650 4347 et
1677 4309 1795 4349 co:—

141 4378 294 4437 lum.
327 4378 457 4434 Duo
486 4394 619 4433 vero
651 4382 790 4433 sunt
819 4377 1085 4433 Christus
1117 4381 1173 4433 et
1200 4377 1477 4448 Ecclesia,
1520 4381 1578 4437 in
1611 4399 1796 4454 quan-

145 4472 274 4525 tum
306 4468 442 4541 ipsa
469 4483 539 4522 ex
569 4464 928 4534 hominibus,
961 4471 1019 4523 et
1047 4465 1210 4539 puris
1268 4473 1494 4537 constat
1541 4468 1795 4526 homini-

1906 3319 2016 3358 non
2042 3304 2168 3359 vino
2194 3304 2365 3360 multo
2392 3307 2703 3375 servientes,
2738 3308 2868 3364 bene
2914 3308 3176 3376 docentes,
3206 3317 3269 3367 ut
3304 3312 3549 3383 pruden-

1907 3393 2047 3447 tiam
2082 3391 2308 3449 doceant
2358 3393 2735 3464 adolescentes,
2793 3401 2857 3452 ut
2911 3400 3056 3454 viros
3111 3415 3234 3455 suos
3289 3399 3549 3472 diligant,

1903 3481 2215 3553 prudentes,
2246 3486 2439 3552 castas,
2498 3485 2727 3552 sobrias,
2788 3485 2977 3542 domus
3027 3504 3219 3545 curam
3272 3491 3548 3561 habentes,

1910 3571 2192 3640 benignas,
2224 3571 2467 3628 subditas
2506 3575 2642 3630 viris
2699 3576 2835 3643 suis,
2894 3580 2957 3631 ut
3001 3592 3107 3633 non
3155 3576 3555 3651 blasphemetur

1906 3660 2132 3716 uerbum
2159 3662 2258 3716 Dei
2305 3662 2427 3734 (Tit.
2461 3680 2522 3732 ιι,
2561 3665 2583 3718 1
2613 3664 2655 3735 ;)
2689 3665 2759 3720 ad
2790 3665 3040 3737 Ephesio
3085 3684 3318 3741 quoque
3360 3685 3374 3724 :
3426 3672 3552 3726 Mu-

1910 3750 2101 3818 lieres,
2126 3749 2224 3819 ait,
2255 3750 2494 3809 subditae
2521 3754 2634 3809 sint
2662 3755 2798 3809 viris
2825 3756 3105 3823 suis,sicut
3134 3758 3366 3815 Domino
3387 3777 3404 3825 ;
3426 3775 3554 3831 quo-

1905 3841 2063 3894 niam
2092 3840 2177 3893 vir
2199 3849 2360 3910 caput
2385 3844 2462 3896 est
2499 3844 2771 3913 mulieris,
2802 3846 2942 3899 sicut
3000 3844 3244 3901 Christus
3280 3849 3548 3917 Ecclesiae,

1907 3928 2021 3999 ipse
2049 3929 2288 3985 salvator
2315 3932 2556 4002 corporis
2584 3932 2740 4004 ejus:
2770 3932 2862 3988 sed
2914 3942 2977 3990 ut
3023 3935 3260 3991 Ecclesia
3315 3937 3553 4008 subjecta

1906 4025 1984 4073 est
2013 4019 2252 4088 Christo,
2291 4020 2372 4074 ita
2427 4028 2480 4075 et
2535 4021 2793 4077 mulieres
2849 4023 2984 4078 viris
3011 4024 3127 4079 suis
3184 4025 3241 4079 in
3300 4027 3554 4081 omnibus

1907 4105 2121 4179 (Ephes.
2154 4123 2204 4162 υ.
2236 4108 2358 4177 22.)
2388 4107 2543 4164 Viris
2602 4126 2832 4182 quoque
2889 4110 3229 4184 pracipiens
3262 4131 3276 4168 ε
3307 4114 3548 4185 Diligite,

1904 4195 2121 4267 inquit,
2152 4212 2355 4251 uxores
2383 4205 2606 4264 vestras,
2638 4201 2781 4254 sicut
2810 4204 2861 4254 et
2883 4199 3131 4255 Christus
3156 4200 3354 4257 dilexit
3368 4203 3550 4260 Eccle-

1904 4284 2065 4350 siam,
2097 4288 2149 4339 et
2170 4286 2407 4355 seipsum
2433 4286 2663 4341 tradidit
2684 4303 2785 4358 pro
2807 4303 2890 4355 ea,
2937 4296 3002 4344 ut
3052 4290 3212 4345 illam
3239 4292 3552 4363 sanctiﬁca-

1905 4381 2005 4429 ret.
2041 4373 2121 4429 Ita
2142 4378 2195 4429 et
2215 4375 2325 4428 viri
2351 4374 2544 4430 debent
2573 4374 2804 4447 diligere
2831 4393 3029 4435 uxores
3056 4395 3185 4435 suas
3215 4388 3276 4436 ut
3325 4397 3554 4454 corpora

1904 4479 2046 4531 sua;
2074 4478 2232 4518 nemo
2262 4463 2410 4519 enim
2430 4480 2671 4536 unquam
2702 4482 2923 4522 carnem
2950 4484 3113 4523 suam
3162 4468 3284 4525 odio
3339 4469 3552 4540 habuit,

140 4556 276 4627 δας,
309 4556 442 4629 ipsa
479 4571 616 4612 vero
641 4571 810 4611 verus
865 4555 1063 4623 homo,
1094 4572 1268 4612 verus
1329 4561 1516 4614 exstat
1541 4563 1598 4615 et
1622 4560 1797 4617 Deus,
1833 4573 1877 4638 D
1906 4551 1999 4609 sed
2044 4552 2223 4607 nutrit
2250 4559 2303 4607 et
2329 4554 2471 4624 fovet
2521 4570 2661 4621 eam,
2693 4557 2834 4611 sicut
2861 4564 2913 4612 et
2941 4557 3192 4613 Christus
3231 4559 3552 4627 Ecclesium,

140 4646 262 4704 Ista
292 4646 610 4713 hactenus,
639 4660 795 4700 nunc
826 4645 899 4701 ad
932 4644 1157 4717 reliqua
1186 4662 1587 4719 properemus.

612 4796 735 4853 Trr.
768 4795 860 4853 IV.
902 4797 978 4853 De
1016 4797 1301 4853 uxoribus.

215 4918 304 4972 11.
339 4915 499 4973 Uxor
520 4929 583 4970 es
603 4914 630 4969 ‘t
661 4913 870 4971 Omnia
900 4911 1005 4968 tibi
1056 4914 1361 4970 convenire
1411 4914 1620 4988 cogita,
1672 4932 1798 4988 quas

147 5004 609 5078 praelibavimus,
644 5002 1038 5075 superadditis
1067 5002 1181 5072 his,
1214 5020 1342 5076 quae
1373 5008 1429 5059 et
1459 5021 1561 5076 per
1589 5009 1800 5061 semet-

146 5094 347 5169 ipsum
369 5098 429 5151 et
448 5110 555 5167 per
573 5108 768 5149 servos
808 5108 946 5148 suos
984 5095 1104 5147 tam
1145 5092 1447 5165 exemplis,
1477 5109 1655 5166 quam
1675 5110 1802 5150 ver-

149 5183 534 5253 bis,maxime
546 5199 680 5239 vero
700 5198 806 5254 per
821 5178 1162 5254 Apostolum
1185 5180 1293 5236 tibi
1327 5181 1659 5255 specialiter
1678 5182 1803 5255 ipse

150 5272 449 5330 mandavit
489 5271 758 5328 conditor
813 5271 971 5327 Deus
1004 5287 1017 5338 ;
1050 5269 1160 5326 Sub
1191 5271 1317 5337 viri,
1376 5269 1672 5342 inquiens,
1703 5286 1800 5343 po-

146 5365 330 5420 testate
363 5363 501 5427 eris,
538 5368 591 5417 et
644 5362 761 5432 ipse
816 5359 1194 5415 dominabitur
1247 5362 1334 5415 tui
1385 5358 1537 5427 (Gen.
1566 5376 1655 5427 1n,
1685 5359 1800 5432 61.)

147 5450 305 5510 Unde
337 5452 550 5507 Petrus
580 5448 881 5522 apostolus
906 5453 1107 5504 Saram
1140 5447 1199 5503 in
1231 5446 1563 5520 exemplum
1596 5448 1800 5521 trahit,

145 5558 277 5600 eum
307 5546 390 5610 te,
423 5539 568 5612 quid
601 5539 790 5595 facere
816 5538 1077 5607 deberes,
1112 5554 1347 5594 monere
1377 5536 1678 5607 voluisset,
1709 5538 1799 5593 di-

148 5624 331 5716 cens:
394 5629 553 5690 Sicut
602 5633 745 5690 Sara
798 5627 1074 5690 obediebat
1155 5627 1450 5705 Abraham,
1517 5628 1802 5690 dominum

1913 4645 2045 4713 quia
2072 4642 2316 4697 membra
2344 4659 2531 4699 sumus
2560 4644 2678 4716 ejus
2722 4648 2965 4718 corporis
2992 4646 3058 4704 dc
3110 4664 3280 4705 carne
3332 4649 3471 4722 ejus,
3501 4653 3557 4706 et

1907 4730 1973 4785 de
2000 4732 2211 4786 ossibus
2239 4731 2376 4804 ejus,
2409 4733 2640 4804 Propter
2667 4734 2785 4802 hoc,
2818 4734 3033 4808 inquit,
3079 4738 3352 4811 relinquet
3397 4740 3555 4795 homo

1902 4824 2120 4892 patrem
2146 4828 2196 4876 et
2222 4830 2455 4878 matrem
2480 4839 2659 4891 suam,
2691 4828 2743 4880 et
2794 4824 3094 4884 adhaerebit
3141 4821 3307 4885 uxori
3333 4843 3471 4895 stur,
3503 4832 3557 4884 et

1909 4912 2071 4966 erunt
2095 4910 2199 4966 duo
2234 4912 2290 4966 in
2320 4927 2484 4968 carne
2512 4930 2642 4968 una.
2695 4914 3113 4971 Sacramentum
3140 4916 3239 4973 hoc
3289 4933 3555 4987 magnum

1910 5006 2007 5069 est,
2039 5015 2167 5067 ergo
2203 5003 2384 5055 autem
2415 5000 2533 5057 dico
2564 5004 2624 5057 in
2656 5002 2867 5060 Christo
2895 5008 2947 5061 et
3002 5006 3063 5059 in
3105 5004 3341 5061 Ecclesia
3371 5004 3550 5076 (lbid.,

1911 5088 2034 5144 25).
2071 5088 2131 5144 Id
2163 5093 2251 5145 est
2277 5088 2415 5146 licet
2442 5094 2501 5145 et
2531 5090 2591 5146 in
2623 5091 2886 5148 humana
2912 5093 3248 5165 carnalique
3275 5094 3552 5162 conjunc-

1909 5175 2066 5233 tione
2097 5176 2242 5234 illud
2269 5179 2586 5252 contingat,
2619 5185 2685 5236 ut
2713 5181 2827 5238 duo
2856 5181 3121 5238 videlicet
3148 5181 3259 5237 sibi
3309 5180 3553 5239 invicem

1910 5265 2292 5337 adhaerentes,
2317 5285 2437 5324 una
2454 5269 2597 5325 [iant
2617 5286 2750 5325 caro
2775 5288 2788 5339 ;
2815 5272 3239 5326 sacramentum
3263 5273 3459 5327 tamen
3480 5270 3554 5327 ad

1910 5354 2207 5412 Christum
2240 5356 2489 5428 pertinet
2517 5361 2691 5428 atque
2723 5356 3086 5425 Ecclesiam;
3114 5357 3254 5430 quia
3283 5358 3438 5416 sicut
3482 5361 3554 5418 de

1909 5450 2072 5503 costa
2100 5444 2208 5500 viri
2233 5444 2513 5501 fabricata
2543 5450 2632 5501 est
2661 5446 2796 5512 Eva,
2831 5446 2911 5502 ita
2935 5446 3007 5503 de
3029 5446 3242 5504 Christi
3260 5447 3441 5507 latere
3472 5468 3556 5508 re-

1910 5537 2147 5608 dempta
2176 5534 2355 5591 crevit
2383 5534 2640 5591 Ecclesia
2666 5552 2679 5603 ;
2713 5538 2770 5590 et
2797 5535 2951 5592 sicut
2979 5541 3155 5610 caput
3209 5539 3408 5596 uxoris
3444 5541 3551 5613 vir,

1856 5662 1859 5665 -
1908 5626 1992 5690 ita
2023 5630 2198 5703 caput
2226 5621 2496 5683 Ecclesia:
2512 5623 2801 5707 Christus;
2821 5626 2974 5687 unde
2996 5632 3052 5705 et,
3076 5628 3297 5722 subgit;
3324 5633 3555 5719 Virmn:
