4054 6390
499 323 618 387 199

1419 310 1793 378 BATHERII
1836 306 2087 376 EPISC.
2128 302 2417 373 VERON.
2462 306 2637 374 OPP.
2681 310 2884 374 PARS
2930 304 2979 371 Ι.

3782 301 3920 374 200

501 458 760 516 tamenet
785 466 877 511 vos
906 447 1123 523 singuli
1168 450 1538 524 unusquisque
1572 462 1800 503 umorem
1826 461 1986 501 suam
2013 445 2147 501 dili-
2174 445 2232 514 Α
2261 461 2376 501 non
2408 459 2640 501 omnem
2694 442 2793 516 qui
2824 441 2967 510 v'ult,
3001 442 3100 497 sed
3129 440 3223 497 cui
3252 437 3410 498 Deus
3451 439 3909 513 possibilin

498 551 593 620 gat
615 547 756 604 sicut
808 544 1047 615 seipsum
1078 540 1291 614 (Ephes.
1350 555 1407 606 v,
1437 537 1507 592 33
1527 536 1567 607 ;)
1600 535 1741 607 quia
1795 533 2067 589 videlicet
2094 538 2153 589 et

499 634 768 693 Christus
795 630 1067 690 similiter
1097 629 1231 686 fecit
1270 643 1373 700 pro
1404 624 1665 682 Ecclesia
1721 624 2003 680 tradendo
2058 639 2148 678 se-

500 726 698 798 ipsum
735 740 749 779 :
782 722 1267 793 subjungensque
1302 732 1314 772 :
1354 716 1518 783 Uxor,
1553 713 1769 786 inquit,
1828 714 2018 768 timeat
2070 712 2149 767 vi-

496 830 625 869 rum
650 828 831 868 suum.

573 904 659 959 12.
692 902 839 958 Ecce
868 895 1058 970 qualis
1107 910 1246 968 erga
1292 893 1482 949 virum
1514 907 1645 949 esse
1664 891 1899 959 debeas,
1932 906 2144 962 praece-

497 989 874 1066 ptisaudistis
889 982 1260 1059 apostolicis:
1291 998 1448 1038 nunc
1466 979 1701 1053 qualem
1729 982 1931 1051 ergate
1954 979 2144 1066 ipsam

496 1065 626 1138 esse
657 1076 979 1141 conveniat,
1012 1090 1081 1130 ex
1110 1071 1285 1129 dictis
1317 1070 1523 1144 collige
1543 1069 1695 1126 beati
1728 1067 1996 1142 Cypriani
2023 1065 2143 1138 epi-

497 1168 658 1241 scopi
683 1170 740 1222 et
769 1163 1044 1237 martyris
1076 1178 1090 1217 :
1126 1183 1155 1212 ‹‹
1178 1159 1489 1228 Pudicitia,
1521 1157 1732 1230 inquit,
1765 1155 2022 1228 corporis
2054 1158 2145 1211 est

494 1258 715 1316 alienas
735 1269 830 1310 res
861 1268 977 1309 non
1009 1253 1302 1324 appetere,
1327 1263 1561 1304 omnem
1582 1245 2019 1301 immunditiam
2041 1244 2140 1299 de-

491 1346 696 1414 vitarc,
732 1347 869 1401 aute
893 1341 1100 1397 horam
1147 1352 1467 1410 congruam
1516 1352 1633 1391 non
1680 1338 1917 1407 gustare
1971 1332 2137 1401 velle,

492 1436 681 1493 risum
712 1448 830 1489 non
862 1429 1132 1497 excitare,
1164 1426 1340 1484 verba
1366 1441 1516 1481 vana
1540 1427 1597 1480 et
1628 1423 1778 1480 falsa
1806 1439 1922 1479 non
1952 1419 2137 1496 loqui,

493 1523 762 1581 habitum
792 1537 896 1594 per
924 1517 1123 1575 omnia
1141 1512 1916 1586 ordinatum,propositoque
1935 1526 2140 1567 conve-

492 1614 911 1679 nientem,tam
932 1605 1273 1679 capillorum
1297 1621 1474 1676 quam
1493 1602 1925 1670 vestium,sicut
1952 1601 2137 1670 decet,

491 1704 730 1768 habere,
760 1715 897 1756 eum
929 1695 1185 1769 indignis
1206 1692 1587 1750 contubernia
1609 1707 1723 1747 non
1750 1689 2147 1762 inire,super-i

491 1792 692 1850 cilioso
714 1786 930 1846 intuitu
956 1785 1250 1842 neminem
1274 1783 1553 1855 aspicere,
1575 1779 1772 1854 vagari
1794 1778 1994 1836 oculos
2015 1795 2131 1835 non

492 1879 848 1955 permittere,
880 1873 1210 1949 pompatico
1256 1876 1313 1929 et
1368 1870 1709 1927 illecebroso
1756 1885 1962 1941 gressu
2017 1884 2135 1924 non

491 1963 1188 2034 incedere,nulliint'erior
1215 1962 1275 2017 in
1306 1961 1552 2033 incoepto
1583 1960 1735 2015 bono
1764 1974 1935 2031 opere
1956 1973 2137 2030 appa-

491 2074 639 2127 rere,
674 2054 822 2113 nulli
854 2051 1271 2110 contumeliam
1298 2053 1400 2106 aut
1428 2049 1700 2105 ruborem
1728 2047 2011 2113 incutere,
2034 2063 2149 2102 ne--

492 2149 712 2204 minem
741 2142 1171 2217 blasphemare,
1202 2156 1372 2196 senes
1422 2155 1537 2196 non
1590 2137 1854 2205 irridere,
1906 2135 2135 2192 meliori
2214 2193 2223 2200 _

490 2255 609 2295 non
641 2231 1090 2298 controversari,
1108 2230 1181 2286 de
1210 2229 1305 2285 his
1320 2246 1449 2300 quae
1465 2228 1702 2300 ignoras
1731 2241 1847 2281 non
1867 2229 2133 2293 tractare,

487 2327 668 2384 etiam
700 2340 828 2397 quva
861 2320 977 2379 scis
1007 2336 1124 2379 non
1154 2318 1354 2375 omnia
1381 2318 1656 2389 proferre.
1689 2314 1819 2369 Haec
1842 2330 1977 2369 cum
2009 2330 2137 2386 pro-

486 2415 665 2472 ximis
675 2409 989 2470 amabilem
1001 2407 1301 2464 hominem
1316 2406 1454 2461 redd
1464 2407 1652 2471 unt,et
1667 2404 1781 2459 Deo
1803 2402 2135 2475 acceptabi-

486 2505 604 2561 lem
632 2501 871 2558 faciunt.
905 2519 934 2549 »
966 2498 1191 2553 Bonum
1223 2495 1439 2567 itaque,
1473 2497 1536 2548 ut
1558 2492 1631 2549 ad
1655 2496 1854 2549 nostra
1875 2492 2132 2560 redeam,

488 2592 538 2649 si
568 2590 789 2646 habeas
815 2587 1029 2654 virum,
1079 2585 1309 2651 Suram,
1341 2583 1683 2651 Rebeccam,
1737 2580 2047 2638 Rachelem
2077 2584 2136 2636 et

486 2676 786 2736 Elisabeth
818 2674 1052 2730 imitare
1088 2690 1101 2730 :
1136 2673 1291 2745 quod
1325 2670 1375 2726 si
1406 2670 1676 2743 iniquum
1723 2675 1781 2726 et
1811 2668 2132 2737 crudelem,

488 2768 670 2824 habes
691 2779 924 2838 quoque
945 2779 1092 2835 quas
1112 2759 1445 2827 imiteris,in
1460 2760 1614 2836 Novo
1635 2760 1873 2831 quidem
1894 2761 2136 2815 Anasta-

487 2858 637 2913 siam
670 2858 726 2910 et
754 2852 1155 2919 Theodoram;
1189 2850 1247 2905 in
1278 2848 1469 2905 Veteri
1518 2853 1714 2905 autem
1762 2848 2132 2904 Testamento

483 2943 710 3018 Abigail
742 2956 981 2998 uxorem
1010 2938 1192 2995 Nabal
1224 2937 1494 3005 Carmeli,
1523 2942 1581 2995 et
1609 2936 1819 2994 Esther
1870 2936 2129 2992 Assueri.

483 3032 634 3090 Audi
667 3030 915 3104 denique
943 3027 1287 3102 Apostolum
1317 3027 1608 3083 dicentem
1645 3043 1658 3082 :
1692 3025 2008 3082 Saluabitur
2044 3027 2132 3081 vir

2256 534 2483 600 tribuit,
2499 538 2619 589 tam
2635 533 2854 589 summi
2867 530 3083 604 fastigii
3113 545 3307 587 arcem
3320 530 3735 586 conscendere.
3751 530 3913 595 Que-

2256 622 2411 679 circa
2459 622 2541 679 nil
2590 623 2660 677 de
2692 625 2766 687 te,
2815 621 2917 676 sed
2949 628 3020 676 de
3048 618 3202 693 ipso,
3233 619 3362 676 sine
3390 635 3506 692 quo
3537 618 3684 675 nihil
3710 625 3911 692 potes,

2256 728 2639 785 praesumens,
2661 710 2983 768 secundum
3002 708 3378 782 Prophetam,
3395 714 3499 781 quo
3523 708 3914 780 pulchriores,

2253 800 2532 870 descende,
2566 808 2618 856 et
2663 799 2855 855 habita
2898 815 3022 854 cum
3050 797 3687 870 incircumcisiswzech,
3718 815 3906 866 xxxn,

2256 890 2367 962 19),
2399 890 2458 945 id
2488 894 2579 946 est
2606 888 2910 944 humiliter
2949 887 3348 943 condescendc
3389 886 3753 959 quibuslibet
3784 904 3909 944 non

2255 977 2444 1035 solum
2479 976 2852 1033 matrimonio
2870 974 3115 1048 junctis,
3146 975 3250 1031 sed
3290 978 3349 1031 et
3377 975 3569 1032 carnis
3600 992 3806 1032 curam
3838 977 3905 1032 in

2253 1066 2726 1139 concupiscentia
2750 1064 3120 1135 facientibus,
3155 1064 3538 1121 estimatione
3575 1065 3819 1138 propria
3842 1069 3909 1122 te

2251 1156 2472 1212 nemini
2506 1156 2838 1228 praeferens,
2871 1154 3040 1226 quasi
3088 1152 3277 1209 cazteri
3305 1157 3731 1225 peccatores,tu
3761 1171 3904 1226 pro-

2249 1248 2379 1318 pter
2393 1245 2681 1301 castitatis
2693 1245 2916 1299 donum
2931 1242 3013 1299 sis
3025 1241 3402 1316 singulariter
3416 1246 3655 1300 sanctus
3673 1259 3688 1299 :
3701 1243 3904 1301 sciens

2250 1334 2601 1407 quibusdam
2635 1332 2776 1389 vitia
2803 1332 3070 1405 quaedam
3102 1331 3469 1406 plerumque,
3492 1332 3610 1389 Deo
3650 1333 3902 1405 permit-

2248 1427 2424 1492 tente,
2444 1424 2517 1479 ad
2532 1426 2766 1496 tempus
2783 1420 3096 1489 dominari,
3115 1426 3180 1477 ut
3195 1421 3456 1478 conversi
3472 1426 3604 1494 post
3629 1421 3890 1490 discant,

2246 1513 2418 1584 cujus
2450 1512 2662 1585 pietate
2687 1512 2758 1567 de
2788 1510 3119 1582 captivitate
3144 1509 3450 1583 redempti,
3478 1514 3537 1566 et
3573 1511 3747 1582 cujus
3772 1511 3897 1567 vir.

2243 1605 2369 1657 tute
2396 1602 2467 1657 de
2514 1604 2798 1673 potestate
2845 1600 2965 1654 sint
3010 1597 3264 1655 crudelis
3313 1598 3548 1672 tyranni
3573 1596 3797 1670 erepti;
3829 1603 3892 1656 et

2243 1693 2408 1745 tanto
2441 1689 2691 1760 mojores
2720 1687 2942 1761 gratias
2971 1687 3226 1743 referant
3254 1686 3800 1759 liberatori,quanto
3820 1687 3897 1745 de

2246 1777 2451 1849 majori
2475 1775 2732 1850 periculo
2757 1775 3139 1833 suntliberati
3164 1792 3177 1830 :
3212 1779 3271 1831 at
3298 1780 3503 1832 contra
3531 1775 3896 1848 quibusdam

2244 1867 2506 1939 reprobis
2520 1866 2787 1938 quaedam
2803 1864 3149 1921 sublimium
3162 1865 3445 1920 virtutum
3456 1866 3901 1921 donan'onnun-

2246 1971 2424 2030 quam
2442 1954 2764 2028 provenire,
2789 1954 3004 2027 quibus
3021 1953 3158 2010 elati
3175 1954 3412 2027 gravius
3439 1956 3895 2027 corruant,qua-

2242 2050 2414 2101 tenus
2461 2061 2662 2101 eorum
2710 2060 2850 2099 casu
2882 2042 3068 2100 territi
3112 2043 3299 2110 electi,
3328 2044 3401 2099 de
3430 2059 3493 2100 se
3522 2060 3639 2100 non
3668 2060 3897 2117 praesur-

2244 2138 2427 2205 mant,
2480 2134 2582 2191 sed
2630 2134 2689 2188 in
2736 2132 2839 2188 Dei
2888 2132 3294 2189 misericordia
3336 2132 3568 2189 ﬁrmius
3610 2149 3891 2207 gressum

2244 2224 2458 2281 mentis
2504 2223 2709 2296 figant.
2746 2222 2910 2278 Unde
2937 2220 3253 2294 Apostolus
3302 2221 3583 2294 pulchre:
3612 2224 3725 2293 Qui
3748 2227 3889 2291 stat,

2242 2311 2454 2384 inquit,
2485 2312 2664 2368 videat
2690 2328 2762 2367 ne
2785 2310 2943 2367 cadat
2977 2311 3022 2384 (l
3048 2310 3169 2367 Cor.
3203 2329 3257 2380 x,
3294 2312 3400 2384 12).

2315 2402 2401 2457 14.
2431 2402 2594 2458 Unde
2623 2404 2819 2457 autem
2850 2416 3022 2457 casus
3051 2399 3161 2456 iste
3203 2399 3533 2472 specialiter
3560 2400 3886 2475 contingat,

2241 2489 2556 2547 Psalmista
2601 2490 2892 2563 precando
2939 2489 3341 2546 demonstrat:
3374 2490 3495 2546 Non
3532 2491 3715 2546 veniat
3742 2491 3894 2547 mihi

2235 2596 2331 2652 pes
2358 2580 2650 2651 superbiae,
2684 2586 2736 2635 et
2762 2595 2963 2634 manus
2988 2579 3285 2651 peccatoris
3314 2594 3424 2636 non
3446 2585 3657 2636 moveat
3673 2595 3781 2637 me.
3805 2580 3895 2637 Ibi

2240 2669 2566 2737 ceciderunt,
2598 2671 2695 2742 qui
2721 2676 3018 2741 operantur
3038 2669 3397 2740 iniquitatem
3416 2668 3891 2738 (Psal.xxxv,12).

2241 2760 2355 2815 Nec
2399 2758 2653 2831 injuria;
2702 2757 2841 2831 quia
2885 2757 3043 2813 enim
3090 2757 3390 2831 Scriptura
3431 2762 3721 2817 testante:
3754 2761 3896 2816 Anne

2240 2849 2468 2904 ruinam
2494 2848 2777 2903 exaltatur
2804 2862 2898 2902 cor
2928 2850 3113 2916 (Prov.
3143 2863 3259 2916 xvr,
3285 2846 3373 2916 l8)
3400 2864 3413 2915 ;
3447 2848 3753 2904 sciendum
3785 2864 3897 2904 ne-

2242 2937 2461 2993 minem
2491 2937 2561 2992 dc
2590 2937 2803 2992 virtute
2830 2936 2901 2990 ad
2932 2934 3140 2991 vitium
3172 2936 3471 3008 quodlibet
3498 2936 3746 3009 prolabi,
3770 2936 3895 2993 nisi

2238 3025 2403 3098 prius
2447 3026 2519 3081 ab
2572 3022 2922 3081 humilitatis
2962 3028 3127 3096 petra
3156 3026 3215 3079 in
3248 3042 3485 3081 arenam
3515 3025 3802 3098 superbia
3832 3027 3891 3082 ei

482 3121 727 3194 inﬁdetis
778 3137 882 3194 per
930 3119 1230 3174 mulierum
1296 3116 1515 3188 ﬁdelem
1574 3116 1621 3187 (I
1669 3115 1790 3172 Cor.
1850 3131 1948 3183 vn,
2013 3115 2130 3187 14,)
2172 3190 2200 3194 φ
2241 3114 2544 3189 contingat
2578 3114 2731 3171 saltu
2762 3113 3538 3171 vanitatisetinconstantie
3560 3114 3893 3185 demutari;

484 3190 743 3284 itamque
772 3190 795 3266 ξ
833 3207 1148 3265 Saluabitur
1195 3221 1295 3278 per
1338 3204 1592 3279 ﬁliorum
1647 3206 2055 3274 generationem
2087 3204 2133 3277 (I
2159 3190 2202 3258 C
2241 3221 2377 3259 nam
2397 3204 2508 3260 nisi
2526 3202 3121 3277 praecessissetlateus
3146 3204 3441 3277 superbia,
3477 3221 3592 3262 non
3615 3220 3894 3277 sequere-

488 3303 624 3358 Tim.
657 3316 721 3367 ιι,
754 3298 878 3371 15:)
912 3297 1013 3353 ubi
1044 3313 1160 3352 non
1191 3294 1344 3350 filios
1364 3292 1579 3361 carnis,
1606 3294 1708 3350 sed
1731 3292 1882 3349 filios
1915 3292 2132 3350 mentis

485 3389 683 3460 accipe
711 3402 1037 3459 expressos,
1096 3400 1246 3456 quos
1276 3383 1478 3454 utique
1527 3387 1722 3439 tenere
1779 3386 1837 3438 et
1891 3381 2132 3439 allidere

481 3475 711 3550 juberis
737 3476 811 3531 ad
843 3477 1071 3547 petram
1104 3473 1278 3543 (Psal.
1312 3487 1537 3537 cxxxvr,
1594 3474 1676 3542 9,)
1707 3470 1765 3526 id
1814 3475 1904 3526 est
1933 3471 2132 3526 omnia

488 3581 667 3638 opera
688 3566 745 3620 et
772 3562 1155 3636 cogitationes
1187 3560 1287 3618 ὅθ
1319 3560 1583 3616 attollere
1614 3560 1687 3616 ad
1716 3559 2037 3629 Christum,
2067 3564 2131 3616 ut

488 3653 775 3728 quidquid
807 3650 944 3708 boni
974 3650 1121 3725 agis,
1145 3668 1261 3706 non
1283 3649 1412 3719 tibi,
1445 3649 1545 3705 sed
1570 3648 1681 3722 ipsi
1702 3649 1993 3722 imputare
2014 3653 2132 3706 stu-

487 3744 651 3809 deas,
683 3742 811 3799 sine
842 3757 957 3814 quo
988 3739 1071 3795 nil
1105 3739 1241 3795 boni
1274 3754 1444 3812 agere
1474 3738 1753 3811 pervalcs.

920 3830 1040 3885 Trr.
1072 3828 1140 3884 V.
1172 3859 1240 3869 —
1268 3829 1344 3885 De
1366 3828 1667 3884 caelibibus.

563 3922 643 3977 13.
673 3918 888 3978 Celebs
917 3920 1026 3976 es?
1053 3917 1368 3974 Considera
1388 3933 1565 3990 quam
1597 3932 1897 3973 summum
1919 3917 2131 3974 sancti-

482 4011 621 4068 tatis
649 4007 1057 4067 conscenderis
1077 4006 1332 4076 culmen,
1364 4010 1422 4062 et
1442 4022 1509 4062 eo
1529 4004 1840 4063 sollicitius
1865 4005 2128 4078 praecipi-

480 4105 599 4157 tem
632 4116 768 4157 cave
810 4098 1064 4165 ruinam,
1113 4113 1231 4170 quo
1288 4095 1464 4153 altius
1517 4099 1660 4152 stas.
1722 4095 2130 4152 Animadverte

480 4189 694 4261 itaque,
721 4205 849 4261 qua:
873 4203 1054 4244 causa
1079 4187 1152 4242 de
1181 4184 1387 4258 angelo
1409 4184 1545 4241 fecit
1573 4183 1874 4240 diabolum
1901 4202 1914 4253 ;
1947 4188 2006 4241 et
2033 4200 2129 4240 re-

481 4278 801 4334 miniscens
832 4275 1121 4332 Dominici
1152 4273 1312 4330 illius
1349 4291 1362 4330 :
1389 4275 1530 4343 Quia
1548 4274 1669 4329 sine
1686 4289 1773 4329 me
1790 4273 1935 4329 nihil
1948 4282 2127 4346 potes-

482 4368 760 4438 tisfacere
790 4365 968 4439 (Joan.
1026 4380 1120 4431 xv,
1154 4363 1233 4435 5,)
1294 4362 1447 4420 scias
1503 4361 1562 4418 in
1621 4360 1731 4418 hoc
1781 4363 2013 4436 negotio
2071 4366 2129 4419 te

481 4454 883 4512 misericordia
914 4457 970 4509 et
999 4451 1185 4525 gratia
1209 4451 1367 4508 illius
1391 4452 1642 4509 maxime
1672 4452 2123 4526 indigere,quia,

2239 3297 2336 3348 tur
2378 3291 2645 3348 libidinis
2694 3291 3007 3349 manifesta
3056 3292 3247 3348 ruina.
3296 3292 3459 3350 Unde
3505 3298 3564 3350 et
3590 3293 3886 3367 Pr05per:

2312 3405 2339 3432 «
2363 3380 2875 3454 Concupiscentiae,
2897 3381 2996 3447 ait,
3012 3380 3204 3438 carnis
3216 3382 3746 3452 addictus,videtur
3760 3382 3894 3455 qui-

2238 3472 2371 3527 dem
2390 3470 2471 3526 nil
2488 3462 3026 3544 habere'superbiae,
3046 3486 3180 3525 cum
3200 3472 3523 3543 praesertim
3540 3471 3739 3544 passio
3755 3471 3893 3544 ipsa

2239 3577 2373 3616 eum
2392 3559 2656 3616 videatur
2672 3559 2987 3616 humiliore
3002 3558 3246 3615 luxurize
3268 3577 3282 3629 ;
3301 3564 3358 3616 et
3374 3563 3570 3617 tamen
3588 3560 3703 3617 nisi
3720 3561 3893 3632 prius

2239 3648 2471 3707 rebellis
2505 3649 2616 3705 Deo
2648 3649 2940 3717 existeret,
2972 3650 3142 3722 cujus
3174 3649 3406 3706 salubre
3427 3655 3783 3722 praeceptum
3815 3651 3893 3707 de

2238 3740 2635 3795 conservanda
2673 3738 2956 3810 pudicitia
3000 3739 3238 3811 superbi
3285 3739 3531 3811 spiritus
3560 3756 3889 3812 praesump-

2238 3829 2397 3885 tione
2414 3832 2831 3895 contemneret,
2852 3827 3014 3884 nulla
3030 3844 3165 3884 eum
3187 3829 3302 3898 (94)
3318 3827 3565 3885 lasciviae
3588 3829 3890 3902 cupiditas

2238 3919 2664 3992 provocarct.ln
2683 3918 2878 3974 animo
2896 3918 2945 3990 ej
2955 3935 3026 3975 us
3044 3917 3141 3973 diu
3162 3917 3418 3991 discepta
3428 3922 3491 3974 nt
3506 3917 3609 3973 Dei
3629 3922 3895 3975 contem~

2237 4010 2374 4080 ptus
2403 4010 2461 4064 et
2486 4011 2677 4064 metus
2703 4024 2716 4076 ;
2750 4007 2850 4063 sed
2881 4011 2984 4063 aut
3011 4011 3381 4081 contemptus
3411 4007 3512 4063 Dei
3544 4002 3889 4080 praepondeé

2238 4101 2350 4164 rat,
2382 4100 2441 4153 et
2470 4097 2761 4169 superbus
2793 4096 3027 4153 animus
3058 4101 3287 4170 recepta
3310 4094 3629 4169 cupiditate
3652 4096 3888 4169 pudici-

2236 4186 2380 4242 tiam
2414 4186 2516 4242 00
2546 4185 2770 4258 perdit;
2804 4189 2907 4241 aut
2938 4186 3161 4242 obtinet
3190 4189 3467 4254 metus,et
3496 4186 3734 4242 animus
3763 4182 3886 4244 Deo

2237 4275 2538 4348 subjectus
2553 4274 2858 4347 cupiditati
2879 4274 3055 4330 simul
3075 4279 3132 4331 et
3148 4275 3433 4348 superbiae
3456 4275 3830 4332 contradicit.
3854 4300 3885 4327 ››

2236 4365 2365 4421 Ηωο
2395 4362 2633 4436 quidem
2655 4364 2724 4419 de
2741 4363 2979 4436 speciali
3006 4381 3185 4421 causa
3203 4365 3404 4420 ruinas.
3425 4365 3588 4422 Nunc
3610 4381 3728 4438 qua
3755 4382 3884 4423 ma-

2234 4454 2380 4511 teria
2410 4452 2612 4510 eadem
2636 4469 2889 4526 perszepe
2913 4454 3211 4527 contingat
3233 4454 3692 4526 ruina,ejusdem
3741 4455 3883 4512 audi

481 4549 548 4599 ut
570 4543 819 4599 veridice
851 4541 932 4597 ait
963 4540 1370 4613 Hieronymus,
1406 4543 1465 4596 in
1492 4557 1658 4597 carne
1678 4546 1880 4613 praeter
1906 4558 2127 4598 carnem
2156 4566 2203 4630 Β
2234 4543 2577 4599 doetrimam
2603 4558 2615 4597 :
2654 4541 3139 4615 «Plerosque,ait,
3161 4542 3300 4615 gula
3318 4547 3377 4600 et
3409 4542 3888 4617 concupiscentia

478 4633 665 4688 vivere
692 4647 805 4687 non
832 4632 1064 4686 humani
1100 4631 1306 4701 meriti,
1337 4629 1431 4685 sed
1485 4632 1736 4686 muneris
1791 4638 1872 4686 est
1923 4630 2123 4686 divini.

482 4719 645 4777 Unde
673 4723 730 4776 et
756 4722 907 4775 teste
937 4717 1233 4791 Gregorio,
1257 4718 1382 4790 ipse
1412 4717 1711 4774 caelibatus
1732 4734 1847 4775 non
1871 4719 2128 4791 praeeipi-

480 4812 597 4880 tur,
632 4808 733 4865 sed
766 4806 1040 4865 laudatur
1062 4825 1076 4875 ;
1103 4806 1241 4879 quia
1260 4806 1527 4863 videlicet
1547 4806 1941 4874 stultum,imo
1963 4807 2127 4865 valde

483 4898 806 4972 superbum
837 4900 945 4965 est,
979 4902 1044 4952 ut
1074 4896 1183 4953 hoc
1214 4895 1406 4969 pulvis
1437 4898 1496 4950 et
1515 4894 1662 4951 cinis
1695 4912 1757 4951 se
1815 4901 2130 4967 praesumat

479 4988 717 5061 exsequi
750 5003 922 5061 posse
949 4985 1163 5042 virtute
1192 4982 1447 5058 propria,
1481 4984 1634 5057 quod
1668 5001 1781 5040 non
1840 4985 1989 5057 sibi,‘
2026 4986 2127 5043 sed

481 5076 705 5152 angelis
734 5093 867 5133 cum
899 5075 1002 5132 Dei
1032 5090 1276 5131 munere
1319 5072 1565 5130 contulit
1589 5078 1818 5130 natura.
1853 5074 1949 5131 Sic
1971 5075 2129 5131 enim

478 5165 561 5223 ait
588 5166 818 5222 Veritas
849 5164 980 5238 ipsa
1006 5181 1019 5219 :
1054 5164 1227 5236 Hujus
1254 5164 1451 5221 saeculi
1477 5162 1587 5234 ﬁlii
1643 5164 1881 5232 nubunt,
1914 5169 1964 5221 et
2009 5168 2127 5221 tra-

476 5255 686 5311 duntur
732 5255 803 5311 ad
848 5255 1114 5325 nuptias;
1163 5255 1223 5308 in
1280 5253 1675 5309 resurrectione
1717 5262 1899 5310 autem
1952 5267 2129 5325 neque

476 5344 700 5412 nubent,
731 5359 905 5415 neque
933 5343 1130 5399 ducent
1147 5358 1361 5414 uxores,
1393 5342 1486 5399 sed
1504 5350 1665 5399 erunt
1691 5345 1833 5400 sicut
1857 5343 2047 5413 angeli
2065 5343 2127 5398 in

476 5433 609 5492 caelo
635 5436 789 5503 (Luc.
818 5449 914 5502 xx,
946 5431 1081 5503 34;)
1138 5436 1197 5488 et
1228 5430 1368 5489 alibi
1398 5449 1574 5505 super
1631 5449 1691 5489 re
1722 5432 1927 5489 eadem
1962 5448 1975 5489 :
2020 5431 2127 5503 Qui

477 5530 644 5601 potest
699 5537 910 5595 capere,
941 5523 1126 5598 capiat
1155 5521 1376 5597 (Matth.
1424 5521 1724 5602 xvn,12;)
1785 5521 2120 5595 ostendens,

549 5628 667 5715 (94)
700 5627 932 5711 ναιεαιι
956 5630 1233 5697 mendose
1259 5631 1427 5694 enim.

2234 4631 2351 4689 vini
2384 4630 2640 4705 turpiter
2669 4631 2728 4685 in
2758 4631 3049 4687 luxuriam
3082 4630 3292 4701 solvit;
3325 4631 3472 4689 alios
3508 4632 3568 4688 in
3601 4633 3887 4705 injuriam

2234 4720 2526 4794 pudicitiae
2543 4720 2790 4777 sordidze
2806 4720 3186 4794 cogitationes
3200 4719 3547 4793 incendunt;
3567 4722 3887 4781 nonnullos

2235 4811 2306 4866 de
2333 4808 2629 4882 proposito
2647 4810 2937 4865 castitatis
2968 4809 3302 4867 occasiones
3328 4810 3533 4867 oblatae
3563 4811 3883 4884 dejiciunt;

2237 4900 2529 4972 quosdam
2560 4899 2670 4955 sub
2700 4898 3081 4972 impudicitiae
3092 4902 3239 4973 jugo
3255 4901 3522 4974 exempla
3538 4901 3762 4974 perdite
3792 4902 3885 4958 vi-

2236 4988 2496 5044 ventium
2545 4986 2807 5043 mittunt.
2855 4989 3006 5045 Sunt
3051 4987 3148 5045 alii
3179 5005 3432 5063 quorum
3460 4990 3642 5047 vitam
3673 4988 3887 5064 lingua

2239 5076 2429 5149 turpis
2459 5076 2804 5146 inﬂammat,
2838 5082 2892 5134 et
2916 5082 3146 5151 turpem
3179 5080 3599 5137 conscientiam
3633 5080 3884 5138 manife-

2238 5171 2387 5223 stat:
2432 5165 2532 5239 qui
2565 5166 2730 5239 prius
2761 5164 3181 5224 inverecundos
3213 5184 3515 5227 sermones
3545 5173 3647 5226 aut
3676 5170 3879 5242 profe-

2236 5259 2502 5321 runt,aut
2517 5253 2766 5312 libenter
2781 5253 3124 5326 audiunt,ac
3138 5257 3347 5315 deinde
3369 5258 3649 5333 paulatim
3666 5259 3878 5318 morbo

2235 5349 2528 5403 crescente
2559 5346 2633 5402 ab
2662 5344 2969 5402 honestate
3017 5346 3314 5405 deﬁciunt.
3357 5349 3639 5423 Cogitatio
3660 5348 3885 5423 quippe

2234 5438 2344 5503 est,
2376 5451 2506 5510 qua:
2523 5438 2782 5492 mentem
2801 5433 2951 5492 sicut
2968 5436 3156 5510 turpis
3184 5436 3475 5510 inquinat,
3509 5438 3590 5494 ita
3619 5438 3670 5495 si
3704 5439 3886 5495 fuerit

2233 5523 2501 5599 honesta,
2549 5524 2842 5604 puriﬁcat.
2912 5524 3057 5586 Hinc
3104 5529 3196 5586 est
3244 5527 3400 5607 quod
3450 5526 3549 5588 ille
3618 5527 3885 5607 corporis
