  <div class='ocr_page' id='page_1' title='image "/cluster/home/n/w/nwhite01/storage/ocr_20150623/136/umn.31951002477429o/108.png"; bbox 0 0 4054 6384; ppageno 0'>
   <div class='ocr_carea' id='block_1_1' title="bbox 153 408 265 467">
    <p class='ocr_par' dir='ltr' id='par_1_1' title="bbox 153 408 265 467">
     <span class='ocr_line' id='line_1_1' title="bbox 153 408 265 467; baseline -0.009 0"><span class='ocrx_word' id='word_1_1' title='bbox 153 408 265 467; x_wconf 64' lang='grc'>201</span> 
     </span>
    </p>
   </div>
   <div class='ocr_carea' id='block_1_2' title="bbox 1094 396 2627 486">
    <p class='ocr_par' dir='ltr' id='par_1_2' title="bbox 1094 396 2627 486">
     <span class='ocr_line' id='line_1_2' title="bbox 1094 396 2627 486; baseline 0.005 -12"><span class='ocrx_word' id='word_1_2' title='bbox 1094 396 1739 486; x_wconf 66' lang='lat' dir='ltr'>PRAELOQUIORUM</span> <span class='ocrx_word' id='word_1_3' title='bbox 1785 415 1994 479; x_wconf 80' lang='lat' dir='ltr'>LIBRI</span> <span class='ocrx_word' id='word_1_4' title='bbox 2036 406 2212 481; x_wconf 70' lang='lat' dir='ltr'>sax.</span> <span class='ocrx_word' id='word_1_5' title='bbox 2248 454 2325 465; x_wconf 87' lang='grc'><strong><em>-</em></strong></span> <span class='ocrx_word' id='word_1_6' title='bbox 2355 414 2506 483; x_wconf 85' lang='lat' dir='ltr'>LIB.</span> <span class='ocrx_word' id='word_1_7' title='bbox 2553 418 2627 484; x_wconf 82' lang='grc' dir='ltr'><strong>ιι.</strong></span> 
     </span>
    </p>
   </div>
   <div class='ocr_carea' id='block_1_3' title="bbox 3445 412 3566 483">
    <p class='ocr_par' dir='ltr' id='par_1_3' title="bbox 3445 412 3566 483">
     <span class='ocr_line' id='line_1_3' title="bbox 3445 412 3566 483; baseline 0 0"><span class='ocrx_word' id='word_1_8' title='bbox 3445 412 3566 483; x_wconf 67' lang='lat'>262</span> 
     </span>
    </p>
   </div>
   <div class='ocr_carea' id='block_1_4' title="bbox 155 541 3564 627">
    <p class='ocr_par' dir='ltr' id='par_1_4' title="bbox 155 541 3564 627">
     <span class='ocr_line' id='line_1_4' title="bbox 155 541 3564 627; baseline 0.004 -31"><span class='ocrx_word' id='word_1_9' title='bbox 155 541 369 606; x_wconf 78' lang='lat' dir='ltr'>ﬁuxu’s,</span> <span class='ocrx_word' id='word_1_10' title='bbox 403 541 503 613; x_wconf 85' lang='lat' dir='ltr'>qui</span> <span class='ocrx_word' id='word_1_11' title='bbox 532 541 597 597; x_wconf 86' lang='lat' dir='ltr'>ﬁt</span> <span class='ocrx_word' id='word_1_12' title='bbox 624 543 685 598; x_wconf 87' lang='lat' dir='ltr'>i‘n</span> <span class='ocrx_word' id='word_1_13' title='bbox 708 542 1137 602; x_wconf 85' lang='lat' dir='ltr'>dormientibus</span> <span class='ocrx_word' id='word_1_14' title='bbox 1159 546 1285 602; x_wconf 84' lang='lat' dir='ltr'>sine</span> <span class='ocrx_word' id='word_1_15' title='bbox 1310 546 1801 619; x_wconf 81' lang='lat' dir='ltr'>c‘ulpa,interdum</span> <span class='ocrx_word' id='word_1_16' title='bbox 1831 550 1887 618; x_wconf 76' lang='grc' dir='ltr'><strong>Α</strong></span> <span class='ocrx_word' id='word_1_17' title='bbox 1916 551 2098 627; x_wconf 68' lang='grc' dir='ltr'>Δὲιιὶιίίἰ</span> <span class='ocrx_word' id='word_1_18' title='bbox 2125 552 2238 608; x_wconf 80' lang='lat' dir='ltr'>non</span> <span class='ocrx_word' id='word_1_19' title='bbox 2271 552 2623 627; x_wconf 78' lang='lat' dir='ltr'>dedignatus</span> <span class='ocrx_word' id='word_1_20' title='bbox 2639 550 2942 612; x_wconf 77' lang='lat' dir='ltr'>eitéuncta</span> <span class='ocrx_word' id='word_1_21' title='bbox 2957 558 3181 623; x_wconf 72' lang='lat' dir='ltr'>c&#39;reans,</span> <span class='ocrx_word' id='word_1_22' title='bbox 3215 550 3271 611; x_wconf 85' lang='lat' dir='ltr'>et</span> <span class='ocrx_word' id='word_1_23' title='bbox 3290 552 3564 611; x_wconf 75' lang='lat' dir='ltr'>nutriens</span> 
     </span>
    </p>
   </div>
   <div class='ocr_carea' id='block_1_5' title="bbox 147 628 1799 709">
    <p class='ocr_par' dir='ltr' id='par_1_5' title="bbox 147 628 1799 709">
     <span class='ocr_line' id='line_1_5' title="bbox 147 628 1799 709; baseline 0.005 -25"><span class='ocrx_word' id='word_1_24' title='bbox 147 628 531 702; x_wconf 78' lang='lat' dir='ltr'>vigilantibus</span> <span class='ocrx_word' id='word_1_25' title='bbox 562 631 848 705; x_wconf 88' lang='lat' dir='ltr'>contingit</span> <span class='ocrx_word' id='word_1_26' title='bbox 877 649 946 687; x_wconf 81' lang='lat' dir='ltr'>ex</span> <span class='ocrx_word' id='word_1_27' title='bbox 975 632 1146 707; x_wconf 89' lang='lat' dir='ltr'>culpa</span> <span class='ocrx_word' id='word_1_28' title='bbox 1170 652 1183 702; x_wconf 91' lang='lat'><strong>;</strong></span> <span class='ocrx_word' id='word_1_29' title='bbox 1214 635 1314 690; x_wconf 90' lang='lat' dir='ltr'>sed</span> <span class='ocrx_word' id='word_1_30' title='bbox 1338 635 1496 691; x_wconf 84' lang='lat' dir='ltr'>aliud</span> <span class='ocrx_word' id='word_1_31' title='bbox 1527 639 1617 692; x_wconf 90' lang='lat' dir='ltr'>est</span> <span class='ocrx_word' id='word_1_32' title='bbox 1644 638 1799 709; x_wconf 91' lang='lat' dir='ltr'>quod</span> 
     </span>
    </p>
   </div>
   <div class='ocr_carea' id='block_1_6' title="bbox 146 716 1804 796">
    <p class='ocr_par' dir='ltr' id='par_1_6' title="bbox 146 716 1804 796">
     <span class='ocr_line' id='line_1_6' title="bbox 146 716 1804 796; baseline 0.005 -23"><span class='ocrx_word' id='word_1_33' title='bbox 146 716 203 774; x_wconf 87' lang='lat' dir='ltr'>in</span> <span class='ocrx_word' id='word_1_34' title='bbox 228 718 558 776; x_wconf 81' lang='lat' dir='ltr'>dormiente</span> <span class='ocrx_word' id='word_1_35' title='bbox 583 721 665 789; x_wconf 82' lang='lat' dir='ltr'>ﬁt,</span> <span class='ocrx_word' id='word_1_36' title='bbox 689 719 848 777; x_wconf 84' lang='lat' dir='ltr'>aliud</span> <span class='ocrx_word' id='word_1_37' title='bbox 873 720 1026 794; x_wconf 89' lang='lat' dir='ltr'>quod</span> <span class='ocrx_word' id='word_1_38' title='bbox 1052 722 1303 796; x_wconf 81' lang='lat' dir='ltr'>vigilans</span> <span class='ocrx_word' id='word_1_39' title='bbox 1334 723 1468 780; x_wconf 83' lang='lat' dir='ltr'>facit</span> <span class='ocrx_word' id='word_1_40' title='bbox 1492 743 1505 793; x_wconf 91' lang='lat'><strong>;</strong></span> <span class='ocrx_word' id='word_1_41' title='bbox 1529 724 1609 781; x_wconf 92' lang='lat' dir='ltr'>ibi</span> <span class='ocrx_word' id='word_1_42' title='bbox 1634 730 1804 783; x_wconf 88' lang='lat' dir='ltr'>natu-</span> 
     </span>
    </p>
   </div>
   <div class='ocr_carea' id='block_1_7' title="bbox 143 806 1801 886">
    <p class='ocr_par' dir='ltr' id='par_1_7' title="bbox 143 806 1801 886">
     <span class='ocr_line' id='line_1_7' title="bbox 143 806 1801 886; baseline 0.003 -22"><span class='ocrx_word' id='word_1_43' title='bbox 143 807 344 865; x_wconf 77' lang='lat' dir='ltr'>raliter</span> <span class='ocrx_word' id='word_1_44' title='bbox 366 806 671 881; x_wconf 78' lang='lat' dir='ltr'>plenitudo</span> <span class='ocrx_word' id='word_1_45' title='bbox 701 809 968 867; x_wconf 91' lang='lat' dir='ltr'>humoris</span> <span class='ocrx_word' id='word_1_46' title='bbox 988 811 1315 883; x_wconf 68' lang='lat' dir='ltr'>eXpelIitur,</span> <span class='ocrx_word' id='word_1_47' title='bbox 1336 811 1431 868; x_wconf 82' lang='lat' dir='ltr'>hic</span> <span class='ocrx_word' id='word_1_48' title='bbox 1459 813 1648 886; x_wconf 89' lang='lat' dir='ltr'>turpis</span> <span class='ocrx_word' id='word_1_49' title='bbox 1668 831 1801 869; x_wconf 85' lang='lat' dir='ltr'>con-</span> 
     </span>
    </p>
   </div>
   <div class='ocr_carea' id='block_1_8' title="bbox 141 897 1798 973">
    <p class='ocr_par' dir='ltr' id='par_1_8' title="bbox 141 897 1798 973">
     <span class='ocr_line' id='line_1_8' title="bbox 141 897 1798 973; baseline 0.004 -19"><span class='ocrx_word' id='word_1_50' title='bbox 141 897 510 970; x_wconf 67' lang='lat' dir='ltr'>uupiscentia</span> <span class='ocrx_word' id='word_1_51' title='bbox 537 897 885 970; x_wconf 89' lang='lat' dir='ltr'>publicatur.</span> <span class='ocrx_word' id='word_1_52' title='bbox 921 922 951 951; x_wconf 88' lang='lat'>»</span> <span class='ocrx_word' id='word_1_53' title='bbox 979 900 1060 956; x_wconf 88' lang='lat' dir='ltr'>Ne</span> <span class='ocrx_word' id='word_1_54' title='bbox 1090 900 1269 973; x_wconf 81' lang='lat' dir='ltr'>igitur</span> <span class='ocrx_word' id='word_1_55' title='bbox 1300 900 1503 958; x_wconf 71' lang='lat' dir='ltr'>caelebs</span> <span class='ocrx_word' id='word_1_56' title='bbox 1533 903 1798 960; x_wconf 89' lang='lat' dir='ltr'>amittere</span> 
     </span>
    </p>
   </div>
   <div class='ocr_carea' id='block_1_9' title="bbox 141 984 1795 1063">
    <p class='ocr_par' dir='ltr' id='par_1_9' title="bbox 141 984 1795 1063">
     <span class='ocr_line' id='line_1_9' title="bbox 141 984 1795 1063; baseline 0.004 -22"><span class='ocrx_word' id='word_1_57' title='bbox 141 986 436 1042; x_wconf 70' lang='lat' dir='ltr'>(castitatis</span> <span class='ocrx_word' id='word_1_58' title='bbox 464 984 788 1059; x_wconf 89' lang='lat' dir='ltr'>vilipendas</span> <span class='ocrx_word' id='word_1_59' title='bbox 818 989 1062 1055; x_wconf 86' lang='lat' dir='ltr'>donum,</span> <span class='ocrx_word' id='word_1_60' title='bbox 1098 989 1281 1045; x_wconf 74' lang='lat' dir='ltr'>recole</span> <span class='ocrx_word' id='word_1_61' title='bbox 1312 990 1455 1046; x_wconf 83' lang='lat' dir='ltr'>illud</span> <span class='ocrx_word' id='word_1_62' title='bbox 1504 990 1795 1063; x_wconf 62' lang='lat' dir='ltr'>prophetae</span> 
     </span>
    </p>
   </div>
   <div class='ocr_carea' id='block_1_10' title="bbox 139 1072 1794 1151">
    <p class='ocr_par' dir='ltr' id='par_1_10' title="bbox 139 1072 1794 1151">
     <span class='ocr_line' id='line_1_10' title="bbox 139 1072 1794 1151; baseline 0.003 -20"><span class='ocrx_word' id='word_1_63' title='bbox 139 1072 498 1148; x_wconf 87' lang='lat' dir='ltr'>imperium:</span> <span class='ocrx_word' id='word_1_64' title='bbox 534 1077 827 1147; x_wconf 84' lang='lat' dir='ltr'>Quomodo,</span> <span class='ocrx_word' id='word_1_65' title='bbox 860 1077 1071 1151; x_wconf 84' lang='lat' dir='ltr'>inquit,</span> <span class='ocrx_word' id='word_1_66' title='bbox 1104 1079 1349 1135; x_wconf 75' lang='lat' dir='ltr'>cecidisti</span> <span class='ocrx_word' id='word_1_67' title='bbox 1375 1079 1439 1135; x_wconf 84' lang='lat' dir='ltr'>de</span> <span class='ocrx_word' id='word_1_68' title='bbox 1466 1081 1596 1136; x_wconf 75' lang='lat' dir='ltr'>aeto</span> <span class='ocrx_word' id='word_1_69' title='bbox 1631 1083 1794 1137; x_wconf 81' lang='lat' dir='ltr'>Luci-</span> 
     </span>
    </p>
   </div>
   <div class='ocr_carea' id='block_1_11' title="bbox 137 1166 1793 1243">
    <p class='ocr_par' dir='ltr' id='par_1_11' title="bbox 137 1166 1793 1243">
     <span class='ocr_line' id='line_1_11' title="bbox 137 1166 1793 1243; baseline 0.003 -23"><span class='ocrx_word' id='word_1_70' title='bbox 137 1167 248 1237; x_wconf 80' lang='lat' dir='ltr'>fer,</span> <span class='ocrx_word' id='word_1_71' title='bbox 282 1167 383 1237; x_wconf 85' lang='lat' dir='ltr'>qui</span> <span class='ocrx_word' id='word_1_72' title='bbox 408 1182 574 1222; x_wconf 84' lang='lat' dir='ltr'>mane</span> <span class='ocrx_word' id='word_1_73' title='bbox 601 1166 862 1222; x_wconf 79' lang='lat' dir='ltr'>o&#39;riebaris</span> <span class='ocrx_word' id='word_1_74' title='bbox 882 1171 908 1221; x_wconf 74' lang='lat'>.9</span> <span class='ocrx_word' id='word_1_75' title='bbox 939 1168 1069 1240; x_wconf 80' lang='lat' dir='ltr'>(Isai</span> <span class='ocrx_word' id='word_1_76' title='bbox 1097 1185 1211 1236; x_wconf 78' lang='lat' dir='ltr'>xrv,</span> <span class='ocrx_word' id='word_1_77' title='bbox 1246 1166 1335 1234; x_wconf 80' lang='lat' dir='ltr'>l2)</span> <span class='ocrx_word' id='word_1_78' title='bbox 1369 1167 1427 1224; x_wconf 93' lang='lat' dir='ltr'>id</span> <span class='ocrx_word' id='word_1_79' title='bbox 1468 1173 1558 1225; x_wconf 91' lang='lat' dir='ltr'>est</span> <span class='ocrx_word' id='word_1_80' title='bbox 1613 1169 1793 1243; x_wconf 83' lang='lat' dir='ltr'>virgi—</span> 
     </span>
    </p>
   </div>
   <div class='ocr_carea' id='block_1_12' title="bbox 138 1252 1790 1329">
    <p class='ocr_par' dir='ltr' id='par_1_12' title="bbox 138 1252 1790 1329">
     <span class='ocr_line' id='line_1_12' title="bbox 138 1252 1790 1329; baseline 0.002 -19"><span class='ocrx_word' id='word_1_81' title='bbox 138 1254 342 1311; x_wconf 86' lang='lat' dir='ltr'>nitatis</span> <span class='ocrx_word' id='word_1_82' title='bbox 373 1252 685 1327; x_wconf 86' lang='lat' dir='ltr'>splendore</span> <span class='ocrx_word' id='word_1_83' title='bbox 714 1256 939 1312; x_wconf 78' lang='lat' dir='ltr'>cnnctis</span> <span class='ocrx_word' id='word_1_84' title='bbox 970 1257 1216 1329; x_wconf 88' lang='lat' dir='ltr'>parebas</span> <span class='ocrx_word' id='word_1_85' title='bbox 1253 1258 1497 1313; x_wconf 86' lang='lat' dir='ltr'>decorus</span> <span class='ocrx_word' id='word_1_86' title='bbox 1518 1262 1574 1313; x_wconf 89' lang='lat' dir='ltr'>et</span> <span class='ocrx_word' id='word_1_87' title='bbox 1603 1258 1790 1313; x_wconf 88' lang='lat' dir='ltr'>admi-</span> 
     </span>
    </p>
   </div>
   <div class='ocr_carea' id='block_1_13' title="bbox 135 1343 1793 1419">
    <p class='ocr_par' dir='ltr' id='par_1_13' title="bbox 135 1343 1793 1419">
     <span class='ocr_line' id='line_1_13' title="bbox 135 1343 1793 1419; baseline 0.001 -19"><span class='ocrx_word' id='word_1_88' title='bbox 135 1343 363 1400; x_wconf 81' lang='lat' dir='ltr'>rabilis.</span> <span class='ocrx_word' id='word_1_89' title='bbox 389 1343 714 1399; x_wconf 86' lang='lat' dir='ltr'>Admiratio</span> <span class='ocrx_word' id='word_1_90' title='bbox 743 1344 898 1400; x_wconf 89' lang='lat' dir='ltr'>enim</span> <span class='ocrx_word' id='word_1_91' title='bbox 928 1345 1042 1401; x_wconf 88' lang='lat' dir='ltr'>ista</span> <span class='ocrx_word' id='word_1_92' title='bbox 1071 1363 1187 1401; x_wconf 90' lang='lat' dir='ltr'>non</span> <span class='ocrx_word' id='word_1_93' title='bbox 1220 1349 1310 1402; x_wconf 91' lang='lat' dir='ltr'>est</span> <span class='ocrx_word' id='word_1_94' title='bbox 1327 1362 1504 1403; x_wconf 78' lang='lat' dir='ltr'>causa</span> <span class='ocrx_word' id='word_1_95' title='bbox 1523 1347 1793 1419; x_wconf 83' lang='lat' dir='ltr'>ignoran-</span> 
     </span>
    </p>
   </div>
   <div class='ocr_carea' id='block_1_14' title="bbox 135 1432 1789 1508">
    <p class='ocr_par' dir='ltr' id='par_1_14' title="bbox 135 1432 1789 1508">
     <span class='ocr_line' id='line_1_14' title="bbox 135 1432 1789 1508; baseline 0.001 -19"><span class='ocrx_word' id='word_1_96' title='bbox 135 1432 247 1503; x_wconf 74' lang='lat' dir='ltr'>tiae,</span> <span class='ocrx_word' id='word_1_97' title='bbox 276 1433 384 1490; x_wconf 90' lang='lat' dir='ltr'>sed</span> <span class='ocrx_word' id='word_1_98' title='bbox 416 1437 555 1490; x_wconf 89' lang='lat' dir='ltr'>nota</span> <span class='ocrx_word' id='word_1_99' title='bbox 584 1432 930 1489; x_wconf 68' lang='lat' dir='ltr'>calumniae:</span> <span class='ocrx_word' id='word_1_100' title='bbox 969 1451 1038 1490; x_wconf 81' lang='lat' dir='ltr'>ex</span> <span class='ocrx_word' id='word_1_101' title='bbox 1085 1435 1260 1508; x_wconf 87' lang='lat' dir='ltr'>cul‘pa</span> <span class='ocrx_word' id='word_1_102' title='bbox 1313 1435 1490 1503; x_wconf 89' lang='lat' dir='ltr'>enim,</span> <span class='ocrx_word' id='word_1_103' title='bbox 1552 1440 1618 1491; x_wconf 92' lang='lat' dir='ltr'>ut</span> <span class='ocrx_word' id='word_1_104' title='bbox 1660 1437 1789 1508; x_wconf 85' lang='lat' dir='ltr'>jam</span> 
     </span>
    </p>
   </div>
   <div class='ocr_carea' id='block_1_15' title="bbox 131 1522 1792 1599">
    <p class='ocr_par' dir='ltr' id='par_1_15' title="bbox 131 1522 1792 1599">
     <span class='ocr_line' id='line_1_15' title="bbox 131 1522 1792 1599; baseline 0.002 -21"><span class='ocrx_word' id='word_1_105' title='bbox 131 1522 419 1591; x_wconf 82' lang='lat' dir='ltr'>diximus,</span> <span class='ocrx_word' id='word_1_106' title='bbox 451 1522 760 1595; x_wconf 75' lang='lat' dir='ltr'>superbim,</span> <span class='ocrx_word' id='word_1_107' title='bbox 813 1523 1052 1579; x_wconf 84' lang='lat' dir='ltr'>miseria</span> <span class='ocrx_word' id='word_1_108' title='bbox 1108 1524 1449 1596; x_wconf 80' lang='lat' dir='ltr'>hujusmodi</span> <span class='ocrx_word' id='word_1_109' title='bbox 1506 1525 1792 1599; x_wconf 89' lang='lat' dir='ltr'>contingit</span> 
     </span>
    </p>
   </div>
   <div class='ocr_carea' id='block_1_16' title="bbox 129 1610 1791 1683">
    <p class='ocr_par' dir='ltr' id='par_1_16' title="bbox 129 1610 1791 1683">
     <span class='ocr_line' id='line_1_16' title="bbox 129 1610 1791 1683; baseline 0.002 -16"><span class='ocrx_word' id='word_1_110' title='bbox 129 1612 316 1667; x_wconf 66' lang='lat' dir='ltr'>ruinae</span> <span class='ocrx_word' id='word_1_111' title='bbox 342 1629 355 1680; x_wconf 90' lang='lat'><strong>;</strong></span> <span class='ocrx_word' id='word_1_112' title='bbox 380 1611 520 1683; x_wconf 83' lang='lat' dir='ltr'>quia</span> <span class='ocrx_word' id='word_1_113' title='bbox 543 1610 810 1667; x_wconf 83' lang='lat' dir='ltr'>videlicet</span> <span class='ocrx_word' id='word_1_114' title='bbox 831 1628 965 1667; x_wconf 90' lang='lat' dir='ltr'>cum</span> <span class='ocrx_word' id='word_1_115' title='bbox 986 1612 1081 1668; x_wconf 88' lang='lat' dir='ltr'>his</span> <span class='ocrx_word' id='word_1_116' title='bbox 1095 1613 1327 1668; x_wconf 84' lang='lat' dir='ltr'>duobus</span> <span class='ocrx_word' id='word_1_117' title='bbox 1342 1613 1498 1669; x_wconf 87' lang='lat' dir='ltr'>vitiis</span> <span class='ocrx_word' id='word_1_118' title='bbox 1518 1613 1791 1671; x_wconf 82' lang='lat' dir='ltr'>diabolus</span> 
     </span>
    </p>
   </div>
   <div class='ocr_carea' id='block_1_17' title="bbox 130 1700 1787 1773">
    <p class='ocr_par' dir='ltr' id='par_1_17' title="bbox 130 1700 1787 1773">
     <span class='ocr_line' id='line_1_17' title="bbox 130 1700 1787 1773; baseline 0.001 -17"><span class='ocrx_word' id='word_1_119' title='bbox 130 1700 479 1757; x_wconf 86' lang='lat' dir='ltr'>universum</span> <span class='ocrx_word' id='word_1_120' title='bbox 496 1715 682 1773; x_wconf 89' lang='lat' dir='ltr'>genus</span> <span class='ocrx_word' id='word_1_121' title='bbox 705 1700 1501 1773; x_wconf 85' lang='lat' dir='ltr'>pereuntium,maxime,imo</span> <span class='ocrx_word' id='word_1_122' title='bbox 1523 1703 1787 1759; x_wconf 89' lang='lat' dir='ltr'>omnimo</span> 
     </span>
    </p>
   </div>
   <div class='ocr_carea' id='block_1_18' title="bbox 129 1787 1782 1864">
    <p class='ocr_par' dir='ltr' id='par_1_18' title="bbox 129 1787 1782 1864">
     <span class='ocr_line' id='line_1_18' title="bbox 129 1787 1782 1864; baseline -0.001 -17"><span class='ocrx_word' id='word_1_123' title='bbox 129 1790 219 1847; x_wconf 88' lang='lat' dir='ltr'>dis</span> <span class='ocrx_word' id='word_1_124' title='bbox 251 1788 615 1862; x_wconf 74' lang='lat' dir='ltr'>supplantat,</span> <span class='ocrx_word' id='word_1_125' title='bbox 648 1787 910 1845; x_wconf 87' lang='lat' dir='ltr'>libidinis</span> <span class='ocrx_word' id='word_1_126' title='bbox 957 1789 1175 1846; x_wconf 82' lang='lat' dir='ltr'>scilicet</span> <span class='ocrx_word' id='word_1_127' title='bbox 1228 1795 1401 1864; x_wconf 90' lang='lat' dir='ltr'>atque</span> <span class='ocrx_word' id='word_1_128' title='bbox 1449 1791 1735 1864; x_wconf 64' lang='lat' dir='ltr'>superbiae</span> <span class='ocrx_word' id='word_1_129' title='bbox 1769 1808 1782 1860; x_wconf 93' lang='lat'><strong>;</strong></span> 
     </span>
    </p>
   </div>
   <div class='ocr_carea' id='block_1_19' title="bbox 126 1878 1841 1953">
    <p class='ocr_par' dir='ltr' id='par_1_19' title="bbox 126 1878 1841 1953">
     <span class='ocr_line' id='line_1_19' title="bbox 126 1878 1841 1953; baseline 0 -18"><span class='ocrx_word' id='word_1_130' title='bbox 126 1884 316 1935; x_wconf 84' lang='lat' dir='ltr'>unum</span> <span class='ocrx_word' id='word_1_131' title='bbox 348 1883 547 1935; x_wconf 86' lang='lat' dir='ltr'>tamen</span> <span class='ocrx_word' id='word_1_132' title='bbox 580 1879 793 1951; x_wconf 88' lang='lat' dir='ltr'>pendet</span> <span class='ocrx_word' id='word_1_133' title='bbox 814 1896 882 1934; x_wconf 86' lang='lat' dir='ltr'>ex</span> <span class='ocrx_word' id='word_1_134' title='bbox 913 1878 1114 1935; x_wconf 88' lang='lat' dir='ltr'>altero.</span> <span class='ocrx_word' id='word_1_135' title='bbox 1160 1879 1325 1936; x_wconf 86' lang='lat' dir='ltr'>Sicut</span> <span class='ocrx_word' id='word_1_136' title='bbox 1355 1881 1511 1935; x_wconf 91' lang='lat' dir='ltr'>enim</span> <span class='ocrx_word' id='word_1_137' title='bbox 1558 1897 1658 1953; x_wconf 87' lang='lat' dir='ltr'>per</span> <span class='ocrx_word' id='word_1_138' title='bbox 1679 1898 1781 1937; x_wconf 87' lang='lat' dir='ltr'>su-</span> <span class='ocrx_word' id='word_1_139' title='bbox 1814 1901 1841 1953; x_wconf 58' lang='grc' dir='ltr'><strong>ί</strong></span> 
     </span>
    </p>
   </div>
   <div class='ocr_carea' id='block_1_20' title="bbox 127 1966 1781 2041">
    <p class='ocr_par' dir='ltr' id='par_1_20' title="bbox 127 1966 1781 2041">
     <span class='ocr_line' id='line_1_20' title="bbox 127 1966 1781 2041; baseline -0.001 -17"><span class='ocrx_word' id='word_1_140' title='bbox 127 1967 394 2041; x_wconf 89' lang='lat' dir='ltr'>perbiam</span> <span class='ocrx_word' id='word_1_141' title='bbox 426 1966 545 2022; x_wconf 87' lang='lat' dir='ltr'>itur</span> <span class='ocrx_word' id='word_1_142' title='bbox 574 1967 632 2021; x_wconf 91' lang='lat' dir='ltr'>in</span> <span class='ocrx_word' id='word_1_143' title='bbox 664 1966 1133 2039; x_wconf 85' lang='lat' dir='ltr'>prostitutionem</span> <span class='ocrx_word' id='word_1_144' title='bbox 1164 1967 1448 2033; x_wconf 87' lang='lat' dir='ltr'>libidinis,</span> <span class='ocrx_word' id='word_1_145' title='bbox 1478 1968 1558 2024; x_wconf 87' lang='lat' dir='ltr'>ita</span> <span class='ocrx_word' id='word_1_146' title='bbox 1580 1986 1611 2023; x_wconf 91' lang='lat' dir='ltr'>a</span> <span class='ocrx_word' id='word_1_147' title='bbox 1651 1968 1781 2023; x_wconf 89' lang='lat' dir='ltr'>libi-</span> 
     </span>
    </p>
   </div>
   <div class='ocr_carea' id='block_1_21' title="bbox 125 2055 1778 2130">
    <p class='ocr_par' dir='ltr' id='par_1_21' title="bbox 125 2055 1778 2130">
     <span class='ocr_line' id='line_1_21' title="bbox 125 2055 1778 2130; baseline 0 -17"><span class='ocrx_word' id='word_1_148' title='bbox 125 2058 263 2114; x_wconf 86' lang='lat' dir='ltr'>dine</span> <span class='ocrx_word' id='word_1_149' title='bbox 295 2056 636 2130; x_wconf 78' lang='lat' dir='ltr'>pervenitur</span> <span class='ocrx_word' id='word_1_150' title='bbox 664 2057 735 2112; x_wconf 84' lang='lat' dir='ltr'>ad</span> <span class='ocrx_word' id='word_1_151' title='bbox 768 2055 1045 2112; x_wconf 83' lang='lat' dir='ltr'>duritiam</span> <span class='ocrx_word' id='word_1_152' title='bbox 1068 2057 1303 2125; x_wconf 88' lang='lat' dir='ltr'>mentis,</span> <span class='ocrx_word' id='word_1_153' title='bbox 1329 2063 1404 2126; x_wconf 88' lang='lat' dir='ltr'>et,</span> <span class='ocrx_word' id='word_1_154' title='bbox 1439 2057 1551 2114; x_wconf 88' lang='lat' dir='ltr'>heu</span> <span class='ocrx_word' id='word_1_155' title='bbox 1585 2057 1778 2113; x_wconf 86' lang='lat' dir='ltr'>dolori</span> 
     </span>
    </p>
   </div>
   <div class='ocr_carea' id='block_1_22' title="bbox 124 2144 1781 2220">
    <p class='ocr_par' dir='ltr' id='par_1_22' title="bbox 124 2144 1781 2220">
     <span class='ocr_line' id='line_1_22' title="bbox 124 2144 1781 2220; baseline -0.001 -16"><span class='ocrx_word' id='word_1_156' title='bbox 124 2162 313 2220; x_wconf 88' lang='lat' dir='ltr'>usque</span> <span class='ocrx_word' id='word_1_157' title='bbox 331 2147 404 2203; x_wconf 90' lang='lat' dir='ltr'>ad</span> <span class='ocrx_word' id='word_1_158' title='bbox 424 2147 823 2217; x_wconf 87' lang='lat' dir='ltr'>contemptum</span> <span class='ocrx_word' id='word_1_159' title='bbox 843 2144 1030 2201; x_wconf 89' lang='lat' dir='ltr'>ruitur</span> <span class='ocrx_word' id='word_1_160' title='bbox 1041 2146 1347 2215; x_wconf 87' lang='lat' dir='ltr'>Creatoris;</span> <span class='ocrx_word' id='word_1_161' title='bbox 1371 2151 1427 2202; x_wconf 90' lang='lat' dir='ltr'>et</span> <span class='ocrx_word' id='word_1_162' title='bbox 1446 2147 1526 2202; x_wconf 90' lang='lat' dir='ltr'>ita</span> <span class='ocrx_word' id='word_1_163' title='bbox 1542 2147 1781 2204; x_wconf 84' lang='lat' dir='ltr'>demum</span> 
     </span>
    </p>
   </div>
   <div class='ocr_carea' id='block_1_23' title="bbox 120 2232 1781 2309">
    <p class='ocr_par' dir='ltr' id='par_1_23' title="bbox 120 2232 1781 2309">
     <span class='ocr_line' id='line_1_23' title="bbox 120 2232 1781 2309; baseline -0.001 -16"><span class='ocrx_word' id='word_1_164' title='bbox 120 2254 238 2305; x_wconf 88' lang='lat' dir='ltr'>cor,</span> <span class='ocrx_word' id='word_1_165' title='bbox 257 2235 421 2309; x_wconf 86' lang='lat' dir='ltr'>quod</span> <span class='ocrx_word' id='word_1_166' title='bbox 443 2234 542 2291; x_wconf 90' lang='lat' dir='ltr'>Dei</span> <span class='ocrx_word' id='word_1_167' title='bbox 564 2233 845 2290; x_wconf 84' lang='lat' dir='ltr'>debuerat</span> <span class='ocrx_word' id='word_1_168' title='bbox 870 2251 973 2307; x_wconf 88' lang='lat' dir='ltr'>per</span> <span class='ocrx_word' id='word_1_169' title='bbox 992 2232 1386 2290; x_wconf 83' lang='lat' dir='ltr'>humilitatem</span> <span class='ocrx_word' id='word_1_170' title='bbox 1413 2239 1587 2307; x_wconf 91' lang='lat' dir='ltr'>atque</span> <span class='ocrx_word' id='word_1_171' title='bbox 1608 2252 1781 2292; x_wconf 90' lang='lat' dir='ltr'>mun-</span> 
     </span>
    </p>
   </div>
   <div class='ocr_carea' id='block_1_24' title="bbox 121 2322 1779 2396">
    <p class='ocr_par' dir='ltr' id='par_1_24' title="bbox 121 2322 1779 2396">
     <span class='ocr_line' id='line_1_24' title="bbox 121 2322 1779 2396; baseline -0.001 -14"><span class='ocrx_word' id='word_1_172' title='bbox 121 2326 333 2382; x_wconf 88' lang='lat' dir='ltr'>ditiam</span> <span class='ocrx_word' id='word_1_173' title='bbox 369 2341 502 2380; x_wconf 90' lang='lat' dir='ltr'>esse</span> <span class='ocrx_word' id='word_1_174' title='bbox 530 2322 839 2395; x_wconf 86' lang='lat' dir='ltr'>templum,</span> <span class='ocrx_word' id='word_1_175' title='bbox 877 2324 941 2378; x_wconf 80' lang='lat' dir='ltr'>ﬁt</span> <span class='ocrx_word' id='word_1_176' title='bbox 970 2322 1393 2379; x_wconf 72' lang='lat' dir='ltr'>daemoniorum</span> <span class='ocrx_word' id='word_1_177' title='bbox 1436 2341 1539 2396; x_wconf 84' lang='lat' dir='ltr'>per</span> <span class='ocrx_word' id='word_1_178' title='bbox 1575 2341 1779 2396; x_wconf 88' lang='lat' dir='ltr'>super-</span> 
     </span>
    </p>
   </div>
   <div class='ocr_carea' id='block_1_25' title="bbox 117 2410 1779 2486">
    <p class='ocr_par' dir='ltr' id='par_1_25' title="bbox 117 2410 1779 2486">
     <span class='ocr_line' id='line_1_25' title="bbox 117 2410 1779 2486; baseline -0.001 -16"><span class='ocrx_word' id='word_1_179' title='bbox 117 2415 278 2470; x_wconf 85' lang='lat' dir='ltr'>biam</span> <span class='ocrx_word' id='word_1_180' title='bbox 311 2419 491 2486; x_wconf 90' lang='lat' dir='ltr'>atque</span> <span class='ocrx_word' id='word_1_181' title='bbox 521 2410 957 2467; x_wconf 83' lang='lat' dir='ltr'>immunditiam</span> <span class='ocrx_word' id='word_1_182' title='bbox 992 2410 1323 2477; x_wconf 89' lang='lat' dir='ltr'>delubrum,</span> <span class='ocrx_word' id='word_1_183' title='bbox 1356 2417 1431 2481; x_wconf 90' lang='lat' dir='ltr'>et,</span> <span class='ocrx_word' id='word_1_184' title='bbox 1466 2416 1531 2468; x_wconf 90' lang='lat' dir='ltr'>ut</span> <span class='ocrx_word' id='word_1_185' title='bbox 1584 2413 1779 2486; x_wconf 85' lang='lat' dir='ltr'>aptius</span> 
     </span>
    </p>
   </div>
   <div class='ocr_carea' id='block_1_26' title="bbox 118 2500 1779 2575">
    <p class='ocr_par' dir='ltr' id='par_1_26' title="bbox 118 2500 1779 2575">
     <span class='ocr_line' id='line_1_26' title="bbox 118 2500 1779 2575; baseline -0.002 -14"><span class='ocrx_word' id='word_1_186' title='bbox 118 2506 338 2568; x_wconf 89' lang='lat' dir='ltr'>dicam,</span> <span class='ocrx_word' id='word_1_187' title='bbox 362 2500 582 2559; x_wconf 89' lang='lat' dir='ltr'>diaboli</span> <span class='ocrx_word' id='word_1_188' title='bbox 608 2504 1075 2557; x_wconf 86' lang='lat' dir='ltr'>monumentum.</span> <span class='ocrx_word' id='word_1_189' title='bbox 1092 2500 1185 2558; x_wconf 91' lang='lat' dir='ltr'>Sic</span> <span class='ocrx_word' id='word_1_190' title='bbox 1206 2501 1542 2574; x_wconf 90' lang='lat' dir='ltr'>enim,quod</span> <span class='ocrx_word' id='word_1_191' title='bbox 1569 2518 1779 2575; x_wconf 88' lang='lat' dir='ltr'>negare</span> 
     </span>
    </p>
   </div>
   <div class='ocr_carea' id='block_1_27' title="bbox 120 2587 1775 2666">
    <p class='ocr_par' dir='ltr' id='par_1_27' title="bbox 120 2587 1775 2666">
     <span class='ocr_line' id='line_1_27' title="bbox 120 2587 1775 2666; baseline -0.001 -17"><span class='ocrx_word' id='word_1_192' title='bbox 120 2611 234 2649; x_wconf 89' lang='lat' dir='ltr'>non</span> <span class='ocrx_word' id='word_1_193' title='bbox 268 2607 618 2666; x_wconf 88' lang='lat' dir='ltr'>possumus,</span> <span class='ocrx_word' id='word_1_194' title='bbox 651 2587 775 2662; x_wconf 89' lang='lat' dir='ltr'>ipse</span> <span class='ocrx_word' id='word_1_195' title='bbox 801 2591 871 2645; x_wconf 90' lang='lat' dir='ltr'>ad</span> <span class='ocrx_word' id='word_1_196' title='bbox 899 2590 1134 2646; x_wconf 89' lang='lat' dir='ltr'>beatum</span> <span class='ocrx_word' id='word_1_197' title='bbox 1161 2590 1270 2646; x_wconf 87' lang='lat' dir='ltr'>Job</span> <span class='ocrx_word' id='word_1_198' title='bbox 1304 2591 1589 2647; x_wconf 88' lang='lat' dir='ltr'>Dominus</span> <span class='ocrx_word' id='word_1_199' title='bbox 1646 2591 1729 2648; x_wconf 89' lang='lat' dir='ltr'>ait</span> <span class='ocrx_word' id='word_1_200' title='bbox 1762 2610 1775 2648; x_wconf 89' lang='lat'><strong>:</strong></span> 
     </span>
    </p>
   </div>
   <div class='ocr_carea' id='block_1_28' title="bbox 119 2679 1776 2739">
    <p class='ocr_par' dir='ltr' id='par_1_28' title="bbox 119 2679 1776 2739">
     <span class='ocr_line' id='line_1_28' title="bbox 119 2679 1776 2739; baseline -0.001 0"><span class='ocrx_word' id='word_1_201' title='bbox 119 2683 228 2739; x_wconf 87' lang='lat' dir='ltr'>Sub</span> <span class='ocrx_word' id='word_1_202' title='bbox 258 2683 464 2738; x_wconf 83' lang='lat' dir='ltr'>umbra</span> <span class='ocrx_word' id='word_1_203' title='bbox 493 2679 695 2736; x_wconf 78' lang='lat' dir='ltr'>dormit</span> <span class='ocrx_word' id='word_1_204' title='bbox 724 2680 784 2734; x_wconf 87' lang='lat' dir='ltr'>in</span> <span class='ocrx_word' id='word_1_205' title='bbox 805 2687 1002 2736; x_wconf 85' lang='lat' dir='ltr'>secreto</span> <span class='ocrx_word' id='word_1_206' title='bbox 1029 2680 1233 2735; x_wconf 79' lang='lat' dir='ltr'>calami</span> <span class='ocrx_word' id='word_1_207' title='bbox 1256 2687 1308 2736; x_wconf 91' lang='lat' dir='ltr'>et</span> <span class='ocrx_word' id='word_1_208' title='bbox 1336 2680 1466 2736; x_wconf 84' lang='lat' dir='ltr'>locis</span> <span class='ocrx_word' id='word_1_209' title='bbox 1504 2679 1776 2737; x_wconf 81' lang='lat' dir='ltr'>humenti-</span> 
     </span>
    </p>
   </div>
   <div class='ocr_carea' id='block_1_29' title="bbox 122 2767 1776 2841">
    <p class='ocr_par' dir='ltr' id='par_1_29' title="bbox 122 2767 1776 2841">
     <span class='ocr_line' id='line_1_29' title="bbox 122 2767 1776 2841; baseline -0.002 -12"><span class='ocrx_word' id='word_1_210' title='bbox 122 2776 220 2829; x_wconf 80' lang='lat' dir='ltr'>bus</span> <span class='ocrx_word' id='word_1_211' title='bbox 248 2772 384 2840; x_wconf 84' lang='lat' dir='ltr'>(Job</span> <span class='ocrx_word' id='word_1_212' title='bbox 435 2787 527 2836; x_wconf 81' lang='lat' dir='ltr'>XL,</span> <span class='ocrx_word' id='word_1_213' title='bbox 591 2769 700 2840; x_wconf 83' lang='lat'>16).</span> <span class='ocrx_word' id='word_1_214' title='bbox 753 2768 897 2824; x_wconf 86' lang='lat' dir='ltr'>Cave</span> <span class='ocrx_word' id='word_1_215' title='bbox 956 2767 1138 2841; x_wconf 84' lang='lat' dir='ltr'>igitur</span> <span class='ocrx_word' id='word_1_216' title='bbox 1194 2768 1528 2841; x_wconf 85' lang='lat' dir='ltr'>quicunque</span> <span class='ocrx_word' id='word_1_217' title='bbox 1588 2769 1776 2825; x_wconf 91' lang='lat' dir='ltr'>adhuc</span> 
     </span>
    </p>
   </div>
   <div class='ocr_carea' id='block_1_30' title="bbox 120 2857 1776 2931">
    <p class='ocr_par' dir='ltr' id='par_1_30' title="bbox 120 2857 1776 2931">
     <span class='ocr_line' id='line_1_30' title="bbox 120 2857 1776 2931; baseline -0.002 -13"><span class='ocrx_word' id='word_1_218' title='bbox 120 2867 282 2919; x_wconf 89' lang='lat' dir='ltr'>tanta</span> <span class='ocrx_word' id='word_1_219' title='bbox 310 2858 603 2917; x_wconf 84' lang='lat' dir='ltr'>castitatis</span> <span class='ocrx_word' id='word_1_220' title='bbox 635 2857 814 2913; x_wconf 79' lang='lat' dir='ltr'>fueris</span> <span class='ocrx_word' id='word_1_221' title='bbox 846 2857 1240 2931; x_wconf 68' lang='lat' dir='ltr'>praerogativa,</span> <span class='ocrx_word' id='word_1_222' title='bbox 1294 2874 1365 2914; x_wconf 89' lang='lat' dir='ltr'>ne</span> <span class='ocrx_word' id='word_1_223' title='bbox 1413 2857 1530 2913; x_wconf 91' lang='lat' dir='ltr'>tuis</span> <span class='ocrx_word' id='word_1_224' title='bbox 1552 2858 1776 2915; x_wconf 81' lang='lat' dir='ltr'>meritis</span> 
     </span>
    </p>
   </div>
   <div class='ocr_carea' id='block_1_31' title="bbox 115 2946 1773 3018">
    <p class='ocr_par' dir='ltr' id='par_1_31' title="bbox 115 2946 1773 3018">
     <span class='ocr_line' id='line_1_31' title="bbox 115 2946 1773 3018; baseline -0.004 -9"><span class='ocrx_word' id='word_1_225' title='bbox 115 2969 245 3009; x_wconf 87' lang='lat' dir='ltr'>eam</span> <span class='ocrx_word' id='word_1_226' title='bbox 278 2948 616 3016; x_wconf 86' lang='lat' dir='ltr'>tribuendo,</span> <span class='ocrx_word' id='word_1_227' title='bbox 649 2948 788 3003; x_wconf 90' lang='lat' dir='ltr'>dum</span> <span class='ocrx_word' id='word_1_228' title='bbox 820 2946 1080 3004; x_wconf 81' lang='lat' dir='ltr'>declines</span> <span class='ocrx_word' id='word_1_229' title='bbox 1102 2947 1428 3018; x_wconf 88' lang='lat' dir='ltr'>libidinem,</span> <span class='ocrx_word' id='word_1_230' title='bbox 1451 2947 1677 3005; x_wconf 91' lang='lat' dir='ltr'>incidas</span> <span class='ocrx_word' id='word_1_231' title='bbox 1714 2948 1773 3004; x_wconf 91' lang='lat' dir='ltr'>in</span> 
     </span>
    </p>
   </div>
   <div class='ocr_carea' id='block_1_32' title="bbox 112 3035 1776 3108">
    <p class='ocr_par' dir='ltr' id='par_1_32' title="bbox 112 3035 1776 3108">
     <span class='ocr_line' id='line_1_32' title="bbox 112 3035 1776 3108; baseline -0.001 -13"><span class='ocrx_word' id='word_1_232' title='bbox 112 3036 430 3095; x_wconf 87' lang='lat' dir='ltr'>elationem</span> <span class='ocrx_word' id='word_1_233' title='bbox 451 3056 475 3102; x_wconf 87' lang='grc'><strong><em>;</em></strong></span> <span class='ocrx_word' id='word_1_234' title='bbox 504 3041 562 3092; x_wconf 90' lang='lat' dir='ltr'>et</span> <span class='ocrx_word' id='word_1_235' title='bbox 589 3035 730 3091; x_wconf 90' lang='lat' dir='ltr'>dum</span> <span class='ocrx_word' id='word_1_236' title='bbox 760 3051 928 3091; x_wconf 88' lang='lat' dir='ltr'>caves</span> <span class='ocrx_word' id='word_1_237' title='bbox 959 3035 1294 3102; x_wconf 87' lang='lat' dir='ltr'>elationem,</span> <span class='ocrx_word' id='word_1_238' title='bbox 1320 3036 1495 3092; x_wconf 89' lang='lat' dir='ltr'>cadas</span> <span class='ocrx_word' id='word_1_239' title='bbox 1520 3037 1776 3108; x_wconf 85' lang='lat' dir='ltr'>segniter</span> 
     </span>
    </p>
   </div>
   <div class='ocr_carea' id='block_1_33' title="bbox 114 3121 1770 3199">
    <p class='ocr_par' dir='ltr' id='par_1_33' title="bbox 114 3121 1770 3199">
     <span class='ocr_line' id='line_1_33' title="bbox 114 3121 1770 3199; baseline -0.002 -15"><span class='ocrx_word' id='word_1_240' title='bbox 114 3131 173 3185; x_wconf 85' lang='lat' dir='ltr'>in</span> <span class='ocrx_word' id='word_1_241' title='bbox 203 3127 516 3184; x_wconf 85' lang='lat' dir='ltr'>libidinem</span> <span class='ocrx_word' id='word_1_242' title='bbox 550 3142 566 3181; x_wconf 90' lang='lat'><strong>:</strong></span> <span class='ocrx_word' id='word_1_243' title='bbox 599 3121 755 3197; x_wconf 87' lang='lat' dir='ltr'>quod</span> <span class='ocrx_word' id='word_1_244' title='bbox 785 3129 849 3179; x_wconf 90' lang='lat' dir='ltr'>ut</span> <span class='ocrx_word' id='word_1_245' title='bbox 879 3140 1049 3198; x_wconf 80' lang='lat' dir='ltr'>agere</span> <span class='ocrx_word' id='word_1_246' title='bbox 1074 3124 1288 3197; x_wconf 88' lang='lat' dir='ltr'>valeas,</span> <span class='ocrx_word' id='word_1_247' title='bbox 1340 3126 1612 3181; x_wconf 89' lang='lat' dir='ltr'>timorem</span> <span class='ocrx_word' id='word_1_248' title='bbox 1672 3141 1770 3199; x_wconf 88' lang='lat' dir='ltr'>ge-</span> 
     </span>
    </p>
   </div>
   <div class='ocr_carea' id='block_1_34' title="bbox 1914 639 3565 718">
    <p class='ocr_par' dir='ltr' id='par_1_34' title="bbox 1914 639 3565 718">
     <span class='ocr_line' id='line_1_34' title="bbox 1914 639 3565 718; baseline 0.002 -23"><span class='ocrx_word' id='word_1_249' title='bbox 1914 639 2198 696; x_wconf 90' lang='lat' dir='ltr'>Dominus</span> <span class='ocrx_word' id='word_1_250' title='bbox 2219 641 2246 696; x_wconf 87' lang='lat'><strong>?</strong></span> <span class='ocrx_word' id='word_1_251' title='bbox 2275 642 2343 696; x_wconf 89' lang='lat' dir='ltr'>Et</span> <span class='ocrx_word' id='word_1_252' title='bbox 2375 659 2526 714; x_wconf 66' lang='lat' dir='ltr'>saepe</span> <span class='ocrx_word' id='word_1_253' title='bbox 2558 641 2861 717; x_wconf 80' lang='lat' dir='ltr'>centingit,</span> <span class='ocrx_word' id='word_1_254' title='bbox 2896 648 2960 701; x_wconf 90' lang='lat' dir='ltr'>ut</span> <span class='ocrx_word' id='word_1_255' title='bbox 2991 645 3240 718; x_wconf 85' lang='lat' dir='ltr'>paupere</span> <span class='ocrx_word' id='word_1_256' title='bbox 3263 646 3426 715; x_wconf 85' lang='lat' dir='ltr'>patre</span> <span class='ocrx_word' id='word_1_257' title='bbox 3450 642 3565 699; x_wconf 64' lang='lat' dir='ltr'>eXil-</span> 
     </span>
    </p>
   </div>
   <div class='ocr_carea' id='block_1_35' title="bbox 1910 730 3561 807">
    <p class='ocr_par' dir='ltr' id='par_1_35' title="bbox 1910 730 3561 807">
     <span class='ocr_line' id='line_1_35' title="bbox 1910 730 3561 807; baseline 0.002 -23"><span class='ocrx_word' id='word_1_258' title='bbox 1910 730 2118 795; x_wconf 82' lang='lat' dir='ltr'>stente,</span> <span class='ocrx_word' id='word_1_259' title='bbox 2151 730 2311 787; x_wconf 85' lang='lat' dir='ltr'>dives</span> <span class='ocrx_word' id='word_1_260' title='bbox 2341 730 2419 786; x_wconf 87' lang='lat' dir='ltr'>sit</span> <span class='ocrx_word' id='word_1_261' title='bbox 2449 730 2620 787; x_wconf 84' lang='lat' dir='ltr'>filius.</span> <span class='ocrx_word' id='word_1_262' title='bbox 2659 732 2808 799; x_wconf 90' lang='lat' dir='ltr'>Quid</span> <span class='ocrx_word' id='word_1_263' title='bbox 2840 749 2979 807; x_wconf 86' lang='lat' dir='ltr'>rogo</span> <span class='ocrx_word' id='word_1_264' title='bbox 3010 734 3079 788; x_wconf 82' lang='lat' dir='ltr'>in-</span> <span class='ocrx_word' id='word_1_265' title='bbox 3102 730 3297 790; x_wconf 87' lang='lat' dir='ltr'>rerum</span> <span class='ocrx_word' id='word_1_266' title='bbox 3347 733 3561 788; x_wconf 80' lang='lat' dir='ltr'>natura</span> 
     </span>
    </p>
   </div>
   <div class='ocr_carea' id='block_1_36' title="bbox 1907 814 3559 895">
    <p class='ocr_par' dir='ltr' id='par_1_36' title="bbox 1907 814 3559 895">
     <span class='ocr_line' id='line_1_36' title="bbox 1907 814 3559 895; baseline 0.003 -22"><span class='ocrx_word' id='word_1_267' title='bbox 1907 814 2166 873; x_wconf 74' lang='lat' dir='ltr'>fmdius?</span> <span class='ocrx_word' id='word_1_268' title='bbox 2196 819 2266 874; x_wconf 89' lang='lat' dir='ltr'>Et</span> <span class='ocrx_word' id='word_1_269' title='bbox 2295 836 2427 875; x_wconf 90' lang='lat' dir='ltr'>cum</span> <span class='ocrx_word' id='word_1_270' title='bbox 2460 819 2559 876; x_wconf 84' lang='lat' dir='ltr'>alii</span> <span class='ocrx_word' id='word_1_271' title='bbox 2591 822 2663 878; x_wconf 91' lang='lat' dir='ltr'>de</span> <span class='ocrx_word' id='word_1_272' title='bbox 2712 821 2869 878; x_wconf 86' lang='lat' dir='ltr'>fastu</span> <span class='ocrx_word' id='word_1_273' title='bbox 2927 827 3181 895; x_wconf 79' lang='lat' dir='ltr'>paternae</span> <span class='ocrx_word' id='word_1_274' title='bbox 3232 819 3559 878; x_wconf 82' lang='lat' dir='ltr'>nobilitatis</span> 
     </span>
    </p>
   </div>
   <div class='ocr_carea' id='block_1_37' title="bbox 1906 905 3558 985">
    <p class='ocr_par' dir='ltr' id='par_1_37' title="bbox 1906 905 3558 985">
     <span class='ocr_line' id='line_1_37' title="bbox 1906 905 3558 985; baseline 0.002 -24"><span class='ocrx_word' id='word_1_275' title='bbox 1906 905 2133 962; x_wconf 89' lang='lat' dir='ltr'>soleant</span> <span class='ocrx_word' id='word_1_276' title='bbox 2161 908 2481 980; x_wconf 86' lang='lat' dir='ltr'>superbire,</span> <span class='ocrx_word' id='word_1_277' title='bbox 2518 915 2580 965; x_wconf 89' lang='lat' dir='ltr'>tu</span> <span class='ocrx_word' id='word_1_278' title='bbox 2612 910 2683 966; x_wconf 89' lang='lat' dir='ltr'>ad</span> <span class='ocrx_word' id='word_1_279' title='bbox 2715 911 3100 985; x_wconf 88' lang='lat' dir='ltr'>ignominiam</span> <span class='ocrx_word' id='word_1_280' title='bbox 3121 910 3206 967; x_wconf 91' lang='lat' dir='ltr'>tui</span> <span class='ocrx_word' id='word_1_281' title='bbox 3236 909 3558 984; x_wconf 80' lang='lat' dir='ltr'>ipsiu‘s,pa—</span> 
     </span>
    </p>
   </div>
   <div class='ocr_carea' id='block_1_38' title="bbox 1904 998 3558 1073">
    <p class='ocr_par' dir='ltr' id='par_1_38' title="bbox 1904 998 3558 1073">
     <span class='ocr_line' id='line_1_38' title="bbox 1904 998 3558 1073; baseline 0.003 -22"><span class='ocrx_word' id='word_1_282' title='bbox 1904 999 2053 1052; x_wconf 84' lang='lat' dir='ltr'>trem</span> <span class='ocrx_word' id='word_1_283' title='bbox 2087 1001 2225 1051; x_wconf 91' lang='lat' dir='ltr'>nota</span> <span class='ocrx_word' id='word_1_284' title='bbox 2252 999 2614 1070; x_wconf 85' lang='lat' dir='ltr'>paupertatis</span> <span class='ocrx_word' id='word_1_285' title='bbox 2636 998 2934 1067; x_wconf 76' lang='lat' dir='ltr'>aduStum,</span> <span class='ocrx_word' id='word_1_286' title='bbox 2954 1017 3056 1073; x_wconf 89' lang='lat' dir='ltr'>per</span> <span class='ocrx_word' id='word_1_287' title='bbox 3074 1000 3295 1073; x_wconf 88' lang='lat' dir='ltr'>plateas</span> <span class='ocrx_word' id='word_1_288' title='bbox 3308 998 3558 1056; x_wconf 77' lang='lat' dir='ltr'>dimittis</span> 
     </span>
    </p>
   </div>
   <div class='ocr_carea' id='block_1_39' title="bbox 1906 1083 3553 1157">
    <p class='ocr_par' dir='ltr' id='par_1_39' title="bbox 1906 1083 3553 1157">
     <span class='ocr_line' id='line_1_39' title="bbox 1906 1083 3553 1157; baseline 0.002 -17"><span class='ocrx_word' id='word_1_289' title='bbox 1906 1083 2292 1141; x_wconf 81' lang='lat' dir='ltr'>mendicando</span> <span class='ocrx_word' id='word_1_290' title='bbox 2303 1085 2317 1138; x_wconf 93' lang='lat' dir='ltr'>i</span> <span class='ocrx_word' id='word_1_291' title='bbox 2326 1087 2739 1157; x_wconf 85' lang='lat' dir='ltr'>ncedere.Quid</span> <span class='ocrx_word' id='word_1_292' title='bbox 2752 1088 2908 1144; x_wconf 88' lang='lat' dir='ltr'>enim</span> <span class='ocrx_word' id='word_1_293' title='bbox 2923 1087 3553 1154; x_wconf 85' lang='lat' dir='ltr'>mendicansclamitat,</span> 
     </span>
    </p>
   </div>
   <div class='ocr_carea' id='block_1_40' title="bbox 1902 1171 3555 1249">
    <p class='ocr_par' dir='ltr' id='par_1_40' title="bbox 1902 1171 3555 1249">
     <span class='ocr_line' id='line_1_40' title="bbox 1902 1171 3555 1249; baseline 0.002 -22"><span class='ocrx_word' id='word_1_294' title='bbox 1902 1171 2017 1227; x_wconf 88' lang='lat' dir='ltr'>nisi</span> <span class='ocrx_word' id='word_1_295' title='bbox 2048 1176 2104 1228; x_wconf 88' lang='lat' dir='ltr'>te</span> <span class='ocrx_word' id='word_1_296' title='bbox 2135 1173 2440 1240; x_wconf 89' lang='lat' dir='ltr'>novitium,</span> <span class='ocrx_word' id='word_1_297' title='bbox 2464 1179 2530 1243; x_wconf 81' lang='lat' dir='ltr'>te</span> <span class='ocrx_word' id='word_1_298' title='bbox 2561 1176 2954 1248; x_wconf 83' lang='lat' dir='ltr'>assumptum,</span> <span class='ocrx_word' id='word_1_299' title='bbox 2989 1180 3044 1234; x_wconf 85' lang='lat' dir='ltr'>te</span> <span class='ocrx_word' id='word_1_300' title='bbox 3073 1174 3239 1245; x_wconf 91' lang='lat' dir='ltr'>illud,</span> <span class='ocrx_word' id='word_1_301' title='bbox 3262 1175 3418 1249; x_wconf 90' lang='lat' dir='ltr'>quod</span> <span class='ocrx_word' id='word_1_302' title='bbox 3450 1186 3555 1231; x_wconf 88' lang='lat' dir='ltr'>nu-</span> 
     </span>
    </p>
   </div>
   <div class='ocr_carea' id='block_1_41' title="bbox 1902 1261 3552 1338">
    <p class='ocr_par' dir='ltr' id='par_1_41' title="bbox 1902 1261 3552 1338">
     <span class='ocr_line' id='line_1_41' title="bbox 1902 1261 3552 1338; baseline 0.003 -23"><span class='ocrx_word' id='word_1_303' title='bbox 1902 1277 2005 1333; x_wconf 91' lang='lat' dir='ltr'>per</span> <span class='ocrx_word' id='word_1_304' title='bbox 2032 1262 2105 1317; x_wconf 88' lang='lat' dir='ltr'>ab</span> <span class='ocrx_word' id='word_1_305' title='bbox 2136 1261 2227 1317; x_wconf 89' lang='lat' dir='ltr'>his</span> <span class='ocrx_word' id='word_1_306' title='bbox 2256 1262 2559 1321; x_wconf 88' lang='lat' dir='ltr'>inventum</span> <span class='ocrx_word' id='word_1_307' title='bbox 2590 1270 2698 1320; x_wconf 89' lang='lat' dir='ltr'>est.</span> <span class='ocrx_word' id='word_1_308' title='bbox 2734 1265 2834 1337; x_wconf 87' lang='lat' dir='ltr'>qui</span> <span class='ocrx_word' id='word_1_309' title='bbox 2866 1264 2928 1321; x_wconf 84' lang='lat' dir='ltr'>se</span> <span class='ocrx_word' id='word_1_310' title='bbox 2956 1263 3224 1321; x_wconf 84' lang='lat' dir='ltr'>homines</span> <span class='ocrx_word' id='word_1_311' title='bbox 3256 1265 3441 1321; x_wconf 83' lang='lat' dir='ltr'>facere</span> <span class='ocrx_word' id='word_1_312' title='bbox 3458 1265 3552 1338; x_wconf 88' lang='lat' dir='ltr'>ja-</span> 
     </span>
    </p>
   </div>
   <div class='ocr_carea' id='block_1_42' title="bbox 1902 1350 3549 1423">
    <p class='ocr_par' dir='ltr' id='par_1_42' title="bbox 1902 1350 3549 1423">
     <span class='ocr_line' id='line_1_42' title="bbox 1902 1350 3549 1423; baseline 0.004 -20"><span class='ocrx_word' id='word_1_313' title='bbox 1902 1353 2084 1417; x_wconf 89' lang='lat' dir='ltr'>ctant,</span> <span class='ocrx_word' id='word_1_314' title='bbox 2116 1350 2174 1405; x_wconf 90' lang='lat' dir='ltr'>id</span> <span class='ocrx_word' id='word_1_315' title='bbox 2206 1354 2295 1407; x_wconf 91' lang='lat' dir='ltr'>est</span> <span class='ocrx_word' id='word_1_316' title='bbox 2323 1352 2612 1407; x_wconf 89' lang='lat' dir='ltr'>factitium</span> <span class='ocrx_word' id='word_1_317' title='bbox 2645 1355 2779 1423; x_wconf 87' lang='lat'>(95),</span> <span class='ocrx_word' id='word_1_318' title='bbox 2812 1356 2868 1409; x_wconf 88' lang='lat' dir='ltr'>te</span> <span class='ocrx_word' id='word_1_319' title='bbox 2898 1352 3297 1419; x_wconf 83' lang='lat' dir='ltr'>allevatitium,</span> <span class='ocrx_word' id='word_1_320' title='bbox 3328 1357 3384 1409; x_wconf 84' lang='lat' dir='ltr'>te</span> <span class='ocrx_word' id='word_1_321' title='bbox 3444 1358 3549 1409; x_wconf 83' lang='lat' dir='ltr'>no-</span> 
     </span>
    </p>
   </div>
   <div class='ocr_carea' id='block_1_43' title="bbox 1899 1437 3547 1521">
    <p class='ocr_par' dir='ltr' id='par_1_43' title="bbox 1899 1437 3547 1521">
     <span class='ocr_line' id='line_1_43' title="bbox 1899 1437 3547 1521; baseline 0.002 -28"><span class='ocrx_word' id='word_1_322' title='bbox 1899 1437 2088 1507; x_wconf 88' lang='lat' dir='ltr'>thum,</span> <span class='ocrx_word' id='word_1_323' title='bbox 2113 1439 2499 1513; x_wconf 86' lang='lat' dir='ltr'>spuriumque</span> <span class='ocrx_word' id='word_1_324' title='bbox 2529 1442 2892 1498; x_wconf 86' lang='lat' dir='ltr'>demonstrat</span> <span class='ocrx_word' id='word_1_325' title='bbox 2912 1441 3053 1497; x_wconf 83' lang='lat' dir='ltr'>?Cui</span> <span class='ocrx_word' id='word_1_326' title='bbox 3084 1441 3130 1497; x_wconf 72' lang='lat' dir='ltr'>ei</span> <span class='ocrx_word' id='word_1_327' title='bbox 3161 1441 3445 1514; x_wconf 85' lang='lat' dir='ltr'>aliquisid</span> <span class='ocrx_word' id='word_1_328' title='bbox 3459 1441 3547 1521; x_wconf 82' lang='lat' dir='ltr'>vel</span> 
     </span>
    </p>
   </div>
   <div class='ocr_carea' id='block_1_44' title="bbox 1901 1526 3548 1602">
    <p class='ocr_par' dir='ltr' id='par_1_44' title="bbox 1901 1526 3548 1602">
     <span class='ocr_line' id='line_1_44' title="bbox 1901 1526 3548 1602; baseline 0.004 -21"><span class='ocrx_word' id='word_1_329' title='bbox 1901 1526 2193 1584; x_wconf 88' lang='lat' dir='ltr'>mentiens</span> <span class='ocrx_word' id='word_1_330' title='bbox 2222 1529 2661 1602; x_wconf 88' lang='lat' dir='ltr'>improperaret,</span> <span class='ocrx_word' id='word_1_331' title='bbox 2693 1548 2888 1587; x_wconf 89' lang='lat' dir='ltr'>nonne</span> <span class='ocrx_word' id='word_1_332' title='bbox 2913 1547 3094 1587; x_wconf 88' lang='lat' dir='ltr'>causa</span> <span class='ocrx_word' id='word_1_333' title='bbox 3136 1529 3548 1587; x_wconf 82' lang='lat' dir='ltr'>commotionis</span> 
     </span>
    </p>
   </div>
   <div class='ocr_carea' id='block_1_45' title="bbox 1897 1614 3547 1692">
    <p class='ocr_par' dir='ltr' id='par_1_45' title="bbox 1897 1614 3547 1692">
     <span class='ocr_line' id='line_1_45' title="bbox 1897 1614 3547 1692; baseline 0.004 -23"><span class='ocrx_word' id='word_1_334' title='bbox 1897 1615 2018 1671; x_wconf 73' lang='lat' dir='ltr'>haec</span> <span class='ocrx_word' id='word_1_335' title='bbox 2049 1633 2263 1689; x_wconf 88' lang='lat' dir='ltr'>magna</span> <span class='ocrx_word' id='word_1_336' title='bbox 2291 1635 2418 1674; x_wconf 87' lang='lat' dir='ltr'>esse</span> <span class='ocrx_word' id='word_1_337' title='bbox 2433 1619 2717 1691; x_wconf 90' lang='lat' dir='ltr'>potuisset</span> <span class='ocrx_word' id='word_1_338' title='bbox 2735 1623 2756 1676; x_wconf 75' lang='grc' dir='ltr'>Ρ</span> <span class='ocrx_word' id='word_1_339' title='bbox 2772 1618 2836 1675; x_wconf 89' lang='lat' dir='ltr'>Et</span> <span class='ocrx_word' id='word_1_340' title='bbox 2861 1618 2985 1675; x_wconf 68' lang='lat' dir='ltr'>haec</span> <span class='ocrx_word' id='word_1_341' title='bbox 2998 1616 3235 1692; x_wconf 85' lang='lat' dir='ltr'>quidem</span> <span class='ocrx_word' id='word_1_342' title='bbox 3255 1614 3547 1692; x_wconf 70' lang='lat' dir='ltr'>quantum</span> 
     </span>
    </p>
   </div>
   <div class='ocr_carea' id='block_1_46' title="bbox 1897 1700 3547 1781">
    <p class='ocr_par' dir='ltr' id='par_1_46' title="bbox 1897 1700 3547 1781">
     <span class='ocr_line' id='line_1_46' title="bbox 1897 1700 3547 1781; baseline 0.003 -22"><span class='ocrx_word' id='word_1_343' title='bbox 1897 1705 1967 1759; x_wconf 88' lang='lat' dir='ltr'>ad</span> <span class='ocrx_word' id='word_1_344' title='bbox 2003 1705 2303 1761; x_wconf 79' lang='lat' dir='ltr'>saeculum.</span> <span class='ocrx_word' id='word_1_345' title='bbox 2338 1707 2673 1763; x_wconf 88' lang='lat' dir='ltr'>Secundum</span> <span class='ocrx_word' id='word_1_346' title='bbox 2704 1706 2836 1764; x_wconf 88' lang='lat' dir='ltr'>vero</span> <span class='ocrx_word' id='word_1_347' title='bbox 2899 1710 3100 1777; x_wconf 86' lang='lat' dir='ltr'>Deum,</span> <span class='ocrx_word' id='word_1_348' title='bbox 3150 1712 3286 1764; x_wconf 83' lang='lat' dir='ltr'>cum</span> <span class='ocrx_word' id='word_1_349' title='bbox 3333 1708 3458 1781; x_wconf 76' lang='lat' dir='ltr'>ipse</span> <span class='ocrx_word' id='word_1_350' title='bbox 3485 1700 3547 1767; x_wconf 69' lang='lat' dir='ltr'>iit</span> 
     </span>
    </p>
   </div>
   <div class='ocr_carea' id='block_1_47' title="bbox 1898 1788 3550 1870">
    <p class='ocr_par' dir='ltr' id='par_1_47' title="bbox 1898 1788 3550 1870">
     <span class='ocr_line' id='line_1_47' title="bbox 1898 1788 3550 1870; baseline 0.004 -23"><span class='ocrx_word' id='word_1_351' title='bbox 1898 1791 2124 1850; x_wconf 89' lang='lat' dir='ltr'>Psalmo</span> <span class='ocrx_word' id='word_1_352' title='bbox 2157 1795 2347 1851; x_wconf 90' lang='lat' dir='ltr'>dicat:</span> <span class='ocrx_word' id='word_1_353' title='bbox 2382 1797 2577 1852; x_wconf 86' lang='lat' dir='ltr'>Beatus</span> <span class='ocrx_word' id='word_1_354' title='bbox 2606 1797 2704 1870; x_wconf 85' lang='lat' dir='ltr'>qui</span> <span class='ocrx_word' id='word_1_355' title='bbox 2735 1797 2998 1867; x_wconf 82' lang='lat' dir='ltr'>intelligit</span> <span class='ocrx_word' id='word_1_356' title='bbox 3024 1792 3188 1870; x_wconf 68' lang='lat' dir='ltr'>super</span> <span class='ocrx_word' id='word_1_357' title='bbox 3213 1798 3443 1869; x_wconf 74' lang='lat' dir='ltr'>egenum</span> <span class='ocrx_word' id='word_1_358' title='bbox 3497 1788 3550 1853; x_wconf 71' lang='lat' dir='ltr'>et</span> 
     </span>
    </p>
   </div>
   <div class='ocr_carea' id='block_1_48' title="bbox 1892 1880 3547 1959">
    <p class='ocr_par' dir='ltr' id='par_1_48' title="bbox 1892 1880 3547 1959">
     <span class='ocr_line' id='line_1_48' title="bbox 1892 1880 3547 1959; baseline -0.008 -4"><span class='ocrx_word' id='word_1_359' title='bbox 1892 1886 2186 1954; x_wconf 72' lang='grc' dir='ltr'>Ραιιρθνθηι</span> <span class='ocrx_word' id='word_1_360' title='bbox 2215 1884 2385 1956; x_wconf 79' lang='lat' dir='ltr'>(Psal.</span> <span class='ocrx_word' id='word_1_361' title='bbox 2420 1902 2490 1940; x_wconf 72' lang='grc' dir='ltr'><strong>ιιι.</strong></span> <span class='ocrx_word' id='word_1_362' title='bbox 2512 1889 2547 1940; x_wconf 83' lang='grc'><strong>2</strong></span> <span class='ocrx_word' id='word_1_363' title='bbox 2579 1904 2591 1953; x_wconf 91' lang='grc'><strong>;</strong></span> <span class='ocrx_word' id='word_1_364' title='bbox 2626 1902 2804 1958; x_wconf 86' lang='lat' dir='ltr'>super</span> <span class='ocrx_word' id='word_1_365' title='bbox 2823 1903 2997 1959; x_wconf 89' lang='lat' dir='ltr'>quem</span> <span class='ocrx_word' id='word_1_366' title='bbox 3030 1890 3115 1954; x_wconf 92' lang='lat' dir='ltr'>tu,</span> <span class='ocrx_word' id='word_1_367' title='bbox 3173 1886 3334 1958; x_wconf 76' lang='lat' dir='ltr'>rogo,</span> <span class='ocrx_word' id='word_1_368' title='bbox 3375 1880 3547 1942; x_wconf 58' lang='lat' dir='ltr'>inter:</span> 
     </span>
    </p>
   </div>
   <div class='ocr_carea' id='block_1_49' title="bbox 1892 1969 3542 2049">
    <p class='ocr_par' dir='ltr' id='par_1_49' title="bbox 1892 1969 3542 2049">
     <span class='ocr_line' id='line_1_49' title="bbox 1892 1969 3542 2049; baseline 0.004 -25"><span class='ocrx_word' id='word_1_369' title='bbox 1892 1969 2060 2042; x_wconf 89' lang='lat' dir='ltr'>liges,</span> <span class='ocrx_word' id='word_1_370' title='bbox 2092 1971 2193 2044; x_wconf 89' lang='lat' dir='ltr'>qui</span> <span class='ocrx_word' id='word_1_371' title='bbox 2227 1989 2331 2028; x_wconf 90' lang='lat' dir='ltr'>nec</span> <span class='ocrx_word' id='word_1_372' title='bbox 2365 1973 2559 2046; x_wconf 88' lang='lat' dir='ltr'>ipsum</span> <span class='ocrx_word' id='word_1_373' title='bbox 2588 1974 2924 2030; x_wconf 90' lang='lat' dir='ltr'>mendicum</span> <span class='ocrx_word' id='word_1_374' title='bbox 2955 1974 3287 2031; x_wconf 88' lang='lat' dir='ltr'>miserando</span> <span class='ocrx_word' id='word_1_375' title='bbox 3317 1972 3542 2049; x_wconf 81' lang='lat' dir='ltr'>patrem</span> 
     </span>
    </p>
   </div>
   <div class='ocr_carea' id='block_1_50' title="bbox 1891 2060 3538 2138">
    <p class='ocr_par' dir='ltr' id='par_1_50' title="bbox 1891 2060 3538 2138">
     <span class='ocr_line' id='line_1_50' title="bbox 1891 2060 3538 2138; baseline 0.003 -24"><span class='ocrx_word' id='word_1_376' title='bbox 1891 2060 2259 2133; x_wconf 86' lang='lat' dir='ltr'>recognoscis</span> <span class='ocrx_word' id='word_1_377' title='bbox 2282 2060 2311 2116; x_wconf 86' lang='lat'><strong>?</strong></span> <span class='ocrx_word' id='word_1_378' title='bbox 2340 2062 2467 2128; x_wconf 89' lang='lat' dir='ltr'>Cui,</span> <span class='ocrx_word' id='word_1_379' title='bbox 2502 2079 2662 2136; x_wconf 86' lang='lat' dir='ltr'>rogo,</span> <span class='ocrx_word' id='word_1_380' title='bbox 2696 2064 2946 2135; x_wconf 84' lang='lat' dir='ltr'>porrigis</span> <span class='ocrx_word' id='word_1_381' title='bbox 2976 2063 3538 2138; x_wconf 82' lang='lat' dir='ltr'>eleemosynam,qui</span> 
     </span>
    </p>
   </div>
   <div class='ocr_carea' id='block_1_51' title="bbox 1893 2149 3540 2225">
    <p class='ocr_par' dir='ltr' id='par_1_51' title="bbox 1893 2149 3540 2225">
     <span class='ocr_line' id='line_1_51' title="bbox 1893 2149 3540 2225; baseline 0.003 -21"><span class='ocrx_word' id='word_1_382' title='bbox 1893 2156 1997 2204; x_wconf 86' lang='lat' dir='ltr'>nec</span> <span class='ocrx_word' id='word_1_383' title='bbox 2028 2149 2217 2225; x_wconf 71' lang='lat' dir='ltr'>ipsam</span> <span class='ocrx_word' id='word_1_384' title='bbox 2249 2150 2307 2204; x_wconf 93' lang='lat' dir='ltr'>in</span> <span class='ocrx_word' id='word_1_385' title='bbox 2340 2154 2501 2223; x_wconf 87' lang='lat' dir='ltr'>patre</span> <span class='ocrx_word' id='word_1_386' title='bbox 2522 2150 2793 2224; x_wconf 82' lang='lat' dir='ltr'>agnoscis</span> <span class='ocrx_word' id='word_1_387' title='bbox 2807 2152 3117 2208; x_wconf 83' lang='lat' dir='ltr'>naturam?</span> <span class='ocrx_word' id='word_1_388' title='bbox 3130 2150 3248 2208; x_wconf 89' lang='lat' dir='ltr'>Etsi</span> <span class='ocrx_word' id='word_1_389' title='bbox 3262 2151 3540 2209; x_wconf 81' lang='lat' dir='ltr'>omnibus</span> 
     </span>
    </p>
   </div>
   <div class='ocr_carea' id='block_1_52' title="bbox 1891 2236 3613 2312">
    <p class='ocr_par' dir='ltr' id='par_1_52' title="bbox 1891 2236 3613 2312">
     <span class='ocr_line' id='line_1_52' title="bbox 1891 2236 3613 2312; baseline 0.002 -19"><span class='ocrx_word' id='word_1_390' title='bbox 1891 2236 2690 2312; x_wconf 67' lang='lat' dir='ltr'>misericordiaimpedenda,</span> <span class='ocrx_word' id='word_1_391' title='bbox 2733 2240 2909 2297; x_wconf 85' lang='lat' dir='ltr'>etiam</span> <span class='ocrx_word' id='word_1_392' title='bbox 2964 2257 2999 2295; x_wconf 89' lang='lat' dir='ltr'>a</span> <span class='ocrx_word' id='word_1_393' title='bbox 3056 2240 3169 2296; x_wconf 80' lang='lat' dir='ltr'>{ide</span> <span class='ocrx_word' id='word_1_394' title='bbox 3225 2239 3536 2310; x_wconf 80' lang='lat' dir='ltr'>extraneis,</span> <span class='ocrx_word' id='word_1_395' title='bbox 3608 2302 3613 2307; x_wconf 47' lang='grc'><em>,</em></span> 
     </span>
    </p>
   </div>
   <div class='ocr_carea' id='block_1_53' title="bbox 1891 2328 3538 2400">
    <p class='ocr_par' dir='ltr' id='par_1_53' title="bbox 1891 2328 3538 2400">
     <span class='ocr_line' id='line_1_53' title="bbox 1891 2328 3538 2400; baseline 0.002 -18"><span class='ocrx_word' id='word_1_396' title='bbox 1891 2328 2142 2383; x_wconf 83' lang='lat' dir='ltr'>maxime</span> <span class='ocrx_word' id='word_1_397' title='bbox 2171 2332 2387 2396; x_wconf 90' lang='lat' dir='ltr'>autem,</span> <span class='ocrx_word' id='word_1_398' title='bbox 2417 2334 2483 2384; x_wconf 84' lang='lat' dir='ltr'>ut</span> <span class='ocrx_word' id='word_1_399' title='bbox 2513 2329 2594 2384; x_wconf 86' lang='lat' dir='ltr'>ait</span> <span class='ocrx_word' id='word_1_400' title='bbox 2622 2328 2955 2400; x_wconf 87' lang='lat' dir='ltr'>Apostolus,</span> <span class='ocrx_word' id='word_1_401' title='bbox 2989 2329 3060 2384; x_wconf 86' lang='lat' dir='ltr'>ad</span> <span class='ocrx_word' id='word_1_402' title='bbox 3091 2328 3446 2386; x_wconf 78' lang='lat' dir='ltr'>doméstiCos</span> <span class='ocrx_word' id='word_1_403' title='bbox 3467 2328 3538 2385; x_wconf 82' lang='lat' dir='ltr'><strong>ﬁ-</strong></span> 
     </span>
    </p>
   </div>
   <div class='ocr_carea' id='block_1_54' title="bbox 1888 2406 3535 2491">
    <p class='ocr_par' dir='ltr' id='par_1_54' title="bbox 1888 2406 3535 2491">
     <span class='ocr_line' id='line_1_54' title="bbox 1888 2406 3535 2491; baseline 0.002 -20"><span class='ocrx_word' id='word_1_404' title='bbox 1888 2406 1981 2471; x_wconf 89' lang='lat' dir='ltr'>dei</span> <span class='ocrx_word' id='word_1_405' title='bbox 2014 2415 2152 2487; x_wconf 69' lang='grc' dir='ltr'>(θαι.</span> <span class='ocrx_word' id='word_1_406' title='bbox 2186 2434 2259 2484; x_wconf 70' lang='lat' dir='ltr'>vr,</span> <span class='ocrx_word' id='word_1_407' title='bbox 2296 2417 2404 2485; x_wconf 82' lang='grc'>10),</span> <span class='ocrx_word' id='word_1_408' title='bbox 2439 2416 2577 2489; x_wconf 88' lang='lat' dir='ltr'>quid</span> <span class='ocrx_word' id='word_1_409' title='bbox 2611 2417 2722 2485; x_wconf 86' lang='lat' dir='ltr'>his,</span> <span class='ocrx_word' id='word_1_410' title='bbox 2757 2418 2856 2491; x_wconf 92' lang='lat' dir='ltr'>qui</span> <span class='ocrx_word' id='word_1_411' title='bbox 2889 2435 3003 2473; x_wconf 91' lang='lat' dir='ltr'>non</span> <span class='ocrx_word' id='word_1_412' title='bbox 3018 2417 3209 2473; x_wconf 78' lang='lat' dir='ltr'>Solum</span> <span class='ocrx_word' id='word_1_413' title='bbox 3231 2417 3535 2474; x_wconf 85' lang='lat' dir='ltr'>domestici</span> 
     </span>
    </p>
   </div>
   <div class='ocr_carea' id='block_1_55' title="bbox 1888 2502 3536 2580">
    <p class='ocr_par' dir='ltr' id='par_1_55' title="bbox 1888 2502 3536 2580">
     <span class='ocr_line' id='line_1_55' title="bbox 1888 2502 3536 2580; baseline 0.002 -22"><span class='ocrx_word' id='word_1_414' title='bbox 1888 2502 2045 2570; x_wconf 84' lang='lat' dir='ltr'>ﬁdei,</span> <span class='ocrx_word' id='word_1_415' title='bbox 2077 2506 2176 2577; x_wconf 75' lang='lat' dir='ltr'>sed</span> <span class='ocrx_word' id='word_1_416' title='bbox 2208 2506 2382 2560; x_wconf 87' lang='lat' dir='ltr'>etiam</span> <span class='ocrx_word' id='word_1_417' title='bbox 2416 2506 2717 2562; x_wconf 81' lang='lat' dir='ltr'>domestici</span> <span class='ocrx_word' id='word_1_418' title='bbox 2751 2505 3080 2579; x_wconf 88' lang='lat' dir='ltr'>sanguinis,</span> <span class='ocrx_word' id='word_1_419' title='bbox 3101 2504 3190 2562; x_wconf 87' lang='lat' dir='ltr'>vel</span> <span class='ocrx_word' id='word_1_420' title='bbox 3213 2504 3373 2580; x_wconf 83' lang='lat' dir='ltr'>origo</span> <span class='ocrx_word' id='word_1_421' title='bbox 3396 2509 3536 2562; x_wconf 87' lang='lat' dir='ltr'>sunt</span> 
     </span>
    </p>
   </div>
   <div class='ocr_carea' id='block_1_56' title="bbox 1887 2593 3534 2669">
    <p class='ocr_par' dir='ltr' id='par_1_56' title="bbox 1887 2593 3534 2669">
     <span class='ocr_line' id='line_1_56' title="bbox 1887 2593 3534 2669; baseline 0.002 -21"><span class='ocrx_word' id='word_1_422' title='bbox 1887 2594 2139 2665; x_wconf 87' lang='lat' dir='ltr'>generis,</span> <span class='ocrx_word' id='word_1_423' title='bbox 2172 2593 2280 2663; x_wconf 83' lang='lat' dir='ltr'>vel,</span> <span class='ocrx_word' id='word_1_424' title='bbox 2316 2595 2468 2651; x_wconf 86' lang='lat' dir='ltr'>sicut</span> <span class='ocrx_word' id='word_1_425' title='bbox 2496 2594 2735 2667; x_wconf 82' lang='lat' dir='ltr'>quidam</span> <span class='ocrx_word' id='word_1_426' title='bbox 2767 2593 3008 2669; x_wconf 87' lang='lat' dir='ltr'>pulchre</span> <span class='ocrx_word' id='word_1_427' title='bbox 3066 2593 3125 2650; x_wconf 91' lang='lat' dir='ltr'>in</span> <span class='ocrx_word' id='word_1_428' title='bbox 3175 2593 3534 2651; x_wconf 82' lang='lat' dir='ltr'>decachordo</span> 
     </span>
    </p>
   </div>
   <div class='ocr_carea' id='block_1_57' title="bbox 1888 2681 3535 2756">
    <p class='ocr_par' dir='ltr' id='par_1_57' title="bbox 1888 2681 3535 2756">
     <span class='ocr_line' id='line_1_57' title="bbox 1888 2681 3535 2756; baseline 0.002 -21"><span class='ocrx_word' id='word_1_429' title='bbox 1888 2681 2004 2737; x_wconf 86' lang='lat' dir='ltr'>ait:</span> <span class='ocrx_word' id='word_1_430' title='bbox 2038 2683 2143 2749; x_wconf 89' lang='lat' dir='ltr'>Qui</span> <span class='ocrx_word' id='word_1_431' title='bbox 2174 2682 2299 2738; x_wconf 90' lang='lat' dir='ltr'>suis</span> <span class='ocrx_word' id='word_1_432' title='bbox 2332 2682 2673 2755; x_wconf 87' lang='lat' dir='ltr'>parentibus</span> <span class='ocrx_word' id='word_1_433' title='bbox 2704 2700 2819 2739; x_wconf 89' lang='lat' dir='ltr'>non</span> <span class='ocrx_word' id='word_1_434' title='bbox 2849 2682 3033 2739; x_wconf 89' lang='lat' dir='ltr'>defert</span> <span class='ocrx_word' id='word_1_435' title='bbox 3056 2681 3359 2749; x_wconf 81' lang='lat' dir='ltr'>honorem,</span> <span class='ocrx_word' id='word_1_436' title='bbox 3402 2683 3535 2756; x_wconf 74' lang='lat' dir='ltr'>qui-</span> 
     </span>
    </p>
   </div>
   <div class='ocr_carea' id='block_1_58' title="bbox 1886 2771 3534 2846">
    <p class='ocr_par' dir='ltr' id='par_1_58' title="bbox 1886 2771 3534 2846">
     <span class='ocr_line' id='line_1_58' title="bbox 1886 2771 3534 2846; baseline 0.002 -20"><span class='ocrx_word' id='word_1_437' title='bbox 1886 2771 1998 2827; x_wconf 90' lang='lat' dir='ltr'>bus</span> <span class='ocrx_word' id='word_1_438' title='bbox 2027 2789 2229 2844; x_wconf 89' lang='lat' dir='ltr'>parere</span> <span class='ocrx_word' id='word_1_439' title='bbox 2252 2772 2510 2844; x_wconf 83' lang='lat' dir='ltr'>poterit?</span> <span class='ocrx_word' id='word_1_440' title='bbox 2540 2772 3020 2846; x_wconf 71' lang='lat' dir='ltr'>Omnibusigitur</span> <span class='ocrx_word' id='word_1_441' title='bbox 3033 2771 3253 2844; x_wconf 88' lang='lat' dir='ltr'>aliquid</span> <span class='ocrx_word' id='word_1_442' title='bbox 3274 2771 3534 2829; x_wconf 78' lang='lat' dir='ltr'>dandum</span> 
     </span>
    </p>
   </div>
   <div class='ocr_carea' id='block_1_59' title="bbox 1885 2846 3536 2933">
    <p class='ocr_par' dir='ltr' id='par_1_59' title="bbox 1885 2846 3536 2933">
     <span class='ocr_line' id='line_1_59' title="bbox 1885 2846 3536 2933; baseline 0.001 -17"><span class='ocrx_word' id='word_1_443' title='bbox 1885 2846 1993 2931; x_wconf 76' lang='lat' dir='ltr'>est,</span> <span class='ocrx_word' id='word_1_444' title='bbox 2028 2860 3035 2933; x_wconf 79' lang='lat' dir='ltr'>patritotumcommittendum,ejus</span> <span class='ocrx_word' id='word_1_445' title='bbox 3057 2859 3315 2916; x_wconf 83' lang='lat' dir='ltr'>dominio</span> <span class='ocrx_word' id='word_1_446' title='bbox 3346 2862 3536 2917; x_wconf 78' lang='lat' dir='ltr'>totum</span> 
     </span>
    </p>
   </div>
   <div class='ocr_carea' id='block_1_60' title="bbox 1885 2944 3536 3023">
    <p class='ocr_par' dir='ltr' id='par_1_60' title="bbox 1885 2944 3536 3023">
     <span class='ocr_line' id='line_1_60' title="bbox 1885 2944 3536 3023; baseline 0.001 -19"><span class='ocrx_word' id='word_1_447' title='bbox 1885 2948 2361 3021; x_wconf 84' lang='lat' dir='ltr'>mancipandum.</span> <span class='ocrx_word' id='word_1_448' title='bbox 2395 2948 2564 3005; x_wconf 90' lang='lat' dir='ltr'>Pater</span> <span class='ocrx_word' id='word_1_449' title='bbox 2593 2949 2790 3023; x_wconf 86' lang='lat' dir='ltr'>itaque</span> <span class='ocrx_word' id='word_1_450' title='bbox 2822 2949 2926 3022; x_wconf 88' lang='lat' dir='ltr'>sis,</span> <span class='ocrx_word' id='word_1_451' title='bbox 2955 2949 3113 3004; x_wconf 84' lang='lat' dir='ltr'>filius</span> <span class='ocrx_word' id='word_1_452' title='bbox 3145 2947 3247 3017; x_wconf 91' lang='lat' dir='ltr'>sis,</span> <span class='ocrx_word' id='word_1_453' title='bbox 3290 2944 3536 3022; x_wconf 84' lang='lat' dir='ltr'>quilibet</span> 
     </span>
    </p>
   </div>
   <div class='ocr_carea' id='block_1_61' title="bbox 1885 3028 3538 3111">
    <p class='ocr_par' dir='ltr' id='par_1_61' title="bbox 1885 3028 3538 3111">
     <span class='ocr_line' id='line_1_61' title="bbox 1885 3028 3538 3111; baseline 0.001 -18"><span class='ocrx_word' id='word_1_454' title='bbox 1885 3039 2357 3110; x_wconf 88' lang='lat' dir='ltr'>consanguineus</span> <span class='ocrx_word' id='word_1_455' title='bbox 2389 3038 2493 3104; x_wconf 85' lang='lat' dir='ltr'>sis,</span> <span class='ocrx_word' id='word_1_456' title='bbox 2525 3039 2660 3093; x_wconf 88' lang='lat' dir='ltr'>audi</span> <span class='ocrx_word' id='word_1_457' title='bbox 2691 3038 3035 3111; x_wconf 89' lang='lat' dir='ltr'>Apostolum</span> <span class='ocrx_word' id='word_1_458' title='bbox 3059 3055 3073 3092; x_wconf 89' lang='lat'><strong>:</strong></span> <span class='ocrx_word' id='word_1_459' title='bbox 3100 3038 3205 3106; x_wconf 87' lang='lat' dir='ltr'>Qui</span> <span class='ocrx_word' id='word_1_460' title='bbox 3225 3040 3468 3105; x_wconf 84' lang='lat' dir='ltr'>suorum,</span> <span class='ocrx_word' id='word_1_461' title='bbox 3485 3028 3538 3094; x_wconf 83' lang='lat' dir='ltr'>et</span> 
     </span>
    </p>
   </div>
   <div class='ocr_carea' id='block_1_62' title="bbox 1877 3125 3537 3197">
    <p class='ocr_par' dir='ltr' id='par_1_62' title="bbox 1877 3125 3537 3197">
     <span class='ocr_line' id='line_1_62' title="bbox 1877 3125 3537 3197; baseline -0.001 -15"><span class='ocrx_word' id='word_1_462' title='bbox 1877 3128 2120 3184; x_wconf 73' lang='lat' dir='ltr'>maxime</span> <span class='ocrx_word' id='word_1_463' title='bbox 2147 3127 2555 3183; x_wconf 81' lang='lat' dir='ltr'>domesticorum</span> <span class='ocrx_word' id='word_1_464' title='bbox 2582 3142 2777 3181; x_wconf 82' lang='lat' dir='ltr'>curam</span> <span class='ocrx_word' id='word_1_465' title='bbox 2802 3143 2914 3182; x_wconf 83' lang='lat' dir='ltr'>non</span> <span class='ocrx_word' id='word_1_466' title='bbox 2940 3125 3119 3194; x_wconf 84' lang='lat' dir='ltr'>habet,</span> <span class='ocrx_word' id='word_1_467' title='bbox 3152 3126 3314 3197; x_wconf 82' lang='lat' dir='ltr'>ﬁdem</span> <span class='ocrx_word' id='word_1_468' title='bbox 3367 3142 3537 3197; x_wconf 83' lang='lat' dir='ltr'>nega-</span> 
     </span>
    </p>
   </div>
   <div class='ocr_carea' id='block_1_63' title="bbox 115 3213 3120 3288">
    <p class='ocr_par' dir='ltr' id='par_1_63' title="bbox 115 3213 3120 3288">
     <span class='ocr_line' id='line_1_63' title="bbox 115 3213 3120 3288; baseline -0.002 -13"><span class='ocrx_word' id='word_1_469' title='bbox 115 3218 323 3274; x_wconf 75' lang='lat' dir='ltr'>hennze</span> <span class='ocrx_word' id='word_1_470' title='bbox 353 3214 543 3272; x_wconf 92' lang='lat' dir='ltr'>oculis</span> <span class='ocrx_word' id='word_1_471' title='bbox 570 3218 826 3287; x_wconf 86' lang='lat' dir='ltr'>propOne</span> <span class='ocrx_word' id='word_1_472' title='bbox 860 3213 1092 3281; x_wconf 90' lang='lat' dir='ltr'>mentis,</span> <span class='ocrx_word' id='word_1_473' title='bbox 1125 3219 1183 3269; x_wconf 88' lang='lat' dir='ltr'>et</span> <span class='ocrx_word' id='word_1_474' title='bbox 1212 3217 1277 3269; x_wconf 88' lang='lat' dir='ltr'>ut</span> <span class='ocrx_word' id='word_1_475' title='bbox 1319 3213 1517 3271; x_wconf 90' lang='lat' dir='ltr'>clavus</span> <span class='ocrx_word' id='word_1_476' title='bbox 1541 3214 1768 3270; x_wconf 89' lang='lat' dir='ltr'>clavum</span> <span class='ocrx_word' id='word_1_477' title='bbox 1875 3219 1975 3288; x_wconf 80' lang='lat' dir='ltr'>vit,</span> <span class='ocrx_word' id='word_1_478' title='bbox 2009 3224 2062 3273; x_wconf 87' lang='lat' dir='ltr'>et</span> <span class='ocrx_word' id='word_1_479' title='bbox 2095 3220 2174 3274; x_wconf 83' lang='lat' dir='ltr'>est</span> <span class='ocrx_word' id='word_1_480' title='bbox 2205 3216 2419 3288; x_wconf 80' lang='lat' dir='ltr'>inﬁdeli</span> <span class='ocrx_word' id='word_1_481' title='bbox 2447 3215 2685 3271; x_wconf 80' lang='lat' dir='ltr'>deterior</span> <span class='ocrx_word' id='word_1_482' title='bbox 2712 3219 2767 3284; x_wconf 86' lang='grc' dir='ltr'>(Ι</span> <span class='ocrx_word' id='word_1_483' title='bbox 2791 3216 2924 3271; x_wconf 87' lang='lat' dir='ltr'>Tim.</span> <span class='ocrx_word' id='word_1_484' title='bbox 2956 3232 3010 3282; x_wconf 83' lang='grc' dir='ltr'>ν,</span> <span class='ocrx_word' id='word_1_485' title='bbox 3042 3216 3120 3284; x_wconf 88' lang='grc'>8).</span> 
     </span>
    </p>
   </div>
   <div class='ocr_carea' id='block_1_64' title="bbox 117 3290 1849 3379">
    <p class='ocr_par' dir='ltr' id='par_1_64' title="bbox 117 3290 1849 3379">
     <span class='ocr_line' id='line_1_64' title="bbox 117 3290 1849 3379; baseline -0.002 -15"><span class='ocrx_word' id='word_1_486' title='bbox 117 3305 375 3379; x_wconf 79' lang='lat' dir='ltr'>expellit,</span> <span class='ocrx_word' id='word_1_487' title='bbox 411 3303 494 3359; x_wconf 88' lang='lat' dir='ltr'>ita</span> <span class='ocrx_word' id='word_1_488' title='bbox 522 3303 704 3374; x_wconf 88' lang='lat' dir='ltr'>hujus</span> <span class='ocrx_word' id='word_1_489' title='bbox 752 3301 928 3358; x_wconf 89' lang='lat' dir='ltr'>timor</span> <span class='ocrx_word' id='word_1_490' title='bbox 971 3301 1223 3358; x_wconf 91' lang='lat' dir='ltr'>incendii</span> <span class='ocrx_word' id='word_1_491' title='bbox 1281 3303 1549 3359; x_wconf 90' lang='lat' dir='ltr'>ardorem</span> <span class='ocrx_word' id='word_1_492' title='bbox 1611 3302 1774 3360; x_wconf 89' lang='lat' dir='ltr'>illius</span> <span class='ocrx_word' id='word_1_493' title='bbox 1805 3290 1849 3359; x_wconf 83' lang='lat' dir='ltr'>C</span> 
     </span>
    </p>
   </div>
   <div class='ocr_carea' id='block_1_65' title="bbox 117 3391 1772 3468">
    <p class='ocr_par' dir='ltr' id='par_1_65' title="bbox 117 3391 1772 3468">
     <span class='ocr_line' id='line_1_65' title="bbox 117 3391 1772 3468; baseline -0.004 -15"><span class='ocrx_word' id='word_1_494' title='bbox 117 3395 371 3468; x_wconf 77' lang='lat' dir='ltr'>expellat</span> <span class='ocrx_word' id='word_1_495' title='bbox 399 3391 549 3450; x_wconf 81' lang='lat' dir='ltr'>vitii.</span> <span class='ocrx_word' id='word_1_496' title='bbox 584 3391 977 3447; x_wconf 87' lang='lat' dir='ltr'>Consideratio</span> <span class='ocrx_word' id='word_1_497' title='bbox 1009 3408 1241 3464; x_wconf 91' lang='lat' dir='ltr'>quoque</span> <span class='ocrx_word' id='word_1_498' title='bbox 1271 3395 1510 3448; x_wconf 66' lang='lat' dir='ltr'>terrenae</span> <span class='ocrx_word' id='word_1_499' title='bbox 1556 3392 1772 3464; x_wconf 83' lang='lat' dir='ltr'>fragili-</span> 
     </span>
    </p>
   </div>
   <div class='ocr_carea' id='block_1_66' title="bbox 118 3480 1768 3540">
    <p class='ocr_par' dir='ltr' id='par_1_66' title="bbox 118 3480 1768 3540">
     <span class='ocr_line' id='line_1_66' title="bbox 118 3480 1768 3540; baseline -0.002 0"><span class='ocrx_word' id='word_1_500' title='bbox 118 3485 259 3540; x_wconf 86' lang='lat' dir='ltr'>tatis</span> <span class='ocrx_word' id='word_1_501' title='bbox 281 3483 557 3539; x_wconf 89' lang='lat' dir='ltr'>timorem</span> <span class='ocrx_word' id='word_1_502' title='bbox 583 3482 831 3536; x_wconf 73' lang='lat' dir='ltr'>refrenet</span> <span class='ocrx_word' id='word_1_503' title='bbox 860 3480 1149 3536; x_wconf 88' lang='lat' dir='ltr'>elationis.</span> <span class='ocrx_word' id='word_1_504' title='bbox 1184 3481 1269 3535; x_wconf 90' lang='lat' dir='ltr'>Ita</span> <span class='ocrx_word' id='word_1_505' title='bbox 1288 3481 1354 3535; x_wconf 84' lang='lat' dir='ltr'>ﬁt</span> <span class='ocrx_word' id='word_1_506' title='bbox 1376 3484 1441 3536; x_wconf 91' lang='lat' dir='ltr'>ut</span> <span class='ocrx_word' id='word_1_507' title='bbox 1460 3485 1516 3536; x_wconf 89' lang='lat' dir='ltr'>et</span> <span class='ocrx_word' id='word_1_508' title='bbox 1541 3481 1613 3537; x_wconf 90' lang='lat' dir='ltr'>ab</span> <span class='ocrx_word' id='word_1_509' title='bbox 1653 3481 1768 3537; x_wconf 88' lang='lat' dir='ltr'>ela-</span> 
     </span>
    </p>
   </div>
   <div class='ocr_carea' id='block_1_67' title="bbox 118 3567 1769 3640">
    <p class='ocr_par' dir='ltr' id='par_1_67' title="bbox 118 3567 1769 3640">
     <span class='ocr_line' id='line_1_67' title="bbox 118 3567 1769 3640; baseline -0.003 -11"><span class='ocrx_word' id='word_1_510' title='bbox 118 3573 302 3629; x_wconf 89' lang='lat' dir='ltr'>tionis</span> <span class='ocrx_word' id='word_1_511' title='bbox 331 3586 574 3637; x_wconf 90' lang='lat' dir='ltr'>veneno,</span> <span class='ocrx_word' id='word_1_512' title='bbox 607 3573 665 3625; x_wconf 92' lang='lat' dir='ltr'>ct</span> <span class='ocrx_word' id='word_1_513' title='bbox 693 3586 726 3625; x_wconf 91' lang='lat' dir='ltr'>a</span> <span class='ocrx_word' id='word_1_514' title='bbox 752 3567 1014 3625; x_wconf 89' lang='lat' dir='ltr'>libidinis</span> <span class='ocrx_word' id='word_1_515' title='bbox 1044 3567 1332 3638; x_wconf 87' lang='lat' dir='ltr'>incendio,</span> <span class='ocrx_word' id='word_1_516' title='bbox 1357 3569 1585 3625; x_wconf 87' lang='lat' dir='ltr'>Christo</span> <span class='ocrx_word' id='word_1_517' title='bbox 1603 3570 1769 3640; x_wconf 80' lang='lat' dir='ltr'>adju-</span> 
     </span>
    </p>
   </div>
   <div class='ocr_carea' id='block_1_68' title="bbox 116 3657 1770 3732">
    <p class='ocr_par' dir='ltr' id='par_1_68' title="bbox 116 3657 1770 3732">
     <span class='ocr_line' id='line_1_68' title="bbox 116 3657 1770 3732; baseline -0.003 -13"><span class='ocrx_word' id='word_1_518' title='bbox 116 3667 315 3729; x_wconf 86' lang='lat' dir='ltr'>vante,</span> <span class='ocrx_word' id='word_1_519' title='bbox 361 3658 660 3726; x_wconf 85' lang='lat' dir='ltr'>defensus,</span> <span class='ocrx_word' id='word_1_520' title='bbox 718 3657 940 3732; x_wconf 86' lang='lat' dir='ltr'>angelis</span> <span class='ocrx_word' id='word_1_521' title='bbox 987 3658 1272 3731; x_wconf 87' lang='lat' dir='ltr'>perpetim</span> <span class='ocrx_word' id='word_1_522' title='bbox 1322 3659 1770 3729; x_wconf 82' lang='lat' dir='ltr'>conjucunderis</span> 
     </span>
    </p>
   </div>
   <div class='ocr_carea' id='block_1_69' title="bbox 116 3748 1772 3822">
    <p class='ocr_par' dir='ltr' id='par_1_69' title="bbox 116 3748 1772 3822">
     <span class='ocr_line' id='line_1_69' title="bbox 116 3748 1772 3822; baseline -0.004 -13"><span class='ocrx_word' id='word_1_523' title='bbox 116 3751 519 3816; x_wconf 89' lang='lat' dir='ltr'>consortibus,</span> <span class='ocrx_word' id='word_1_524' title='bbox 550 3749 873 3822; x_wconf 89' lang='lat' dir='ltr'>angelicam</span> <span class='ocrx_word' id='word_1_525' title='bbox 907 3748 966 3803; x_wconf 91' lang='lat' dir='ltr'>in</span> <span class='ocrx_word' id='word_1_526' title='bbox 999 3748 1168 3804; x_wconf 89' lang='lat' dir='ltr'>terris</span> <span class='ocrx_word' id='word_1_527' title='bbox 1197 3748 1671 3821; x_wconf 88' lang='lat' dir='ltr'>quandoquidem</span> <span class='ocrx_word' id='word_1_528' title='bbox 1693 3748 1772 3803; x_wconf 92' lang='lat' dir='ltr'>vi-</span> 
     </span>
    </p>
   </div>
   <div class='ocr_carea' id='block_1_70' title="bbox 116 3839 654 3898">
    <p class='ocr_par' dir='ltr' id='par_1_70' title="bbox 116 3839 654 3898">
     <span class='ocr_line' id='line_1_70' title="bbox 116 3839 654 3898; baseline -0.009 0"><span class='ocrx_word' id='word_1_529' title='bbox 116 3847 241 3898; x_wconf 84' lang='lat' dir='ltr'>tam</span> <span class='ocrx_word' id='word_1_530' title='bbox 271 3857 337 3897; x_wconf 93' lang='lat' dir='ltr'>es</span> <span class='ocrx_word' id='word_1_531' title='bbox 366 3839 654 3895; x_wconf 87' lang='lat' dir='ltr'>imitatus.</span> 
     </span>
    </p>
   </div>
   <div class='ocr_carea' id='block_1_71' title="bbox 480 3926 1413 3997">
    <p class='ocr_par' dir='ltr' id='par_1_71' title="bbox 480 3926 1413 3997">
     <span class='ocr_line' id='line_1_71' title="bbox 480 3926 1413 3997; baseline -0.004 -13"><span class='ocrx_word' id='word_1_532' title='bbox 480 3928 603 3984; x_wconf 85' lang='grc' dir='ltr'>Τιτ.</span> <span class='ocrx_word' id='word_1_533' title='bbox 632 3926 730 3983; x_wconf 90' lang='lat' dir='ltr'>VI.</span> <span class='ocrx_word' id='word_1_534' title='bbox 761 3958 831 3968; x_wconf 90' lang='lat'>-—</span> <span class='ocrx_word' id='word_1_535' title='bbox 860 3926 934 3982; x_wconf 84' lang='lat' dir='ltr'>De</span> <span class='ocrx_word' id='word_1_536' title='bbox 961 3926 1115 3997; x_wconf 75' lang='lat' dir='ltr'>patre</span> <span class='ocrx_word' id='word_1_537' title='bbox 1142 3930 1192 3982; x_wconf 88' lang='lat' dir='ltr'>et</span> <span class='ocrx_word' id='word_1_538' title='bbox 1223 3928 1413 3982; x_wconf 85' lang='lat' dir='ltr'>matre.</span> 
     </span>
    </p>
   </div>
   <div class='ocr_carea' id='block_1_72' title="bbox 192 4014 1772 4088">
    <p class='ocr_par' dir='ltr' id='par_1_72' title="bbox 192 4014 1772 4088">
     <span class='ocr_line' id='line_1_72' title="bbox 192 4014 1772 4088; baseline -0.003 -12"><span class='ocrx_word' id='word_1_539' title='bbox 192 4020 280 4077; x_wconf 88' lang='grc'>15.</span> <span class='ocrx_word' id='word_1_540' title='bbox 314 4016 487 4075; x_wconf 81' lang='lat' dir='ltr'>Pater</span> <span class='ocrx_word' id='word_1_541' title='bbox 515 4020 618 4072; x_wconf 89' lang='lat' dir='ltr'>aut</span> <span class='ocrx_word' id='word_1_542' title='bbox 639 4020 824 4073; x_wconf 86' lang='lat' dir='ltr'>mater</span> <span class='ocrx_word' id='word_1_543' title='bbox 854 4033 915 4072; x_wconf 89' lang='lat' dir='ltr'>es</span> <span class='ocrx_word' id='word_1_544' title='bbox 940 4015 968 4071; x_wconf 86' lang='lat'><strong><em>?</em></strong></span> <span class='ocrx_word' id='word_1_545' title='bbox 989 4016 1278 4072; x_wconf 84' lang='lat' dir='ltr'>Memento</span> <span class='ocrx_word' id='word_1_546' title='bbox 1300 4014 1671 4088; x_wconf 88' lang='lat' dir='ltr'>disciplinam</span> <span class='ocrx_word' id='word_1_547' title='bbox 1716 4019 1772 4071; x_wconf 88' lang='lat' dir='ltr'>te</span> 
     </span>
    </p>
   </div>
   <div class='ocr_carea' id='block_1_73' title="bbox 118 4103 1774 4178">
    <p class='ocr_par' dir='ltr' id='par_1_73' title="bbox 118 4103 1774 4178">
     <span class='ocr_line' id='line_1_73' title="bbox 118 4103 1774 4178; baseline -0.004 -13"><span class='ocrx_word' id='word_1_548' title='bbox 118 4109 332 4166; x_wconf 84' lang='lat' dir='ltr'>debere</span> <span class='ocrx_word' id='word_1_549' title='bbox 359 4104 585 4174; x_wconf 83' lang='lat' dir='ltr'>ﬁliis,et</span> <span class='ocrx_word' id='word_1_550' title='bbox 615 4106 700 4162; x_wconf 91' lang='lat' dir='ltr'>sic</span> <span class='ocrx_word' id='word_1_551' title='bbox 721 4105 959 4161; x_wconf 88' lang='lat' dir='ltr'>monitis</span> <span class='ocrx_word' id='word_1_552' title='bbox 981 4106 1320 4177; x_wconf 88' lang='lat' dir='ltr'>obtempera</span> <span class='ocrx_word' id='word_1_553' title='bbox 1343 4103 1774 4178; x_wconf 88' lang='lat' dir='ltr'>apostolicis,ut</span> 
     </span>
    </p>
   </div>
   <div class='ocr_carea' id='block_1_74' title="bbox 120 4192 1770 4264">
    <p class='ocr_par' dir='ltr' id='par_1_74' title="bbox 120 4192 1770 4264">
     <span class='ocr_line' id='line_1_74' title="bbox 120 4192 1770 4264; baseline -0.004 -10"><span class='ocrx_word' id='word_1_554' title='bbox 120 4195 303 4254; x_wconf 87' lang='lat' dir='ltr'>simul</span> <span class='ocrx_word' id='word_1_555' title='bbox 336 4200 394 4252; x_wconf 86' lang='lat' dir='ltr'>et</span> <span class='ocrx_word' id='word_1_556' title='bbox 424 4194 723 4251; x_wconf 88' lang='lat' dir='ltr'>interitum</span> <span class='ocrx_word' id='word_1_557' title='bbox 755 4210 958 4249; x_wconf 86' lang='lat' dir='ltr'>caveas</span> <span class='ocrx_word' id='word_1_558' title='bbox 1008 4193 1133 4249; x_wconf 86' lang='lat' dir='ltr'>Heli</span> <span class='ocrx_word' id='word_1_559' title='bbox 1188 4192 1505 4249; x_wconf 87' lang='lat' dir='ltr'>sacerdotis</span> <span class='ocrx_word' id='word_1_560' title='bbox 1538 4204 1552 4264; x_wconf 74' lang='grc'>(</span> <span class='ocrx_word' id='word_1_561' title='bbox 1587 4194 1615 4248; x_wconf 89' lang='lat' dir='ltr'><strong><em>I</em></strong></span> <span class='ocrx_word' id='word_1_562' title='bbox 1643 4195 1770 4262; x_wconf 87' lang='lat' dir='ltr'>Reg.</span> 
     </span>
    </p>
   </div>
   <div class='ocr_carea' id='block_1_75' title="bbox 120 4281 1772 4359">
    <p class='ocr_par' dir='ltr' id='par_1_75' title="bbox 120 4281 1772 4359">
     <span class='ocr_line' id='line_1_75' title="bbox 120 4281 1772 4359; baseline -0.004 -16"><span class='ocrx_word' id='word_1_563' title='bbox 120 4304 185 4353; x_wconf 84' lang='lat' dir='ltr'><strong>II,</strong></span> <span class='ocrx_word' id='word_1_564' title='bbox 214 4287 294 4359; x_wconf 77' lang='grc'>4).</span> <span class='ocrx_word' id='word_1_565' title='bbox 324 4286 539 4352; x_wconf 89' lang='lat' dir='ltr'>Patres,</span> <span class='ocrx_word' id='word_1_566' title='bbox 568 4283 763 4356; x_wconf 89' lang='lat' dir='ltr'>inquit</span> <span class='ocrx_word' id='word_1_567' title='bbox 792 4282 1298 4355; x_wconf 82' lang='lat' dir='ltr'>Apostolus,nolite</span> <span class='ocrx_word' id='word_1_568' title='bbox 1326 4281 1395 4337; x_wconf 84' lang='lat' dir='ltr'>ad</span> <span class='ocrx_word' id='word_1_569' title='bbox 1425 4281 1772 4337; x_wconf 82' lang='lat' dir='ltr'>iracundiam</span> 
     </span>
    </p>
   </div>
   <div class='ocr_carea' id='block_1_76' title="bbox 116 4372 1775 4450">
    <p class='ocr_par' dir='ltr' id='par_1_76' title="bbox 116 4372 1775 4450">
     <span class='ocr_line' id='line_1_76' title="bbox 116 4372 1775 4450; baseline -0.004 -17"><span class='ocrx_word' id='word_1_570' title='bbox 116 4390 417 4450; x_wconf 85' lang='lat' dir='ltr'>provocare</span> <span class='ocrx_word' id='word_1_571' title='bbox 443 4373 591 4445; x_wconf 79' lang='lat' dir='ltr'>ﬁlios</span> <span class='ocrx_word' id='word_1_572' title='bbox 618 4377 839 4441; x_wconf 83' lang='lat' dir='ltr'>vestros,</span> <span class='ocrx_word' id='word_1_573' title='bbox 890 4376 953 4428; x_wconf 84' lang='lat' dir='ltr'>ut</span> <span class='ocrx_word' id='word_1_574' title='bbox 979 4388 1089 4428; x_wconf 86' lang='lat' dir='ltr'>non</span> <span class='ocrx_word' id='word_1_575' title='bbox 1142 4372 1346 4443; x_wconf 65' lang='lat' dir='ltr'>pusillo</span> <span class='ocrx_word' id='word_1_576' title='bbox 1400 4372 1585 4427; x_wconf 84' lang='lat' dir='ltr'>animo</span> <span class='ocrx_word' id='word_1_577' title='bbox 1636 4372 1775 4442; x_wconf 80' lang='lat' dir='ltr'>ﬁant</span> 
     </span>
    </p>
   </div>
   <div class='ocr_carea' id='block_1_77' title="bbox 125 4463 553 4540">
    <p class='ocr_par' dir='ltr' id='par_1_77' title="bbox 125 4463 553 4540">
     <span class='ocr_line' id='line_1_77' title="bbox 125 4463 553 4540; baseline -0.009 -18"><span class='ocrx_word' id='word_1_578' title='bbox 125 4466 340 4540; x_wconf 77' lang='lat' dir='ltr'>(Ephes.</span> <span class='ocrx_word' id='word_1_579' title='bbox 366 4481 444 4533; x_wconf 78' lang='lat' dir='ltr'>v1,</span> <span class='ocrx_word' id='word_1_580' title='bbox 476 4463 553 4535; x_wconf 80' lang='grc'>4).</span> 
     </span>
    </p>
   </div>
   <div class='ocr_carea' id='block_1_78' title="bbox 619 4551 1272 4621">
    <p class='ocr_par' dir='ltr' id='par_1_78' title="bbox 619 4551 1272 4621">
     <span class='ocr_line' id='line_1_78' title="bbox 619 4551 1272 4621; baseline -0.005 -14"><span class='ocrx_word' id='word_1_581' title='bbox 619 4551 741 4607; x_wconf 75' lang='grc' dir='ltr'>Τιτ.</span> <span class='ocrx_word' id='word_1_582' title='bbox 774 4551 892 4606; x_wconf 86' lang='lat' dir='ltr'>Vll.</span> <span class='ocrx_word' id='word_1_583' title='bbox 923 4582 987 4590; x_wconf 94' lang='lat'><strong>—</strong></span> <span class='ocrx_word' id='word_1_584' title='bbox 1020 4551 1090 4606; x_wconf 88' lang='lat' dir='ltr'>De</span> <span class='ocrx_word' id='word_1_585' title='bbox 1118 4551 1272 4621; x_wconf 86' lang='lat' dir='ltr'>ﬁliis.</span> 
     </span>
    </p>
   </div>
   <div class='ocr_carea' id='block_1_79' title="bbox 2348 3303 3074 3361">
    <p class='ocr_par' dir='ltr' id='par_1_79' title="bbox 2348 3303 3074 3361">
     <span class='ocr_line' id='line_1_79' title="bbox 2348 3303 3074 3361; baseline -0.001 0"><span class='ocrx_word' id='word_1_586' title='bbox 2348 3304 2467 3361; x_wconf 82' lang='lat' dir='ltr'>TI&#39;r.</span> <span class='ocrx_word' id='word_1_587' title='bbox 2501 3303 2648 3360; x_wconf 91' lang='lat' dir='ltr'><strong>VIII.</strong></span> <span class='ocrx_word' id='word_1_588' title='bbox 2683 3336 2748 3345; x_wconf 95' lang='lat'>—</span> <span class='ocrx_word' id='word_1_589' title='bbox 2779 3305 2854 3360; x_wconf 90' lang='lat' dir='ltr'>De</span> <span class='ocrx_word' id='word_1_590' title='bbox 2871 3303 3074 3360; x_wconf 82' lang='lat' dir='ltr'>viduis.</span> 
     </span>
    </p>
   </div>
   <div class='ocr_carea' id='block_1_80' title="bbox 1952 3392 3529 3462">
    <p class='ocr_par' dir='ltr' id='par_1_80' title="bbox 1952 3392 3529 3462">
     <span class='ocr_line' id='line_1_80' title="bbox 1952 3392 3529 3462; baseline -0.001 -11"><span class='ocrx_word' id='word_1_591' title='bbox 1952 3397 2041 3451; x_wconf 82' lang='lat'>17-</span> <span class='ocrx_word' id='word_1_592' title='bbox 2067 3394 2258 3451; x_wconf 89' lang='lat' dir='ltr'>Vidua</span> <span class='ocrx_word' id='word_1_593' title='bbox 2287 3411 2349 3450; x_wconf 91' lang='lat' dir='ltr'>es</span> <span class='ocrx_word' id='word_1_594' title='bbox 2369 3395 2396 3449; x_wconf 87' lang='lat'><strong>?</strong></span> <span class='ocrx_word' id='word_1_595' title='bbox 2427 3393 2620 3449; x_wconf 88' lang='lat' dir='ltr'>Habes</span> <span class='ocrx_word' id='word_1_596' title='bbox 2644 3394 2894 3462; x_wconf 89' lang='lat' dir='ltr'>Annam,</span> <span class='ocrx_word' id='word_1_597' title='bbox 2920 3397 3107 3461; x_wconf 89' lang='lat' dir='ltr'>tuam,</span> <span class='ocrx_word' id='word_1_598' title='bbox 3138 3398 3204 3450; x_wconf 91' lang='lat' dir='ltr'>ut</span> <span class='ocrx_word' id='word_1_599' title='bbox 3234 3392 3318 3449; x_wconf 87' lang='lat' dir='ltr'>ita</span> <span class='ocrx_word' id='word_1_600' title='bbox 3367 3393 3529 3450; x_wconf 84' lang='lat' dir='ltr'>dixe-</span> 
     </span>
    </p>
   </div>
   <div class='ocr_carea' id='block_1_81' title="bbox 1879 3474 3524 3557">
    <p class='ocr_par' dir='ltr' id='par_1_81' title="bbox 1879 3474 3524 3557">
     <span class='ocr_line' id='line_1_81' title="bbox 1879 3474 3524 3557; baseline -0.002 -17"><span class='ocrx_word' id='word_1_601' title='bbox 1879 3474 2013 3551; x_wconf 90' lang='lat' dir='ltr'>rim,</span> <span class='ocrx_word' id='word_1_602' title='bbox 2049 3484 2310 3557; x_wconf 89' lang='lat' dir='ltr'>regulam</span> <span class='ocrx_word' id='word_1_603' title='bbox 2347 3484 2494 3556; x_wconf 81' lang='lat' dir='ltr'>(Luc.</span> <span class='ocrx_word' id='word_1_604' title='bbox 2530 3501 2592 3552; x_wconf 90' lang='grc' dir='ltr'><strong>ιι,</strong></span> <span class='ocrx_word' id='word_1_605' title='bbox 2624 3483 2736 3551; x_wconf 87' lang='grc'>87).</span> <span class='ocrx_word' id='word_1_606' title='bbox 2770 3481 2931 3547; x_wconf 88' lang='lat' dir='ltr'>Quod</span> <span class='ocrx_word' id='word_1_607' title='bbox 2951 3482 3000 3538; x_wconf 90' lang='lat' dir='ltr'>si</span> <span class='ocrx_word' id='word_1_608' title='bbox 3019 3481 3393 3538; x_wconf 88' lang='lat' dir='ltr'>alitervivere</span> <span class='ocrx_word' id='word_1_609' title='bbox 3412 3483 3524 3552; x_wconf 88' lang='lat' dir='ltr'>vis,</span> 
     </span>
    </p>
   </div>
   <div class='ocr_carea' id='block_1_82' title="bbox 1877 3568 3520 3646">
    <p class='ocr_par' dir='ltr' id='par_1_82' title="bbox 1877 3568 3520 3646">
     <span class='ocr_line' id='line_1_82' title="bbox 1877 3568 3520 3646; baseline -0.002 -16"><span class='ocrx_word' id='word_1_610' title='bbox 1877 3574 2014 3631; x_wconf 87' lang='lat' dir='ltr'>audi</span> <span class='ocrx_word' id='word_1_611' title='bbox 2043 3572 2387 3646; x_wconf 88' lang='lat' dir='ltr'>Apostolum</span> <span class='ocrx_word' id='word_1_612' title='bbox 2413 3589 2425 3628; x_wconf 92' lang='lat'><strong>:</strong></span> <span class='ocrx_word' id='word_1_613' title='bbox 2465 3571 2654 3640; x_wconf 82' lang='lat' dir='ltr'>Vidua,</span> <span class='ocrx_word' id='word_1_614' title='bbox 2686 3568 2902 3643; x_wconf 88' lang='lat' dir='ltr'>inquit,</span> <span class='ocrx_word' id='word_1_615' title='bbox 2933 3585 3059 3644; x_wconf 60' lang='lat' dir='ltr'>quae</span> <span class='ocrx_word' id='word_1_616' title='bbox 3088 3572 3147 3626; x_wconf 34' lang='lat' dir='ltr'>in.</span> <span class='ocrx_word' id='word_1_617' title='bbox 3177 3571 3383 3626; x_wconf 84' lang='lat' dir='ltr'>diliciis</span> <span class='ocrx_word' id='word_1_618' title='bbox 3420 3574 3520 3638; x_wconf 83' lang='lat' dir='ltr'>est,</span> 
     </span>
    </p>
   </div>
   <div class='ocr_carea' id='block_1_83' title="bbox 1877 3658 2865 3732">
    <p class='ocr_par' dir='ltr' id='par_1_83' title="bbox 1877 3658 2865 3732">
     <span class='ocr_line' id='line_1_83' title="bbox 1877 3658 2865 3732; baseline -0.007 -12"><span class='ocrx_word' id='word_1_619' title='bbox 1877 3665 2062 3720; x_wconf 82' lang='lat' dir='ltr'>vivens</span> <span class='ocrx_word' id='word_1_620' title='bbox 2098 3665 2315 3718; x_wconf 84' lang='lat' dir='ltr'>mortua</span> <span class='ocrx_word' id='word_1_621' title='bbox 2340 3667 2417 3716; x_wconf 85' lang='lat' dir='ltr'>est</span> <span class='ocrx_word' id='word_1_622' title='bbox 2448 3662 2499 3732; x_wconf 85' lang='lat'>(1</span> <span class='ocrx_word' id='word_1_623' title='bbox 2531 3661 2664 3715; x_wconf 88' lang='lat' dir='ltr'>Tim.</span> <span class='ocrx_word' id='word_1_624' title='bbox 2704 3677 2759 3728; x_wconf 90' lang='lat' dir='ltr'>v,</span> <span class='ocrx_word' id='word_1_625' title='bbox 2788 3658 2865 3731; x_wconf 82' lang='grc'>6).</span> 
     </span>
    </p>
   </div>
   <div class='ocr_carea' id='block_1_84' title="bbox 2293 3748 3089 3816">
    <p class='ocr_par' dir='ltr' id='par_1_84' title="bbox 2293 3748 3089 3816">
     <span class='ocr_line' id='line_1_84' title="bbox 2293 3748 3089 3816; baseline 0 -12"><span class='ocrx_word' id='word_1_626' title='bbox 2293 3750 2409 3804; x_wconf 75' lang='lat' dir='ltr'>Trr.</span> <span class='ocrx_word' id='word_1_627' title='bbox 2445 3749 2536 3804; x_wconf 88' lang='lat' dir='ltr'>IX.</span> <span class='ocrx_word' id='word_1_628' title='bbox 2563 3781 2631 3788; x_wconf 91' lang='lat'>——-</span> <span class='ocrx_word' id='word_1_629' title='bbox 2661 3749 2736 3804; x_wconf 89' lang='lat' dir='ltr'>De</span> <span class='ocrx_word' id='word_1_630' title='bbox 2760 3748 3089 3816; x_wconf 71' lang='lat' dir='ltr'>virginibus.</span> 
     </span>
    </p>
   </div>
   <div class='ocr_carea' id='block_1_85' title="bbox 1951 3835 3530 3910">
    <p class='ocr_par' dir='ltr' id='par_1_85' title="bbox 1951 3835 3530 3910">
     <span class='ocr_line' id='line_1_85' title="bbox 1951 3835 3530 3910; baseline -0.003 -13"><span class='ocrx_word' id='word_1_631' title='bbox 1951 3843 2037 3897; x_wconf 83' lang='grc'>18.</span> <span class='ocrx_word' id='word_1_632' title='bbox 2069 3839 2242 3910; x_wconf 88' lang='lat' dir='ltr'>Virgo</span> <span class='ocrx_word' id='word_1_633' title='bbox 2272 3837 2378 3893; x_wconf 86' lang='lat' dir='ltr'>es?</span> <span class='ocrx_word' id='word_1_634' title='bbox 2410 3838 2608 3894; x_wconf 89' lang='lat' dir='ltr'>Gaude</span> <span class='ocrx_word' id='word_1_635' title='bbox 2638 3835 2697 3891; x_wconf 90' lang='lat' dir='ltr'>in</span> <span class='ocrx_word' id='word_1_636' title='bbox 2712 3837 2958 3892; x_wconf 91' lang='lat' dir='ltr'>Domino</span> <span class='ocrx_word' id='word_1_637' title='bbox 2990 3836 3374 3906; x_wconf 89' lang='lat' dir='ltr'>humiliter,et</span> <span class='ocrx_word' id='word_1_638' title='bbox 3394 3853 3530 3893; x_wconf 88' lang='lat' dir='ltr'>cave</span> 
     </span>
    </p>
   </div>
   <div class='ocr_carea' id='block_1_86' title="bbox 1880 3924 3529 4003">
    <p class='ocr_par' dir='ltr' id='par_1_86' title="bbox 1880 3924 3529 4003">
     <span class='ocr_line' id='line_1_86' title="bbox 1880 3924 3529 4003; baseline -0.004 -17"><span class='ocrx_word' id='word_1_639' title='bbox 1880 3928 2193 4003; x_wconf 52' lang='lat' dir='ltr'>ne&#39;perdas</span> <span class='ocrx_word' id='word_1_640' title='bbox 2221 3944 2369 3994; x_wconf 87' lang='lat' dir='ltr'>esse,</span> <span class='ocrx_word' id='word_1_641' title='bbox 2402 3927 2558 3997; x_wconf 88' lang='lat' dir='ltr'>quod</span> <span class='ocrx_word' id='word_1_642' title='bbox 2587 3942 2670 3982; x_wconf 91' lang='lat' dir='ltr'>es.</span> <span class='ocrx_word' id='word_1_643' title='bbox 2698 3926 2884 3981; x_wconf 88' lang='lat' dir='ltr'>Aabes</span> <span class='ocrx_word' id='word_1_644' title='bbox 2915 3924 3187 3991; x_wconf 89' lang='lat' dir='ltr'>Mariam,</span> <span class='ocrx_word' id='word_1_645' title='bbox 3234 3925 3529 3998; x_wconf 60' lang='lat' dir='ltr'>pudicitia</span> 
     </span>
    </p>
   </div>
   <div class='ocr_carea' id='block_1_87' title="bbox 1880 4012 3528 4092">
    <p class='ocr_par' dir='ltr' id='par_1_87' title="bbox 1880 4012 3528 4092">
     <span class='ocr_line' id='line_1_87' title="bbox 1880 4012 3528 4092; baseline -0.005 -16"><span class='ocrx_word' id='word_1_646' title='bbox 1880 4016 2204 4092; x_wconf 88' lang='lat' dir='ltr'>speculum,</span> <span class='ocrx_word' id='word_1_647' title='bbox 2239 4015 2591 4088; x_wconf 81' lang='lat' dir='ltr'>virginitatis</span> <span class='ocrx_word' id='word_1_648' title='bbox 2622 4013 2880 4078; x_wconf 88' lang='lat' dir='ltr'>titulum,</span> <span class='ocrx_word' id='word_1_649' title='bbox 2902 4012 3254 4070; x_wconf 87' lang='lat' dir='ltr'>humilitatis</span> <span class='ocrx_word' id='word_1_650' title='bbox 3274 4014 3528 4086; x_wconf 81' lang='lat' dir='ltr'>insigne,</span> 
     </span>
    </p>
   </div>
   <div class='ocr_carea' id='block_1_88' title="bbox 1881 4101 3531 4174">
    <p class='ocr_par' dir='ltr' id='par_1_88' title="bbox 1881 4101 3531 4174">
     <span class='ocr_line' id='line_1_88' title="bbox 1881 4101 3531 4174; baseline -0.005 -10"><span class='ocrx_word' id='word_1_651' title='bbox 1881 4110 2059 4164; x_wconf 90' lang='lat' dir='ltr'>decus</span> <span class='ocrx_word' id='word_1_652' title='bbox 2088 4105 2451 4161; x_wconf 59' lang='lat' dir='ltr'>innocentia).</span> <span class='ocrx_word' id='word_1_653' title='bbox 2488 4105 2756 4160; x_wconf 84' lang='lat' dir='ltr'>Scrutare</span> <span class='ocrx_word' id='word_1_654' title='bbox 2795 4104 2922 4173; x_wconf 86' lang='lat' dir='ltr'>ejus</span> <span class='ocrx_word' id='word_1_655' title='bbox 2971 4101 3285 4170; x_wconf 85' lang='lat' dir='ltr'>canticum,</span> <span class='ocrx_word' id='word_1_656' title='bbox 3336 4104 3531 4174; x_wconf 89' lang='lat' dir='ltr'>potest</span> 
     </span>
    </p>
   </div>
   <div class='ocr_carea' id='block_1_89' title="bbox 1880 4191 3531 4267">
    <p class='ocr_par' dir='ltr' id='par_1_89' title="bbox 1880 4191 3531 4267">
     <span class='ocr_line' id='line_1_89' title="bbox 1880 4191 3531 4267; baseline -0.005 -15"><span class='ocrx_word' id='word_1_657' title='bbox 1880 4196 1983 4252; x_wconf 90' lang='lat' dir='ltr'>tibi</span> <span class='ocrx_word' id='word_1_658' title='bbox 1999 4197 2267 4251; x_wconf 79' lang='lat' dir='ltr'>sufﬁcere</span> <span class='ocrx_word' id='word_1_659' title='bbox 2287 4193 2358 4249; x_wconf 89' lang='lat' dir='ltr'>ad</span> <span class='ocrx_word' id='word_1_660' title='bbox 2382 4191 2862 4264; x_wconf 86' lang='lat' dir='ltr'>compositionem</span> <span class='ocrx_word' id='word_1_661' title='bbox 2881 4207 3131 4245; x_wconf 91' lang='lat' dir='ltr'>morum.</span> <span class='ocrx_word' id='word_1_662' title='bbox 3159 4194 3391 4245; x_wconf 82' lang='lat' dir='ltr'>Intuere</span> <span class='ocrx_word' id='word_1_663' title='bbox 3413 4196 3531 4267; x_wconf 79' lang='lat' dir='ltr'>qua</span> 
     </span>
    </p>
   </div>
   <div class='ocr_carea' id='block_1_90' title="bbox 1882 4275 3553 4350">
    <p class='ocr_par' dir='ltr' id='par_1_90' title="bbox 1882 4275 3553 4350">
     <span class='ocr_line' id='line_1_90' title="bbox 1882 4275 3553 4350; baseline -0.005 -9"><span class='ocrx_word' id='word_1_664' title='bbox 1882 4284 2138 4341; x_wconf 78' lang='lat' dir='ltr'>maxime</span> <span class='ocrx_word' id='word_1_665' title='bbox 2167 4283 2377 4336; x_wconf 84' lang='lat' dir='ltr'>virtute</span> <span class='ocrx_word' id='word_1_666' title='bbox 2414 4281 2540 4335; x_wconf 84' lang='lat' dir='ltr'>nisa</span> <span class='ocrx_word' id='word_1_667' title='bbox 2571 4285 2661 4335; x_wconf 90' lang='lat' dir='ltr'>est</span> <span class='ocrx_word' id='word_1_668' title='bbox 2687 4278 2806 4345; x_wconf 88' lang='lat' dir='ltr'>illa,</span> <span class='ocrx_word' id='word_1_669' title='bbox 2837 4283 2902 4333; x_wconf 87' lang='lat' dir='ltr'>ut</span> <span class='ocrx_word' id='word_1_670' title='bbox 2943 4278 3120 4350; x_wconf 83' lang='lat' dir='ltr'>hujus</span> <span class='ocrx_word' id='word_1_671' title='bbox 3161 4282 3281 4335; x_wconf 88' lang='lat' dir='ltr'>tam</span> <span class='ocrx_word' id='word_1_672' title='bbox 3315 4275 3553 4334; x_wconf 80' lang='lat' dir='ltr'>excelsi</span> 
     </span>
    </p>
   </div>
   <div class='ocr_carea' id='block_1_91' title="bbox 1883 4366 3530 4440">
    <p class='ocr_par' dir='ltr' id='par_1_91' title="bbox 1883 4366 3530 4440">
     <span class='ocr_line' id='line_1_91' title="bbox 1883 4366 3530 4440; baseline -0.004 -11"><span class='ocrx_word' id='word_1_673' title='bbox 1883 4378 1940 4430; x_wconf 92' lang='lat' dir='ltr'>et</span> <span class='ocrx_word' id='word_1_674' title='bbox 1969 4370 2260 4436; x_wconf 89' lang='lat' dir='ltr'>sublimis,</span> <span class='ocrx_word' id='word_1_675' title='bbox 2298 4368 2441 4424; x_wconf 90' lang='lat' dir='ltr'>nulli</span> <span class='ocrx_word' id='word_1_676' title='bbox 2479 4371 2627 4440; x_wconf 87' lang='lat' dir='ltr'>post,</span> <span class='ocrx_word' id='word_1_677' title='bbox 2651 4383 2755 4423; x_wconf 90' lang='lat' dir='ltr'>nec</span> <span class='ocrx_word' id='word_1_678' title='bbox 2778 4371 2946 4422; x_wconf 83' lang='lat' dir='ltr'>antea</span> <span class='ocrx_word' id='word_1_679' title='bbox 2973 4366 3234 4423; x_wconf 87' lang='lat' dir='ltr'>concessi</span> <span class='ocrx_word' id='word_1_680' title='bbox 3266 4367 3530 4423; x_wconf 82' lang='lat' dir='ltr'>muneris</span> 
     </span>
    </p>
   </div>
   <div class='ocr_carea' id='block_1_92' title="bbox 1885 4456 3532 4532">
    <p class='ocr_par' dir='ltr' id='par_1_92' title="bbox 1885 4456 3532 4532">
     <span class='ocr_line' id='line_1_92' title="bbox 1885 4456 3532 4532; baseline -0.003 -14"><span class='ocrx_word' id='word_1_681' title='bbox 1885 4460 2163 4518; x_wconf 90' lang='lat' dir='ltr'>meruerit</span> <span class='ocrx_word' id='word_1_682' title='bbox 2184 4458 2560 4532; x_wconf 60' lang='lat' dir='ltr'>praerogativa</span> <span class='ocrx_word' id='word_1_683' title='bbox 2579 4456 2771 4526; x_wconf 85' lang='lat' dir='ltr'>ditari,</span> <span class='ocrx_word' id='word_1_684' title='bbox 2804 4461 2862 4513; x_wconf 91' lang='lat' dir='ltr'>et</span> <span class='ocrx_word' id='word_1_685' title='bbox 2878 4457 3046 4513; x_wconf 91' lang='lat' dir='ltr'>stude</span> <span class='ocrx_word' id='word_1_686' title='bbox 3059 4460 3344 4529; x_wconf 89' lang='lat' dir='ltr'>quantum</span> <span class='ocrx_word' id='word_1_687' title='bbox 3367 4461 3532 4531; x_wconf 70' lang='lat' dir='ltr'>petes</span> 
     </span>
    </p>
   </div>
   <div class='ocr_carea' id='block_1_93' title="bbox 1883 4544 3533 4619">
    <p class='ocr_par' dir='ltr' id='par_1_93' title="bbox 1883 4544 3533 4619">
     <span class='ocr_line' id='line_1_93' title="bbox 1883 4544 3533 4619; baseline -0.002 -13"><span class='ocrx_word' id='word_1_688' title='bbox 1883 4556 1939 4607; x_wconf 89' lang='lat' dir='ltr'>et</span> <span class='ocrx_word' id='word_1_689' title='bbox 1971 4556 2033 4605; x_wconf 89' lang='lat' dir='ltr'>tu</span> <span class='ocrx_word' id='word_1_690' title='bbox 2064 4567 2189 4605; x_wconf 87' lang='lat' dir='ltr'>eam</span> <span class='ocrx_word' id='word_1_691' title='bbox 2222 4547 2439 4602; x_wconf 88' lang='lat' dir='ltr'>imitari</span> <span class='ocrx_word' id='word_1_692' title='bbox 2466 4564 2478 4601; x_wconf 73' lang='grc' dir='ltr'>ε</span> <span class='ocrx_word' id='word_1_693' title='bbox 2515 4546 2667 4619; x_wconf 91' lang='lat' dir='ltr'>quod</span> <span class='ocrx_word' id='word_1_694' title='bbox 2701 4552 2765 4601; x_wconf 92' lang='lat' dir='ltr'>ut</span> <span class='ocrx_word' id='word_1_695' title='bbox 2795 4546 3074 4618; x_wconf 63' lang='lat' dir='ltr'>quaerenti</span> <span class='ocrx_word' id='word_1_696' title='bbox 3100 4545 3201 4601; x_wconf 88' lang='lat' dir='ltr'>tibi</span> <span class='ocrx_word' id='word_1_697' title='bbox 3236 4544 3403 4602; x_wconf 85' lang='lat' dir='ltr'>facile</span> <span class='ocrx_word' id='word_1_698' title='bbox 3433 4548 3533 4602; x_wconf 49' lang='lat' dir='ltr'>dc;</span> 
     </span>
    </p>
   </div>
   <div class='ocr_carea' id='block_1_94' title="bbox 197 4634 3532 4727">
    <p class='ocr_par' dir='ltr' id='par_1_94' title="bbox 197 4634 3532 4727">
     <span class='ocr_line' id='line_1_94' title="bbox 197 4634 3532 4727; baseline -0.003 -26"><span class='ocrx_word' id='word_1_699' title='bbox 197 4646 287 4701; x_wconf 86' lang='grc'>16.</span> <span class='ocrx_word' id='word_1_700' title='bbox 324 4641 502 4700; x_wconf 84' lang='lat' dir='ltr'>Filius</span> <span class='ocrx_word' id='word_1_701' title='bbox 531 4640 618 4698; x_wconf 89' lang='lat' dir='ltr'>vel</span> <span class='ocrx_word' id='word_1_702' title='bbox 647 4638 768 4697; x_wconf 84' lang='lat' dir='ltr'>ﬁlia</span> <span class='ocrx_word' id='word_1_703' title='bbox 797 4644 908 4697; x_wconf 79' lang='lat' dir='ltr'>es?</span> <span class='ocrx_word' id='word_1_704' title='bbox 950 4640 1238 4696; x_wconf 82' lang='lat' dir='ltr'>Memento</span> <span class='ocrx_word' id='word_1_705' title='bbox 1288 4642 1346 4695; x_wconf 87' lang='lat' dir='ltr'>te</span> <span class='ocrx_word' id='word_1_706' title='bbox 1394 4640 1774 4695; x_wconf 83' lang='lat' dir='ltr'>reverentiam</span> <span class='ocrx_word' id='word_1_707' title='bbox 1804 4661 1852 4727; x_wconf 70' lang='grc' dir='ltr'>Ι)</span> <span class='ocrx_word' id='word_1_708' title='bbox 1882 4643 2098 4707; x_wconf 87' lang='lat' dir='ltr'>currat,</span> <span class='ocrx_word' id='word_1_709' title='bbox 2131 4637 2484 4708; x_wconf 82' lang='lat' dir='ltr'>interrogata</span> <span class='ocrx_word' id='word_1_710' title='bbox 2512 4634 2812 4727; x_wconf 84' lang='lat' dir='ltr'>humiliter</span> <span class='ocrx_word' id='word_1_711' title='bbox 2857 4635 2987 4727; x_wconf 80' lang='lat' dir='ltr'>ipsa</span> <span class='ocrx_word' id='word_1_712' title='bbox 3034 4635 3381 4727; x_wconf 72' lang='lat' dir='ltr'>respondeat</span> <span class='ocrx_word' id='word_1_713' title='bbox 3439 4640 3532 4727; x_wconf 38' lang='lat' dir='ltr'>sa;</span> 
     </span>
    </p>
   </div>
   <div class='ocr_carea' id='block_1_95' title="bbox 124 4724 3558 4806">
    <p class='ocr_par' dir='ltr' id='par_1_95' title="bbox 124 4724 3558 4806">
     <span class='ocr_line' id='line_1_95' title="bbox 124 4724 3558 4806; baseline -0.003 -14"><span class='ocrx_word' id='word_1_714' title='bbox 124 4736 336 4792; x_wconf 91' lang='lat' dir='ltr'>debere</span> <span class='ocrx_word' id='word_1_715' title='bbox 361 4732 699 4806; x_wconf 87' lang='lat' dir='ltr'>parentibus</span> <span class='ocrx_word' id='word_1_716' title='bbox 726 4749 739 4799; x_wconf 89' lang='lat'><strong>;</strong></span> <span class='ocrx_word' id='word_1_717' title='bbox 772 4730 898 4803; x_wconf 90' lang='lat' dir='ltr'>ipse</span> <span class='ocrx_word' id='word_1_718' title='bbox 918 4728 1072 4785; x_wconf 90' lang='lat' dir='ltr'>enim</span> <span class='ocrx_word' id='word_1_719' title='bbox 1107 4727 1454 4801; x_wconf 90' lang='lat' dir='ltr'>Unigenitus</span> <span class='ocrx_word' id='word_1_720' title='bbox 1507 4729 1609 4801; x_wconf 92' lang='lat' dir='ltr'>qui</span> <span class='ocrx_word' id='word_1_721' title='bbox 1658 4746 1773 4784; x_wconf 90' lang='lat' dir='ltr'>non</span> <span class='ocrx_word' id='word_1_722' title='bbox 1805 4724 1839 4727; x_wconf 59' lang='grc'>”</span> <span class='ocrx_word' id='word_1_723' title='bbox 1885 4730 2129 4803; x_wconf 88' lang='lat' dir='ltr'>pienter,</span> <span class='ocrx_word' id='word_1_724' title='bbox 2162 4728 2303 4796; x_wconf 86' lang='lat' dir='ltr'>Quia</span> <span class='ocrx_word' id='word_1_725' title='bbox 2324 4725 2577 4797; x_wconf 66' lang='lat' dir='ltr'>respexit,</span> <span class='ocrx_word' id='word_1_726' title='bbox 2603 4724 2895 4796; x_wconf 87' lang='lat' dir='ltr'>inquiens,</span> <span class='ocrx_word' id='word_1_727' title='bbox 2921 4724 3290 4781; x_wconf 71' lang='lat' dir='ltr'>humilitatem</span> <span class='ocrx_word' id='word_1_728' title='bbox 3309 4725 3558 4782; x_wconf 53' lang='lat' dir='ltr'>ancilla</span> 
     </span>
    </p>
   </div>
   <div class='ocr_carea' id='block_1_96' title="bbox 124 4817 1773 4894">
    <p class='ocr_par' dir='ltr' id='par_1_96' title="bbox 124 4817 1773 4894">
     <span class='ocr_line' id='line_1_96' title="bbox 124 4817 1773 4894; baseline -0.005 -12"><span class='ocrx_word' id='word_1_729' title='bbox 124 4842 196 4881; x_wconf 81' lang='lat' dir='ltr'>ex</span> <span class='ocrx_word' id='word_1_730' title='bbox 223 4825 320 4881; x_wconf 75' lang='grc' dir='ltr'>οι</span> <span class='ocrx_word' id='word_1_731' title='bbox 358 4825 592 4894; x_wconf 86' lang='lat' dir='ltr'>peccato</span> <span class='ocrx_word' id='word_1_732' title='bbox 622 4825 689 4876; x_wconf 92' lang='lat' dir='ltr'>ut</span> <span class='ocrx_word' id='word_1_733' title='bbox 716 4823 800 4889; x_wconf 90' lang='lat' dir='ltr'>tu,</span> <span class='ocrx_word' id='word_1_734' title='bbox 825 4819 926 4876; x_wconf 91' lang='lat' dir='ltr'>sed</span> <span class='ocrx_word' id='word_1_735' title='bbox 959 4836 1028 4875; x_wconf 83' lang='lat' dir='ltr'>ex</span> <span class='ocrx_word' id='word_1_736' title='bbox 1048 4817 1263 4890; x_wconf 89' lang='lat' dir='ltr'>Spiritu</span> <span class='ocrx_word' id='word_1_737' title='bbox 1314 4822 1514 4873; x_wconf 89' lang='lat' dir='ltr'>sancto</span> <span class='ocrx_word' id='word_1_738' title='bbox 1571 4835 1773 4874; x_wconf 89' lang='lat' dir='ltr'>conce-</span> 
     </span>
    </p>
   </div>
   <div class='ocr_carea' id='block_1_97' title="bbox 125 4906 1776 4989">
    <p class='ocr_par' dir='ltr' id='par_1_97' title="bbox 125 4906 1776 4989">
     <span class='ocr_line' id='line_1_97' title="bbox 125 4906 1776 4989; baseline -0.005 -19"><span class='ocrx_word' id='word_1_739' title='bbox 125 4919 283 4989; x_wconf 83' lang='lat' dir='ltr'>ptus,</span> <span class='ocrx_word' id='word_1_740' title='bbox 315 4914 388 4970; x_wconf 87' lang='lat' dir='ltr'>de</span> <span class='ocrx_word' id='word_1_741' title='bbox 416 4910 656 4983; x_wconf 89' lang='lat' dir='ltr'>Virgine</span> <span class='ocrx_word' id='word_1_742' title='bbox 686 4917 859 4965; x_wconf 87' lang='lat' dir='ltr'>natus</span> <span class='ocrx_word' id='word_1_743' title='bbox 876 4913 999 4977; x_wconf 91' lang='lat' dir='ltr'>est;</span> <span class='ocrx_word' id='word_1_744' title='bbox 1028 4913 1337 4980; x_wconf 87' lang='lat' dir='ltr'>postquam</span> <span class='ocrx_word' id='word_1_745' title='bbox 1361 4906 1421 4961; x_wconf 92' lang='lat' dir='ltr'>in</span> <span class='ocrx_word' id='word_1_746' title='bbox 1452 4907 1668 4979; x_wconf 87' lang='lat' dir='ltr'>templo</span> <span class='ocrx_word' id='word_1_747' title='bbox 1690 4908 1776 4962; x_wconf 88' lang='lat' dir='ltr'>in-</span> 
     </span>
    </p>
   </div>
   <div class='ocr_carea' id='block_1_98' title="bbox 122 4994 1773 5075">
    <p class='ocr_par' dir='ltr' id='par_1_98' title="bbox 122 4994 1773 5075">
     <span class='ocr_line' id='line_1_98' title="bbox 122 4994 1773 5075; baseline -0.006 -14"><span class='ocrx_word' id='word_1_748' title='bbox 122 5008 352 5072; x_wconf 85' lang='lat' dir='ltr'>ventus,</span> <span class='ocrx_word' id='word_1_749' title='bbox 390 5003 683 5075; x_wconf 78' lang='lat' dir='ltr'>parentes,</span> <span class='ocrx_word' id='word_1_750' title='bbox 714 4998 771 5055; x_wconf 90' lang='lat' dir='ltr'>id</span> <span class='ocrx_word' id='word_1_751' title='bbox 801 5001 890 5055; x_wconf 85' lang='lat' dir='ltr'>est</span> <span class='ocrx_word' id='word_1_752' title='bbox 917 5000 1163 5053; x_wconf 86' lang='lat' dir='ltr'>matrem</span> <span class='ocrx_word' id='word_1_753' title='bbox 1211 4994 1534 5069; x_wconf 88' lang='lat' dir='ltr'>Virginem,</span> <span class='ocrx_word' id='word_1_754' title='bbox 1585 4999 1641 5052; x_wconf 90' lang='lat' dir='ltr'>et</span> <span class='ocrx_word' id='word_1_755' title='bbox 1667 5013 1773 5051; x_wconf 90' lang='lat' dir='ltr'>nu-</span> 
     </span>
    </p>
   </div>
   <div class='ocr_carea' id='block_1_99' title="bbox 127 5084 1777 5158">
    <p class='ocr_par' dir='ltr' id='par_1_99' title="bbox 127 5084 1777 5158">
     <span class='ocr_line' id='line_1_99' title="bbox 127 5084 1777 5158; baseline -0.006 -8"><span class='ocrx_word' id='word_1_756' title='bbox 127 5092 356 5150; x_wconf 85' lang='lat' dir='ltr'>tritium</span> <span class='ocrx_word' id='word_1_757' title='bbox 386 5088 812 5156; x_wconf 85' lang='lat' dir='ltr'>castissimum,</span> <span class='ocrx_word' id='word_1_758' title='bbox 832 5091 889 5143; x_wconf 88' lang='lat' dir='ltr'>et</span> <span class='ocrx_word' id='word_1_759' title='bbox 908 5087 1038 5143; x_wconf 89' lang='lat' dir='ltr'>ideo</span> <span class='ocrx_word' id='word_1_760' title='bbox 1064 5089 1287 5158; x_wconf 89' lang='lat' dir='ltr'>patrem</span> <span class='ocrx_word' id='word_1_761' title='bbox 1309 5084 1777 5152; x_wconf 87' lang='lat' dir='ltr'>nominatum,de</span> 
     </span>
    </p>
   </div>
   <div class='ocr_carea' id='block_1_100' title="bbox 131 5173 1779 5251">
    <p class='ocr_par' dir='ltr' id='par_1_100' title="bbox 131 5173 1779 5251">
     <span class='ocr_line' id='line_1_100' title="bbox 131 5173 1779 5251; baseline -0.005 -12"><span class='ocrx_word' id='word_1_762' title='bbox 131 5180 456 5239; x_wconf 80' lang='lat' dir='ltr'>divinitatis</span> <span class='ocrx_word' id='word_1_763' title='bbox 487 5195 607 5236; x_wconf 67' lang='lat' dir='ltr'>sua:</span> <span class='ocrx_word' id='word_1_764' title='bbox 638 5176 916 5251; x_wconf 85' lang='lat' dir='ltr'>potentia,</span> <span class='ocrx_word' id='word_1_765' title='bbox 941 5192 1058 5248; x_wconf 87' lang='lat' dir='ltr'>qua</span> <span class='ocrx_word' id='word_1_766' title='bbox 1087 5191 1217 5230; x_wconf 90' lang='lat' dir='ltr'>cum</span> <span class='ocrx_word' id='word_1_767' title='bbox 1245 5173 1410 5230; x_wconf 88' lang='lat' dir='ltr'>Patre</span> <span class='ocrx_word' id='word_1_768' title='bbox 1431 5174 1629 5229; x_wconf 89' lang='lat' dir='ltr'>omnia</span> <span class='ocrx_word' id='word_1_769' title='bbox 1648 5191 1779 5247; x_wconf 81' lang='lat' dir='ltr'>pos-</span> 
     </span>
    </p>
   </div>
   <div class='ocr_carea' id='block_1_101' title="bbox 131 5261 1780 5333">
    <p class='ocr_par' dir='ltr' id='par_1_101' title="bbox 131 5261 1780 5333">
     <span class='ocr_line' id='line_1_101' title="bbox 131 5261 1780 5333; baseline -0.006 -5"><span class='ocrx_word' id='word_1_770' title='bbox 131 5270 330 5329; x_wconf 88' lang='lat' dir='ltr'>sidens</span> <span class='ocrx_word' id='word_1_771' title='bbox 359 5267 671 5333; x_wconf 87' lang='lat' dir='ltr'>inhabitat,</span> <span class='ocrx_word' id='word_1_772' title='bbox 705 5263 1062 5321; x_wconf 87' lang='lat' dir='ltr'>edocuisset:</span> <span class='ocrx_word' id='word_1_773' title='bbox 1095 5268 1152 5319; x_wconf 89' lang='lat' dir='ltr'>et</span> <span class='ocrx_word' id='word_1_774' title='bbox 1181 5262 1264 5318; x_wconf 91' lang='lat' dir='ltr'>illi</span> <span class='ocrx_word' id='word_1_775' title='bbox 1293 5279 1410 5318; x_wconf 91' lang='lat' dir='ltr'>non</span> <span class='ocrx_word' id='word_1_776' title='bbox 1456 5261 1780 5319; x_wconf 83' lang='lat' dir='ltr'>intellexis-</span> 
     </span>
    </p>
   </div>
   <div class='ocr_carea' id='block_1_102' title="bbox 133 5352 1782 5427">
    <p class='ocr_par' dir='ltr' id='par_1_102' title="bbox 133 5352 1782 5427">
     <span class='ocr_line' id='line_1_102' title="bbox 133 5352 1782 5427; baseline -0.005 -10"><span class='ocrx_word' id='word_1_777' title='bbox 133 5365 280 5427; x_wconf 88' lang='lat' dir='ltr'>sent,</span> <span class='ocrx_word' id='word_1_778' title='bbox 310 5356 617 5423; x_wconf 73' lang='lat' dir='ltr'>Descendit,</span> <span class='ocrx_word' id='word_1_779' title='bbox 648 5354 841 5427; x_wconf 88' lang='lat' dir='ltr'>inquit</span> <span class='ocrx_word' id='word_1_780' title='bbox 868 5352 1242 5426; x_wconf 88' lang='lat' dir='ltr'>evangelista,</span> <span class='ocrx_word' id='word_1_781' title='bbox 1272 5368 1398 5407; x_wconf 83' lang='lat' dir='ltr'>cum</span> <span class='ocrx_word' id='word_1_782' title='bbox 1426 5352 1522 5421; x_wconf 87' lang='lat' dir='ltr'>eis,</span> <span class='ocrx_word' id='word_1_783' title='bbox 1553 5356 1606 5408; x_wconf 89' lang='lat' dir='ltr'>et</span> <span class='ocrx_word' id='word_1_784' title='bbox 1630 5354 1782 5408; x_wconf 80' lang='lat' dir='ltr'>venit</span> 
     </span>
    </p>
   </div>
   <div class='ocr_carea' id='block_1_103' title="bbox 131 5441 1778 5519">
    <p class='ocr_par' dir='ltr' id='par_1_103' title="bbox 131 5441 1778 5519">
     <span class='ocr_line' id='line_1_103' title="bbox 131 5441 1778 5519; baseline -0.006 -11"><span class='ocrx_word' id='word_1_785' title='bbox 131 5449 427 5519; x_wconf 75' lang='lat' dir='ltr'>Namreth,</span> <span class='ocrx_word' id='word_1_786' title='bbox 455 5454 509 5504; x_wconf 88' lang='lat' dir='ltr'>et</span> <span class='ocrx_word' id='word_1_787' title='bbox 537 5448 659 5502; x_wconf 84' lang='lat' dir='ltr'>erat</span> <span class='ocrx_word' id='word_1_788' title='bbox 679 5443 927 5501; x_wconf 78' lang='lat' dir='ltr'>subditus</span> <span class='ocrx_word' id='word_1_789' title='bbox 955 5441 1071 5499; x_wconf 84' lang='lat' dir='ltr'>illis</span> <span class='ocrx_word' id='word_1_790' title='bbox 1090 5443 1244 5512; x_wconf 85' lang='lat' dir='ltr'>(Luc.</span> <span class='ocrx_word' id='word_1_791' title='bbox 1276 5459 1335 5510; x_wconf 85' lang='grc' dir='ltr'><strong>ιι,</strong></span> <span class='ocrx_word' id='word_1_792' title='bbox 1365 5442 1478 5510; x_wconf 87' lang='grc'>51).</span> <span class='ocrx_word' id='word_1_793' title='bbox 1502 5444 1617 5496; x_wconf 85' lang='lat' dir='ltr'>Cur</span> <span class='ocrx_word' id='word_1_794' title='bbox 1643 5458 1778 5515; x_wconf 89' lang='lat' dir='ltr'>ergo</span> 
     </span>
    </p>
   </div>
   <div class='ocr_carea' id='block_1_104' title="bbox 135 5529 1779 5611">
    <p class='ocr_par' dir='ltr' id='par_1_104' title="bbox 135 5529 1779 5611">
     <span class='ocr_line' id='line_1_104' title="bbox 135 5529 1779 5611; baseline -0.005 -14"><span class='ocrx_word' id='word_1_795' title='bbox 135 5543 201 5597; x_wconf 90' lang='lat' dir='ltr'>tu</span> <span class='ocrx_word' id='word_1_796' title='bbox 227 5534 565 5611; x_wconf 84' lang='lat' dir='ltr'>dedigneris</span> <span class='ocrx_word' id='word_1_797' title='bbox 594 5533 769 5592; x_wconf 88' lang='lat' dir='ltr'>subdi</span> <span class='ocrx_word' id='word_1_798' title='bbox 795 5532 1299 5606; x_wconf 84' lang='lat' dir='ltr'>parentibus,cum</span> <span class='ocrx_word' id='word_1_799' title='bbox 1321 5534 1378 5586; x_wconf 90' lang='lat' dir='ltr'>et</span> <span class='ocrx_word' id='word_1_800' title='bbox 1408 5529 1651 5586; x_wconf 89' lang='lat' dir='ltr'>nutritio</span> <span class='ocrx_word' id='word_1_801' title='bbox 1672 5547 1779 5588; x_wconf 90' lang='lat' dir='ltr'>suo</span> 
     </span>
    </p>
   </div>
   <div class='ocr_carea' id='block_1_105' title="bbox 201 5635 1777 5725">
    <p class='ocr_par' dir='ltr' id='par_1_105' title="bbox 201 5635 1777 5725">
     <span class='ocr_line' id='line_1_105' title="bbox 201 5635 1777 5725; baseline -0.004 -20"><span class='ocrx_word' id='word_1_802' title='bbox 201 5644 314 5725; x_wconf 78' lang='grc'>(93)</span> <span class='ocrx_word' id='word_1_803' title='bbox 351 5638 825 5725; x_wconf 45' lang='grc' dir='ltr'>γυΙεηίαίἱςίατγι,</span> <span class='ocrx_word' id='word_1_804' title='bbox 856 5637 1041 5725; x_wconf 56' lang='grc' dir='ltr'>ωειιῇ</span> <span class='ocrx_word' id='word_1_805' title='bbox 1061 5638 1326 5725; x_wconf 52' lang='grc' dir='ltr'>Εασίὲξιρς</span> <span class='ocrx_word' id='word_1_806' title='bbox 1357 5635 1477 5725; x_wconf 5' lang='lat' dir='ltr'>ille,</span> <span class='ocrx_word' id='word_1_807' title='bbox 1504 5636 1777 5725; x_wconf 50' lang='lat' dir='ltr'>intelligi:</span> 
     </span>
    </p>
   </div>
   <div class='ocr_carea' id='block_1_106' title="bbox 130 5709 1778 5803">
    <p class='ocr_par' dir='ltr' id='par_1_106' title="bbox 130 5709 1778 5803">
     <span class='ocr_line' id='line_1_106' title="bbox 130 5709 1778 5803; baseline -0.01 -16"><span class='ocrx_word' id='word_1_808' title='bbox 130 5709 246 5800; x_wconf 71' lang='lat' dir='ltr'>tui,</span> <span class='ocrx_word' id='word_1_809' title='bbox 276 5709 383 5803; x_wconf 70' lang='lat' dir='ltr'>ciui</span> <span class='ocrx_word' id='word_1_810' title='bbox 413 5709 639 5781; x_wconf 70' lang='lat' dir='ltr'>u5vtter</span> <span class='ocrx_word' id='word_1_811' title='bbox 665 5713 854 5770; x_wconf 82' lang='lat' dir='ltr'>tactus</span> <span class='ocrx_word' id='word_1_812' title='bbox 874 5715 963 5768; x_wconf 73' lang='lat' dir='ltr'>est</span> <span class='ocrx_word' id='word_1_813' title='bbox 986 5709 1167 5770; x_wconf 70' lang='lat' dir='ltr'>dives.</span> <span class='ocrx_word' id='word_1_814' title='bbox 1191 5709 1404 5770; x_wconf 72' lang='lat' dir='ltr'>Eadem</span> <span class='ocrx_word' id='word_1_815' title='bbox 1428 5710 1602 5775; x_wconf 67' lang='lat' dir='ltr'>sensu</span> <span class='ocrx_word' id='word_1_816' title='bbox 1625 5709 1778 5771; x_wconf 64' lang='grc' dir='ltr'>ηοῦίέ</span> 
     </span>
    </p>
   </div>
   <div class='ocr_carea' id='block_1_107' title="bbox 452 5837 1084 5915">
    <p class='ocr_par' dir='ltr' id='par_1_107' title="bbox 452 5837 1084 5915">
     <span class='ocr_line' id='line_1_107' title="bbox 452 5837 1084 5915; baseline -0.017 0"><span class='ocrx_word' id='word_1_817' title='bbox 452 5843 717 5915; x_wconf 66' lang='grc' dir='ltr'>Ριτκοι.</span> <span class='ocrx_word' id='word_1_818' title='bbox 765 5837 1084 5913; x_wconf 76' lang='lat' dir='ltr'>CXXXVI.</span> 
     </span>
    </p>
   </div>
   <div class='ocr_carea' id='block_1_108' title="bbox 1879 4810 3531 4891">
    <p class='ocr_par' dir='ltr' id='par_1_108' title="bbox 1879 4810 3531 4891">
     <span class='ocr_line' id='line_1_108' title="bbox 1879 4810 3531 4891; baseline -0.005 -15"><span class='ocrx_word' id='word_1_819' title='bbox 1879 4835 2000 4876; x_wconf 65' lang='lat' dir='ltr'>suae</span> <span class='ocrx_word' id='word_1_820' title='bbox 2025 4819 2175 4891; x_wconf 83' lang='lat' dir='ltr'>(Luc.</span> <span class='ocrx_word' id='word_1_821' title='bbox 2207 4833 2246 4881; x_wconf 85' lang='grc' dir='ltr'><strong>ι,</strong></span> <span class='ocrx_word' id='word_1_822' title='bbox 2282 4816 2349 4869; x_wconf 81' lang='grc'>48</span> <span class='ocrx_word' id='word_1_823' title='bbox 2373 4815 2412 4886; x_wconf 91' lang='grc'>),</span> <span class='ocrx_word' id='word_1_824' title='bbox 2448 4814 2589 4868; x_wconf 86' lang='lat' dir='ltr'>Ecce</span> <span class='ocrx_word' id='word_1_825' title='bbox 2620 4830 2815 4884; x_wconf 89' lang='lat' dir='ltr'>causa,</span> <span class='ocrx_word' id='word_1_826' title='bbox 2849 4830 2985 4868; x_wconf 91' lang='lat' dir='ltr'>nam</span> <span class='ocrx_word' id='word_1_827' title='bbox 3008 4818 3065 4869; x_wconf 90' lang='lat' dir='ltr'>et</span> <span class='ocrx_word' id='word_1_828' title='bbox 3090 4812 3199 4869; x_wconf 90' lang='lat' dir='ltr'>hoc</span> <span class='ocrx_word' id='word_1_829' title='bbox 3232 4810 3387 4869; x_wconf 84' lang='lat' dir='ltr'>idem</span> <span class='ocrx_word' id='word_1_830' title='bbox 3402 4814 3531 4884; x_wconf 84' lang='lat' dir='ltr'>jam</span> 
     </span>
    </p>
   </div>
   <div class='ocr_carea' id='block_1_109' title="bbox 1884 4898 3534 4979">
    <p class='ocr_par' dir='ltr' id='par_1_109' title="bbox 1884 4898 3534 4979">
     <span class='ocr_line' id='line_1_109' title="bbox 1884 4898 3534 4979; baseline -0.007 -15"><span class='ocrx_word' id='word_1_831' title='bbox 1884 4908 2022 4965; x_wconf 89' lang='lat' dir='ltr'>olim</span> <span class='ocrx_word' id='word_1_832' title='bbox 2048 4904 2396 4979; x_wconf 84' lang='lat' dir='ltr'>promiserat</span> <span class='ocrx_word' id='word_1_833' title='bbox 2419 4919 2520 4975; x_wconf 81' lang='lat' dir='ltr'>per</span> <span class='ocrx_word' id='word_1_834' title='bbox 2540 4902 2878 4974; x_wconf 86' lang='lat' dir='ltr'>prophetam</span> <span class='ocrx_word' id='word_1_835' title='bbox 2907 4920 2920 4958; x_wconf 90' lang='lat'><strong>:</strong></span> <span class='ocrx_word' id='word_1_836' title='bbox 2944 4901 3025 4957; x_wconf 86' lang='lat' dir='ltr'>Ad</span> <span class='ocrx_word' id='word_1_837' title='bbox 3043 4918 3203 4974; x_wconf 86' lang='lat' dir='ltr'>quem</span> <span class='ocrx_word' id='word_1_838' title='bbox 3220 4898 3534 4972; x_wconf 71' lang='lat' dir='ltr'>respiciam,</span> 
     </span>
    </p>
   </div>
   <div class='ocr_carea' id='block_1_110' title="bbox 1885 4991 3533 5069">
    <p class='ocr_par' dir='ltr' id='par_1_110' title="bbox 1885 4991 3533 5069">
     <span class='ocr_line' id='line_1_110' title="bbox 1885 4991 3533 5069; baseline -0.005 -16"><span class='ocrx_word' id='word_1_839' title='bbox 1885 4995 2178 5069; x_wconf 90' lang='lat' dir='ltr'>inquiens,</span> <span class='ocrx_word' id='word_1_840' title='bbox 2210 4994 2321 5049; x_wconf 83' lang='lat' dir='ltr'>nisi</span> <span class='ocrx_word' id='word_1_841' title='bbox 2349 4992 2418 5047; x_wconf 86' lang='lat' dir='ltr'>ad</span> <span class='ocrx_word' id='word_1_842' title='bbox 2446 4991 2711 5047; x_wconf 86' lang='lat' dir='ltr'>humilem</span> <span class='ocrx_word' id='word_1_843' title='bbox 2733 4994 2784 5046; x_wconf 87' lang='lat' dir='ltr'>et</span> <span class='ocrx_word' id='word_1_844' title='bbox 2814 4993 3061 5063; x_wconf 85' lang='lat' dir='ltr'>quietum</span> <span class='ocrx_word' id='word_1_845' title='bbox 3114 4994 3165 5047; x_wconf 86' lang='lat' dir='ltr'>et</span> <span class='ocrx_word' id='word_1_846' title='bbox 3216 4992 3533 5045; x_wconf 80' lang='lat' dir='ltr'>trementem</span> 
     </span>
    </p>
   </div>
   <div class='ocr_carea' id='block_1_111' title="bbox 1884 5077 3534 5152">
    <p class='ocr_par' dir='ltr' id='par_1_111' title="bbox 1884 5077 3534 5152">
     <span class='ocr_line' id='line_1_111' title="bbox 1884 5077 3534 5152; baseline -0.008 -8"><span class='ocrx_word' id='word_1_847' title='bbox 1884 5101 2154 5144; x_wconf 79' lang='lat' dir='ltr'>sermones</span> <span class='ocrx_word' id='word_1_848' title='bbox 2172 5081 2364 5140; x_wconf 83' lang='lat' dir='ltr'>meos?</span> <span class='ocrx_word' id='word_1_849' title='bbox 2391 5081 2539 5152; x_wconf 85' lang='lat' dir='ltr'>(Isai.</span> <span class='ocrx_word' id='word_1_850' title='bbox 2573 5097 2723 5147; x_wconf 81' lang='lat' dir='ltr'><strong>LXVI,</strong></span> <span class='ocrx_word' id='word_1_851' title='bbox 2753 5084 2807 5135; x_wconf 87' lang='lat'>2.</span> <span class='ocrx_word' id='word_1_852' title='bbox 2839 5084 2860 5150; x_wconf 92' lang='lat'>)</span> <span class='ocrx_word' id='word_1_853' title='bbox 2898 5080 3042 5136; x_wconf 87' lang='lat' dir='ltr'>Tota</span> <span class='ocrx_word' id='word_1_854' title='bbox 3097 5077 3295 5150; x_wconf 83' lang='lat' dir='ltr'>itaque</span> <span class='ocrx_word' id='word_1_855' title='bbox 3354 5092 3534 5132; x_wconf 88' lang='lat' dir='ltr'>causa</span> 
     </span>
    </p>
   </div>
   <div class='ocr_carea' id='block_1_112' title="bbox 1887 5164 3531 5248">
    <p class='ocr_par' dir='ltr' id='par_1_112' title="bbox 1887 5164 3531 5248">
     <span class='ocr_line' id='line_1_112' title="bbox 1887 5164 3531 5248; baseline -0.006 -16"><span class='ocrx_word' id='word_1_856' title='bbox 1887 5172 2229 5248; x_wconf 84' lang='lat' dir='ltr'>perditionis</span> <span class='ocrx_word' id='word_1_857' title='bbox 2260 5175 2471 5226; x_wconf 65' lang='lat' dir='ltr'>nostra;</span> <span class='ocrx_word' id='word_1_858' title='bbox 2493 5168 2786 5241; x_wconf 90' lang='lat' dir='ltr'>superbia,</span> <span class='ocrx_word' id='word_1_859' title='bbox 2810 5172 2931 5224; x_wconf 85' lang='lat' dir='ltr'>tota</span> <span class='ocrx_word' id='word_1_860' title='bbox 2951 5164 3408 5240; x_wconf 83' lang='lat' dir='ltr'>reeuperationis</span> <span class='ocrx_word' id='word_1_861' title='bbox 3429 5164 3531 5222; x_wconf 54' lang='grc' dir='ltr'>θ’</span> 
     </span>
    </p>
   </div>
   <div class='ocr_carea' id='block_1_113' title="bbox 1889 5257 3537 5321">
    <p class='ocr_par' dir='ltr' id='par_1_113' title="bbox 1889 5257 3537 5321">
     <span class='ocr_line' id='line_1_113' title="bbox 1889 5257 3537 5321; baseline -0.006 -1"><span class='ocrx_word' id='word_1_862' title='bbox 1889 5263 2213 5321; x_wconf 88' lang='lat' dir='ltr'>humilitas.</span> <span class='ocrx_word' id='word_1_863' title='bbox 2245 5258 2558 5316; x_wconf 85' lang='lat' dir='ltr'>Humilitas</span> <span class='ocrx_word' id='word_1_864' title='bbox 2588 5262 2776 5313; x_wconf 87' lang='lat' dir='ltr'>mater</span> <span class='ocrx_word' id='word_1_865' title='bbox 2804 5257 3107 5321; x_wconf 88' lang='lat' dir='ltr'>virtutum,</span> <span class='ocrx_word' id='word_1_866' title='bbox 3154 5269 3388 5310; x_wconf 87' lang='lat' dir='ltr'>morum</span> <span class='ocrx_word' id='word_1_867' title='bbox 3446 5259 3537 5310; x_wconf 88' lang='lat' dir='ltr'>est</span> 
     </span>
    </p>
   </div>
   <div class='ocr_carea' id='block_1_114' title="bbox 1889 5341 3534 5415">
    <p class='ocr_par' dir='ltr' id='par_1_114' title="bbox 1889 5341 3534 5415">
     <span class='ocr_line' id='line_1_114' title="bbox 1889 5341 3534 5415; baseline -0.005 -6"><span class='ocrx_word' id='word_1_868' title='bbox 1889 5352 2154 5410; x_wconf 89' lang='lat' dir='ltr'>omnium</span> <span class='ocrx_word' id='word_1_869' title='bbox 2189 5352 2597 5406; x_wconf 90' lang='lat' dir='ltr'>ornamentum</span> <span class='ocrx_word' id='word_1_870' title='bbox 2623 5363 2636 5415; x_wconf 92' lang='lat'><strong>;</strong></span> <span class='ocrx_word' id='word_1_871' title='bbox 2670 5345 2797 5401; x_wconf 88' lang='lat' dir='ltr'>sine</span> <span class='ocrx_word' id='word_1_872' title='bbox 2826 5345 2934 5401; x_wconf 90' lang='lat' dir='ltr'>hac</span> <span class='ocrx_word' id='word_1_873' title='bbox 2963 5345 3148 5401; x_wconf 90' lang='lat' dir='ltr'>virtus</span> <span class='ocrx_word' id='word_1_874' title='bbox 3170 5341 3372 5412; x_wconf 88' lang='lat' dir='ltr'>nulla;</span> <span class='ocrx_word' id='word_1_875' title='bbox 3398 5344 3534 5401; x_wconf 84' lang='lat' dir='ltr'>abs-</span> 
     </span>
    </p>
   </div>
   <div class='ocr_carea' id='block_1_115' title="bbox 1889 5430 3530 5516">
    <p class='ocr_par' dir='ltr' id='par_1_115' title="bbox 1889 5430 3530 5516">
     <span class='ocr_line' id='line_1_115' title="bbox 1889 5430 3530 5516; baseline -0.007 -16"><span class='ocrx_word' id='word_1_876' title='bbox 1889 5459 1999 5516; x_wconf 92' lang='lat' dir='ltr'>que</span> <span class='ocrx_word' id='word_1_877' title='bbox 2029 5459 2097 5499; x_wconf 88' lang='lat' dir='ltr'>ea</span> <span class='ocrx_word' id='word_1_878' title='bbox 2124 5454 2329 5497; x_wconf 89' lang='lat' dir='ltr'>omnes</span> <span class='ocrx_word' id='word_1_879' title='bbox 2359 5437 2604 5491; x_wconf 84' lang='lat' dir='ltr'>virtutes</span> <span class='ocrx_word' id='word_1_880' title='bbox 2626 5450 2742 5489; x_wconf 91' lang='lat' dir='ltr'>non</span> <span class='ocrx_word' id='word_1_881' title='bbox 2771 5432 3016 5490; x_wconf 82' lang='lat' dir='ltr'>virtutes</span> <span class='ocrx_word' id='word_1_882' title='bbox 3047 5436 3207 5499; x_wconf 88' lang='lat' dir='ltr'>sunt,</span> <span class='ocrx_word' id='word_1_883' title='bbox 3246 5432 3348 5490; x_wconf 86' lang='lat' dir='ltr'>sed</span> <span class='ocrx_word' id='word_1_884' title='bbox 3369 5430 3530 5489; x_wconf 89' lang='lat' dir='ltr'>vitia.</span> 
     </span>
    </p>
   </div>
   <div class='ocr_carea' id='block_1_116' title="bbox 1886 5522 3534 5604">
    <p class='ocr_par' dir='ltr' id='par_1_116' title="bbox 1886 5522 3534 5604">
     <span class='ocr_line' id='line_1_116' title="bbox 1886 5522 3534 5604; baseline -0.007 -15"><span class='ocrx_word' id='word_1_885' title='bbox 1886 5531 2146 5604; x_wconf 89' lang='lat' dir='ltr'>Denique</span> <span class='ocrx_word' id='word_1_886' title='bbox 2176 5524 2403 5601; x_wconf 77' lang='lat' dir='ltr'>profero</span> <span class='ocrx_word' id='word_1_887' title='bbox 2431 5522 2538 5579; x_wconf 92' lang='lat' dir='ltr'>tibi</span> <span class='ocrx_word' id='word_1_888' title='bbox 2553 5526 2671 5579; x_wconf 89' lang='lat' dir='ltr'>tres</span> <span class='ocrx_word' id='word_1_889' title='bbox 2703 5539 2820 5578; x_wconf 91' lang='lat' dir='ltr'>uno</span> <span class='ocrx_word' id='word_1_890' title='bbox 2850 5522 3073 5593; x_wconf 89' lang='lat' dir='ltr'>ordine,</span> <span class='ocrx_word' id='word_1_891' title='bbox 3097 5523 3169 5581; x_wconf 87' lang='lat' dir='ltr'>de</span> <span class='ocrx_word' id='word_1_892' title='bbox 3187 5522 3534 5597; x_wconf 73' lang='lat' dir='ltr'>quibus&#39;non</span> 
     </span>
    </p>
   </div>
   <div class='ocr_carea' id='block_1_117' title="bbox 1887 5610 3538 5708">
    <p class='ocr_par' dir='ltr' id='par_1_117' title="bbox 1887 5610 3538 5708">
     <span class='ocr_line' id='line_1_117' title="bbox 1887 5610 3538 5708; baseline -0.008 -7"><span class='ocrx_word' id='word_1_893' title='bbox 1887 5641 1998 5702; x_wconf 77' lang='lat' dir='ltr'>lius</span> <span class='ocrx_word' id='word_1_894' title='bbox 2024 5636 2191 5695; x_wconf 88' lang='lat' dir='ltr'>valde</span> <span class='ocrx_word' id='word_1_895' title='bbox 2220 5637 2786 5708; x_wconf 74' lang='lat' dir='ltr'>novus,_assumptus_,</span> <span class='ocrx_word' id='word_1_896' title='bbox 2819 5630 3177 5708; x_wconf 71' lang='lat' dir='ltr'>allevatitius‘,</span> <span class='ocrx_word' id='word_1_897' title='bbox 3231 5630 3292 5693; x_wconf 87' lang='lat' dir='ltr'>id</span> <span class='ocrx_word' id='word_1_898' title='bbox 3347 5610 3538 5692; x_wconf 62' lang='lat' dir='ltr'>estde</span> 
     </span>
    </p>
   </div>
   <div class='ocr_carea' id='block_1_118' title="bbox 1887 5705 2883 5794">
    <p class='ocr_par' dir='ltr' id='par_1_118' title="bbox 1887 5705 2883 5794">
     <span class='ocr_line' id='line_1_118' title="bbox 1887 5705 2883 5794; baseline -0.008 -23"><span class='ocrx_word' id='word_1_899' title='bbox 1887 5710 2227 5794; x_wconf 81' lang='lat' dir='ltr'>paupertate</span> <span class='ocrx_word' id='word_1_900' title='bbox 2256 5706 2528 5781; x_wconf 66' lang='lat' dir='ltr'>demptus</span> <span class='ocrx_word' id='word_1_901' title='bbox 2558 5705 2617 5763; x_wconf 77' lang='lat' dir='ltr'>et</span> <span class='ocrx_word' id='word_1_902' title='bbox 2640 5705 2883 5763; x_wconf 82' lang='lat' dir='ltr'>levatus.</span> 
     </span>
    </p>
   </div>
   <div class='ocr_carea' id='block_1_119' title="bbox 3182 5831 3219 5896">
    <p class='ocr_par' dir='ltr' id='par_1_119' title="bbox 3182 5831 3219 5896">
     <span class='ocr_line' id='line_1_119' title="bbox 3182 5831 3219 5896; baseline 0 0"><span class='ocrx_word' id='word_1_903' title='bbox 3182 5831 3219 5896; x_wconf 82' lang='lat'><strong>7</strong></span> 
     </span>
    </p>
   </div>
  </div>
