4054 6412
499 381 618 446 203

1415 375 1792 441 RATHERII
1835 374 2081 438 EPISC.
2130 372 2420 440 VERON.
2467 379 2638 438 ()PP.
2686 376 2886 440 PARS
2931 377 2981 440 Ι.

3793 374 3916 436 204

499 516 694 572 valeas
725 511 1012 578 dubitare,
1046 510 1279 582 utrique
1305 510 1568 568 doctores
1609 508 1859 576 miriﬁci,
1911 509 2145 582 utrique
2173 512 2228 580 Α
2257 527 2370 583 que
2401 515 2457 566 et
2485 515 2570 581 tu,
2603 511 3084 584 patremfamilias
3109 512 3334 578 adesse,
3370 515 3426 566 et
3479 514 3536 564 te
3597 509 3668 564 ad
3727 508 3915 563 vineae

501 602 805 678 pontifices
835 599 1076 668 summi,
1100 599 1335 672 utrique
1353 599 1458 656 toti
1479 597 1776 655 mirabiles
1801 598 2148 662 orbi,Romae

505 709 682 763 unus,
713 687 1023 746 Mediolani
1075 687 1237 755 alter,
1295 687 1572 761 Hipponae
1627 687 1858 759 praefuit
1917 687 2146 742 tertius.

504 780 694 850 Nulla,
730 777 924 851 inquit
950 775 1112 850 prior
1144 774 1378 848 {Greg.),
1411 777 1701 846 virginitas
1729 777 1934 843 carnis,
1985 791 2152 847 quam

501 887 614 928 non
652 865 1006 926 commendat
1055 865 1296 920 suavitas
1345 866 1564 920 mentis.
1623 866 1798 921 Decet.
1865 863 1948 919 ait
2003 863 2152 920 alter

505 960 522 1034 (
555 957 755 1014 Ambr.
787 960 829 1024 ),
858 962 918 1010 ut
949 969 1052 1024 quo
1079 955 1278 1009 castior
1293 954 1467 1024 virgo,
1491 957 1641 1008 tanto
1665 953 1932 1008 humilior
1958 953 2048 1007 sit.
2073 952 2153 1008 Me

506 1051 636 1116 lius,
669 1044 860 1118 inquit
886 1041 1093 1097 tertius
1127 1042 1292 1114 (Aug.
1327 1042 1370 1114 ),
1416 1050 1496 1098 est
1555 1041 1766 1097 humile
1809 1041 2146 1113 coniugium,

504 1153 670 1213 quam
693 1135 920 1206 superba
950 1132 1260 1202 virginitas.

975 1221 1096 1276 Trr.
1126 1223 1194 1276 Χ.
1225 1251 1294 1260 -
1317 1221 1392 1275 De
1414 1221 1686 1290 parvulis.

573 1315 660 1370 l9.
687 1310 969 1380 Parvulus
997 1309 1106 1364 es?
1137 1307 1370 1364 Nutriat
1399 1313 1456 1364 te
1488 1307 1582 1364 ille
1639 1309 1696 1363 in
1755 1307 1863 1364 hoc
1918 1307 2147 1377 sreculo,

504 1404 605 1477 qui
636 1399 967 1458 Samuelem
999 1397 1060 1451 in
1091 1396 1326 1468 templo.
1360 1397 1511 1452 Audi
1544 1397 1760 1470 itaque,
1788 1402 1847 1452 ut
1870 1403 2030 1469 potes
2056 1415 2068 1464 ;
2095 1402 2151 1452 et

501 1498 566 1552 tu
597 1497 818 1562 satage,
853 1491 918 1542 ut
947 1490 1110 1558 potes
1136 1503 1150 1553 ;
1172 1489 1228 1540 et
1257 1490 1318 1540 tu
1350 1502 1580 1552 conare,
1610 1491 1674 1542 ut
1720 1493 1919 1558 potes;
1978 1490 2032 1540 et
2087 1489 2150 1541 tu

504 1582 708 1648 nitere,
739 1583 804 1632 ut
834 1581 1034 1648 potes;
1066 1579 1122 1629 et
1145 1580 1206 1630 tu
1238 1591 1500 1647 sequere,
1535 1583 1598 1630 ut
1629 1580 1810 1648 potes,
1844 1580 1928 1645 tu,
1963 1573 2154 1630 dicen-

505 1675 630 1728 tem
661 1664 1018 1739 Sapientiam
1047 1681 1059 1718 :
1096 1665 1373 1736 Usquequo
1403 1665 1630 1736 parvuli
1671 1665 1910 1736 diligitis
1966 1666 2152 1734 infan-

506 1761 647 1816 tiam
667 1756 697 1810 ?
725 1757 909 1830 (Prov.
943 1769 984 1824 1,
1013 1755 1102 1808 22.
1129 1756 1150 1822 )
1182 1752 1335 1808 Scito
1358 1753 1841 1824 patremfamilias
1868 1753 2156 1820 adesse,et

503 1837 762 1918 teipsum
792 1842 892 1898 δεξνί
925 1841 1009 1898 tui
1045 1857 1216 1896 mane
1245 1841 1506 1913 quotidie
1533 1858 1754 1898 vocare.
1796 1841 1946 1897 Dum
1995 1840 2150 1897 enim
2181 1883 2228 1948 Β

502 1931 837 2008 profeceris,
868 1931 1008 1988 dum
1039 1929 1250 2002 legere,
1285 1930 1422 1984 dum
1457 1929 1796 2002 intelligere,
1825 1931 1967 1986 dum
1998 1933 2150 1986 certe

501 2024 860 2095 interrogare
877 2017 1416 2086 volueris,invenies
1433 2019 1720 2090 quosdam
1744 2018 1800 2073 in
1826 2019 2151 2092 quinquen-

507 2111 626 2179 nio,
661 2115 738 2188 et,
773 2109 924 2182 quod
960 2107 1202 2179 majoris
1232 2106 1423 2162 adhuc
1455 2107 1719 2162 miraculi
1757 2113 1847 2163 est
1881 2108 2058 2163 etiam
2088 2107 2148 2163 in

507 2198 780 2267 triennio,
807 2197 877 2252 ad
913 2195 1254 2268 martyrium
1287 2199 1492 2268 sponte
1539 2195 2152 2269 prorupisse,‘sapien-

505 2288 735 2346 tissime
764 2289 820 2342 et
847 2283 1254 2358 potentissime
1291 2282 1489 2339 saeculi
1539 2284 1928 2355 potestatibus
1982 2285 2150 2340 resti-

503 2377 668 2444 tisse,
701 2373 986 2430 miracula
1017 2372 1073 2426 in
1111 2371 1344 2426 nomine
1376 2371 1608 2426 Domini
1639 2372 1985 2438 ostendisse,
2033 2377 2151 2428 tor-

505 2471 706 2524 menta
736 2463 960 2519 fortiter
1019 2460 1323 2528 tolerasse,
1385 2464 1631 2516 tortores
1678 2461 2153 2518 constantissime

506 2553 803 2624 derisisse,
835 2555 1082 2606 mortem
1098 2566 1199 2622 pro
1217 2549 1462 2604 Domino
1482 2566 1592 2604 non
1617 2553 1734 2604 tam
1753 2550 2152 2618 immaturam,

509 2658 690 2716 quam
723 2638 1034 2713 pretiosam
1066 2637 1453 2692 libentissime
1486 2639 1833 2710 suscepisse,
1875 2643 1934 2694 et
1990 2655 2150 2694 coro-

507 2748 648 2788 nam
677 2725 1135 2785 immortalitatis
1165 2741 1298 2780 cum
1331 2725 1527 2798 palma
1554 2727 1826 2796 victoriae,
1857 2727 2042 2800 signis
2095 2731 2154 2783 et

508 2817 810 2876 miraculis
821 2817 891 2874 ad
905 2815 1189 2872 exstincta
1201 2830 1403 2870 eorum
1418 2831 1658 2887 corpora
1673 2814 2148 2884 clarescentibus,

507 2924 571 2964 se
600 2905 912 2980 accepisse,
946 2901 1446 2976 perspicaeissime
1504 2903 1938 2960 demonstrasse
1989 2903 2102 2975 (96)
2133 2921 2146 2972 ;

504 3001 563 3053 et
592 2996 744 3070 quod
777 2995 966 3051 adhuc
1025 2991 1473 3048 incredibilioris
1527 2993 1636 3046 erit
1687 2993 1958 3066 prodigii,
2021 2993 2148 3064 plu-

501 3102 596 3142 res
635 3083 989 3140 fortissimas
1019 3079 1272 3152 virgines
1298 3081 1562 3152 ejusdem
1593 3081 1852 3138 invenies
1908 3081 2030 3150 sivi,
2089 3081 2149 3138 in

499 3173 773 3230 conﬂictu
804 3170 1070 3228 victrices
1101 3167 1338 3236 diaboli,
1370 3187 1475 3242 pro
1506 3187 1700 3226 amore
1724 3170 2038 3244 profecisse
2052 3187 2148 3226 no-

2258 599 2548 654 culturam
2581 605 2744 655 tanto
2776 599 3099 656 studiosius
3127 617 3352 667 vocare,
3404 604 3624 672 quanto
3667 598 3798 670 jam
3857 603 3920 652 et

2259 688 2524 744 membra
2551 689 2810 760 corporis
2840 689 2910 744 ad
2943 688 3329 744 laborandum
3359 693 3416 744 et
3463 703 3672 745 sensus
3714 686 3786 742 ad
3823 685 3916 741 in-

2257 776 2641 850 telligendum
2675 777 2948 834 videntur
2977 795 3235 835 crescere
3260 775 3493 834 mentis.
3517 775 3662 832 Cum
3684 774 3917 830 addita-

2258 869 2452 922 mento
2484 866 2638 921 enim
2669 866 3128 938 conjunctionis,
3155 872 3212 923 te
3242 870 3300 922 et
3339 871 3650 938 sequentes
3706 864 3921 919 invitat

2258 954 2494 1010 dicens:
2529 955 2600 1011 Ite
2624 963 2674 1010 et
2707 971 2792 1011 vos
2831 957 2892 1010 in
2924 957 3138 1012 vineam
3193 973 3373 1011 meam
3431 955 3637 1027 (Matth-
3679 971 3778 1018 xx,
3809 954 3868 1022 7)
3900 969 3915 1020 ;

2259 1043 2416 1114 quod
2449 1042 2584 1100 alibi
2618 1043 2860 1099 clarebit
2890 1061 2994 1099 cur
3023 1043 3216 1100 faciat.
3245 1047 3528 1100 Memento
3550 1041 3726 1098 etiam
3759 1058 3921 1098 mor-

2259 1136 2373 1186 tem
2409 1130 2750 1200 infantibus,
2784 1131 2982 1204 pueris
3015 1131 3431 1204 etjuvenibus,
3464 1129 3598 1186 licet
3630 1131 3918 1185 immatu-

2261 1236 2407 1288 ram,
2441 1224 2636 1276 tamen
2668 1221 2980 1293 improvise
3010 1221 3291 1288 accidere,
3311 1221 3396 1277 uti
3427 1225 3485 1277 et
3503 1219 3745 1276 senibus
3767 1218 3922 1275 acci-

2261 1309 2347 1364 dit
2375 1309 2586 1365 debite.

2599 1399 2719 1452 Trr.
2753 1397 2874 1463 XII,
2909 1430 2975 1438 —
3005 1400 3078 1454 De
3117 1398 3567 1454 adolescentibus.

2331 1487 2420 1541 5|.
2455 1485 2804 1542 Adolescens
2837 1504 2896 1542 es
2919 1486 2946 1541 ?
2968 1487 3116 1542 Audi
3152 1487 3464 1543 Dominum
3492 1504 3506 1542 :
3536 1487 3668 1555 Tibi,
3692 1485 3914 1558 inquit,

2261 1575 2360 1631 68
2391 1577 2530 1642 dico,
2564 1591 2722 1645 surge
2751 1576 2901 1644 (Luc.
2936 1592 3034 1643 vu,
3073 1577 3178 1644 14).
3213 1576 3362 1632 Audi
3401 1581 3460 1632 et
3513 1575 3863 1648 Apostolum
3896 1592 3912 1632 :

2262 1664 2432 1733 Surge
2462 1667 2560 1736 qui
2587 1664 2812 1730 dormis,
2842 1669 2894 1720 et
2923 1681 3155 1736 exsurge
3183 1683 3216 1720 a
3239 1666 3490 1730 mortuis,
3521 1668 3573 1719 et
3617 1663 3914 1719 illumina-

2263 1755 2340 1809 bit
2367 1757 2418 1809 te
2451 1753 2698 1810 Christus
2720 1755 2932 1824 (Ephcs.
2965 1771 3018 1820 ν,
3054 1755 3163 1822 14).
3196 1754 3310 1811 Nec
3341 1769 3707 1822 succenseas,
3749 1753 3912 1825 quod

2262 1846 2382 1897 tam
2414 1841 2752 1898 terribiliter
2782 1847 2838 1898 te
2869 1843 2928 1898 in
2959 1841 3106 1915 ipsis
3159 1842 3326 1898 video
3385 1841 3568 1898 initiis
3617 1841 3912 1909 excitare;

2258 1929 2411 1986 scias
2442 1947 2534 1986 me
2563 1929 2672 1986 hoc
2703 1933 2822 1986 tam
2838 1932 3073 2003 propter
3097 1927 3374 1986 declivem
3394 1929 3466 1985 ad
3484 1929 3686 2004 lapsus
3705 1929 3915 1985 multi-

2257 2036 2438 2092 genos
2469 2037 2638 2092 agere
2668 2019 3010 2091 hujusmodi
3053 2023 3300 2084 aetatem,
3340 2035 3519 2091 quam
3543 2021 3602 2074 et
3654 2019 3918 2090 [subaudi

2259 2109 2513 2180 propter]
2533 2107 2823 2179 bicipitem
2843 2105 3293 2180 inipsointroitu
3308 2106 3532 2163 vivendi
3551 2105 3759 2162 callem
3773 2107 3912 2176 (97):

2261 2196 2415 2268 quod
2473 2195 2664 2251 littera
2720 2195 2822 2250 tibi
2887 2195 3219 2269 Pythagora:
3285 2194 3467 2252 Samii
3517 2195 3667 2252 valet
3719 2213 3914 2253 recor-

2259 2285 2404 2353 dari,
2440 2285 2488 2341 si
2518 2285 2752 2356 quando
2779 2283 2916 2340 dare
2947 2285 3024 2356 [Γ.
3060 2283 3336 2352 nolueris]
3373 2283 3654 2362 .volueris
3697 2283 3911 2342 oblitui

2261 2373 2370 2430 Sed
2404 2378 2461 2428 et
2495 2373 2608 2438 ille,
2643 2373 2744 2446 qui
2779 2378 3067 2440 nostrum,
3102 2374 3259 2446 quod
3289 2373 3648 2439 laboramus,
3689 2374 3818 2445 jam
3848 2375 3911 2430 in

2260 2461 2464 2518 multis
2487 2463 2640 2533 juvit
2685 2461 2816 2534 (98),
2849 2460 3029 2528 anxit,
3061 2461 3308 2528 ornavit,
3327 2465 3386 2517 et
3416 2462 3705 2518 roboravit
3737 2479 3910 2535 opus,

2261 2567 2333 2606 ne
2363 2550 2499 2622 quid
2538 2551 2731 2606 minus
2749 2555 2804 2606 et
2830 2551 2899 2608 ad
2922 2551 2980 2606 id
2997 2547 3408 2624 explicandum
3426 2567 3598 2623 posse
3619 2549 3908 2618 videatur,

2261 2637 2434 2706 adsit,
2467 2655 2626 2710 rogo,
2647 2639 3042 2710 quantocitius
3058 2637 3422 2712 Augustinus
3440 2637 3643 2710 utique
3663 2639 3906 2696 beatus:

2257 2729 2535 2796 Juventus,
2570 2727 2780 2799 inquit,
2808 2728 2878 2783 ad
2907 2743 3146 2784 amorem
3177 2728 3422 2794 liberior,
3461 2727 3533 2784 ad
3554 2729 3769 2801 lapsum
3827 2733 3912 2786 in-

2259 2818 2490 2884 cautior,
2531 2816 2602 2872 ad
2655 2818 3036 2888 inﬁrmitatem
3089 2817 3365 2888 fragilior,
3399 2817 3468 2872 ad
3511 2819 3911 2890 correptionem

2259 2905 2466 2961 durior.
2501 2903 2879 2962 Ecclesiastes
2911 2905 3110 2976 etiam,
3173 2905 3638 2975 Proverbiorum,
3699 2911 3759 2962 et
3807 2913 3908 2964 Sa-

2259 2993 2488 3068 pientiae
2507 2993 2661 3062 libri,
2681 2999 2986 3050 auctorum
3005 2995 3070 3066 [f.
3089 2995 3377 3066 auctores]
3403 2995 3580 3051 etiam
3602 3000 3722 3052 tam
3766 2996 3908 3053 Novi

2259 3100 2436 3154 quam
2469 3082 2689 3139 Veteris
2717 3083 3096 3149 Testamenti,
3131 3089 3248 3138 tam
3285 3085 3503 3139 umbrae
3547 3085 3667 3140 veri
3725 3102 3906 3158 quam

2259 3171 2445 3244 ipsius
2475 3171 2733 3226 veritatis
2763 3172 2874 3226 acti
2907 3171 3205 3244 praesagiis
3237 3171 3334 3243 [al.
3368 3173 3712 3246 praesagus],
3761 3174 3908 3247 quid

497 3263 678 3320 minis
712 3261 948 3319 Christi.
983 3259 1248 3316 Invenies
1279 3275 1512 3331 quoque
1531 3260 1798 3330 ejusdem
1820 3261 2005 3316 aetatis
2027 3260 2141 3315 mi-
2173 3245 2216 3312 C
2256 3260 2327 3316 de
2355 3264 2466 3314 tute
2491 3259 2820 3332 exprimant
2849 3259 3203 3332 proprietate
3219 3260 3426 3328 aetatis,
3463 3245 3682 3332 quibus
3700 3266 3754 3317 te
3774 3245 3917 3318 con-

497 3370 681 3422 seros,
714 3356 847 3424 post
877 3349 1190 3406 remissum
1222 3347 1503 3420 originale
1534 3355 1858 3420 peccatum,
1893 3349 2145 3423 propriis

497 3439 724 3497 meritis
754 3443 1040 3494 mercatos
1071 3437 1384 3504 infernum,
1407 3439 1464 3492 et
1485 3436 1590 3492 hoc
1610 3437 1962 3508 quibusdam
1984 3456 2146 3510 aper-

500 3529 578 3586 tis
607 3527 840 3584 indieiis
869 3527 942 3582 ad
975 3525 1242 3580 notitiam
1273 3529 1631 3582 monstrasse
1654 3525 1978 3595 hominum,
2017 3528 2144 3600 ipso

502 3615 960 3674 misericorditer
985 3613 1373 3687 permittente,
1402 3615 1501 3686 qui
1533 3613 1641 3670 hoc
1675 3615 1743 3670 ad
1792 3620 1904 3671 tuae
1955 3622 2146 3673 caute-

501 3705 572 3764 183
601 3705 778 3764 scribi
805 3703 991 3762 voluit
1019 3701 1373 3776 exemplum.

993 3793 1114 3849 Trr.
1142 3792 1234 3848 XI.
1259 3823 1328 3833 —
1361 3794 1431 3848 De
1456 3795 1664 3864 pueris.

570 3887 656 3942 20.
718 3885 866 3940 Puer
915 3900 977 3939 es
997 3884 1026 3938 τ
1081 3881 1232 3938 Audi
1287 3881 1666 3954 Apostolum:
1728 3885 1903 3940 Nolite
1979 3887 2144 3958 pueri

495 3975 646 4048 efﬁci
671 3975 938 4042 sensibus,
970 3971 1062 4028 sed
1103 3971 1321 4026 malitia
1375 3972 1599 4043 parvuli
1651 3976 1842 4040 estose,
1897 3975 2145 4030 sensibus

493 4073 678 4123 autem
701 4065 930 4138 perfecti
953 4064 1078 4120 sitis
1105 4064 1154 4131 (I
1181 4061 1302 4118 Cor.
1337 4077 1448 4130 xxv,
1509 4061 1623 4134 20).
1680 4062 1916 4119 Imitare
1975 4063 2142 4120 illum

492 4155 564 4211 de
596 4171 710 4226 quo
742 4152 974 4226 legitur,
1009 4151 1149 4224 quia
1173 4151 1492 4223 proﬁciebat
1513 4153 1674 4208 aetate
1701 4154 1752 4206 et
1793 4152 2066 4223 sapientia
2094 4161 2144 4208 et

488 4245 670 4315 gratia
697 4258 881 4299 coram
910 4242 1016 4296 Deo
1047 4245 1098 4297 et
1129 4239 1444 4308 hominibus
1477 4240 1627 4308 (Luc.
1661 4256 1724 4302 ιι,
1755 4239 1872 4312 52).
1925 4241 2142 4296 Secun-

492 4332 635 4389 dum
647 4331 802 4388 enim
816 4330 1179 4386 divinitatem
1197 4333 1352 4384 totus
1367 4343 1609 4384 manens
1625 4327 1934 4401 perfectus,
1957 4347 2142 4403 neque

490 4419 553 4477 in
583 4437 700 4495 quo
729 4419 1034 4493 proﬁceret
1062 4417 1308 4484 habens,
1337 4415 1435 4487 qui
1467 4415 1549 4474 sic
1579 4415 1706 4473 sine
1728 4416 1892 4474 initio
1925 4418 2139 4488 existit,

493 4514 562 4566 ut
591 4525 780 4580 neque
808 4506 1157 4576 defieiendo.
1171 4505 1345 4558 tinem
1377 4504 1632 4576 aliquem
1666 4505 1866 4562 haberi
1916 4507 2136 4579 possit;

2251 3353 2342 3405 tra
2365 3348 2658 3404 instruant
2687 3351 2743 3404 et
2773 3347 3043 3404 muniant
3070 3349 3461 3416 documentis,
3489 3349 3733 3422 longum
3781 3351 3909 3407 edi-

2253 3455 2378 3492 cere
2405 3435 2680 3503 nimis,ne
2708 3436 3194 3508 impedimentum
3223 3438 3299 3494 sit
3327 3437 3606 3510 propositi
3656 3441 3728 3495 ad
3790 3439 3914 3496 alia

2255 3525 2566 3582 tendentis.
2615 3525 2724 3582 Sed
2786 3543 2858 3581 ne
2888 3530 2964 3594 te,
2997 3527 3136 3581 dum
3171 3526 3374 3582 multis
3403 3527 3692 3600 indigeas,
3724 3529 3910 3586 etiam

2251 3614 2549 3688 aliquibus
2575 3615 2878 3673 videamur
2909 3615 3175 3670 fraudare
3199 3633 3212 3684 ;
3235 3616 3558 3686 hortamur,
3587 3617 3639 3672 si
3663 3616 3914 3685 velis,ut

2253 3721 2454 3761 aurem
2483 3703 2676 3760 cordis
2705 3701 3028 3760 Psalmistaa
3058 3704 3340 3760 adhibeas
3371 3703 3563 3774 dictis,
3587 3705 3916 3777 quibusin-

2251 3799 2554 3866 terrogans
2584 3793 2815 3848 tibimet
2845 3809 3170 3866 congruum
3202 3793 3402 3849 statim
3433 3794 3653 3866 accepit
3712 3795 3910 3852 consi-

2251 3882 2397 3938 lium
2424 3900 2436 3938 :
2471 3883 2534 3938 In
2561 3898 2683 3954 quo,
2716 3881 3012 3953 inquiens,
3041 3883 3270 3951 corrigit
3310 3881 3698 3939 adolescentior
3753 3885 3912 3940 viam

2251 3989 2410 4029 suam
2431 3971 2458 4026 ‘?
2491 3974 2550 4027 in
2578 3970 2920 4027 cuslodiendo
2969 3987 3246 4027 sermones
3302 3979 3418 4027 tuos
3473 3972 3643 4041 (Psal.
3705 3989 3912 4042 cxvm,

2249 4063 2326 4130 9).
2360 4061 2506 4116 Nota
2533 4059 2715 4134 igitur
2746 4063 2807 4115 ut
2844 4059 3036 4116 verbis
3091 4059 3402 4134 Augustini
3463 4077 3620 4116 nunc
3668 4078 3911 4136 quoque

2253 4149 2672 4221 ntamur,quod
2691 4167 2804 4205 non
2823 4149 3278 4220 praesumptione
3295 4148 3554 4205 humana
3577 4149 3908 4224 inventum,

2251 4241 2351 4294 sed
2379 4237 2760 4310 inspiratione
2791 4235 2986 4292 divina
3003 4241 3328 4309 acceptum,
3353 4237 3457 4293 tibi
3491 4237 3686 4293 subito
3711 4239 3906 4312 propi.

2251 4333 2348 4384 net
2379 4325 2616 4382 remedii
2646 4325 2940 4396 poculum.
2974 4326 3136 4381 Mens
3166 4326 3321 4382 enim
3342 4331 3464 4395 tua,
3489 4343 3619 4399 quae
3648 4326 3905 4400 degene-

2250 4423 2340 4473 rat
2368 4416 2426 4472 in
2459 4415 2761 4488 stirpibus,
2795 4414 3063 4471 meliores
3099 4415 3266 4472 edere
3315 4416 3538 4472 fructus
3587 4415 3817 4489 incipit,
3851 4419 3908 4476 si

2247 4507 2556 4564 verborum
2589 4501 2908 4559 caelestium
2951 4519 3267 4576 conspersa
3323 4504 3648 4562 seminibus
3705 4505 3904 4576 fuerit,

486 4597 659 4669 juxta
687 4596 1133 4660 humanitatem,
1171 4609 1343 4664 quam
1383 4593 1463 4648 tui
1497 4593 1684 4664 gratia
1714 4596 1952 4666 accepit,
1976 4599 2144 4668 profi-
2171 4621 2216 4684 D
2248 4613 2376 4668 quae
2408 4599 2602 4650 tamen
2627 4591 2724 4647 ille
2753 4591 3001 4648 caelestis
3033 4592 3304 4665 agricola,
3348 4594 3461 4648 nisi
3521 4593 3580 4649 in
3639 4595 3904 4666 quodam

493 4700 626 4741 cere
650 4683 851 4751 voluit,
885 4689 951 4737 ut
979 4681 1104 4750 tibi,
1139 4683 1292 4738 unde
1333 4681 1610 4752 proﬁcere
1658 4683 1919 4748 deberes,
1975 4701 2139 4741 mon-

492 4775 730 4842 straret,
757 4771 874 4828 imo
907 4776 972 4827 ut
1001 4771 1312 4844 proﬁceres
1339 4768 1464 4842 ipse
1495 4773 1819 4841 praestaret.
1847 4772 1998 4829 Scito
2030 4773 2138 4830 ita-

563 4879 678 4953 (96)
719 4879 1040 4953 Construe;
1098 4883 1150 4953 et
1207 4877 1676 4953 perspicacissinie
1727 4876 2137 4953 demonstrasse,

492 4948 667 5023 signis
695 4955 749 5008 et
777 4951 1062 5006 miraculis
1091 4948 1510 5004 clarescentibus
1538 4948 1606 5002 ad
1633 4951 1904 5006 exslincsa
1950 4968 2139 5008 eorum

491 5039 737 5096 corpora,
770 5039 828 5096 se
851 5024 1116 5096 accepisse
1144 5035 1417 5096 coronam.

557 5090 648 5166 97)
682 5090 831 5150 Male
862 5093 919 5148 in
953 5090 1108 5164 vulg.
1142 5093 1382 5162 iniquus.
1433 5090 1564 5166 Mos
1615 5095 1928 5166 construe:
1987 5095 2138 5151 Scias

2248 4702 2419 4741 versu
2450 4683 2563 4754 (99)
2596 4697 2784 4738 serere
2815 4682 3132 4737 consuevit.
3165 4682 3315 4737 Audi
3347 4681 3795 4756 deniquehujus
3813 4701 3908 4740 sa-

2245 4773 2422 4830 tionis
2457 4769 2885 4827 fecundissimaa
2920 4769 3254 4826 ministrum
3282 4787 3294 4826 :
3323 4771 3538 4839 Omnia,
3571 4771 3784 4844 inquit,
3808 4789 3902 4832 ve-

2432 4906 2625 4954 Littera
2654 4903 2978 4968 Pythagora
2996 4901 3300 4954 discrimine
3332 4909 3480 4954 secta-
3506 4905 3709 4954 bicorni

2403 4968 2660 5016 Humana;
2695 4967 2814 5016 τίετε
2844 4967 3072 5030 speciem
3093 4970 3346 5029 praeferre
3381 4968 3604 5017 videtur.
3635 4973 3735 5018 etc.

2313 5094 2422 5156 (98)
2457 5091 2602 5146 Male
2632 5089 2690 5144 in
2722 5089 2972 5162 vulgatis
3003 5093 3156 5147 vivit.
3206 5091 3490 5148 Construe
3519 5097 3711 5149 autem
3737 5110 3752 5150 :
3791 5094 3901 5152 Sed

486 5183 574 5222 me
597 5162 756 5237 agere
785 5167 882 5221 hoc
911 5173 1024 5237 tam
1051 5162 1268 5234 propter
1295 5170 1506 5218 aetatem
1526 5162 1839 5237 hujusmodi
1875 5165 2135 5222 declivem
2245 5173 2295 5220 et
2327 5165 2442 5230 ille,
2474 5163 2808 5232 Augustinus
2833 5163 3025 5237 utique
3042 5165 3259 5237 beatus,
3289 5166 3386 5237 qui
3424 5169 3552 5237 jam
3587 5167 3649 5220 in
3702 5167 3901 5224 multis

487 5237 558 5291 ad
587 5236 768 5308 lapsus
793 5236 1143 5305 muttigenos,
1174 5251 1336 5308 quain
1365 5243 1422 5308 et
1435 5243 1654 5308 propter
1679 5236 1875 5308 callem
1931 5237 2131 5307 becipi-

488 5316 597 5362 tem
627 5305 688 5362 in
718 5309 834 5378 ipso
866 5305 1344 5378 introituvivemli.
1367 5305 1578 5361 Littera
1601 5305 1936 5378 Pythagorae
1957 5305 2128 5378 estY,

489 5395 606 5450 non
638 5377 790 5449 quod
823 5377 1336 5450 eamPythagoras
1367 5377 1668 5450 invenerit,
1700 5395 1762 5432 se

487 5449 619 5522 ipsa
649 5455 924 5522 truncum
958 5449 1012 5504 in
1033 5449 1188 5504 duos
1221 5465 1427 5522 ramos
1444 5449 1694 5522 divisum
1725 5449 2012 5521 praeferat,
2044 5468 2132 5522 ea

486 5518 780 5602 utebatur.
797 5520 1166 5602 Pythagoras,
1200 5525 1288 5602 ut.
1319 5520 1624 5602 bicipitem
1674 5518 1946 5602 humanae
2000 5521 2129 5577 vitae

486 5589 692 5651 callem
722 5589 860 5651 hinc
889 5591 949 5649 in
979 5589 1241 5659 iirtntes,
1275 5591 1410 5648 hinc
1439 5589 1498 5647 in
1528 5591 1668 5647 vitia
1695 5591 2033 5653 tendentem
2051 5611 2132 5654 rev

483 5667 862 5747 praestiterat
887 5681 900 5738 ;
924 5665 1078 5727 unde
1108 5664 1167 5729 in
1199 5663 1427 5742 Virgilii
1457 5661 1868 5742 poematibus:

2231 5237 2400 5310 juvit,
2433 5237 2612 5300 auwiI,
2644 5235 2866 5310 ornavit
2893 5242 2943 5310 et
2971 5234 3242 5310 roboravit
3271 5234 3403 5308 opus
3425 5234 3708 5310 nostrum,
3752 5239 3899 5310 quod

2245 5307 2576 5381 (liberamus,
2610 5305 2976 5381 quantoe-itius
3001 5305 3174 5381 adsit,
3202 5305 3450 5381 regb,_ne
3479 5307 3730 5381 videatur
3739 5305 3898 5381 posse

1868 5375 2130 5448 uia,cum
2240 5375 2684 5505 aliquidtminus,
2715 5379 2768 5431 et
2798 5375 2868 5431 ad
2893 5375 3284 5448 evplicandum'
3327 5379 3417 5435 id:
3473 5375 3754 5435 Iuventus
3797 5384 3892 5438 in-

1868 5450 2012 5505 erat.
2063 5468 2132 5505 ea
2239 5453 2336 5505 aui
2367 5493 2377 5505 .
2411 5466 2441 5505 e
2469 5466 2520 5504 c.

2239 5466 2377 5523 quis.
2411 5466 2520 5505 etc.

2310 5523 2423 5595 (99)
2459 5523 2646 5595 Versus
2679 5533 2780 5595 p_ro_
2810 5517 3039 5595 sulcqa
3085 5522 3278 5595 proba
3336 5525 3484 5595 notis
3543 5521 3892 5595 auctoribus

2239 5589 2540 5668 accipitur.
2572 5589 3056 5674 SiePlinjushlib.
3085 5589 3269 5666 'xvm,
3301 5611 3350 5652 c.
3409 5593 3498 5666 l9,
3556 5593 3620 5652 in
3675 5595 3890 5655 arando

2235 5666 2452 5729 versum
2479 5666 2698 5746 peragis
2723 5666 2980 5742 scripsit.
