4054 6408
196 401 305 461 205

1116 398 1763 472 PRIELOQUIOHUM
1804 398 2015 467 LIBRI
2058 401 2231 464 SEX.
2264 420 2341 448 --'
2373 402 2522 465 LIB.
2568 404 2648 466 II.

3462 409 3585 474 206

197 540 300 589 stre
326 531 538 589 honeste
572 549 696 616 cum
724 532 917 590 ordine
943 534 1083 606 ﬁant
1112 536 1161 603 (1
1191 535 1311 589 Cor.
1339 549 1453 601 xw,
1481 533 1590 603 40).
1625 531 1819 605 Dirige
1846 534 1902 601 Α
1932 532 2088 605 pisse
2119 534 2529 607 perfunctorie,
2563 536 2694 593 dico
2723 541 2897 611 prout
2923 538 3237 609 valee,etsi
3267 558 3384 599 non
3414 546 3590 615 pro’ut

199 623 380 695 itaque
405 622 597 680 cordis
626 624 867 680 obtutus
899 626 971 680 ad
999 624 1162 680 illius
1208 628 1411 691 nutus,
1440 638 1546 677 nec
1576 620 1825 678 tortuosi

198 711 467 784 serpentis
514 712 781 784 sequaris
829 714 1147 769 anfractus.
1196 712 1391 785 Dirige
1436 712 1590 766 viam
1636 711 1709 767 ad
1766 714 1825 766 te

193 800 468 856 venientis
497 800 755 869 Domini,
782 806 970 858 rectas
1000 802 1089 858 fac
1119 803 1361 858 semitas
1412 800 1512 857 Dei
1542 800 1631 856 tui
1671 801 1821 869 (Luc.

194 906 267 955 ιιι,
300 888 373 961 4).
406 888 535 961 Ipse
559 889 717 946 enim
748 891 984 948 nonnisi
1015 891 1110 947 via
1139 892 1403 947 incedere
1428 890 1705 962 dignatur
1733 905 1823 944 re-

194 982 294 1044 cta,
327 978 478 1035 sicut
522 978 593 1034 de
642 977 769 1051 ipso
812 980 955 1035 dicit
1001 979 1321 1053 Scriptura,
1364 979 1494 1044 Vise,
1530 977 1821 1049 inquiens,

192 1067 396 1122 Domini
436 1072 597 1124 recta
629 1071 796 1139 (Dan.
829 1085 914 1135 ιιι,
944 1070 1038 1137 27)
1067 1085 1081 1136 ;
1109 1084 1389 1140 perversae
1438 1070 1633 1122 autem
1685 1069 1828 1122 sunt

192 1156 398 1212 semitae
428 1157 807 1229 reproborum
839 1157 1023 1229 (Prov.
1051 1174 1114 1222 ιι,
1148 1158 1256 1225 15).
1283 1155 1342 1212 Si
1375 1172 1510 1228 ergo
1540 1155 1627 1211 vis
1659 1154 1823 1210 Chri-

193 1250 339 1301 stum
368 1246 556 1318 sequi.
589 1263 708 1318 qua
745 1245 841 1302 ille
872 1244 1382 1314 incedit,.ambula
1427 1244 1538 1311 via,
1571 1261 1644 1300 ne
1674 1244 1744 1300 de
1769 1247 1825 1299 te

190 1335 422 1402 dicatur,
445 1351 479 1390 o
509 1334 608 1407 qui
632 1333 1073 1407 dereliquerunt
1100 1334 1344 1392 semitas
1368 1337 1556 1389 rectas
1588 1333 1822 1405 (IIPetr.

192 1440 244 1491 ιι,
274 1423 376 1496 15).

250 1514 337 1567 22.
366 1512 779 1569 Animadverte
810 1513 949 1585 quid
976 1512 1082 1568 tibi
1113 1510 1342 1568 consilii
1385 1510 1645 1567 melioris
1692 1527 1824 1584 pro-

193 1601 353 1673 pheta
379 1602 674 1675 agendum
726 1602 983 1658 decernit
1030 1601 1088 1656 in
1142 1600 1391 1657 Threnis
1425 1618 1437 1656 :
1472 1602 1702 1666 Bonnm,
1735 1598 1825 1655 in-

191 1690 323 1763 quit,
353 1699 435 1748 est
462 1692 599 1760 viro,
631 1707 762 1747 cum
807 1693 1115 1762 portaverit
1134 1693 1338 1763 jugum
1366 1692 1436 1745 ab
1466 1690 1828 1746 adolescentia

189 1797 279 1836 sua
308 1780 527 1847 (Thren.
560 1796 643 1848 ιιι,
675 1780 790 1849 27).
823 1780 892 1834 Et
931 1780 1101 1850 quasi
1149 1780 1493 1850 interroges,
1527 1795 1632 1834 cur
1676 1778 1828 1834 sua?

190 1869 386 1941 adjecit
407 1869 621 1926 sedebit
646 1869 1031 1939 singulariter,
1067 1878 1118 1924 et
1149 1870 1346 1925 tacebit
1369 1868 1556 1937 (Ibid..
1587 1868 1700 1939 28).
1733 1865 1826 1922 Nil

190 1958 355 2025 aliud,
381 1957 605 2032 inquis,
635 1957 950 2015 utilitatis?
981 1958 1141 2014 Istud
1186 1957 1342 2013 enim
1381 1956 1526 2029 (100)
1558 1956 1828 2012 homines

191 2047 428 2104 maxime
476 2048 763 2119 deputant
805 2046 1066 2103 utilitati.
1120 2047 1379 2118 Denique
1431 2044 1826 2117 constipatum

190 2136 379 2193 multis
405 2136 578 2193 lateri
608 2135 1031 2193 adhaerentium
1072 2136 1337 2192 incedere
1379 2134 1591 2199 turbis,
1624 2132 1827 2191 multis

189 2224 631 2298 obsequentium
661 2224 970 2298 comprimi
1001 2224 1223 2290 cuneis,
1253 2239 1475 2297 magnae
1497 2221 1669 2279 isthic
1686 2221 1825 2277 dici-

189 2319 277 2371 tur
298 2313 617 2372 felicitatis.
649 2314 752 2371 64
779 2315 867 2370 Tu
896 2313 1110 2386 jugum
1143 2312 1223 2387 [id
1255 2317 1334 2368 est
1363 2312 1683 2382 assumere]
1717 2310 1826 2367 tol-

187 2403 293 2460 lere
321 2403 561 2470 suades,
593 2406 661 2457 ut
683 2400 847 2458 solus
877 2402 1133 2468 sedeam,
1167 2418 1300 2456 cum
1345 2400 1563 2456 multos
1612 2400 1828 2455 idcirco

187 2491 392 2559 tollere,
424 2495 500 2547 ut
526 2488 734 2546 multis
764 2489 1136 2556 comitentur,
1157 2487 1744 2561 aspiciam.Sequitur
1772 2490 1828 2542 et

182 2581 387 2654 jungit,
421 2579 568 2653 quid
604 2578 902 2636 solitarius
946 2579 1055 2634 iste
1105 2581 1363 2633 meretur
1395 2593 1408 2631 :
1446 2576 1575 2644 Quis
1605 2575 1824 2642 levabit,

186 2669 382 2743 inquit,
412 2684 583 2742 super
628 2685 687 2724 se
737 2669 951 2740 (Thren.
988 2685 1072 2734 ιιι,
1104 2667 1214 2738 28).
1247 2667 1390 2732 Quo,
1424 2664 1641 2737 inquis,
1676 2663 1825 2720 leva-

185 2759 495 2832 bor‘lquare
523 2756 1053 2830 levabor?nunquid
1087 2760 1150 2811 ut
1180 2757 1250 2812 de
1282 2773 1375 2811 me
1410 2755 1643 2811 dicatur
1675 2772 1687 2810 :
1722 2754 1829 2822 Qui

183 2865 235 2905 se
258 2849 484 2914 exultat,
520 2846 914 2903 humiliabitur
937 2847 1086 2919 (Luc.
1119 2863 1236 2909 xw,
1267 2845 1354 2915 11)
1391 2861 1403 2898 :
1438 2861 1511 2900 an
1542 2848 1608 2899 ut
1637 2842 1826 2899 dicere

185 2938 392 3010 possim
425 2953 440 2992 :
474 2936 715 2992 Elevans
768 2936 997 2991 allisisti
1045 2951 1129 2990 me
1175 2934 1346 3003 (Psal.
1382 2951 1455 3001 αι,
1491 2931 1579 3003 11)
1601 2932 1628 2986 ‘l
1657 2932 1823 3000 Non;

184 3027 275 3083 sed
302 3031 367 3083 ut
394 3027 467 3083 de
505 3029 564 3081 te
591 3023 821 3081 dicatur
853 3042 866 3080 :
919 3025 1025 3093 Qui
1067 3040 1123 3080 se
1164 3023 1444 3089 humiliat,
1494 3020 1828 3077 excitabitur

187 3116 323 3186 (Luc.
354 3131 472 3187 xiv,
527 3114 637 3187 11).
679 3113 787 3170 Et:
835 3114 942 3183 Qui
985 3113 1195 3169 habitat
1242 3114 1301 3168 in
1328 3136 1331 3141 ν
1359 3111 1627 3183 adjutorio
1654 3110 1826 3165 Altis-

184 3207 327 3274 sime,
368 3207 434 3261 in
475 3204 820 3277 proiectione
870 3204 966 3259 Dei
1013 3203 1138 3258 caeli
1183 3202 1617 3258 commorabitur
1655 3199 1822 3272 (Psal.

1933 623 2133 691 debeo,
2168 624 2226 679 in
2258 625 2473 681 bonam
2504 625 2713 699 magis,
2749 644 2929 699 quam
2959 628 3020 685 in
3052 629 3272 687 malam
3302 648 3475 704 posse
3496 647 3586 687 re-

1934 711 2067 766 ferri
2100 712 2567 785 intelligentiam,
2586 714 2811 772 scilicet
2835 720 2901 771 ut
2923 716 3181 776 elevatus
3211 719 3269 775 in
3303 719 3587 777 virtutum

1932 799 2476 870 culmine,allidaris
2507 803 2761 876 gratuito
2790 804 2852 860 in
2884 804 3366 877 humilitateume
3387 808 3590 865 allidat

1934 892 1989 944 te
2031 888 2147 958 ille,
2181 906 2297 945 non
2346 894 2543 947 tamen
2592 893 2654 948 in
2693 893 2918 949 turbine
2964 902 3019 951 et
3066 895 3251 968 lapide
3295 896 3588 966 grandinis

1934 978 2089 1047 (Isai.
2122 995 2256 1043 xxx,
2288 979 2401 1045 30),
2434 980 2534 1036 sed
2567 981 2622 1035 in
2665 982 2870 1052 spiritu
2914 984 3362 1041 mansuetudinis
3391 984 3442 1058 (Ι
3463 984 3586 1042 Cor.

1932 1081 2011 1130 IV,
2042 1067 2154 1138 2i),
2186 1067 2287 1138 qui
2317 1066 2525 1123 elisum
2559 1069 2778 1142 erigere
2807 1070 2960 1126 valet
2995 1073 3355 1129 omnimodis
3413 1073 3584 1146 (Psal.

1935 1170 2095 1223 CXLV,
2119 1156 2197 1227 8),
2231 1155 2330 1227 qui
2360 1155 2548 1228 tangit
2578 1162 2806 1214 montes
2837 1163 2894 1214 et
2923 1159 3216 1234 fumigant
3257 1162 3429 1231 (Psal.
3462 1178 3584 1233 cm,

1934 1244 2046 1314 32),
2080 1244 2556 1317 mortiﬁcansque
2602 1246 2851 1303 vivificat
2879 1247 2927 1320 (Ι
2952 1249 3081 1318 Reg.
3109 1266 3172 1317 ιι,
3200 1250 3275 1319 6),
3309 1250 3584 1307 auferens

1936 1333 2208 1406 spiritum
2240 1333 2358 1390 alta
2388 1334 2765 1406 sapientium,
2798 1340 2863 1392 ut
2891 1338 3185 1406 deﬁciant,
3209 1343 3268 1395 et
3297 1339 3356 1395 in
3388 1340 3586 1412 pulve-

1935 1438 2059 1477 rem
2090 1439 2263 1478 suum
2290 1423 2531 1478 redeant
2561 1424 2855 1495 (Psal.cul,
2875 1426 2989 1498 29),
3012 1425 3121 1483 hoc
3151 1430 3259 1495 est,
3285 1425 3584 1499 pulverem

1936 1528 1999 1567 se
2029 1527 2158 1567 esse
2205 1516 2666 1585 recognoscant;
2699 1512 3042 1585 prmeipiens
3085 1515 3236 1587 (101)
3285 1515 3531 1573 dicendo
3565 1532 3582 1575 :

1938 1601 2148 1669 Quanto
2176 1601 2354 1673 major
2380 1617 2455 1672 es,
2490 1601 2727 1657 humilia
2763 1610 2813 1659 te
2858 1604 2921 1658 in
2966 1604 3222 1661 omnibus
3270 1606 3457 1674 (Eccli.
3497 1622 3582 1674 ιιι,

1935 1690 2028 1758 20)
2056 1707 2069 1757 ;
2104 1690 2185 1744 ita
2215 1689 2371 1746 enim
2404 1690 2622 1747 valebis
2653 1707 3084 1764 recognoscere,
3117 1694 3219 1764 qui
3252 1692 3379 1766 ipse
3422 1693 3584 1750 solus

1937 1779 2101 1851 ponit
2130 1778 2383 1834 humiles
2416 1779 2472 1834 in
2506 1779 2767 1848 sublimi,
2791 1784 2848 1836 et
2877 1786 3185 1838 mmrentes
3213 1782 3386 1855 erigit
3402 1783 3588 1855 scapi-

1934 1871 2073 1935 tate,
2107 1871 2162 1923 et
2192 1867 2272 1922 nil
2306 1868 2534 1924 meritis
2576 1868 2697 1924 tuis
2744 1873 2801 1925 te
2831 1870 3042 1926 debere
3090 1871 3368 1939 tribuere,
3400 1872 3503 1928 sed
3532 1871 3587 1928 ei

1937 1955 2066 2023 soli,
2100 1957 2201 2028 qui
2248 1962 2467 2025 auctor,
2523 1958 2693 2014 dator
2741 1961 2798 2013 et
2844 1962 3248 2016 remunerator
3294 1960 3586 2017 bonorum

1936 2045 2198 2101 noscitur
2225 2062 2372 2102 esse.
2408 2046 2530 2101 Uno
2562 2045 2796 2119 quippe,
2832 2050 2897 2103 ut
2925 2052 3059 2104 ante
3083 2065 3190 2104 nos
3221 2049 3445 2105 dictum
3473 2052 3584 2121 est,

1937 2134 2128 2190 inanis
2157 2134 2352 2206 glorize
2385 2133 2540 2189 mala
2569 2152 2604 2190 a
2633 2136 2887 2192 summis
2918 2137 2989 2192 ad
3022 2136 3371 2207 inﬁma,imo
3394 2138 3589 2194 humi-

1936 2223 2117 2279 litatis
2146 2223 2299 2279 bono
2330 2224 2400 2278 ab
2433 2222 2653 2279 infimis
2684 2223 2875 2280 revehi
2906 2223 3061 2280 vales
3093 2225 3165 2281 ad
3199 2225 3583 2282 summa.Sed

1936 2314 1986 2369 si
2018 2312 2209 2368 adhuc
2239 2311 2510 2384 requiris,
2544 2327 2649 2366 nec
2674 2311 2779 2366 tibi
2811 2310 3180 2368 satisfactum
3206 2313 3417 2383 credis,
3438 2329 3586 2386 quo-

1936 2401 2111 2456 modo
2142 2416 2319 2472 super
2347 2403 2402 2457 te
2432 2399 2608 2455 levari
2641 2400 3284 2472 possis,scias,docente
3312 2400 3586 2475 Apostolo

1937 2489 2314 2563 (Sapientia):
2350 2490 2495 2557 Quia
2526 2504 2718 2560 corpus
2760 2489 2900 2562 quod
2947 2491 3357 2562 corrumpitur;
3386 2507 3589 2560 aggra-

1936 2588 2023 2637 vat
2070 2581 2316 2641 animam
2369 2577 2628 2651 (Sup.1v,
2682 2579 2792 2647 15).
2836 2578 2951 2635 Nec
3000 2578 3221 2651 erigere
3273 2594 3401 2637 sese
3450 2580 3592 2652 quia

1936 2669 2063 2725 suis
2092 2666 2316 2723 viribus
2347 2665 2502 2722 valet
2551 2667 2620 2722 ad
2675 2683 2931 2736 summa,
2964 2666 3077 2723 nisi
3126 2666 3289 2724 illius
3335 2667 3591 2725 elevatur

1935 2757 2142 2832 gratia,
2176 2755 2274 2828 qui
2306 2755 2489 2811 nostri
2554 2772 2733 2812 causa
2783 2755 3085 2812 descendit
3113 2757 3185 2813 ad
3221 2756 3586 2815 ima.Verum

1936 2845 2075 2919 quia
2107 2845 2165 2901 in
2192 2844 2321 2912 hoc,
2355 2845 2509 2915 quod
2542 2845 2627 2899 tui
2658 2861 2838 2901 causa
2868 2844 3039 2917 posui
3069 2844 3428 2917 testimonio,
3465 2863 3584 2903 non
3624 2833 3638 2851 ’

1933 2939 2164 2999 tantum
2198 2934 2399 2989 levabit
2441 2949 2605 3005 super
2649 2949 2706 2989 se
2752 2932 2990 3001 dicitur,
3024 2933 3126 2989 sed
3177 2933 3375 3002 etiam,
3424 2935 3583 3007 quod

1935 3022 2243 3096 paululum
2273 3021 2524 3077 refutare
2549 3021 2647 3078 05
2680 3021 2843 3077 visus
2890 3025 2998 3089 est,
3029 3022 3234 3079 sedebit
3274 3024 3580 3092 solitarius,

1933 3121 1984 3169 et
2015 3112 2207 3168 tacebit
2234 3109 2448 3171 (Thren.
2504 3126 2589 3178 ιιι,
2633 3108 2745 3177 28),
2794 3126 2910 3166 non
2956 3113 3330 3166 transeunter
3375 3127 3583 3168 censeo

1935 3200 2362 3273 accipiendum,
2413 3198 2516 3253 sed
2571 3213 2922 3270 magnopere
2973 3199 3412 3271 inquirendum,
3452 3198 3586 3272 ipsa

187 3310 268 3362 xc,
299 3271 352 3364 1)
383 3311 399 3349 :
426 3271 620 3366 tuque
650 3293 914 3367 gaudens
942 3292 1134 3366 possis
1162 3295 1412 3347 cantare:
1439 3291 1681 3346 Tenuisti
1708 3305 1825 3344 ma-
1851 3271 1895 3337 C
1935 3271 2118 3347 sessio
2143 3294 2200 3344 et
2230 3287 2597 3344 taciturnitas
2629 3303 2755 3359 quae
2786 3286 2872 3342 vel
2903 3287 3001 3354 sit,
3029 3287 3242 3360 quidve
3275 3286 3389 3345 sibi
3418 3287 3581 3344 velit.
3645 3316 3648 3319 -

188 3400 311 3440 num
356 3383 649 3440 dexteram
691 3396 892 3450 meam,
920 3388 971 3437 et
1016 3382 1074 3437 in
1120 3380 1395 3436 voluntate
1433 3386 1526 3434 tua
1555 3378 1832 3435 deduxisti

188 3489 280 3537 me,
311 3480 522 3529 etcum
548 3470 733 3541 gloria
773 3471 1120 3542 assumpsisti
1162 3485 1249 3524 me
1279 3468 1448 3540 (Psal.
1485 3484 1656 3534 Lxxu,
1689 3466 1781 3538 2A)
1812 3483 1825 3522 :

190 3560 465 3634 multique
498 3559 563 3615 in
592 3558 823 3626 tui,imo
854 3558 951 3614 Dei
981 3557 1154 3614 laude
1180 3556 1410 3613 valeant
1438 3555 1627 3612 dicere
1654 3572 1668 3610 :
1700 3558 1831 3611 Bea-

187 3658 266 3706 tus
293 3667 452 3724 quem
478 3649 702 3719 elegisti
728 3653 781 3704 et
809 3648 1172 3719 assumpsisti,
1208 3645 1543 3701 inhabitabit
1576 3646 1638 3701 in
1667 3645 1830 3700 atriis

188 3741 285 3797 tuis
325 3740 503 3813 (Psal.
538 3730 691 3806 inv,
721 3736 800 3809 5).
833 3738 956 3804 Quo
988 3735 1184 3791 autem
1217 3738 1273 3791 te
1304 3734 1504 3802 elevet,
1537 3734 1830 3806 interroga

188 3828 420 3886 Paulum
439 3844 454 3883 :
475 3828 591 3898 Qui
606 3842 728 3895 nos,
748 3825 961 3898 inquit,
983 3824 1449 3890 conresuseitavit,
1470 3830 1523 3879 et
1547 3821 1830 3879 consedere

185 3919 300 3987 fecit
326 3920 390 3974 in
413 3914 730 3972 coelestibus
761 3913 969 3987 (Ephes.
1000 3928 1060 3980 ιι,
1092 3913 1170 3983 6).
1210 3913 1453 3984 ipseque
1492 3910 1777 3966 Dominus
1812 3927 1825 3966 :

191 4006 280 4062 Ubi
302 4023 427 4064 sum
455 4004 712 4078 ego,illic
740 4011 791 4061 et
812 4004 1070 4059 minister
1092 4017 1245 4058 meus
1274 4002 1382 4056 erit
1409 4002 1584 4069 (Joan.
1619 4017 1716 4065 xu,
1747 4000 1825 4071 6).

188 4093 450 4152 Ministra
478 4107 620 4167 ergo
662 4090 914 4159 Christo,
946 4094 1005 4148 ct
1045 4090 1161 4146 eris
1200 4106 1338 4146 cum
1390 4088 1640 4145 Christo.
1674 4087 1828 4143 Ubi?

192 4184 515 4249 Videntibus,
543 4181 761 4255 inquit,
790 4181 928 4247 illis,
955 4181 1192 4237 elevatus
1220 4187 1317 4247 est,
1358 4182 1408 4234 et
1435 4178 1604 4233 nubes
1648 4193 1823 4233 susce-

181 4274 257 4343 pit
280 4289 404 4330 eum
431 4275 505 4330 ab
528 4272 705 4329 oculis
731 4287 921 4327 eorum
944 4270 1079 4342 (Act.
1124 4286 1164 4333 ι,
1191 4269 1268 4339 9),
1301 4266 1628 4323 dicentibus
1653 4281 1827 4338 ange-

186 4359 254 4418 lis
284 4379 297 4419 :
330 4364 432 4419 Hic
474 4364 632 4420 Iesus
678 4360 777 4432 qui
823 4367 1130 4431 assumptus
1174 4366 1250 4413 est
1280 4375 1315 4412 a
1363 4357 1515 4412 vobis
1545 4357 1605 4411 in
1631 4356 1830 4410 cwlum

186 4450 357 4523 (Ibid,
391 4452 625 4525 11),etc.
645 4449 706 4505 Si
727 4462 863 4523 ergo
892 4448 980 4504 vis
1012 4448 1082 4503 ad
1116 4446 1281 4502 illum
1313 4445 1622 4519 pertinere,
1658 4445 1829 4501 stude

186 4543 387 4598 terram
418 4541 494 4597 de
526 4539 703 4596 corde
735 4553 1002 4611 purgare,
1038 4540 1100 4592 ut
1129 4535 1432 4608 expeditus
1462 4539 1521 4591 et
1550 4532 1829 4601 liber,vir-

1939 3374 2227 3434 Fortassis
2266 3376 2699 3446 consequenter
2740 3372 2977 3443 lucebit,
3012 3374 3151 3446 quia
3194 3374 3480 3447 gravitate
3528 3378 3588 3433 et

1938 3464 2228 3522 munditia
2257 3463 2471 3531 cordis,
2501 3466 2677 3535 atque
2707 3461 2941 3519 silentio
2969 3463 3109 3531 oris,
3143 3463 3331 3520 virtus
3360 3463 3589 3537 paritur

1938 3557 2143 3612 divinae
2175 3551 3198 3625 contemplationis;contemplatione
3229 3556 3425 3609 autem
3448 3569 3586 3610 eon-

1937 3660 2138 3700 sessus
2169 3641 2491 3714 acquiritur
2518 3640 2772 3714 ipse,qui
2802 3645 2860 3696 et
2886 3640 3428 3715 imitatur(subaudi
3454 3648 3589 3699 con-

1937 3731 2191 3801 sessum)
2222 3731 2385 3804 regni
2416 3728 2669 3786 cmlestis
2720 3729 2792 3785 ab
2823 3730 2982 3786 omni
3033 3729 3261 3787 scilicet
3302 3730 3586 3804 cupiditia

1937 3839 2002 3878 ac
2023 3823 2157 3877 faece
2177 3837 2373 3877 rerum
2406 3818 2744 3894 mortalium
2775 3818 3035 3876 cohibita
3056 3823 3113 3877 et
3139 3818 3401 3894 eliquata
3430 3819 3583 3894 cogi-

1935 3912 2158 3968 tatione
2189 3909 2424 3965 mentis.
2719 3892 2735 3903 ”

2006 4002 2094 4056 24.
2127 4001 2208 4055 Nc
2234 3999 2429 4071 itaque
2459 3998 2657 4069 vagari
2702 3997 2979 4069 incipiam
3027 4013 3130 4069 per
3173 3996 3381 4065 multa,
3413 3998 3580 4053 adest

1937 4090 2128 4146 adhuc
2157 4105 2360 4145 recens
2387 4086 2447 4143 in
2478 4087 2722 4142 auribus
2745 4102 2967 4157 ea,quae
2990 4086 3162 4141 modo
3189 4085 3249 4140 in
3272 4083 3586 4158 Evangelia

1937 4179 2153 4246 sonuit,
2188 4179 2409 4243 Maria;
2444 4179 2606 4231 sexta
2633 4175 2791 4230 enim
2824 4173 3059 4246 septimi
3093 4173 3313 4230 mensis
3343 4173 3416 4253 ab
3446 4172 3587 4229 anni

1936 4267 2293 4324 revolutione
2324 4267 2495 4339 (102),
2529 4263 2717 4321 octavi
2749 4269 2944 4318 autem
2977 4263 3052 4318 ab
3082 4262 3295 4334 hujus.
3322 4274 3449 4334 quae
3493 4278 3589 4319 me

1937 4355 2357 4429 deprimit,imo
2378 4353 2571 4409 erudit
2601 4351 2953 4407 calamitatis
2977 4350 3460 4417 accessione,haac
3478 4350 3588 4408 rite

1936 4444 2188 4502 occurrit
2210 4443 2381 4500 lectio
2414 4442 2566 4498 seria
2596 4442 2648 4513 [f
2664 4441 2848 4513 feria],
2883 4456 3001 4496 non
3033 4454 3266 4513 parum,
3300 4443 3365 4496 ut
3388 4439 3587 4509 credo,

1936 4538 2168 4592 auctore
2198 4532 2417 4603 Deo,ad
2439 4530 2495 4585 id
2514 4530 2668 4603 quod
2688 4528 3134 4603 imaginandum
3159 4528 3591 4603 suscepi,colla-

184 4628 369 4684 tutum
400 4626 639 4702 pennis,
667 4624 830 4682 nullo
858 4624 1081 4682 scilicet
1124 4624 1356 4692 horum,
1391 4622 1607 4695 quibus
1655 4637 1827 4693 supe-
1857 4640 1903 4704 Ι)
1934 4630 2085 4681 tura.
2115 4622 2434 4677 Videamus
2464 4620 2682 4692 itaque,
2715 4622 2780 4674 ut
2804 4619 3489 4688 credamus;credamus,
3522 4621 3591 4676 ut

185 4715 299 4773 rius
327 4721 383 4774 te
412 4715 649 4772 inhiare
682 4715 1045 4784 monstrasti,
1076 4714 1234 4770 visco
1265 4713 1603 4785 impeditus,
1631 4712 1687 4766 in
1722 4727 1829 4767 caa-

185 4802 319 4875 lum,
350 4805 457 4864 ubi
487 4804 591 4862 ille
621 4807 729 4872 est,
761 4803 955 4877 possis
982 4803 1388 4861 conscendere.

247 4894 334 4950 23.
367 4894 537 4960 Quod
587 4899 785 4950 autem
838 4892 1056 4962 dixisti,
1107 4891 1263 4948 nolle
1310 4895 1365 4946 te
1409 4888 1709 4963 conqueri,
1740 4889 1828 4944 di-

187 4983 357 5039 cendo
386 4984 609 5040 elevans
636 4983 866 5039 allisisti
892 4999 998 5043 me.
1032 4998 1103 5037 ne
1136 4982 1280 5036 forte
1310 4997 1404 5036 me
1450 4984 1618 5051 putes
1667 4995 1828 5034 acce-

253 5088 396 5164 (100)
422 5090 531 5147 Hic
558 5091 709 5148 enim
736 5105 842 5163 pro
871 5091 1144 5146 enimzem
1181 5086 1397 5143 ironice
1427 5085 1830 5158 accipiendum

192 5170 293 5216 est.

192 5178 402 5358 θεζίοί)
432 5232 610 5358 Vulg.
645 5233 925 5314 mendose
952 5232 1277 5313 percipiens.
1336 5299 1343 5304 .

282 5304 402 5358 102)
434 5304 520 5358 De
574 5307 797 5358 actione
823 5303 1108 5358 louu1tur.
1135 5319 1252 5358 uua
1300 5316 1343 5356 ει

282 5298 402 5376 102)
434 5304 520 5361 De
551 5298 797 5376 lectione
823 5298 1115 5376 loquitur,
1135 5319 1252 5375 qua
1275 5299 1365 5376 ⁸εει)
1415 5298 1527 5367 die,
1561 5316 1675 5376 quo
1715 5299 1835 5356 haec

196 5372 503 5444 scribebat,
535 5372 1237 5448 evangelium'legebat'ur
1258 5372 1344 5448 de;
1360 5373 1678 5448 peccatrice
1693 5388 1839 5448 pon-

192 5462 353 5519 versa
381 5463 394 5502 :
430 5443 658 5519 Rbgavit
684 5443 882 5505 'Jesum
911 5443 1137 5519 quidam
1180 5444 1507 5518 pharisaeus.
1547 5446 1658 5499 etc.
1693 5443 1839 5498 Hinc

197 5517 523 5575 hodiernam
546 5520 830 5575 lectionem
870 5517 933 5574 et‘
956 5517 1238 5575 lectionem
1283 5521 1606 5587 praesentem
1650 5518 1836 5587 vocat,

198 5604 318 5673 quae
349 5590 508 5647 modo
536 5591 1071 5673 sonuit.l.egcbatur
1101 5584 1295 5673 autem
1317 5584 1838 5673 liochangelium,

196 5658 276 5719 uti
305 5678 465 5719 nunc
498 5658 981 5747 quoque-legitur,
996 5664 1159 5747 sexta
1179 5658 1606 5747 ferianuatuor
1622 5660 1843 5747 tempo-

200 5748 329 5803 tum
358 5728 581 5801 maniis
610 5728 991 5821 Septembris.
1025 5732 1126 5817 qui
1155 5728 1375 5796 mensis
1406 5728 1693 5809 septimus
1739 5728 1841 5813 ap.

1934 4709 2412 4775 videamus.Quid
2445 4712 2535 4765 est
2560 4707 2716 4781 quod
2744 4707 2901 4764 dico?
2923 4708 3247 4765 Videamus
3281 4708 3463 4764 Deum
3497 4724 3590 4764 so-

1936 4802 2058 4858 lum
2088 4816 2237 4867 esse,
2260 4797 2358 4870 qui
2391 4796 2606 4853 revelat
2636 4796 2925 4853 absconsa
2955 4798 3026 4853 de
3082 4796 3358 4865 tenebris,
3390 4795 3591 4853 creda-

1939 4890 2279 4962 musipsum
2295 4884 2805 4960 semper,maxime
2817 4889 3012 4943 autem
3028 4886 3100 4943 de
3115 4902 3179 4943 se
3190 4883 3588 4958 loquentibus,

1941 4983 2283 5054 praesentem
2316 4994 2445 5033 esse
2475 4974 2664 5031 nobis.
2697 4976 3024 5032 Credamus
3055 4992 3123 5032 ea
3170 4991 3296 5047 quae
3328 4973 3592 5030 nondum

1942 5083 2413 5160 pellatur.Quare
2441 5085 2620 5160 sexta,
2650 5079 2707 5136 id
2740 5086 2829 5137 est
2859 5081 3022 5160 feria,
3048 5081 3270 5160 septimi
3295 5077 3495 5134 mensis
3512 5077 3590 5160 ‘ab

1942 5146 2081 5215 anni
2100 5146 2431 5212 revolutione
2464 5152 2572 5208 hoc
2605 5151 2731 5208 loco
2774 5146 3027 5220 notatur,
3061 5146 3119 5222 et
3146 5154 3276 5222 post
3308 5146 3592 5222 nonnulla

1945 5228 2181 5312 quidem
2214 5226 2471 5312 numBQ,
2493 5241 2667 5312 quem
2700 5218 3254 5312 ppstridiescripsit,
3278 5218 3590 5312 aliamlleuc-

1947 5292 2167 5356 tionem
2191 5292 2583 5368 evangelicam
2616 5292 2815 5368 laudat
2844 5294 3018 5368 hodie,
3043 5292 3255 5364 inquit,
3287 5294 3588 5368 recitatum,

1949 5371 2232 5427 nimirum
2263 5363 2660 5439 evangelicum
2694 5365 2763 5439 de
2786 5364 2897 5419 ticii
2920 5363 3313 5439 arbo_re,_quod
3337 5363 3592 5439 Sabbato

1948 5448 2201 5516 quatuor
2229 5434 2560 5516 temporum
2593 5437 2857 5516 ejusdem
2888 5434 3110 5516 mensis
3151 5434 3387 5516 lcgitur:
3413 5434 3593 5516 Septif

1946 5506 2070 5571 mus
2110 5517 2303 5570 autem
2344 5506 2573 5572 mensis,
2604 5507 2720 5578 sive
2768 5506 3106 5578 September
3151 5506 3425 5565 Ratherio
3471 5506 3597 5563 erat

1949 5594 2165 5645 octavus
2189 5584 2261 5638 ab
2293 5582 2420 5650 ejus
2450 5577 2804 5651 calamitate,
2835 5577 2972 5651 quia
3001 5577 3223 5635 scilicet
3261 5595 3460 5636 mense
3491 5579 3596 5651 Ee-

1949 5656 2185 5715 bruario
2212 5648 2416 5786 captus
2447 5649 2656 5734 fuerat.
2688 5652 2745 5707 et
2791 5648 3224 5725 in‘Papiensem
3254 5650 3465 5717 turrim
3495 5649 3597 5714 de.

1952 5730 2184 5786 ductus.
2211 5725 2289 5786 ub
2340 5723 2499 5786 hunc
2527 5720 2747 5786 librum
2776 5721 3127 5786 luoubravit.
3556 5726 3562 5736 '

1952 5730 2184 5802 ductus.
2211 5720 2311 5791 ubi
2340 5723 2499 5789 hunc
2527 5720 2747 5787 librum
2776 5720 3127 5789 luoubi‘avit.
