4054 6392
147 337 252 410 Si?

1049 333 1700 413 PRELOOUI‘ORUM
1740 333 1943 404 LIBBI
1985 339 2163 404 SEX.
2194 371 2276 392 ιιι-
2305 337 2450 404 LIB.
2495 338 2604 404 III.

3399 339 3527 410 ’218

151 491 238 530 res
263 471 319 528 in
342 465 632 544 trigonum
665 469 900 540 ductus,
930 470 1130 534 decem
1161 478 1220 530 ct
1247 477 1380 530 ’octo
1427 473 1582 530 facit.
1616 475 1762 540 Quia
1791 481 1842 546 Α
1873 475 2246 548 capessendae
2271 473 2478 532 salutis
2511 475 2800 548 acquiras;
2835 480 2890 532 et
2919 490 2994 534 ne
3019 475 3376 536 inveteratus
3406 481 3524 538 die-

148 579 265 637 ergo
291 562 478 628 homo,
511 561 614 634 qui
646 566 806 622 sexto
835 561 928 618 die
961 560 1148 618 factus
1163 567 1270 631 est,
1304 564 1556 636 perfecta
1587 581 1764 636 opera

149 653 338 710 habere
361 651 566 718 noluit,
599 651 700 708 sed
729 655 864 707 ante
913 651 1121 724 legem,
1155 653 1262 709 sub
1295 647 1440 726 lege,
1499 659 1672 725 atque
1702 654 1762 710 in

149 740 294 796 initio
323 739 646 796 inchoantia
675 741 872 812 gratiae
905 740 1174 798 inﬁrmus
1203 741 1440 808 exstitit,
1474 743 1674 797 decem
1705 745 1764 798 et

147 833 258 886 octo
283 828 445 894 annis
477 828 688 888 mulier
717 847 892 888 curva
933 830 1062 884 fuit.
1097 852 1124 878 ››
1155 832 1342 903 Atque
1397 835 1524 902 post
1577 849 1763 904 pauca

149 919 251 991 {ubi
271 934 384 988 sap.
407 935 465 972 η.
497 917 576 987 7);
611 940 638 968 (ι
671 917 1020 988 Plerumque
1051 917 1318 975 videmus
1367 936 1493 990 quae
1539 921 1762 992 agenda

147 1011 284 1072 sunt,
315 1007 412 1062 sed
446 1006 566 1061 haec
598 1023 767 1078 opere
795 1023 908 1062 non
939 1007 1276 1080 implemus;
1305 1008 1550 1063 nitimur
1591 1013 1648 1064 et
1672 1009 1760 1062 in-

147 1097 443 1164 ﬁrmamur;
473 1111 640 1150 mens
644 1095 936 1167 judicium
949 1096 1316 1152 rectitudinis
1329 1097 1634 1170 conspicit,
1659 1098 1762 1152 sed

143 1185 204 1252 ad
229 1185 368 1240 hanc
397 1184 592 1256 operis
621 1184 898 1240 fortitudo
930 1185 1280 1255 succumbit;
1312 1185 1448 1258 quia
1481 1186 1762 1242 nimirum

141 1275 246 1344 jam
273 1274 338 1330 de
368 1290 544 1346 poena
569 1273 786 1343 peccati
818 1277 924 1340 est,
945 1277 1010 1328 ut
1041 1276 1186 1330 bene
1202 1275 1603 1348 quidem(121)
1635 1293 1763 1348 pos-

145 1363 209 1418 sit
234 1362 438 1418 bonum
453 1362 734 1434 conspici,
751 1364 849 1418 sed
865 1363 937 1422 ab
968 1380 1034 1418 eo
1051 1365 1206 1434 quod
1238 1364 1610 1436 conspicitur,
1633 1383 1766 1420 con-

145 1452 306 1524 tingat
336 1451 428 1507 15
461 1468 566 1522 per
599 1451 872 1506 meritum
898 1451 1120 1525 repelli.
1147 1453 1372 1510 Usitata
1401 1454 1556 1509 enim
1588 1454 1764 1526 culpa

145 1537 336 1611 obligat
367 1544 646 1606 mentem,
683 1543 747 1596 ut
789 1557 1158 1613 nequaquam
1191 1541 1378 1614 possit
1425 1559 1660 1614 surgere
1689 1543 1761 1598 ad

145 1626 547 1686 rectitudinem.
581 1631 833 1684 Conatur
860 1633 918 1684 et
947 1628 1185 1697 labitur;
1235 1631 1375 1702 quia
1404 1631 1504 1686 ubi
1554 1636 1762 1703 sponte

145 1715 230 1770 diu
256 1715 522 1788 perstitit,
557 1716 638 1772 ibi
661 1721 734 1784 et,
778 1733 914 1772 cum
967 1717 1244 1784 noluerit,
1297 1724 1494 1774 coacta
1523 1719 1695 1774 cadit.
1731 1743 1760 1770 »

145 1804 285 1860 Item:
317 1825 346 1860 ις
376 1806 436 1870 Si
467 1805 600 1878 ipsa
629 1821 694 1862 se
714 1805 912 1862 anima
951 1807 1022 1871 ad
1055 1807 1174 1862 ima
1193 1809 1519 1880 appetenda
1537 1825 1650 1866 non
1668 1809 1762 1866 des

137 1892 266 1974 jicit,
295 1897 494 1960 contra
528 1893 684 1950 hanc
734 1894 1068 1956 daemonum
1115 1896 1464 1968 perversitas
1511 1895 1757 1954 nullateq

144 1999 240 2038 nus
263 1981 630 2050 convalescit,
665 1987 722 2038 et
753 1983 1006 2048 transire
1055 1999 1158 2055 per
1204 2001 1332 2042 eam
1384 2001 1498 2040 non
1548 1985 1758 2053 valent,

145 2087 296 2142 quam
324 2075 526 2138 contra
555 2087 622 2126 se
650 2070 899 2143 rigidam
945 2073 1386 2143 pertimescunt.
1440 2075 1557 2130 Nos
1603 2089 1761 2147 ergo,

145 2159 344 2228 fratres,
378 2176 488 2226 nos
519 2159 672 2224 viam
707 2159 986 2232 malignis
1014 2161 1319 2232 spiritibus
1359 2163 1594 2230 damus,
1627 2179 1762 2218 cum

144 2251 348 2306 terrena
373 2248 868 2320 concupiscimus,
920 2265 1052 2304 cum
1084 2250 1156 2306 ad
1209 2251 1558 2323 temporalia
1585 2268 1762 2324 appe-

144 2337 296 2406 tenda
321 2353 654 2402 curvamur.
687 2339 908 2398 Pudeat
920 2355 1058 2412 ergo
1079 2344 1308 2396 terrena
1331 2340 1760 2412 concupiscere,

145 2427 194 2482 et
213 2425 374 2486 dorsa
402 2425 692 2490 mentium
715 2426 1064 2484 adversariis
1075 2429 1528 2486 ascendentibus
1551 2431 1765 2502 praebe-

146 2515 441 2572 re.Terram
454 2531 690 2587 semper
703 2516 1088 2589 intuetur,qui
1104 2533 1316 2572 curvus
1328 2522 1500 2586 est;et
1511 2534 1626 2590 quo
1641 2535 1763 2590 pre-

145 2603 214 2659 tio
233 2604 564 2677 redemptus
591 2605 687 2670 sit,
723 2621 836 2660 non
869 2606 1140 2662 meminit
1172 2607 1272 2679 qui
1304 2607 1424 2664 ima
1470 2607 1696 2679 quzerit.
1734 2629 1762 2657 υ

147 2695 290 2754 Item:
321 2717 352 2754 α,
378 2693 488 2762 Qui
517 2693 766 2767 gibbum
799 2693 1022 2760 tolerat,
1053 2694 1175 2750 ima
1218 2711 1450 2766 semper
1479 2695 1759 2752 intuetur.

146 2781 182 2848 Α
207 2781 510 2844 sacerdotio
539 2797 680 2854 ergo
709 2781 1026 2854 repellitur,
1045 2784 1182 2854 quia
1196 2784 1468 2855 quisquis
1490 2784 1630 2840 solis
1653 2789 1764 2840 ter-.

147 2869 280 2936 renis
305 2870 568 2932 intentus
597 2875 706 2938 est,
740 2871 866 2943 ipse
897 2872 1006 2928 sibi
1041 2871 1206 2928 testis
1237 2877 1344 2939 est,
1377 2875 1530 2944 quod
1578 2890 1762 2930 mem-

147 2956 294 3030 brum
323 2959 542 3016 summi
573 2958 906 3026 Sacerdotis
933 2977 1047 3018 non
1077 2964 1183 3016 est.
1223 2983 1248 3010 »
1273 2961 1436 3018 Item:
1459 2985 1488 3014 «
1511 2961 1570 3018 Si
1591 2963 1766 3018 virtu«

149 3049 254 3112 tum
264 3048 732 3120 summaoperari
749 3065 862 3104 non
881 3065 1219 3120 possumus,
1244 3051 1368 3122 ipse
1393 3050 1546 3108 Deus
1565 3053 1768 3108 nostro

149 3136 332 3206 gaudet
354 3136 720 3200 lamentoEx
735 3136 860 3208 ipsa
875 3137 1182 3208 eijustit'ue
1197 3137 1568 3194 inchoatione
1581 3139 1766 3210 places

1872 580 2006 619 rum
2039 563 2328 619 malorum
2361 563 2470 620 rite
2498 563 2786 633 vociteris,
2820 566 2946 622 dies
2965 569 3261 638 tuos,jam
3278 585 3436 642 rogo,
3459 575 3525 626 ut

1871 652 2200 720 dimidiare,
2235 652 2376 708 dum
2394 652 2573 722 vales,
2594 655 2855 723 studeas,
2881 659 2938 710 et
2967 655 3178 728 spiritu
3196 659 3410 714 mentis
3431 675 3522 714 re-

1871 740 2070 798 novari
2101 742 2438 798 contendas.
2470 743 2542 798 Et
2572 743 2712 815 quia
2741 742 3048 817 hucusque
3079 749 3134 800 te
3181 745 3316 818 plus
3355 748 3520 819 justo

1871 830 2203 886 carnalibus
2233 831 2498 886 refudisti
2531 831 2589 885 in
2609 831 2903 903 sensibus,
2931 836 2986 888 te
3005 834 3076 888 ad
3109 837 3164 888 te
3194 833 3525 908 colligas,et

1872 935 2054 974 novus
2083 919 2256 975 homo
2281 921 2406 991 jam
2439 919 2646 976 saltem
2679 937 2854 988 nunc,
2889 925 3078 977 vetere
3099 927 3290 990 exuto,
3317 941 3524 997 repue-

1871 1025 2068 1062 rascas
2123 1008 2258 1074 Deo;
2321 1025 2506 1064 annos
2563 1009 2858 1080 octoginta
2910 1014 3011 1064 aut
3069 1012 3366 1082 proximos
3417 1019 3520 1070 aut

1870 1099 2198 1152 transactos
2230 1100 2330 1150 aut
2351 1096 2688 1152 insistentes
2711 1097 2983 1170 aspicias,
3010 1101 3520 1170 supervenientem

1871 1184 2384 1242 mansuetudinem
2406 1185 2504 1240 Dei
2537 1202 2606 1240 ne
2619 1189 2978 1254 contemnas,
3001 1203 3069 1242 ne
3099 1188 3518 1246 correctionem

1871 1274 2079 1330 durius
2125 1273 2444 1338 sustinens,
2499 1275 2700 1330 ﬂorem
2751 1273 2839 1329 tui
2887 1275 3098 1347 capitis
3139 1277 3520 1351 amygdalum

1872 1364 2022 1436 (122)
2053 1363 2342 1418 advertas.
2397 1364 2558 1427 Quod
2593 1363 2642 1418 si
2691 1367 2749 1418 et
2801 1363 2992 1418 adhuc
3045 1363 3290 1432 locusta,
3343 1367 3400 1421 id
3435 1373 3524 1424 est

1872 1451 2104 1525 agilitas
2144 1453 2442 1523 quondam
2490 1469 2824 1524 gressuum,
2877 1457 3106 1510 tumore
3153 1456 3368 1526 pedum
3420 1463 3524 1516 aut

1871 1545 2022 1597 certe
2045 1540 2324 1596 tibiarum
2349 1542 2474 1613 jam
2504 1540 2988 1616 estimpinguata;
3017 1545 3118 1598 aut
3131 1549 3284 1601 certe
3313 1562 3520 1601 secun-

1871 1631 2012 1686 dum
2044 1635 2300 1701 poetam.

2647 1737 2910 1800 Lapidosa
2939 1737 3182 1801 chiragra

1993 1798 2108 1848 Jam
2139 1799 2264 1848 facit
2293 1798 2542 1848 articulos
2570 1798 2764 1850 veteris
2793 1799 3018 1850 ramalia
3044 1798 3170 1864 fagi,

1875 1899 2184 1968 suspectus
2213 1896 2576 1968 pavidusque
2597 1895 2802 1952 horam
2823 1895 2982 1952 illam
2999 1901 3289 1970 exspecta,
3309 1897 3523 1970 quaire

1871 1986 1946 2040 ad
1975 1986 2216 2041 domum
2248 1985 2594 2040 aeternitatis
2617 1986 2756 2044 boni
2789 1989 2890 2040 aut
2917 1985 3056 2041 mali
3087 1986 3304 2042 debeas?
3324 1988 3523 2059 (Eccle.

1871 2091 1971 2138 xu,
2003 2073 2080 2144 5);
2115 2063 2256 2146 quia
2285 2078 2504 2144 postea,
2523 2073 3096 2146 quid-quidplanctus
3125 2075 3209 2129 tui
3231 2091 3414 2131 causa
3433 2093 3526 2132 ac-

1873 2161 2078 2217 ciderit
2106 2161 2165 2216 in
2179 2161 2498 2234 plateis,nil
2529 2166 2584 2216 te
2595 2162 2826 2232 juvabit
2841 2163 3095 2234 positum
3113 2163 3178 2218 in.
3190 2164 3520 2232 tormentis,

1873 2251 1974 2322 qui
2006 2251 2146 2306 dum
2177 2251 2272 2306 hic
2298 2255 2596 2322 superstes
2615 2267 2798 2318 esses,
2830 2251 2938 2306 tibi
2961 2251 3282 2320 consulere,
3317 2255 3376 2308 et
3395 2252 3524 2308 tibi-

1875 2343 1994 2394 met
2022 2342 2224 2394 contra
2255 2343 2475 2394 tantam
2504 2356 2570 2394 su
2579 2343 2936 2411 perventurae
2967 2338 3320 2396 calamitatis
3341 2357 3526 2414 angu-

1875 2429 2046 2484 stiam
2082 2428 2396 2484 consilium
2426 2444 2654 2499 capere,
2695 2429 2837 2482 dum
2887 2427 3256 2484 immutabile
3287 2428 3343 2484 id
3393 2446 3524 2486 esse

1874 2517 2094 2590 optime
2123 2517 2322 2581 scires,
2356 2517 2708 2572 detrectasti.
2731 2516 2967 2572 Interim
2999 2534 3134 2591 ergo
3153 2518 3294 2573 dum
3319 2535 3525 2590 Oppor-

1872 2607 2098 2662 tunitas
2125 2607 2298 2662 ﬂendi
2333 2607 2647 2674 fructuosa,
2682 2607 2826 2661 dum
2855 2609 3096 2679 tempus}
3139 2607 3518 2679 acceptabile,

1873 2695 2000 2752 dies
2031 2695 2222 2754 adhuc
2253 2695 2483 2761 salutis,
2523 2695 2773 2751 “idum
2796 2695 2962 2762 vivis,
2991 2696 3131 2751 dum
3157 2695 3348 2751 adhuc
3370 2713 3404 2751 a
3428 2695 3528 2751 Ju-

1874 2783 2000 2838 dice
2032 2783 2180 2852 (123)
2209 2783 2842 2852 sustineris,hortor-ut
2871 2783 2929 2838 in
2945 2783 3158 2840 melius
3181 2784 3522 2841 connitaris.

1872 2877 2022 2927 Dum
2051 2871 2149 2928 ille
2179 2873 2402 2928 securis
2433 2873 2626 2928 diti'ert
2657 2874 2860 2938 ictum,
2893 2879 2956 2927 tu
2988 2875 3060 2928 de
3089 2877 3144 2930 te
3169 2889 3312 2945 cape
3330 2873 3520 2930 consi-

1873 2961 2040 3028 lium;
2073 2961 2214 3016 dum
2245 2960 2342 3016 ille
2372 2961 2678 3034 suspendit
2705 2962 3044 3030 vindictam,
3089 2965 3152 3018 tu
3184 2962 3408 3036 corrige
3433 2961 3519 3017 vi-

1870 3053 2014 3105 tam.
2046 3050 2172 3105 Non
2202 3053 2292 3106 est
2311 3051 2467 3122 apud
2497 3056 2678 3106 Deum
2697 3050 2954 3106 difﬁcilis
2973 3054 3072 3106 aut
3088 3051 3253 3106 tarda
3279 3067 3525 3106 conver-

1873 3139 1982 3209 sio,
2016 3139 2109 3194 cui
2141 3139 2272 3210 ipsa
2291 3139 3174 3210 justitiarplacetinchoatioJ’ae
3205 3143 3398 3194 autem
3413 3136 3522 3209 illi,

151 3222 336 3292 bimus,
367 3227 466 3297 qui
499 3225 744 3296 injuste,
778 3243 904 3296 quae
930 3227 1192 3292 fecimus,
1216 3227 1514 3297 punimus.
1551 3249 1579 3275 ››
1605 3229 1766 3282 Istud
1799 3220 1848 3285 Ο
1876 3229 1966 3283 cui
1997 3245 2112 3282 non
2141 3228 2479 3282 conceditur
2508 3233 2643 3281 ante
2663 3227 3094 3300 corrigi,quam
3122 3226 3380 3300 defungi:
3401 3243 3525 3283 ma-

150 3313 348 3370 tantum
360 3314 678 3372 extraviazn
695 3331 794 3386 pro
801 3314 1190 3386 positi,ammn
1203 3316 1214 3368 i
1226 3320 1336 3372 tate
1355 3320 1468 3372 tam
1486 3316 1766 3389 ﬂorigerie

151 3400 427 3462 viriditatis
459 3403 612 3476 prati
628 3403 1098 3470 dclectatum,me
1112 3404 1374 3462 sut'zeciat
1389 3407 1762 3478 processisse.

205 3491 284 3546 36.
313 3491 476 3562 Nune
504 3493 580 3550 ad
614 3496 688 3560 te,
719 3509 792 3548 ne
822 3509 970 3564 opus
1001 3493 1060 3548 in
1091 3493 1287 3565 aliquo
1335 3494 1534 3550 videar
1585 3495 1765 3550 inter-

149 3579 362 3652 rupisse,
395 3599 686 3648 reversus.
721 3583 1086 3654 suggerendo
1117 3583 1422 3645 admoneo,
1469 3584 1762 3655 siquidem

149 3671 500 3730 reverentiam
529 3670 640 3726 tibi
671 3671 878 3728 debere
927 3689 1028 3743 pro
1079 3671 1288 3732 canitie
1338 3673 1480 3738 scio,
1533 3677 1598 3728 ut
1643 3672 1766 3728 haec

150 3772 264 3826 cum
286 3760 684 3832 superioribus
715 3761 1008 3827 conferas,
1031 3765 1088 3818 et
1119 3760 1414 3833 negotium
1448 3761 1550 3818 tibi
1582 3779 1650 3818 ex
1671 3763 1768 3818 his

207 3873 336 3950 (121)
363 3877 528 3948 Apud
565 3876 914 3950 Gregorium
940 3881 1002 3932 ut
1031 3893 1102 3934 ex
1146 3877 1285 3950 dono
1330 3877 1567 3950 quidem.
1621 3879 1764 3933 Dein

153 3943 334 4028 laetius
361 3943 466 4020 quo
489 3943 1022 4031 pre-tio'feder‘nptus,
1058 3966 1236 4021 quam
1269 3943 1597 4022 in‘vulgatis
1628 3953 1760 4005 Gre-

152 4019 272 4088 gorii
298 4019 398 4092 quo
457 4019 632 4078 remio
659 4022 732 4082 sit
749 4019 1093 4076 redemtus.“
1451 4019 1474 4022 “

209 4037 486 4146 (122).ng
515 4093 690 4146 capiti
734 4037 1058 4146 amuadlalus
1108 4108 1211 4146 oro
1265 4091 1476 4146 canitie
1529 4091 1700 4146 capiti

209 4089 486 4161 (122).Flos
515 4093 690 4163 capiti
734 4089 1058 4164 amygdalus
1108 4108 1211 4164 pro
1265 4091 1476 4148 canitie
1529 4091 1760 4164 capitis,

1874 3335 2050 3389 gnam
2081 3315 2606 3385 enim,utdicitqni
2628 3316 2920 3387 superius,
2937 3315 3370 3372 contumaciam
3385 3333 3524 3372 con-

1873 3411 2114 3478 tempth
2138 3406 2608 3461 mansuetudinis
2639 3409 2695 3461 et
2725 3406 2944 3478 gratiae,
2970 3407 3160 3477 major
3179 3405 3347 3478 sequi
3372 3405 3523 3462 solet

1874 3497 1962 3552 ira
1990 3496 2342 3560 vindictm,et
2372 3495 2596 3550 diutius
2625 3499 3014 3566 exspectatus,
3069 3494 3276 3550 durius
3319 3493 3526 3550 feritur

1873 3601 1988 3639 non
2024 3600 2360 3651 conversus;
2385 3588 2443 3638 et
2463 3600 2640 3655 quam
2662 3582 2902 3656 largiter
2921 3587 3270 3658 prorogatur
3294 3581 3524 3638 miseri-

1873 3673 2071 3728 cordia
2097 3671 2158 3728 in
2191 3673 2482 3745 praesenti,
2512 3677 2632 3727 tam
2667 3687 2862 3728 severe
2902 3672 3150 3747 ingratis
3202 3673 3526 3727 intentatur

1865 3761 2160 3833 judicium
2194 3762 2252 3817 in
2285 3762 2499 3817 futuro.

1875 3877 2192 3960 senectutis
2223 3877 2439 3932 indicio
2472 3876 2774 3950 accipitur;
2807 3877 2978 3934 flores
3009 3875 3166 3934 enim
3203 3875 3524 3952 amygdalae

1875 3949 2452 4092 alt(12%;;“agebatur
2482 4019 2540 4074 in
2570 4018 2742 4092 vulg.
2777 4037 2812 4074 a
2849 4018 3042 4092 vidzcc,
3070 4018 3269 4092 _male.
3323 4018 3525 4092 Levis.

1874 4089 2023 4150 sima
2055 4089 2382 4148 litterarum
2415 4089 2740 4147 mutatione
2783 4089 3222 4146 emendavimus
3262 4107 3298 4145 a
3321 4089 3520 4156 iudice.

1127 4281 1537 4368 INCIPIT
1597 4279 1942 4368 LIBER.
2001 4278 2516 4368 TERTIUS.

160 4395 414 4485 Continet
451 4401 612 4472 istud
661 4401 784 4464 haec
837 4401 1238 4485 praeloquium
1291 4425 1314 4465 .·
1369 4405 1394 4464 Ι
1405 4451 1432 4485 ,ν
1463 4403 1610 4485 fter
1657 4423 1720 4485 res
1767 4404 1812 4485 ?r
1853 4401 2157 4462 delectatio
2233 4403 2404 4485 regia
2460 4412 2514 4462 te
2569 4401 2847 4462 instruat.
2908 4401 2984 4461 Il.
3045 4399 3329 4485 Discerac
3404 4419 3525 4480 qua

217 4479 1172 4576 intﬁaa'oneuqutsmguidfaciat.
1237 4485 1337 4545 ΙΙΙ.
1411 4483 1550 4576 Non
1576 4484 1851 4576 .virtutis.
1892 4493 2206 4576 pra’tcxtu‘
2239 4479 2502 4576 atiarum
2561 4501 2792 4576 rerum,
2809 4571 2815 4576 _
2843 4500 2993 4576 qua.
3028 4491 3162 4541 sunt
3205 4479 3524 4576 ‘dissonfe,

213 4560 470 4639 pallium.
529 4559 632 4626 1V.
705 4559 978 4632 Timendo
1035 4564 1226 4626 Deum
1280 4583 1416 4644 rege
1472 4564 1587 4625 tibi
1637 4559 1959 4644 commissa.
2019 4566 2090 4625 V.
2156 4563 2526 4644 Cathoticanz
2583 4581 2712 4644 esse
2755 4559 3108 4644 Ecclesium,
3161 4569 3236 4644 et_
3263 4559 3521 4622 catholi-

217 4658 340 4724 ςαηι.
377 4645 504 4723 eius
555 4662 671 4724 esse
723 4645 1006 4724 gratiam.
1068 4647 1169 4706 VI.
1237 4644 1318 4708 Ut-
1348 4641 1478 4706 “ηοη
1533 4664 1641 4705 rea:
1696 4642 2049 4724 dedignatur
2099 4643 2276 4706 subdi
2329 4643 2444 4704 Dei
2481 4641 2813 4722 fruticibus.
2877 4643 3006 4702 νη.
3067 4641 3250 4718 ρειοώ
3293 4660 3520 4724 oppro-

220 4717 416 4805 briam'
465 4732 525 4805 et
567 4717 946 4794 subsannatio
1020 4725 1175 4805 facti
1223 4745 1443 4786 sumus.
1502 4727 1662 4805 VIII.
1723 4717 1892 4800 Quod
1941 4725 2096 4805 sicut
2145 4731 2298 4788 sunt,
2338 4717 2599 4804 εριέςὸορί
2647 4733 2830 4805 sortes
2879 4717 3226 4805 sanctorum
3303 4717 3526 4805 mihiea

221 4801 358 4870 terio.
391 4801 648 4886 prdim'sx,
705 4805 788 4866 ita
839 4805 984 4886 sint
1020 4801 1084 4868 ct.
1130 4806 1446 4886 privilegio
1501 4804 1760 4866 honoris.
1821 4805 1922 4886 IX_.
1973 4803 2269 4886 .Sjn'ritwn
2327 4801 2592 4886 sanctam
2637 4803 2971 4886 negligenti
3050 4805 3232 4886 etiam
3295 4804 3528 4886 epist-oe

217 4898 308 4966 po_
333 4881 538 4966 adesse
579 4903 748 4966 saepe.
807 4885 878 4948 Χ.
946 4881 1198 4966 ρεισιῖά
1249 4881 1475 4946 neti—iiiis
1546 4887 1665 4966 nisi
1718 4905 1758 4946 a
1810 4884 1932 4966 scio
1985 4881 2122 4966 ch
2167 4887 2362 4966 ualeat
2418 4881 2728 4966 judicare"
2752 4881 3072 4966 episcopus.
3144 4884 3245 4944 ΧΙ.
3312 4881 3528 4944 Oratio

221 4961 316 5021 sub
340 4963 524 5026 altari
546 4961 1016 5026 constitutorum.
1051 4967 1184 5028 ΧΠ.
1225 4966 1500 5047 Trifana
1528 4965 1734 5028 divisio
1763 4965 1838 5043 ﬁt
1843 4984 2032 5025 eorum
2061 4965 2357 5026 Ecclesiae.

1607 5073 2034 5088 —_—'!—W_

213 5111 258 5168 1.
285 5112 686 5187 Superioribus
716 5117 946 5174 duobus
965 5113 1188 5178 libellis.
1209 5120 1770 5190 temporum,perso-.
1867 5083 2202 5187 naufragos,
2237 5113 2376 5186 quia
2419 5113 2946 5172 abundantissimis
2979 5110 3526 5186 promontoriorum

157 5212 356 5272 narum,
377 5205 724 5275 ofﬁciorum,
749 5223 1014 5276 sexuum,
1039 5206 1125 5263 vel
1147 5211 1382 5263 aetatum
1405 5207 1759 5280 praeloquiis,

159 5295 662 5360 quanta-valuimus
693 5297 992 5366 brevitate,
1028 5296 1138 5352 etsi
1170 5311 1282 5352 non
1317 5301 1536 5369 quanto
1567 5297 1766 5354 decuit

157 5371 340 5450 161mm.
372 5381 486 5442 Deo
516 5385 787 5452 donante,
811 5383 1361 5452 transcursis,nunc
1387 5386 1757 5458 dignitatum,

159 5465 516 5534 ordinumvel
568 5474 880 5540 affectuum
932 5477 1146 5542 vastos,
1183 5478 1239 5528 et
1269 5491 1420 5546 saepe
1479 5475 1604 5548 ideo
1663 5493 1774 5548 per-

218 5572 353 5655 (124)
380 5581 676 5655 construe;
705 5597 853 5636 nunc
884 5585 1151 5655 tentantes
1200 5584 1640 5653 (transcurrere)
1669 5601 1766 5655 per

163 5647 302 5700 restas
325 5654 508 5718 vastos,
540 5661 600 5708 ct-
618 5652 735 5709 ideo
763 5668 898 5725 scepc
925 5654 1248 5724 naufragos,
1295 5655 1426 5724 quia
1473 5647 1764 5726 refertis-si-

1871 5203 2138 5261 cautibus
2167 5202 2580 5260 refertissimos
2611 5207 2789 5262 aestus
2817 5203 3128 5264 tentantes,
3155 5198 3390 5254 ﬂatibus
3413 5215 3521 5255 nos

1871 5294 2302 5350 committentes
2335 5292 2613 5358 adversis,
2649 5292 2842 5362 ipsum
2886 5289 3112 5344 obicem
3163 5285 3518 5358 opponimus

1870 5381 2432 5453 Christum,tricipiti
2449 5379 2814 5436 voluminum
2833 5378 3001 5434 lintre
3018 5375 3254 5432 eosdem
3275 5375 3526 5449 gestien-

1869 5477 1960 5529 tes
1985 5471 2233 5536 sulcare,
2268 5471 2316 5524 si
2343 5467 2711 5524 tamenillius
2725 5484 2838 5522 non
2853 5464 3331 5538 desitremigium
3345 5466 3520 5541 (124),

1871 5595 1988 5638 mos
2017 5577 2270 5634 cautibus
2325 5575 2815 5632 abundantissimi:
2861 5574 3382 5646 promnturiorym;
3424 5591 3526 5646 per

1877 5661 2056 5719 (estus,
2093 5652 2340 5721 inquam,
2365 5647 2716 5718 dignitatum,
2759 5643 3036 5719 ordinum,
3067 5645 3152 5706 vel
3198 5643 3522 5720 affecta-tim,
