4054 6378
504 318 626 391 219

1412 314 1803 397 ,ηΑΤΗΕΒΠ
1845 311 2090 382 EPISG.
2137 308 2426 381 VERON.
2472 316 2643 384 cpp.
2690 316 2893 385 PARS
2935 315 2985 384 ι.

3797 311 3933 381 220

509 456 680 530 cujus
710 453 770 514 in
800 453 914 515 isto
934 466 1001 514 eo
1014 453 1203 531 magis
1216 448 1549 530 flagitamus
1566 450 1736 512 nobis
1757 452 2148 511 necessarium
2178 448 2234 517 A
2265 468 2474 528 gamus
2500 454 2803 530 dignitatis
2821 452 3121 526 chordam,
3154 456 3221 511 ut
3234 448 3536 511 cithar-cedi
3564 444 3715 527 (128)
3730 455 3931 509 tacea-

509 548 706 605 adfore
735 546 1042 614 auxilium,
1097 564 1210 620 quo
1242 546 1351 603 scit
1403 563 1509 602 nos
1558 543 1614 600 id
1647 561 1795 618 Opus
1851 560 2152 601 assumere

507 641 666 693 tanto
694 636 1087 706 dubitantius,
1117 639 1332 708 quanto
1361 633 1766 706 periculosius.
1789 635 1934 689 Nam
1953 652 2019 690 ex
2035 651 2151 690 uno

504 725 684 782 latere
713 724 949 799 superni
983 724 1344 797 spectatoris,
1378 741 1444 778 ex
1474 723 1586 778 alio
1619 722 1921 794 salihujus
1946 723 2154 778 immo-

506 815 634 871 dice
665 815 938 872 ferventis
967 830 1235 869 veremur
1261 811 1597 885 procellam;
1618 812 1897 884 navisque
1919 817 2148 877 nostrae,

506 906 679 977 cujus
702 904 1037 975 jam'fracto
1086 917 1264 967 remo,
1317 901 1537 957 amisso
1573 904 1661 957 77
1721 900 1906 967 clavo,
1961 902 2150 956 fessus

506 993 847 1065 multigenis
867 991 1219 1060 collisusque
1238 990 1517 1062 scopulis,
1539 991 1748 1060 sopitis
1769 990 2011 1055 viribus,
2033 1008 2147 1044 non

506 1083 745 1154 quidem
775 1079 991 1150 scapha
1010 1081 1399 1150 portatus,sed
1420 1080 1863 1150 undajactatus,
1882 1079 2150 1134 tremulis

502 1170 766 1242 linguam
796 1169 984 1240 ipsam
1016 1168 1293 1223 mordens
1310 1168 1602 1236 dentibus,
1625 1170 1683 1223 in
1709 1187 1825 1224 uno
1849 1170 1996 1239 (125)
2024 1170 2150 1224 bre-

501 1259 662 1313 vium
681 1259 842 1329 jacet
853 1256 1186 1324 nauclerus,
1204 1257 1864 1329 omnimodisjacturam
1878 1262 2148 1313 tenemus

502 1347 563 1419 [l.
592 1346 919 1416 timemus],
948 1362 1080 1401 cum
1115 1345 1271 1400 hunc
1303 1344 1354 1400 ei
1380 1345 1773 1401 miserabilem
1821 1345 2146 1412 incursum,

500 1440 738 1508 propter
766 1434 1118 1507 prmeipitem
1148 1450 1410 1501 cursum,
1445 1435 1583 1489 dum
1603 1451 1803 1489 cavere
1832 1435 2145 1505 ancipitem

499 1523 747 1581 nescivit
760 1539 1095 1591 excursum,
1113 1521 1433 1595 contigisse
1448 1523 2149 1596 noverimus(126).Quan-

503 1630 681 1686 quam
695 1612 850 1669 enim
862 1612 1159 1683 Scriptura
1169 1612 1203 1667 d
1214 1611 1225 1664 i
1234 1614 1416 1668 cente:
1427 1612 1635 1683 Lingua
1658 1614 1993 1684 sapientium
2006 1614 2149 1668 sicut

500 1700 1097 1771 stimuli,etsicutclavi
1117 1702 1172 1755 in
1195 1699 1549 1772 altumdeﬁxi
1565 1702 1781 1772 (Eccles.
1804 1718 1902 1768 xu,
1933 1703 2033 1768 l1);
2051 1718 2148 1755 no-

2266 562 2400 601 mus
2429 561 2761 617 personam;
2787 544 2871 602 sic
2886 543 3257 618 alloquamur
3268 543 3552 612 ordinem,
3574 546 3647 600 ut
3660 541 3931 600 ordinati

2253 634 2607 690 omittamus
2637 649 2872 700 nomen,
2908 633 2992 689 sic
3023 633 3314 701 affectum,
3348 637 3414 688 ut
3442 632 3750 689 charitatis
3801 649 3929 688 non

2264 724 2560 796 patiamur
2590 724 2903 791 defectum,
2939 725 3108 795 cujus
3139 723 3234 779 hic
3267 730 3614 796 magnopere
3654 737 3931 795 quaerere

2263 814 2546 868 debemus
2577 812 2921 884 profectum;
2950 811 3271 883 praesertim
3289 828 3421 867 eum
3440 828 3545 866 nec
3574 812 3930 867 defuturam

2265 918 2502 958 osorum
2538 901 2846 956 credamus
2864 900 3168 967 invidiam,
3201 898 3298 972 qui
3319 903 3580 955 nostram
3602 900 3713 956 hac
3734 900 3927 955 etiam

2262 990 2320 1045 in
2354 994 2516 1061 parte
2544 990 2963 1061 reprehendere
2995 1007 3109 1045 non
3140 989 3410 1044 dubitent
3426 989 3754 1056 audaciam,
3776 1005 3926 1043 eum

2260 1083 2468 1152 praeter
2497 1079 2924 1147 auctoritatem,
2959 1079 3118 1134 salva
3148 1077 3324 1134 ofﬁcii
3368 1078 3708 1146 reverentia,
3750 1077 3923 1133 haud

2260 1169 2542 1241 aliquam,
2574 1166 2797 1223 nullam
2815 1184 3046 1241 quoque
3066 1167 3231 1223 nobis
3250 1168 3518 1223 noverint
3534 1167 3926 1239 suppeditare

2260 1256 2585 1321 scientiam,
2619 1258 2791 1328 cujus
2823 1256 2917 1311 hic
2951 1273 3184 1329 quoque
3210 1256 3294 1312 rei
3323 1272 3621 1313 enormem
3642 1256 3793 1312 satis
3819 1272 3925 1311 ca-

2259 1363 2395 1420 pere
2423 1344 2654 1400 valeant
2683 1346 3104 1416 conjecturam.

2735 1435 2856 1491 Trr.
2890 1435 2934 1501 I,
2969 1466 3036 1475 -
3066 1438 3150 1491 De
3177 1437 3430 1505 regibusr

2326 1528 2381 1580 2.
2417 1525 2536 1579 Rex
2564 1523 2657 1579 es?
2682 1523 2965 1597 Dignitas,
3001 1540 3159 1598 rogo,
3190 1524 3320 1597 ipsa
3346 1529 3403 1580 te
3451 1524 3592 1579 dum
3636 1522 3922 1592 delectat,

2257 1612 2527 1669 instruat.
2576 1614 2726 1669 Sunt
2774 1613 3041 1684 quaedam
3093 1612 3305 1686 regalis
3353 1612 3578 1669 ordinis
3624 1611 3917 1685 insignia,

2259 1702 2474 1773 quibus
2504 1700 2649 1767 sine,
2679 1701 2788 1757 etsi
2820 1719 3033 1757 nomen
3087 1706 3406 1774 utcunque,
3440 1718 3502 1757 re
3531 1706 3726 1757 tamen
3776 1718 3925 1758 vera

499 1789 977 1848 verimusdivinae
990 1790 2000 1846 auctoritatisitaconstantissimam
2014 1807 2146 1845 con-
2179 1820 2228 1886 Β
2256 1794 2408 1846 certe
2437 1807 2552 1846 non
2584 1794 2774 1863 potest
2802 1791 3121 1846 consistere
3151 1790 3407 1863 dignitas
3423 1793 3606 1845 tanta.
3638 1789 3741 1845 His
3772 1806 3922 1864 ergo

501 1880 803 1947 stantiam,
835 1883 901 1934 ut
931 1877 1635 1950 nulliparcerc,neminen
1654 1878 2146 1951 noveritpalpare;

2258 1883 2440 1947 utere,
2475 1879 2568 1934 his
2606 1895 2889 1945 exercere,
2944 1879 3035 1934 his
3095 1896 3391 1936 exornare.
3440 1879 3580 1934 Esto
3627 1879 3923 1952 prudens,

502 1965 1224 2039 tamennovimusabipsis
1242 1968 1721 2040 quoqueurbanss
1747 1967 2148 2023 scientiaeviris
2251 1969 2473 2040 justus,
2507 1968 2671 2023 fortis
2704 1972 2761 2023 et
2811 1970 3189 2039 temperatus.
3243 1968 3361 2023 Hac
3404 1967 3574 2039 quasi
3622 1968 3926 2041 quadriga

502 2057 680 2114 hodie
709 2073 943 2113 summa
986 2055 1288 2128 diligentia
1332 2057 1647 2124 observari,
1701 2057 1841 2128 quid
1897 2057 2146 2123 cautius,

505 2162 682 2218 quam
715 2146 855 2218 quid
888 2145 1185 2217 proferant
1211 2144 1424 2213 verius;
1461 2144 1667 2201 utilius
1696 2145 1968 2201 zestimari
1994 2145 2148 2217 quod

504 2226 674 2282 docet
699 2225 976 2292 comicus,
1010 2241 1189 2297 quam
1221 2224 1361 2296 quid
1391 2224 1806 2280 interminatur
1847 2225 2147 2290 Dominus;

504 2314 692 2388 pluris
720 2314 895 2387 pendi
927 2313 1170 2370 dictum:

731 2402 1055 2466 Obsequium
1082 2401 1300 2462 amicos,
1332 2401 1529 2451 veritas
1558 2401 1739 2451 odium
1770 2401 1922 2464 parit.

578 2491 854 2563 (Tenum.
915 2490 1083 2545 Andr.
1143 2489 1187 2556 Ι,
1242 2489 1303 2560 1),
1384 2506 1562 2561 quam
1619 2492 1716 2563 qui
1790 2507 1876 2545 me
1921 2491 2149 2546 erubue-

506 2582 661 2635 ritet
705 2595 848 2635 meos
904 2594 1194 2646 sermones,
1252 2578 1480 2634 ethunc
1519 2580 1671 2650 ﬁlius
1729 2580 1970 2635 hominis
2024 2596 2148 2636 cru-

509 2669 701 2735 bescet,
731 2682 856 2722 cum
882 2668 1088 2723 venerit
1120 2667 1268 2738 (Luc.
1294 2684 1370 2734 ιχ,
1401 2668 1515 2740 26);
1546 2672 1602 2722 et
1633 2668 1773 2724 forte
1803 2667 1966 2738 illud,
2015 2668 2153 2741 quia

510 2755 681 2828 quasi
711 2753 1006 2821 disertius,
1038 2754 1165 2811 ideo
1194 2758 1434 2827 putatur
1458 2756 1682 2827 utilius;
1711 2758 1851 2830 quia
1869 2758 2153 2830 pompati-

511 2860 668 2914 cum,
700 2842 828 2899 ideo
839 2842 1141 2913 judicatur
1156 2842 1631 2913 saluberrimum;
1648 2846 1824 2912 istud,
1840 2845 1978 2918 quia
1996 2846 2153 2902 folio-

509 2950 643 2992 rum
665 2932 1136 3004 venustate,quin
1152 2933 1346 3005 potius
1356 2933 1629 2990 vanitatis
1649 2935 2002 3006 opacissima
2018 2936 2153 2990 den-

509 3022 681 3079 sitate
710 3021 1019 3092 nudatum,
1052 3021 1178 3077 ideo
1208 3021 1399 3077 seaculi
1431 3022 1816 3094 prudentibus
1863 3040 1966 3080 seu
2002 3024 2150 3080 sim-

510 3110 662 3185 plex,
696 3114 890 3183 atque,
923 3114 989 3166 ut
1034 3110 1118 3165 ita
1165 3109 1412 3179 dicatur,
1457 3111 1764 3179 rusticum,
1820 3112 1919 3168 vili
1968 3130 2148 3186 penso

2259 2062 2491 2113 evectus
2517 2056 2679 2129 regni
2699 2057 2865 2120 fines,
2894 2055 3202 2128 perlustra;
3220 2057 3329 2113 hoc
3345 2060 3382 2113 7
3393 2057 3441 2113 8
3457 2057 3711 2129 denique
3730 2073 3921 2112 curru

2260 2146 2373 2201 ista
2404 2150 2563 2201 utere
2619 2146 2677 2200 in
2729 2145 2844 2212 via,
2898 2150 2965 2201 ut
3014 2162 3150 2201 cum
3209 2145 3587 2201 sanctissimo
3642 2145 3768 2201 Elia
3823 2145 3922 2202 vel

2256 2233 2449 2289 vocari
2485 2233 2766 2290 merearis
2796 2233 3000 2307 auriga
3048 2234 3138 2307 (IV
3175 2236 3300 2304 Reg.
3355 2251 3417 2303 ιι,
3450 2234 3563 2307 l2.)
3594 2234 3713 2291 Hoc
3765 2251 3921 2308 qua-

2260 2322 2509 2395 druplici
2554 2323 2821 2379 munitus
2869 2323 3126 2389 thorace,
3176 2323 3446 2381 hostibus
3503 2341 3578 2381 ne
3618 2323 3923 2382 cunctaris

2261 2412 2693 2484 imperterritus
2723 2429 3042 2482 occurrere;
3064 2429 3169 2469 nec
3200 2414 3356 2469 enim
3373 2412 3591 2486 poteris
3612 2413 3922 2486 aliquibus

2261 2500 2520 2557 adversis
2548 2501 2796 2568 devinci,
2829 2501 2874 2557 si
2909 2506 3073 2557 tanta
3096 2502 3343 2559 tuitione
3371 2501 3577 2558 vallari
3598 2502 3916 2558 merueris.

2260 2590 2458 2645 TrrJI.
2468 2622 2532 2631 —
2554 2590 2984 2647 Discernendum
2997 2608 3103 2663 qua
3118 2592 3423 2647 intentione
3435 2592 3558 2664 quis
3574 2590 3707 2664 quid
3717 2591 3918 2663 faciat.

2329 2681 2380 2734 3.
2418 2680 2478 2734 In
2508 2679 2716 2751 primis
2747 2680 2964 2752 itaque,
2998 2685 3312 2752 antequam
3345 2680 3569 2736 scilicet
3602 2683 3910 2736 tentemus

2261 2767 2375 2825 alia
2402 2772 2514 2823 tua:
2545 2767 2841 2824 serenitati
2872 2768 3274 2841 congruentia,
3298 2768 3369 2824 de
3399 2768 3493 2825 his
3515 2767 3760 2842 singalis
3783 2772 3913 2824 tam

2258 2860 2335 2921 te,
2370 2874 2547 2930 quam
2574 2873 2798 2922 omnes,
2832 2857 2929 2929 qui
2952 2862 3093 2913 sunt
3116 2857 3176 2912 in
3200 2857 3565 2915 sublimitate
3581 2858 3910 2923 constituti,

2204 3000 2207 3005 .
2258 2945 2387 3001 volo
2419 2946 2728 3001 instruere:
2764 2946 2874 3003 hoc
2904 2946 3208 3017 adjiciens.
3261 2949 3325 3002 ut
3376 2946 3623 3003 sollicite
3671 2947 3913 3003 studeat

2259 3034 2392 3106 quis
2423 3034 2771 3100 discernere,
2792 3033 2931 3106 quld
2964 3035 3417 3107 quaintentione
3448 3035 3640 3091 faciat.
3660 3034 3734 3091 Ut
3749 3035 3910 3091 enim

2259 3126 2316 3179 et
2344 3122 2739 3195 experimento
2770 3140 2839 3178 ex
2870 3123 3038 3178 nobis
3070 3123 3236 3195 ipsis,
3271 3129 3326 3180 et
3373 3123 3619 3181 lectione
3662 3141 3731 3180 ex
3757 3124 3912 3179 anti-

510 3175 528 3185 _
649 3175 658 3180 ,
777 3175 794 3183 ,
878 3175 884 3177 _
1398 3175 1406 3179 ,
1751 3175 1760 3179 _
1969 3175 1986 3186 ,
2265 3175 2312 3179 --
3073 3175 3236 3195 Tm,
3277 3175 3324 3180 --
3373 3175 3615 3181 _---,-__-
3668 3175 3731 3180 __
3761 3175 3882 3179 η--

506 3200 740 3255 ducitur
768 3198 1034 3271 dignum,
1054 3216 1186 3254 cum
1201 3216 1307 3256 nec
1320 3200 1516 3256 minus
1530 3200 1767 3258 cautelae
1780 3202 1864 3259 eis
1883 3202 2149 3257 videatur
2179 3175 2222 3242 CI
2261 3227 2509 3283 quorum
2537 3210 2917 3283 cognovimus
2932 3210 3484 3286 dictis,plerumque
3498 3213 3641 3269 vitia
3660 3213 3914 3269 virtutes

509 3289 711 3345 afferre
738 3288 1040 3359 negotium
1072 3290 1406 3360 suspectius
1431 3290 1577 3362 (427)
1597 3290 1933 3347 dicentium:
1959 3293 2149 3348 Viden-

509 3376 672 3443 tibus,
702 3376 873 3431 nolite
899 3376 1102 3444 videre;
1140 3384 1194 3432 et
1249 3379 1651 3449 aspicientibus,
1698 3380 1870 3436 nolite
1915 3382 2154 3452 aspicere

507 3465 664 3522 nobis
690 3481 775 3528 ea,
802 3481 924 3538 qua:
951 3472 1097 3520 recta
1126 3465 1404 3532 videntur;
1433 3468 1727 3539 loquimini
1753 3470 1909 3524 nobis
1932 3470 2152 3541 placen-

511 3553 608 3621 tia,
640 3553 812 3610 videte
837 3553 993 3609 nobis
1020 3569 1231 3610 errores
1262 3557 1413 3623 (Isai.
1446 3573 1581 3625 xxx,
1616 3558 1724 3624 10).
1769 3556 1983 3613 Verum
2030 3575 2152 3612 ma-

492 3641 693 3715 ‘gistra
716 3642 941 3710 eadem,
975 3660 1102 3715 quas
1133 3646 1188 3698 et
1216 3643 1309 3699 via
1338 3648 1444 3712 est,
1492 3644 1763 3714 Veritate,
1821 3650 1996 3718 atque
2051 3663 2155 3720 per

512 3731 826 3803 quemdam
860 3731 930 3786 de
962 3747 1023 3786 se
1052 3731 1181 3804 ipsa
1209 3732 1455 3790 dicente:
1475 3735 1601 3789 Haec
1619 3736 1729 3803 via,
1763 3737 2040 3793 ambulate
2054 3754 2156 3809 per

513 3836 631 3876 eam
661 3820 872 3892 [supple
902 3825 958 3876 et
987 3837 1100 3876 non
1133 3821 1479 3896 declinetis],
1519 3840 1692 3897 neque
1737 3825 1807 3881 ad
1853 3825 2150 3895 dexteram,

511 3925 683 3981 neque
710 3908 779 3964 ad
825 3911 1112 3965 sinistram
1164 3911 1314 3983 (Isai.
1348 3928 1479 3980 xxx,
1510 3913 1622 3983 21),
1674 3918 2013 3985 satagamus
2044 3915 2155 3971 hac

513 4002 635 4053 arte
662 4014 993 4055 sermonem
1024 3999 1310 4055 moderari
1331 4005 1621 4067 nostrum,
1653 4007 1718 4057 ut
1747 4020 1851 4060 nec
1865 4005 1933 4059 ad
1966 4005 2156 4060 dexte-

511 4104 634 4143 ram
664 4086 871 4142 altiora
903 4088 1072 4143 nobis
1102 4090 1513 4162 prmsumptive
1546 4094 1838 4147 tentantes
1866 4110 2049 4165 usque
2082 4093 2153 4148 ad

511 4175 810 4232 sinistram
837 4175 1217 4245 declinemus,
1245 4176 1483 4233 falsitati
1503 4177 1706 4234 timide
1729 4180 2018 4237 cedentes:
2039 4198 2154 4253 quo

510 4264 595 4332 ﬁt,
629 4268 692 4320 ut
718 4264 803 4320 ita
828 4263 1337 4338 loquiquanquam
1356 4266 1809 4335 absurdeliceat,
1834 4272 1899 4323 ut
1918 4286 2023 4324 nec
2047 4270 2156 4325 Te-

508 4351 731 4409 rentius
763 4351 1014 4424 alicujus
1053 4355 1250 4410 minus
1300 4356 1536 4426 provide
1589 4355 1786 4411 odium
1821 4355 1879 4411 in
1928 4362 2157 4414 nosmet

508 4440 828 4508 exacuisse,
859 4458 963 4497 nec
993 4441 1262 4497 Christus
1293 4441 1543 4515 alicujus
1595 4444 1915 4501 amicitiam
1956 4446 2154 4502 minus

2261 3317 2323 3356 se
2353 3315 2481 3355 esse
2511 3299 2894 3355 mentiuntur.
2929 3299 3091 3355 Unde
3122 3300 3265 3356 satis
3308 3300 3551 3373 pulchre
3601 3303 3821 3359 Seneca
3851 3302 3914 3357 in

2263 3388 2604 3461 proverbiis,
2639 3388 2894 3456 Timidus,
2937 3388 3040 3457 ait,
3088 3405 3144 3445 se
3169 3397 3391 3446 cautum
3435 3399 3607 3459 vocat,
3658 3391 3914 3447 sordidus

2256 3494 2506 3551 parcum.
2542 3477 2828 3534 Calliditas
2848 3476 3025 3542 enim,
3040 3481 3106 3533 ut
3127 3478 3435 3551 etquidam
3453 3478 3533 3535 ait
3547 3484 3915 3548 nostrorum,

2256 3566 2551 3639 prudentia
2584 3568 2699 3622 vult
2727 3583 2870 3639 scepe
2884 3566 3078 3636 videri,
3091 3566 3359 3623 videlicet
3379 3572 3462 3637 ut,
3483 3569 3625 3624 dum
3649 3568 3915 3641 aliquem

2262 3655 2394 3711 dolo
2426 3655 2716 3728 capimus,
2751 3656 3069 3729 prudenter
3112 3673 3219 3712 nos
3264 3657 3472 3714 fecisse
3521 3657 3913 3732 gratulemur;

2262 3744 2417 3817 quod
2452 3748 2653 3800 contra
2672 3743 3013 3817 Psalmista(
3019 3745 3076 3801 id
3095 3745 3250 3818 quod
3273 3754 3330 3802 et
3349 3746 3554 3803 Petrus
3581 3746 3652 3803 de
3681 3746 3916 3803 Christo

2262 3835 2309 3907 [Ι
2335 3836 2479 3900 Petr,
2532 3851 2594 3901 n,
2650 3834 2790 3904 22)):
2843 3836 2955 3904 Qui
3008 3836 3253 3907 loquitur
3302 3837 3592 3892 veritatem
3638 3838 3703 3891 in
3756 3836 3919 3893 corde

2261 3939 2376 3989 suo,
2409 3925 2507 3995 qui
2534 3939 2645 3978 non
2674 3924 2785 3992 egit
2798 3923 3001 3981 dolum
3032 3926 3091 3979 in
3115 3925 3308 3997 lingua
3339 3942 3441 3980 sua
3488 3926 3662 3994 (Psal.
3709 3942 3827 3994 XIV,
3860 3927 3917 3991 3)

2263 4016 2718 4083 nostrorumque
2745 4010 3008 4084 quidam,
3042 4013 3243 4082 Dolus,
3279 4014 3381 4083 ait,
3412 4016 3472 4069 in
3503 4014 3679 4085 corde,
3712 4024 3920 4089 quanto

2264 4101 2412 4172 apud
2444 4101 2691 4157 homines
2731 4102 3056 4174 prudentius
3101 4104 3282 4171 callet,
3341 4111 3489 4160 tanto
3545 4104 3690 4176 apud
3744 4107 3920 4162 Deum

2260 4191 2482 4246 stultius
2533 4190 2757 4261 decipit.
2807 4191 3069 4262 Itemque
3127 4191 3457 4249 Psalmista:
3518 4195 3741 4250 Inimici
3795 4196 3918 4267 ejus

2264 4283 2470 4334 terram
2496 4280 2707 4349 lingent
2729 4279 2899 4351 (Psal.
2935 4297 3057 4344 Lxx,
3090 4280 3168 4352 9).
3221 4282 3462 4338 Terram
3524 4282 3743 4355 quippe
3801 4282 3916 4338 lin-

2262 4384 2416 4441 gere,
2445 4371 2533 4424 est
2576 4367 2864 4423 sermonis
2914 4369 3198 4426 suavitate
3245 4371 3317 4426 ab
3360 4370 3557 4444 aliquo
3608 4377 3915 4429 terrenum

2264 4454 2487 4529 aliquid
2518 4456 2766 4513 auferre.
2800 4457 2962 4521 Quod
2991 4458 3200 4514 vitium
3228 4476 3362 4516 cum
3395 4461 3699 4517 urbanitas
3729 4477 3765 4517 a
3794 4462 3921 4534 qui-

509 4528 689 4622 libere
720 4533 879 4622 notet
905 4530 1135 4622 veritati
1167 4530 1510 4622 prietulisse.
1544 4533 1704 4598 Quod
1733 4550 1805 4589 ne
1835 4535 2154 4609 contingat,
2188 4543 2235 4610 D
2266 4528 2515 4601 busdam
2546 4546 2859 4617 deputetur
2883 4546 3277 4617 saecularium,
3303 4553 3465 4605 tanto
3497 4566 3531 4605 α
3559 4549 3671 4622 piis
3703 4528 3916 4606 meﬁti-

519 4617 672 4673 inter
701 4620 950 4689 utraque
966 4618 1088 4674 haec
1104 4622 1272 4674 cauto
1283 4620 1627 4691 gaudientes
1644 4622 1906 4695 vestigio,
1936 4624 2020 4680 sic
2032 4630 2160 4680 tan-

2269 4635 2382 4690 bus
2407 4637 2496 4689 est
2525 4633 2832 4690 sollicitius
2849 4636 3192 4703 cavendum,
3211 4644 3429 4710 quanto
3447 4638 3557 4694 hoc
3578 4639 3918 4696 testimonio

511 4725 1030 4817 gemuittgntgs‘nos
1057 4726 1937 4817 flatibusadversishoppqnimus
1965 4732 2163 4817 ipsum
2269 4755 2378 4795 uno
2411 4740 2677 4817 brevium;
2708 4743 2984 4817 timemus,
3006 4744 3256 4817 inquam,
3286 4746 3441 4800 navis
3461 4746 3765 4817 jacturam,
3790 4762 3918 4801 cum

513 4796 723 4851 obiwm
752 4794 1050 4860 Christum,
1081 4798 1364 4865 gestientes
1389 4799 1605 4853 sulcare
1629 4794 1839 4855 eosdem
1870 4794 2037 4858 lintre
2057 4809 2158 4858 trt-

513 4866 673 4946 cipiii
684 4866 1109 4946 voluminumﬁd
1123 4868 1568 4946 est,tribus_aliis
1582 4868 1747 4946 libris
1761 4873 2159 4946 ter_tio,quarto

513 4937 577 4995 et
597 4937 846 5012 quinto),
879 4939 931 5012 si
959 4937 1135 5012 tamen
1169 4956 1280 4994 non
1309 4940 1455 5012 desit
1481 4942 1761 4999 ancilium
1786 4937 2103 5012 illiusfctc.

585 5008 736 5081 (125)
768 5008 966 5065 Brevia
997 5010 1273 5065 dicuntur
1304 5011 1427 5067 loca
1456 5013 1637 5068 maris
1667 5015 1885 5070 vadosa
1914 5008 1971 5073 et
2000 5017 2158 5074 navi-

512 5081 791 5155 gantibus
818 5081 1163 5156 periculosa;
1198 5083 1352 5140 unde
1380 5083 1660 5157 Virgilius
1687 5087 1907 5143 Aineid.
1940 5107 1981 5144 ι.

767 5200 1787 5254 ............Eurusabalto

732 5262 792 5309 In
822 5260 1007 5310 brevia
1034 5266 1088 5312 et
1117 5266 1286 5327 syrtes
1317 5269 1485 5327 urget.

516 5364 664 5447 (126)
722 5365 1046 5447 Construe:_
1083 5378 1134 5425 et
1189 5372 1463 5447 timemus-
1499 5373 1822 5447 omnimodis
1881 5376 2161 5447 jacturam

512 5441 672 5516 navis
699 5446 923 5516 nostros.
956 5441 1414 5516 cujusnauclerus
1425 5442 1554 5516 jam
1568 5446 1743 5516 fracto
1764 5441 1928 5515 remo,
1958 5450 2158 5507 amisso

514 5509 687 5590 clavo,
717 5510 887 5579 fessus
917 5509 1221 5590 etcollisuo
1251 5509 1487 5586 scopulis
1509 5509 1841 5590 multigenis,
1860 5509 2053 5590 sopitis
2078 5523 2158 5576 vi-

514 5580 691 5662 ribus,
723 5596 834 5662 non
864 5585 1082 5662 quidem
1110 5580 1356 5662 portatus
1375 5586 1596 5662 scapha,
1620 5580 1958 5659 sedjactatus
1986 5593 2155 5662 unda,

514 5651 766 5709 mordens
796 5651 972 5728 ipsam
1004 5651 1252 5730 linguam
1294 5651 1540 5715 dentibus
1583 5651 1862 5728 tremulis,
1904 5664 2049 5736 jacet
2100 5651 2157 5722 in

2268 4812 2581 4868 noverimus
2607 4813 2752 4867 hunc
2794 4812 3165 4870 miserabilem
3207 4812 3500 4886 (incursum
3545 4812 3838 4886 contigisse
3866 4822 3919 4873 et

2264 4887 2487 4956 prapter
2513 4901 2735 4939 cursum
2774 4887 3133 4958 prazcz'pitem,
3180 4884 3312 4942 dum
3359 4890 3584 4945 nescivit
3631 4884 3820 4946 carere
3848 4906 3919 4946 ea:

2268 4971 2489 5028 cursum
2519 4958 2837 5028 ancipitem.

2340 5026 2489 5108 (127)
2520 5026 3179 5108 Negotium‘suspectius,
3203 5031 3355 5102 quod
3381 5030 3602 5089 scilicet
3629 5031 3918 5104 majorem

2270 5099 2665 5168 suspicionem
2695 5099 2878 5154 affert.

2341 5169 2815 5248 (128)92'tharcedi
2860 5187 2997 5226 voce
3040 5187 3233 5248 regem
3287 5172 3573 5248 designat,
3635 5190 3817 5246 quem
3855 5175 3917 5231 in

2270 5241 2649 5317 sequentibus
2701 5258 3017 5317 suppresso
3076 5241 3312 5317 nomine
3332 5241 3759 5317 rpertricturus
3803 5250 3915 5303 est.

2268 5311 2435 5400 Hunc
2468 5311 2874 5400 aut.em“fuisse
2905 5313 3209 5400 Hugonem
3239 5311 3420 5400 Italia:
3459 5317 3695 5400 Regem,
3733 5335 3781 5400 a_
3797 5335 3914 5400 quo

2269 5387 2474 5455 captus
2506 5385 2639 5461 etin
2664 5385 3240 5461 Papiensem’rturrim
3272 5385 3572 5461 conjectus
3595 5389 3723 5459 fuit,
3748 5385 3917 5447 dein-

2268 5471 2404 5537 ceps
2434 5456 2671 5537 patebit.
2707 5456 2881 5537 [ferro
2911 5457 3119 5537 ordinis
3150 5456 3802 5537 nominefepiscopatum‘
3827 5463 3918 5518 in-

2268 5472 2404 5580 ce‘ps
2434 5472 2671 5537 patebit.
2708 5472 2881 5512 rorro
2911 5472 3119 5513 ordinis
3150 5472 3384 5517 nomine
3401 5472 3802 5534 eplscopatum
3827 5472 3917 5518 1n-

2268 5530 2322 5581 te
2366 5527 2497 5615 igit;
2533 5527 3626 5615 nonnullosenim-episcoposejusdem,
3660 5533 3917 5615 quoipso

2265 5600 2578 5680 eminebat,
2610 5600 3278 5680 ordinishdissimulatis
3307 5600 3524 5680 pariter
3572 5600 3916 5665 nominibus

2268 5670 2589 5731 identidem
2620 5670 2930 5731 vellicabit.
