4054 6394
85 341 177 410 ﬁt

975 342 1624 423 PRELOQUIORUM
1666 342 1876 411 LIBRI
1921 318 2202 413 snxf—
2240 348 2385 414 LIB.
2432 348 2546 418 ιιι.
2578 358 2583 365 ·

3343 350 3462 420 222

89 478 340 538 discimus
368 478 470 540 Dei
494 479 828 558 specialiter
852 483 1045 542 vocari
1078 481 1412 553 inimicum,
1437 481 1537 558 qui
1559 498 1697 541 sua—
1725 481 1782 552 Α
1811 483 2036 541 nescire
2055 482 2298 543 virtutes
2318 484 2346 541 ?
2375 482 2736 545 Deflniamus
2767 486 2949 562 igitur
2978 503 3106 562 quae
3136 489 3254 548 sint
3293 489 3457 564 ipsis,

90 571 237 628 dente
274 570 642 647 suaviloquio
672 590 778 647 per
806 570 1210 646 falsiloquium
1261 571 1479 645 decipit
1509 573 1703 646 proxi-

89 676 246 730 mum,
275 664 374 716 aut
402 662 696 734 possessis
720 664 829 719 hac
860 680 996 719 eum
1021 662 1397 719 simulatione
1416 662 1700 736 spolians,

91 754 187 816 aut,
212 749 357 821 quod
382 752 559 823 pejus
589 755 695 817 est,
728 752 1002 807 eumdem
1034 751 1466 824 ipsumIperfidi
1506 752 1701 825 prodi-

91 838 208 894 toris
247 839 512 912 exemplo
565 838 872 913 sugillans,
914 842 1088 912 juxta
1129 839 1313 895 illud:
1358 841 1421 896 In
1468 856 1558 897 ore
1606 856 1703 897 suo

88 943 248 999 pacem
270 943 392 983 cum
439 930 620 986 amico
651 930 912 1002 loquitur,
944 937 996 986 et
1039 931 1096 985 in
1130 930 1336 986 occulto
1358 931 1517 1001 ponit
1544 931 1600 985 ei
1622 931 1705 985 in-

90 1016 230 1071 sidias
252 1015 464 1088 (Jerem.
499 1034 581 1083 ιχ,
606 1018 683 1089 8).
717 1018 786 1073 Et
805 1017 1086 1086 dicentes,
1111 1023 1254 1085 Pax,
1274 1035 1408 1090 pax,
1440 1036 1565 1074 cum
1593 1035 1703 1075 non

91 1109 196 1161 esset
217 1120 326 1176 pax
372 1107 596 1175 (Jerem.
624 1123 701 1174 γι,
753 1107 880 1175 14);
914 1110 1008 1162 et:
1043 1107 1152 1162 Sub
1184 1108 1378 1178 lingua
1407 1109 1522 1181 ejus
1553 1107 1707 1163 labor

90 1203 130 1250 et
163 1192 320 1260 dolor,
369 1193 521 1251 sedet
569 1197 631 1251 in
659 1195 878 1251 insidiis
903 1212 1030 1251 cum
1056 1195 1322 1251 divitibus
1368 1197 1431 1251 in
1459 1197 1702 1265 occultis,

92 1290 139 1338 ut
162 1283 440 1354 interﬁciat
465 1284 812 1341 innocentem
839 1283 1011 1356 (Psal.
1042 1301 1099 1352 x,
1145 1287 1201 1353 7,
1239 1285 1314 1357 8).
1363 1288 1430 1339 Et
1459 1284 1705 1357 quibus-

93 1371 203 1426 dam
240 1370 592 1430 intermistis
641 1371 940 1444 aliquanto
988 1376 1123 1444 post
1165 1390 1179 1428 :
1227 1372 1555 1440 Insidiatur,
1602 1372 1703 1443 ait,

92 1462 326 1533 ut’rapiat
348 1478 676 1535 pauperem,
719 1478 914 1534 rapere
957 1478 1282 1534 pauperum,
1314 1463 1446 1519 dum
1482 1463 1713 1519 attrahit

92 1563 192 1605 eum
216 1548 391 1617 (Ibid.,
421 1548 478 1621 9)
506 1566 521 1618 ;
555 1550 696 1605 item
724 1549 842 1605 alio
867 1566 881 1605 :
909 1550 1108 1607 Molliti
1135 1554 1266 1606 sunt
1294 1566 1569 1607 sermonos
1596 1552 1709 1623 ejus

94 1652 228 1709 super
251 1636 447 1705 oleum,
479 1646 533 1693 et
566 1640 674 1710 ipsi
699 1647 827 1695 sunt
847 1639 1043 1710 jacula
1074 1641 1246 1708 (Psal.
1280 1656 1389 1709 LIV,
1421 1640 1513 1708 22)
1541 1657 1555 1708 ;
1584 1655 1710 1712 spe-

95 1725 323 1799 ciemque
350 1727 428 1783 ad
477 1743 671 1800 genus
697 1744 858 1783 more
898 1728 1114 1784 usitato
1145 1728 1532 1794 transferens,
1566 1745 1709 1800 prie-

95 1813 364 1915 miumque
393 1815 665 1915 debitum
698 1833 980 1915 promens
1004 1833 1019 1871 :
1049 1817 1278 1915 Tit-uero
1308 1816 1707 1915 inquit,‘Deus,
1741 1848 1791 1915 Β

96 1902 285 1960 deduce:
311 1920 400 1960 eos
429 1906 489 1960 in
515 1913 749 1977 puteum
776 1907 1066 1962 interritus
1099 1905 1285 1978 (Ibid.,
1314 1907 1427 1977 24).
1457 1906 1569 1962 Job
1600 1923 1709 1961 au-

96 1994 190 2047 tem
216 1995 369 2048 tanto
418 1992 764 2060 terribilius,
798 1998 1018 2066 quanto
1050 1994 1422 2067 expressius:
1474 1994 1710 2051 Simula-

98 2084 209 2137 tores
235 2089 282 2137 et
303 2082 518 2150 callidi,
545 2082 758 2155 inquit,
784 2088 1079 2154 prouocant
1096 2084 1244 2139 iram
1260 2085 1362 2140 Dei
1381 2083 1500 2157 (Job
1515 2100 1709 2151 xxxvr,

99 2169 186 2239 13).
216 2169 316 2227 Ubi
344 2172 678 2228 notandum
705 2172 861 2244 quod
894 2187 1010 2227 non
1044 2180 1343 2240 merentur,
1378 2172 1477 2227 sed
1517 2188 1713 2243 provo-

98 2262 217 2326 cant,
247 2262 309 2315 ut
336 2258 566 2332 aliquid
584 2259 736 2333 (129)
764 2260 1146 2317 formidosius
1174 2259 1370 2316 inesse
1395 2260 1713 2333 intelligas,

98 2346 230 2403 dixit.
273 2347 610 2405 Verendum
655 2352 873 2419 autem,
926 2366 1000 2406 ne
1050 2353 1393 2422 provocetur
1439 2349 1606 2417 adeo,
1650 2354 1716 2405 ut

102 2436 339 2496 resistere
366 2437 419 2495 ei
445 2437 644 2495 valeat
667 2455 859 2507 nemo,
893 2456 965 2496 ne
995 2439 1244 2505 dicatur,
1277 2440 1401 2496 Vivo
1430 2438 1715 2509 ergo,dicit

99 2525 341 2595 Dominus,
373 2528 511 2600 quia
538 2542 655 2583 non
681 2528 1001 2599 expiabitur
1030 2528 1297 2599 iniquitas
1329 2527 1447 2584 hac
1476 2528 1715 2582 victimis

96 2623 136 2669 et
158 2617 456 2673 muneribus
501 2632 677 2688 usque
706 2617 769 2671 in
806 2618 1197 2688 sempiternum
1228 2616 1276 2687 (Ι
1302 2618 1428 2687 Reg.
1464 2633 1547 2680 IlI,
1601 2616 1710 2683 14).

152 2705 196 2759 4.
225 2705 401 2770 Qnam
445 2705 673 2761 fcedum
726 2708 921 2761 autem
973 2703 1214 2760 cuilibet
1242 2704 1352 2760 hoc
1400 2704 1477 2759 sit
1504 2703 1713 2760 vitium

103 2794 279 2850 sectari
304 2793 661 2863 Christiano,
696 2794 872 2850 etiam
924 2793 1301 2867 antiquorum
1350 2797 1716 2849 monstratur

102 2882 345 2955 exemplo,
376 2884 481 2955 qui
512 2900 634 2939 non
664 2882 857 2938 divino
907 2882 1134 2950 timore,
1190 2883 1291 2938 sed
1325 2881 1580 2938 naturali
1613 2883 1713 2938 ho-

103 2972 309 3029 nestatis
319 2988 540 3038 amore,
556 2971 909 3028 deﬁnierunt
921 2976 1152 3043 turpem
1167 2987 1401 3027 omnem
1421 2970 1552 3027 dolo
1565 2987 1716 3042 quaa-

102 3056 243 3114 sitam
260 3061 562 3118 victoriam
595 3060 738 3116 fore.
772 3060 1007 3115 Insania
1036 3062 1075 3115 7
1088 3061 1383 3131 Qquoque
1405 3059 1714 3130 impatien-

102 3147 175 3203 tia
201 3148 461 3206 foriitudo
490 3149 623 3207 vult
649 3165 802 3221 saepe
831 3164 1034 3221 parere
1064 3147 1145 3220 [id
1168 3148 1716 3220 estapparere];for-

105 3238 198 3293 lem
228 3238 386 3311 enim
424 3256 489 3296 se
539 3219 790 3311 quisque
832 3219 1023 3293 ambit
1048 3219 1255 3306 videri,
1289 3219 1425 3293 cum
1457 3219 1708 3309 percutit
1743 3219 1786 3287 (ἶ

109 3341 288 3399 pugno,
316 3328 505 3386 victus
536 3327 818 3384 convicio.
852 3327 964 3383 Sed
994 3324 1245 3383 stultum
1276 3330 1384 3394 est,
1416 3331 1481 3382 ut
1508 3326 1588 3382 ait
1613 3345 1710 3399 pe-

108 3415 482 3474 ritissimorum
518 3416 785 3490 quidam,
818 3415 1117 3474 hominem
1150 3414 1370 3472 victum
1401 3416 1609 3472 fortem
1626 3417 1711 3472 di-

108 3518 224 3560 cere.
252 3505 564 3563 Sciendum
596 3506 776 3562 etiam
804 3503 1174 3577 phreneticos
1205 3504 1338 3576 plus
1389 3505 1550 3560 sanis
1580 3522 1713 3577 per-

109 3606 230 3664 saepe
269 3594 485 3653 viribus
514 3611 713 3667 posse.
743 3593 967 3659 Virtus,
992 3593 1166 3664 juxta
1192 3592 1608 3665 Augustinum,
1644 3611 1710 3651 eo

109 3679 260 3751 pluris
285 3684 648 3749 aestimanda,
683 3700 799 3755 quo
830 3681 1001 3755 plura
1032 3680 1713 3739 contemnit.Crudelitas

111 3784 302 3843 quoque
325 3772 669 3846 impietatis,
682 3771 878 3845 etipsa
898 3770 1139 3828 ambitio
1171 3770 1596 3832 ardentissimae
1619 3789 1713 3828 cu-

110 3857 304 3929 pidatis,
350 3863 681 3935 trophaaum
728 3861 1002 3917 invadere
1067 3859 1381 3932 aliquoties
1444 3859 1714 3916 nituntnr

111 3947 394 4018 equitatis;
423 3948 696 4007 videlicet
716 3967 851 4006 cum
876 3948 1008 4022 quis
1039 3948 1323 4005 satisfecit
1351 3948 1715 4022 iras,etputat

109 4050 156 4089 se
191 4038 384 4096 servire
423 4039 693 4112 justiﬁes,
742 4042 846 4095 aut
891 4038 1123 4095 etiamsi
1164 4038 1398 4109 justum
1429 4038 1501 4093 sit
1548 4041 1705 4111 quod

118 4124 231 4196 agit,
258 4132 511 4200 quaestus
542 4127 692 4184 illud
723 4126 914 4201 gratia
942 4126 1098 4193 facit,
1123 4125 1711 4184 centrainterdictum

114 4209 261 4282 illius,
303 4215 402 4289 qui
445 4215 712 4292 praecipit
757 4217 996 4273 dicens:
1038 4217 1186 4274 Iuste
1217 4215 1358 4288 quod
1377 4216 1591 4288 justum
1633 4222 1713 4275 est

116 4307 382 4375 mqu
410 4307 592 4375 (Deut.
627 4321 742 4375 xv1,
772 4305 882 4373 20).
918 4303 1158 4360 Desidia
1184 4304 1362 4360 etiam
1389 4307 1715 4377 temperan-

114 4387 177 4443 tia
199 4392 308 4449 vult
351 4410 801 4466 nonnumquam
846 4392 1068 4460 videri;
1102 4391 1372 4448 videlicet
1398 4409 1534 4449 cum
1566 4396 1708 4466 quid

114 4479 492 4553 pracipitanter
524 4498 700 4557 agere
731 4483 1008 4550 vitamus,
1055 4482 1156 4538 sed
1186 4480 1245 4536 id
1286 4483 1574 4539 moderari
1610 4501 1713 4556 per

1809 577 1867 630 et
1896 572 2025 632 luce
2073 573 2472 649 fulgurautius
2521 576 2773 650 parebit,
2805 577 2947 650 quid
2999 596 3115 635 non
3147 580 3267 636 sint
3295 579 3455 654 ipsae.

1810 664 2051 720 Jnstitia
2080 666 2187 733 est,
2222 670 2286 721 ut
2306 667 2434 738 jam
2467 684 2499 722 a
2529 667 2857 737 majoribus
2887 671 2975 725 est
3004 667 3462 739 difﬁnitum,ha-

1810 752 1970 808 bitus
2001 752 2182 808 animi
2215 770 2319 825 pro
2352 755 2651 810 communi
2685 755 2936 812 utilitate
2969 761 3254 826 servatus,
3289 776 3458 816 suam

1812 841 2025 914 cuique
2057 842 2320 899 tribuens
2349 842 2692 917 dignitatem
2722 863 2736 913 ;
2772 832 2939 900 ‘unde
2971 846 3203 918 proprie
3227 848 3463 919 justitia

1813 924 2046 996 dicitur,
2071 930 2237 1002 quasi
2252 932 2404 1003 juris
2423 940 2587 988 salus.
2614 932 2721 988 Jus
2743 937 2940 988 autem
2964 938 3054 990 est
3074 936 3309 1009 propria
3329 936 3421 992 lex
3448 956 3461 1007 ;

1813 1019 2094 1089 etjustus
2124 1020 2224 1092 qui
2247 1020 2368 1091 jus,
2405 1020 2461 1075 id
2494 1025 2602 1088 est,
2636 1021 2930 1094 propriam
2964 1021 3459 1095 legem,custodit,

1811 1106 1901 1163 vel
1933 1108 2031 1180 qui
2064 1108 2218 1179 quod
2252 1109 2552 1181 proprium
2584 1114 2672 1164 est
2701 1109 3017 1182 unicuique
3062 1112 3370 1184 impendit,
3398 1118 3464 1170 ut

1813 1195 1960 1251 illud
1991 1196 2220 1251 Domini
2245 1213 2258 1252 :
2291 1196 2515 1253 Reddite
2543 1213 2669 1270 quae
2694 1206 2826 1254 sunt
2853 1198 3080 1255 Czsaris
3121 1202 3352 1270 (haesuri,
3412 1208 3464 1260 et

1815 1301 1933 1358 qum
1977 1289 2108 1341 sunt
2154 1287 2254 1341 Dei
2299 1287 2403 1341 Deo
2446 1285 2654 1357 (Matth.
2689 1304 2828 1355 xxn,
2859 1287 2972 1359 21).
3026 1288 3346 1346 Prudentia
3374 1296 3463 1347 est

1814 1389 2010 1428 rerum
2044 1372 2332 1429 bonarum
2382 1372 2742 1429 malarumve
2786 1390 2959 1429 verax
2987 1375 3252 1433 scientia.
3282 1378 3455 1436 Tem-

1815 1461 2083 1534 perantia
2105 1466 2196 1517 est
2216 1463 2527 1518 adversum
2548 1460 2842 1530 libidines,
2868 1463 3129 1535 aliosque
3144 1483 3257 1522 non
3272 1472 3460 1525 rectos

1817 1550 2072 1621 impetus
2102 1550 2304 1619 animi,
2338 1550 2512 1609 ﬁrma
2539 1554 2597 1607 et
2626 1551 2929 1607 moderata
2956 1552 3298 1611 dominatio.
3332 1556 3461 1613 Haec

1816 1642 1873 1694 et
1904 1639 2190 1696 modestia
2218 1643 2474 1705 vocatur,
2525 1640 2663 1711 quia
2693 1656 2828 1695 cum
2862 1641 3035 1696 modo
3066 1641 3155 1697 vel
3186 1659 3463 1702 mensura

1818 1725 2016 1783 omnia
2045 1727 2184 1800 agit,
2221 1726 2522 1784 Fortitudo
2551 1732 2642 1784 est
2671 1728 3040 1786 censiderata
3069 1730 3461 1802 periculorum

1818 1815 2136 1888 susceptio,
2169 1821 2227 1872 et
2257 1814 2525 1872 laborum
2558 1817 2729 1872 firma
2750 1817 3068 1890 perpessio.
3094 1818 3189 1875 His
3213 1825 3466 1893 quatuor

1820 1902 2154 1976 ita-regales
2186 1905 2419 1976 proprie
2448 1910 2771 1962 noscuntur
2792 1921 2921 1962 esse
2945 1905 3212 1978 virtutes,
3236 1913 3301 1964 ut
3328 1927 3463 1967 cum

1818 1992 1914 2049 his
1970 1992 2218 2065 quilibet
2267 1993 2443 2049 etiam
2504 1994 2779 2063 rusticus,
2839 2011 2937 2051 rex
2986 2012 3099 2051 non
3145 1997 3464 2072 incongrue

1819 2081 1932 2138 dici
1957 2100 1971 2151 ;
1995 2081 2123 2138 sine
2141 2080 2254 2154 gis,
2276 2098 2382 2138 nec
2402 2080 2528 2155 ipse
2550 2082 2882 2139 universam
2898 2101 3044 2157 pene
3061 2087 3462 2145 monarchiam

1820 2170 2092 2227 obtinens
2124 2171 2700 2244 mundi,quanquam
2731 2173 2991 2239 abusive,
3016 2190 3116 2230 rex
3136 2174 3465 2249 valetjuste

1820 2260 2048 2316 vocari:
2098 2259 2248 2315 male
2296 2259 2453 2316 enim
2502 2261 2866 2332 imperando,
2901 2266 2967 2317 ut
3012 2262 3094 2318 ait
3124 2263 3226 2336 qui
3254 2282 3453 2338 supra,

1822 2365 2126 2405 summum
2150 2349 2465 2421 imperium
2496 2348 3108 2414 amittitur.Quantum
3139 2356 3334 2411 autem
3367 2354 3459 2410 his

1822 2437 2069 2506 amiciri,
2119 2454 2234 2494 non
2284 2437 2478 2493 solum
2510 2438 2768 2511 regibus,
2821 2439 2920 2494 sed
2962 2439 3138 2496 etiam
3168 2441 3463 2499 ommibus

1820 2527 2006 2600 prosit
2033 2527 2393 2595 hominibus,
2426 2530 2675 2583 testatur
2701 2527 2903 2584 dicens
2935 2527 2993 2583 in
3026 2529 3321 2601 sapientiae
3342 2529 3465 2588 lau-

1822 2617 2033 2672 dibus:
2084 2616 2444 2672 Sobrietatem
2491 2616 2663 2681 enim,
2712 2618 2763 2670 et
2810 2615 3140 2686 sapientiam
3184 2616 3348 2686 docet,
3414 2622 3467 2674 et

1811 2708 2110 2779 justitiam,
2161 2712 2213 2759 et
2252 2706 2511 2759 virtutem
2540 2705 2737 2776 quibus
2765 2705 2851 2759 nil
2881 2704 3078 2760 utilius
3109 2706 3169 2760 in
3194 2713 3342 2762 terra
3388 2716 3467 2764 est

1821 2794 2134 2851 hominibus
2164 2793 2314 2866 (Sap.
2346 2809 2467 2859 VIII,
2498 2795 2552 2864 7)
2580 2808 2593 2848 :
2644 2792 2744 2848 ubi
2791 2793 3135 2849 sobrietatem
3174 2798 3464 2868 tempera-

1821 2884 1989 2949 tiam,
2019 2882 2350 2955 sapientiam
2378 2897 2506 2937 esse
2539 2898 2716 2953 quam
2747 2885 2804 2937 et
2831 2899 2938 2938 nos
2985 2882 3292 2954 posuimus
3320 2901 3467 2957 pru-

1822 2971 2104 3039 dentiam,
2132 2972 2391 3025 virtutem
2416 2968 2841 3037 fortitudinem,
2875 2968 3129 3041 diligens
3159 2968 3340 3026 lector
3378 2974 3465 3027 at-

1820 3061 2042 3117 tendat.
2067 3059 2278 3114 Beatus
2298 3061 2493 3113 autem
2518 3059 2607 3113 cui
2632 3057 2848 3113 dicitur
2871 3075 2884 3112 ε
2916 3058 3179 3114 Omnibus
3198 3059 3289 3114 his
3318 3061 3467 3117 velut

1820 3150 2153 3207 vestimentis
2165 3147 2432 3202 indueris.

2136 3237 2259 3292 Trr.
2291 3235 2387 3291 IIl.
2419 3266 2488 3274 —-
2522 3234 2663 3290 Vitia
2692 3251 2803 3291 non
2835 3233 3151 3307 pallianda.

1891 3330 1944 3384 6.
1975 3328 2075 3382 His
2123 3326 2205 3382 ita
2251 3342 2367 3381 non
2414 3323 2933 3391 inconsideranter,
2983 3328 3050 3380 ut
3095 3325 3285 3395 credo,
3319 3344 3462 3400 prae-

1814 3417 2009 3491 jactis,
2063 3431 2218 3472 nunc
2268 3414 2316 3471 si
2369 3430 2486 3486 qua
2531 3417 2673 3468 sunt
2703 3412 2969 3481 dicenda,
3002 3412 3083 3470 ita
3109 3414 3363 3488 recipere
3393 3434 3466 3474 ne

1822 3510 2168 3579 aspernetur
2208 3502 2534 3576 amplitudo
2582 3507 2704 3570 tua,
2738 3505 2804 3558 ut
2849 3502 2990 3559 dum
3023 3509 3224 3577 aperta
3252 3505 3468 3561 fuerint

1822 3595 1924 3650 diu
1973 3593 2216 3650 forsitan
2266 3592 2551 3665 ignorata,
2595 3590 2963 3665 corrigantur
3007 3592 3288 3668 neglecta.
3344 3595 3465 3652 Pri-

1821 3699 1986 3739 mum
2035 3684 2231 3755 itaque
2291 3697 2429 3754 rogo
2478 3685 2554 3747 te,
2606 3698 2679 3737 ne
2739 3681 2899 3753 ipsas
2966 3683 3256 3754 quomodo
3322 3683 3465 3741 velis

1822 3774 2171 3846 degenerare
2193 3770 2458 3836 virtutes,
2494 3775 2890 3843 praetextuque
2920 3770 3170 3828 aliarum
3193 3789 3468 3845 quarum-

1819 3860 1963 3917 libet
1992 3861 2094 3917 80
2125 3876 2340 3926 rerum,
2394 3875 2521 3931 quae
2551 3861 2695 3914 forte
2726 3864 2861 3915 sunt
2894 3860 3165 3925 dissonae,
3201 3860 3463 3934 palliare.

1821 3951 1955 4007 Esto
1987 3949 2115 4006 dico
2145 3949 2424 4022 prudens,
2458 3965 2573 4004 non
2597 3947 2882 4017 callidus;
2917 3949 3182 4021 quamvis
3213 3954 3271 4006 et
3301 3950 3466 4007 calli-

1820 4039 2020 4095 ditatis
2052 4039 2286 4094 nomine
2317 4038 2630 4111 prudentia
2644 4055 2796 4109 saepe
2813 4037 2996 4094 soleat
3023 4038 3269 4111 intelligi
3290 4044 3353 4094 ut
3372 4043 3463 4096 est

1820 4129 1964 4185 illud
1990 4145 2002 4184 :
2030 4128 2230 4184 Callidi
2258 4132 2334 4184 est
2360 4127 2669 4195 intelligere
2686 4128 2835 4182 viam
2852 4143 3010 4182 suam
3034 4128 3214 4199 (Prov.
3240 4145 3353 4198 x1v,
3381 4128 3460 4198 8),

1821 4218 2130 4285 fortis,non
2154 4216 2444 4287 superbus
2470 4233 2482 4284 ;
2506 4219 2888 4286 temperatus,
2916 4232 3030 4270 non
3055 4215 3222 4271 deses
3243 4219 3344 4272 aut
3372 4234 3462 4273 re-

1822 4307 2040 4364 missus
2065 4307 2320 4378 ;justus,
2345 4319 2458 4359 non
2482 4303 2759 4371 crudelis,
2781 4303 3012 4359 Honora
3033 4303 3230 4377 itaque
3252 4304 3459 4375 Deum,

1820 4413 1955 4469 rege
1984 4395 2240 4467 primum
2272 4392 2547 4464 teipsum,
2582 4392 2699 4448 imo
2729 4391 2840 4464 ipsi
2875 4391 3083 4448 rectori
3115 4395 3464 4452 commenda

1819 4486 2096 4557 teipsum.
2131 4481 2275 4537 Vide
2304 4498 2432 4553 quae
2463 4480 2701 4537 arbores
2720 4481 2927 4553 majori
2960 4481 3221 4554 impulsu
3243 4484 3465 4558 agitau-
3504 4506 3507 4511 ‘

113 4564 471 4629 discretionem
493 4571 825 4640 nescimus;
849 4588 916 4629 ea
934 4571 1112 4628 etiam
1134 4588 1259 4643 quae
1282 4571 1705 4655 agendae'rant,
1740 4585 1784 4650 ι’)
1814 4578 1911 4630 tur
1936 4576 2240 4628 ventorum
2267 4589 2280 4636 ;
2313 4569 2640 4638 considera,
2672 4587 2798 4642 quae
2828 4570 3062 4643 gravius
3083 4576 3265 4629 ruunt
3278 4573 3459 4629 aedifi-

112 4654 272 4715 minus
314 4661 557 4732 providi,
589 4660 880 4718 desidiose
912 4661 1107 4717 inacta
1130 4658 1212 4733 [id
1239 4664 1321 4716 est
1351 4654 1585 4732 Infecta]
1616 4662 1707 4717 di-

112 4742 377 4815 mittimus,
406 4750 671 4822 dumque
686 4748 895 4805 vitium
927 4748 1492 4817 metuimus,vitium
1519 4750 1709 4806 incur-

112 4828 280 4893 rimus.
308 4836 463 4912 Saepe
493 4838 825 4906 enim,cum
837 4838 972 4911 quis
991 4837 1281 4893 moderari
1299 4837 1507 4894 nititur
1533 4839 1703 4905 iram,

114 4916 317 4982 incurrit
342 4927 795 5003 negligentiam;
830 4942 966 4983 cum
1016 4925 1362 5000 plerumque
1407 4926 1549 4983 vitia
1589 4946 1706 4985 non

114 5022 352 5084 coercere,
380 5017 623 5091 majoris
653 5017 734 5073 sit
760 5016 1024 5074 criminis
1055 5032 1233 5090 quam
1260 5014 1482 5086 ulcisci,
1526 5021 1583 5073 et
1607 5018 1707 5075 de-

114 5092 427 5171 linquentem
459 5105 749 5180 negligere
777 5122 893 5161 non
925 5105 1124 5161 minus
1154 5104 1249 5174 sit,
1279 5121 1455 5176 quam
1487 5105 1702 5164 odisse.

115 5185 390 5261 Aliquoties
438 5194 560 5254 doli
587 5193 838 5270 Scyllam
884 5192 1415 5261 caventes,stulitize
1454 5194 1704 5251 incurri-

119 5287 225 5333 mus
240 5279 423 5353 Syrtes
445 5303 458 5354 ;
482 5283 707 5340 fortiter
736 5299 991 5356 persaepe
1020 5282 1389 5354 exsequenda
1432 5282 1703 5353 vitantes,

116 5367 333 5436 8eguitiee
360 5373 495 5431 vitio
527 5374 813 5431 servimus
844 5376 1160 5445 torpentes.

166 5454 210 5511 5.
236 5456 437 5518 Verum
466 5463 608 5537 quid
641 5462 807 5519 affert
825 5478 1027 5519 earum
1061 5477 1410 5534 cognoscere
1440 5462 1702 5535 aemulas,

117 5539 156 5594 si
180 5548 467 5623 contingat,
497 5556 557 5609 et
586 5553 726 5625 ipsae
757 5568 885 5624 quae
929 5549 1068 5619 sint,
1109 5550 1284 5606 certis
1315 5550 1547 5608 indiciis
1576 5569 1704 5626 per-

1815 4663 1923 4730 cia,
1952 4666 2008 4717 et
2037 4678 2109 4717 ne
2136 4658 2282 4715 illud
2314 4660 2602 4727 incurras,
2636 4658 2775 4732 quia
2792 4660 3074 4732 judicium
3101 4660 3458 4719 durissimum

1814 4752 1876 4807 in
1905 4752 1990 4807 his
2018 4751 2115 4822 qui
2138 4751 2382 4820 praesunt
2412 4747 2560 4819 (Sap.
2592 4765 2668 4816 Vl,
2700 4748 2794 4820 6);
2826 4753 2901 4818 et,
2933 4758 3175 4821 potentes
3211 4756 3463 4823 potenter

1814 4845 2089 4897 tormenta
2132 4840 2415 4908 patientur
2444 4836 2624 4905 (Ibid.,
2658 4836 2754 4910 7),-
2801 4843 2879 4908 et,
2927 4840 3249 4910 fortioribus
3277 4842 3458 4913 major

1816 4931 1983 4986 instat
2011 4929 2291 4983 cruciatus
2320 4926 2502 4996 (Ibid.,
2520 4926 2597 4996 9).
2622 4926 2984 4999 Amplectere
3006 4927 3462 5000 sollicitus,quia

1818 5020 1962 5075 beati
1998 5015 2394 5084 misericordes,
2441 5017 2703 5088 quoniam
2732 5018 2843 5088 ipsi
2870 5018 3298 5074 misericordiam
3325 5033 3456 5072 con-

1813 5111 2109 5181 sequentur
2136 5106 2343 5179 (Matth.
2376 5122 2428 5174 v,
2458 5106 2512 5174 7)
2538 5124 2551 5175 ;
2585 5108 2650 5160 ut
2688 5105 2865 5161 simul
2896 5105 3088 5178 possis
3118 5104 3357 5161 evadere
3388 5103 3457 5159 il-

1814 5197 1914 5253 lud
1947 5196 2086 5269 quia
2097 5194 2373 5269 judicium
2395 5194 2517 5250 sine
2544 5194 2933 5251 misericordia
2961 5195 3045 5248 his
3073 5194 3173 5264 qui
3200 5208 3311 5248 non
3357 5194 3459 5248 ha-

1817 5286 1940 5343 bent
1969 5282 2405 5341 misericordiam
2433 5285 2569 5351 (Jac.
2601 5299 2662 5348 ιι,
2694 5283 2782 5351 13)
2808 5301 2820 5351 ;
2855 5287 2912 5338 et
2942 5280 3285 5353 intelligere,
3319 5281 3460 5354 quia

1815 5375 2013 5431 nullus
2044 5373 2244 5440 miser,
2289 5371 2401 5428 nisi
2434 5372 2534 5444 qui
2577 5370 2837 5426 misereri
2870 5369 3140 5427 noluerit.
3175 5371 3246 5427 Et
3272 5387 3345 5427 ne
3369 5372 3460 5429 for

1813 5469 1931 5521 tem
1964 5468 2019 5521 te
2048 5467 2238 5537 putes,
2272 5478 2405 5516 cum
2439 5459 2693 5532 percutis
2725 5458 2937 5531 glsdio,
2959 5460 3149 5515 victus
3168 5458 3328 5526 vitio,
3353 5478 3459 5518 nec

1814 5554 2068 5611 multum
2100 5549 2330 5616 laeteris,
2383 5564 2514 5604 cum
2549 5547 2804 5621 plurima
2844 5548 2951 5604 tibi
2983 5547 3266 5622 subjicis;
3319 5550 3456 5607 audi

168 5648 292 5727 (129)
312 5656 636 5732 Legendum
666 5658 911 5718 forsitan
943 5661 1000 5715 et
1020 5658 1427 5730 formidolosius
1456 5677 1489 5718 a
1507 5660 1906 5733 formidolosus.
