4054 6386
507 320 635 390 218

1342 270 1349 277 ’
1426 316 1805 390 amem
1845 315 2090 389 EPISC.
2134 317 2422 387 veaou.
2469 317 2646 388 app.
2691 319 2891 388 pass
2933 315 2987 387 ι.

3796 260 3939 389 ea

512 465 767 523 multum
807 461 942 520 ante
971 475 1080 521 nos
1110 457 1369 519 dictum:
1398 462 1538 519 Ante
1563 463 1677 535 ipse
1705 461 2019 534 subjicitur,
2057 461 2154 533 qui
2180 462 2234 527 Α
2265 460 2559 517 dieatores
2584 476 2725 516 suos
2752 464 2809 516 et
2840 454 3201 533 spiritunles,
3236 459 3294 517 et
3321 455 3609 519 charitats
3630 455 3774 519 facit
3804 462 3926 519 t‘cr-

507 559 627 614 vult
648 557 787 613 alios
806 554 1004 612 habere
1028 553 1308 627 subjectos.
1342 550 1443 609 Cui
1474 568 1610 608 vero
1648 550 2013 625 subjiciatur,
2042 550 2149 607 tibi

509 648 776 720 relinquo
824 644 1171 718 disquirere,
1222 659 1356 699 cum
1386 641 1670 698 Dominus
1700 646 1757 698 te
1786 640 1974 715 possit
2004 641 2147 697 satis

507 738 648 794 hinc
693 752 949 810 congrue
996 733 1238 789 dicendo
1286 732 1526 787 docere:
1573 732 1760 799 Nemo,
1798 731 2011 804 inquit,
2038 747 2148 803 po-

506 833 608 885 test
633 826 842 883 duobus
869 825 1104 880 dominis
1129 823 1334 878 servire
1362 820 1571 893 (Matth.
1605 835 1686 885 v1,
1725 819 1815 888 24)
1842 839 1854 886 ;
1907 824 1999 875 et:
2030 821 2148 875 Non

506 918 724 990 potestis
756 917 856 971 Deo
881 915 1085 969 servire
1111 918 1161 966 et
1206 926 1531 965 mammonae
1563 908 1770 981 (Ibid).
1805 909 1872 963 Et
1900 911 2145 979 Aposto-

506 1007 602 1062 lus
627 1024 640 1061 :
664 1008 776 1062 Non
796 1009 998 1073 regnet,
1019 999 1313 1070 inquiens,
1336 1002 1615 1069 peccatum
1627 1000 1687 1052 in
1708 1004 1877 1053 vestro
1896 998 2143 1061 mortali,

503 1111 723 1168 corpore
753 1096 923 1165 (Rom.
951 1107 1027 1155 v1,
1062 1090 1149 1160 l2)
1176 1107 1189 1156 ;
1215 1096 1272 1144 et
1297 1106 1309 1144 :
1342 1090 1454 1157 Qui
1474 1090 1610 1159 facit
1636 1091 1935 1159 peceatum.
1961 1102 2147 1141 servus

501 1190 582 1243 est
622 1184 831 1258 peccati
877 1180 1055 1253 (Joan.
1095 1196 1216 1243 vm,
1249 1177 1378 1246 34);
1410 1180 1502 1231 et:
1538 1176 1577 1229 Α
1608 1192 1716 1248 quo
1759 1177 1881 1248 quis
1907 1192 2143 1246 supera-

501 1282 611 1339 tur,
661 1272 777 1342 ejus
824 1276 903 1324 est
947 1271 999 1323 et
1042 1281 1227 1322 servus
1269 1266 1349 1332 (II
1392 1265 1540 1318 Petr.
1591 1281 1651 1330 ιι,
1703 1262 1813 1334 49).
1846 1264 1917 1317 Et
1944 1264 2003 1318 in
2040 1268 2144 1318 Da-

500 1362 688 1419 niele:
719 1359 979 1427 Princeps
1010 1355 1221 1427 inquit,
1255 1355 1416 1421 regni
1442 1354 1737 1408 Persarum
1765 1354 1969 1407 restitit
2004 1353 2148 1407 mihi

499 1454 663 1521 (Dan.
693 1465 752 1517 x,
784 1446 893 1513 43).
927 1445 1051 1499 Non
1084 1442 1239 1498 enim
1272 1441 1398 1496 sine
1418 1457 1598 1495 causa
1626 1439 1905 1495 dicuntur
1925 1440 2139 1494 daemo-

499 1558 605 1596 nes
633 1532 1034 1594 fornicationis
1067 1535 1123 1587 et
1152 1528 1457 1602 superbiae,
1481 1528 1570 1583 vel
1601 1532 1939 1585 casterorum
1969 1526 2142 1583 vitio-

500 1645 633 1686 rum
658 1624 921 1699 spiritus,
952 1619 1066 1675 nisi
1098 1618 1236 1691 quia
1251 1618 1471 1673 habent
1487 1617 1784 1688 subjectos
1801 1617 2017 1688 quibus
2039 1617 2141 1672 do-

500 1718 821 1781 minantur,
853 1710 1074 1767 eisdem
1104 1706 1328 1764 scilicet
1346 1705 1504 1763 vitiis
1535 1707 1871 1762 servientes.

2260 556 2481 609 ventes.
2531 551 2601 608 Et
2647 567 2751 623 per
2776 548 3358 624 prophetam:Labia
3385 550 3684 609 sacerdotis
3732 555 3924 609 custo-

2255 643 2405 699 dient
2440 641 2739 713 justitiam,
2789 648 2841 696 et
2870 640 3042 710 legem
3069 642 3352 713 requirent
3378 656 3450 697 ea:
3477 657 3570 698 ore
3598 644 3741 715 ejus,
3774 644 3926 714 quia

2255 733 2484 801 angelus
2534 731 2753 785 Domini
2803 731 3145 785 exercituum
3185 736 3268 785 est
3315 730 3565 802 (Malach.
3621 747 3683 801 II,
3734 731 3815 800 7).
3854 731 3923 786 In

2255 817 2597 892 Apocalypsi
2621 818 2865 874 Joannis
2881 834 3016 873 cum
3035 818 3207 873 audis
3226 818 3465 891 angelos
3485 823 3711 892 septem
3732 818 3927 877 eccle-

2256 909 2500 973 siarum,
2531 907 2728 962 nullos
2755 906 2902 963 alios
2930 905 3227 978 intelligas
3275 924 3451 979 quam
3482 908 3793 981 episcopos
3814 925 3921 965 ea-

2256 998 2477 1052 rum.ln
2496 994 2802 1067 Evangelio
2817 1010 3053 1066 quoque
3073 994 3214 1065 quid
3240 994 3416 1057 dicat,
3442 1011 3619 1067 quam
3646 1000 3919 1068 potesta-

2252 1091 2370 1141 tem
2385 1086 2469 1139 eis
2484 1084 2729 1150 tribuat,
2742 1084 3000 1138 adverte:
3023 1084 3389 1156 Quaecunque,
3405 1083 3921 1157 inquiens,ligave-

2252 1177 2376 1231 ritis
2391 1181 2787 1245 superterram,
2808 1172 2979 1241 ligata
2993 1179 3156 1227 erunt
3182 1180 3234 1228 et
3262 1173 3324 1227 in
3351 1173 3526 1242 certe;
3555 1178 3608 1229 et
3638 1189 3916 1247 quaecun-

2251 1280 2355 1336 que
2392 1263 2662 1319 solveritis
2707 1278 2871 1333 super
2900 1265 3125 1329 terram,
3171 1262 3353 1317 soluta
3396 1267 3559 1318 erunt
3589 1272 3643 1319 et
3672 1265 3731 1319 in
3763 1264 3907 1319 caelo

2252 1352 2458 1420 (Matth.
2511 1368 2625 1418 xv1,
2674 1350 2784 1420 19).
2835 1349 2951 1405 Hoc
3001 1350 3176 1413 idem,
3230 1350 3365 1406 licet
3410 1351 3686 1423 sparsim,
3736 1356 3797 1407 et
3839 1352 3904 1407 in

2250 1440 2477 1514 psalmo
2512 1441 2635 1511 jam
2683 1444 2740 1494 et
2786 1438 3075 1511 Propheta
3103 1444 3508 1510 peraraverat:
3539 1441 3915 1497 Nim'shono-

2248 1531 2362 1586 rati
2388 1536 2515 1585 sunt
2544 1529 2710 1583 amici
2737 1529 2822 1583 tui
2849 1528 3010 1595 Deus,
3041 1527 3210 1583 nimis
3239 1529 3575 1599 confortatus
3594 1537 3675 1586 est
3686 1532 3911 1602 princi-

2243 1629 2404 1692 patus
2431 1634 2619 1674 eorum
2633 1617 2805 1685 (Psal.
2824 1633 3095 1684 cxxxvm,
3119 1617 3228 1685 17).
3261 1617 3522 1682 Quorum
3541 1622 3564 1675 Ρ
3581 1617 3900 1691 Apostolo-

2247 1724 2399 1771 rum,
2414 1705 2924 1779 evangelistarum,
2939 1703 3369 1777 episcoporum,
3390 1704 3762 1773 clericorum,
3782 1723 3913 1763 mo-

570 1807 626 1860 7.
660 1801 822 1870 Quod
853 1815 987 1856 cum
1040 1796 1475 1853 evidentissime
1513 1794 1804 1859 didiceris,
1837 1794 2142 1850 considera
2168 1829 2219 1895 Β
2249 1796 2572 1852 nachorum
2592 1792 2804 1849 saeculo
2838 1793 3326 1860 renuntiantinm,
3351 1794 3474 1866 qui,
3510 1794 3650 1867 quia
3688 1795 3912 1851 nolunt

502 1894 643 1969 quid
675 1907 780 1964 per
802 1886 1146 1963 prophetam
1195 1884 1482 1941 Dominus
1529 1883 1721 1939 dicat:
1760 1885 1848 1940 Vae
1892 1885 1988 1956 qui
2009 1899 2140 1938 con-

488 1983 730 2059 jungitis
757 1979 980 2035 domum
1026 1975 1098 2030 ad
1124 1974 1363 2040 domum,
1396 1977 1447 2028 et
1485 1988 1680 2044 agrum
1710 1987 1843 2039 agro
1870 1972 2142 2043 copulatis

496 2088 670 2145 usque
696 2068 768 2125 ad
796 2067 1093 2123 terminum
1115 2065 1237 2120 loci.
1260 2061 1518 2134 Nunquid
1549 2076 1642 2117 vos
1670 2062 1777 2117 soli
1795 2061 2059 2117 habitatis
2080 2064 2142 2116 in

495 2167 643 2220 terra
664 2162 690 2214 .9
734 2159 801 2214 In
828 2155 1058 2211 auribus
1087 2154 1224 2208 meis
1251 2154 1378 2206 sunt
1404 2151 1592 2205 omnia
1620 2150 1757 2214 haec,
1789 2150 1935 2205 dicit
1952 2151 2139 2204 Domi-

495 2267 602 2307 nus
629 2247 967 2305 exercituum
997 2241 1268 2313 (Isai.v,8,
1291 2239 1370 2311 9).
1392 2240 1580 2310 Atque
1602 2243 1733 2310 post
1756 2255 1938 2310 pauca
1974 2257 1987 2294 :
2010 2240 2140 2294 Pro-

495 2349 687 2414 pterea
714 2334 988 2398 dilatavit,
1022 2329 1231 2403 inquit,
1260 2330 1513 2401 infernus
1541 2344 1597 2384 os
1622 2344 1806 2392 suum,
1844 2336 1896 2383 et
1923 2329 2142 2398 aperuit

494 2430 694 2499 absque
722 2424 836 2479 ullo
862 2420 1120 2488 termino,
1150 2425 1201 2473 et
1230 2417 1549 2473 descendent
1588 2418 1752 2486 fortes
1783 2418 1916 2488 ejus,
1950 2425 2002 2472 ει
2044 2433 2138 2487 ρο-

490 2518 657 2590 putus
720 2513 857 2584 ejus,
924 2512 979 2564 et
1040 2507 1301 2563 sublimes
1359 2506 1691 2576 gloriosique
1735 2506 1852 2576 ejus
1899 2505 1971 2559 ad
2016 2521 2142 2560 eum

497 2602 681 2677 (lbid.,
707 2599 815 2671 lt).
844 2597 1143 2668 Itemque:
1175 2595 1275 2650 Nae
1318 2594 1413 2666 qui
1431 2593 1751 2665 justiﬁcatis
1779 2594 2014 2665 impium
2038 2610 2138 2665 pro

495 2690 839 2754 muneribus,
863 2694 914 2741 et
949 2686 1229 2758 justitiam
1246 2683 1390 2755 justi
1417 2683 1648 2754 aufertis
1677 2683 1745 2738 ab
1776 2697 1855 2748 eo,
1909 2683 2139 2754 Propter

495 2799 562 2840 ea
605 2781 748 2836 sicut
792 2776 1011 2832 devorat
1054 2772 1318 2843 stipulam
1361 2779 1412 2827 et
1458 2772 1611 2843 ligna
1659 2773 1822 2841 ignis,
1873 2775 1925 2827 et
1988 2773 2139 2827 calor

494 2874 735 2945 ﬂammae
758 2865 965 2929 exurit,
987 2863 1067 2917 sic
1097 2860 1265 2917 radix
1289 2877 1479 2917 eorum
1507 2861 1667 2933 quasi
1683 2861 1903 2932 favilla,
1936 2869 1991 2916 et
2013 2877 2135 2927 ger-

491 2976 639 3016 mem
662 2971 853 3013 eorum
878 2958 941 3007 ut
967 2951 1150 3023 pulvis
1178 2949 1426 3006 ascendet
1455 2948 1640 3018 (Ibid,
1673 2950 1786 3019 23).
1819 2948 2139 3005 Considera

491 3049 1059 3119 itaque,rogo,quam
1081 3054 1252 3113 grave
1273 3038 1351 3094 sit
1370 3037 1707 3111 cupiditatis
1728 3037 2133 3111 crimen,quod

493 3142 551 3195 et
582 3141 635 3191 te
665 3137 723 3190 et
746 3129 1030 3205 populum
1046 3133 1237 3197 tuum,
1256 3132 1564 3199 totumque
1582 3129 1772 3198 potest
1786 3144 2132 3184 consumere

2251 1884 2475 1957 aliquid
2494 1883 2707 1938 habere
2725 1881 2785 1937 in
2803 1882 3043 1945 mundo,
3055 1881 3193 1952 jure
3206 1898 3339 1937 cum
3356 1881 3471 1938 Deo
3488 1883 3913 1957 principantur

2251 1978 2308 2030 et
2330 1971 2606 2044 judicent
2633 1970 2703 2026 de
2732 1968 3265 2037 mundo,malentes
3295 1987 3508 2027 aurum
3542 1971 3909 2030 habentibus

2250 2063 2539 2133 imperare
2585 2075 2763 2131 quam
2812 2075 3026 2114 aurum
3076 2058 3309 2115 habere.
3342 2061 3646 2132 Principes,
3680 2060 3905 2135 inquit,

2245 2151 2573 2224 populorum
2599 2148 2912 2219 congregati
2929 2156 3060 2203 sunt
3072 2164 3198 2203 cum
3214 2149 3317 2203 Deo
3333 2148 3909 2221 Abraham,qu

2247 2244 2415 2313 fortes
2444 2244 2605 2295 terra
2634 2236 2976 2293 vehementer
3002 2237 3202 2293 elevati
3229 2245 3361 2293 sunt
3407 2238 3579 2311 (Psal'.
3613 2255 3762 2308 ηπ,
3802 2240 3899 2312 6).

2250 2330 2389 2386 Ecce
2420 2328 2597 2384 habes
2628 2324 3108 2382 manifestissime
3152 2326 3291 2399 quia
3321 2326 3619 2401 principes
3647 2328 3902 2401 populo-

2248 2435 2380 2475 rum
2394 2415 2506 2490 ipsi
2519 2419 2658 2472 sunt
2669 2414 2752 2468 dii
2766 2414 3067 2470 ἱππ-αξέὸθὰ
3086 2414 3227 2487 quis.
3247 2419 3337 2469 est
3356 2413 3467 2471 iste
3486 2415 3857 2489 principatus
3870 2417 3909 2475 ?

2245 2508 2331 2563 Ad
2363 2505 2505 2579 quid
2533 2502 2746 2560 estiste
2776 2503 3189 2576 principatus?
3218 2503 3297 2559 Ad
3323 2504 3656 2576 alligandos,
3672 2505 3897 2578 inquit,

2245 2613 2399 2667 reges
2426 2611 2614 2651 eorum
2638 2595 2697 2649 in
2728 2592 3147 2664 cmpedibus,et
3166 2594 3375 2649 nobiles
3397 2609 3588 2650 eorum
3616 2601 3677 2650 tu
3706 2598 3896 2652 maui-

2244 2683 2907 2757 cisferreis,utfaciantin
2920 2683 3001 2738 eis
3011 2680 3293 2755 judicium
3320 2684 3691 2756 conscriptum
3712 2684 3887 2756 (Psat.

2246 2790 2428 2843 cxmx,
2470 2772 2547 2840 8).
2596 2771 2735 2827 Ecce
2779 2786 2955 2842 quem
3002 2770 3328 2841 acceperint
3369 2770 3787 2843 principatum,
3816 2772 3894 2828 ad

2247 2862 2387 2935 quid
2435 2860 2780 2932 acceperint,
2825 2858 3118 2929 quomodo
3187 2859 3548 2915 confortatus
3604 2865 3699 2916 est
3763 2862 3905 2933 ipse

2247 2950 2629 3025 principatus.
2681 2946 2847 3012 Quo?
2875 2946 2969 3002 hic
2998 2952 3056 3002 et
3075 2947 3134 3001 in
3171 2947 3366 3003 futuro
3392 2966 3406 3017 ;
3441 2949 3603 3022 qua?
3622 2965 3733 3023 per
3757 2966 3897 3006 om-

2245 3055 2378 3097 nem
2411 3036 3070 3108 mundum.Ubicunque
3100 3036 3365 3093 Christus
3386 3038 3898 3106 adoratumsacera

2246 3130 2352 3185 dos
2384 3131 2518 3201 post
2563 3126 2757 3198 ipsum
2801 3124 3101 3194 excolitur,
3153 3124 3272 3182 imo
3302 3126 3365 3181 in
3392 3127 3694 3184 sacerdote
3721 3127 3893 3185 Chri-

493 3187 765 3302 germeu:
784 3187 946 3288 Quod
970 3219 1017 3274 si
1045 3229 1259 3274 cuncta
1278 3218 1492 3274 cedunt
1516 3233 1595 3273 ex
1615 3216 1921 3283 sententia,
1942 3217 1991 3273 si
2015 3233 2136 3273 om-
2166 3187 2208 3255 α
2247 3224 2375 3276 stus
2406 3217 2745 3273 honoratur.

493 3315 660 3372 nium
709 3307 1146 3366 adversantium
1191 3306 1299 3362 tibi
1348 3306 1543 3361 subito
1581 3304 1915 3377 supplicant
1943 3305 2130 3374 colla;

495 3401 658 3460 nulla
687 3397 913 3455 inutilis
943 3394 1141 3469 gaudii
1169 3397 1227 3449 te
1242 3394 1448 3450 exinde
1478 3392 1671 3466 pulset
1686 3393 1992 3466 jactantia.
2016 3395 2135 3451 Me-

494 3494 692 3549 mento
716 3483 1059 3559 hujusmodi
1091 3501 1125 3538 a
1157 3481 1467 3539 Psalmista
1495 3481 1579 3537 illi
1611 3482 1925 3555 promissa,
1957 3500 2132 3555 quem

495 3578 691 3636 divina
705 3573 942 3653 justitia
970 3570 1235 3644 despexit
1262 3586 1275 3625 :
1299 3571 1657 3642 Auferuntur,
1691 3570 1900 3643 inquit,
1920 3572 2135 3643 judicia

495 3676 592 3726 tua
614 3683 649 3721 a
674 3666 817 3738 facie
841 3664 977 3736 ejus,
995 3663 1246 3716 omnium
1260 3661 1613 3715 inimicorum
1626 3675 1852 3716 suorum
1880 3660 2132 3718 domina-

495 3754 763 3829 bitur(Ps.
795 3769 852 3822 x,
882 3752 958 3818 5).
993 3749 1149 3807 Scito
1179 3749 1353 3805 etiam
1385 3747 2132 3821 amedicis,desperatisnil

493 3842 812 3920 prohiberi,
842 3840 998 3913 quod
1029 3838 1365 3895 desiderant
1392 3837 1539 3893 esui.

706 3932 829 3988 Trr.
862 3929 954 3986 IV.
986 3959 1056 3971 --
1101 3928 1350 4000 Episcopi
1393 3943 1557 3999 quam
1591 3926 1919 3982 honorandi.

562 4024 616 4078 8.
649 4022 735 4079 Tu
766 4019 960 4093 potius
1010 4017 1153 4073 time
1182 4017 1387 4083 Deum,
1422 4032 1573 4090 rege,
1611 4016 1729 4071 imo
1761 4017 1919 4071 nutri
1948 4034 2136 4090 popu.

491 4113 615 4169 Ium
649 4108 755 4168 tibi
785 4106 1191 4172 commissum,
1224 4106 1536 4178 deprecare
1565 4109 1824 4171 sanctos,
1855 4121 2135 4163 venerare

491 4202 797 4276 episcopos
819 4218 832 4266 ;
866 4195 1092 4253 noveris
1120 4195 1251 4252 illos
1273 4195 1397 4264 tibi,
1416 4212 1532 4251 non
1553 4197 1607 4250 te
1630 4194 1748 4250 illis
1770 4211 1899 4250 esse
1929 4195 2133 4267 praela-

489 4295 583 4348 tos
612 4308 626 4358 ;
658 4293 737 4355 et,
759 4292 827 4343 ut
853 4285 1479 4358 ampliusdicam,deos
1496 4282 1603 4339 tibi
1626 4300 1660 4339 a
1680 4299 1913 4339 summo
1938 4289 1998 4339 et
2018 4301 2135 4340 uno

490 4384 549 4436 et
577 4374 859 4450 singulari
891 4375 1029 4441 Deo,
1060 4377 1117 4429 et
1146 4370 1386 4445 angelos
1415 4373 1486 4428 ab
1517 4372 1645 4444 ipso
1676 4372 1871 4445 magni
1905 4372 2135 4429 consilii

491 4465 710 4539 Angclo
725 4462 1061 4520 essedatos.
1086 4461 1246 4525 Quod
1275 4460 1322 4515 si
1356 4476 1448 4515 me
1478 4463 1651 4532 putas
1682 4460 1941 4526 mentiri,
1965 4465 2133 4517 ante-

493 4569 785 4610 cessorem
832 4555 1001 4605 tuum
1051 4549 1343 4621 interroga
1374 4548 1802 4615 Constantium,
1837 4549 2135 4622 interroga

493 4640 791 4715 psalmum
821 4638 1037 4709 ipsum,
1085 4638 1380 4709 interroga
1409 4636 1746 4692 Dominum.
1785 4638 1896 4704 Vos,
1929 4638 2011 4693 ait
2039 4638 2137 4694 ille

492 4725 957 4804 (Constantinus)
981 4726 1105 4797 jam
1138 4725 1347 4792 factus,
1377 4724 1534 4780 nobis
1551 4742 1585 4781 a
1607 4727 1710 4780 Deo
1739 4724 1857 4780 dati
1880 4728 2010 4781 estis
2030 4727 2130 4793 dii,

489 4822 542 4877 et
588 4816 911 4875 conveniens
937 4830 1050 4869 non
1077 4815 1173 4870 81
1206 4818 1303 4882 est,
1356 4821 1417 4868 ut
1437 4813 1592 4869 homo
1611 4812 1823 4885 judicet
1842 4813 1966 4870 deos
1990 4816 2132 4885 (Ru-

492 4925 607 4974 Fm,
642 4907 680 4965 l.
714 4923 756 4972 ι,
786 4921 833 4960 c.
858 4903 936 4975 2).
966 4902 1281 4959 Psalmista
1308 4918 1443 4958 vero
1463 4902 1624 4970 Deus,
1658 4901 1869 4975 inquit,
1902 4907 2050 4961 stetit
2074 4909 2135 4962 in

490 4997 669 5053 medio
698 4994 925 5051 deorum
944 4992 1114 5059 (Psal.
1154 5008 1342 5057 LXXXI,
1365 4992 1437 5058 1),
1456 4999 1618 5063 atque
1631 4990 1931 5063 aliquanto
1953 4999 2088 5065 post
2116 5012 2128 5051 ε

489 5091 601 5159 Ego
646 5086 789 5153 dimi,
839 5083 925 5139 dii
967 5082 1095 5137 estis
1150 5080 1332 5146 (Ibid,
1380 5082 1439 5149 6)
1480 5098 1493 5147 ;
1544 5085 1602 5136 et
1643 5098 1656 5137 :
1707 5082 1848 5136 Deus
1911 5082 2136 5139 deorum

489 5174 753 5231 Dominus
783 5172 992 5229 locutus
1040 5176 1118 5225 est
1144 5170 1313 5240 (Psal.
1347 5185 1495 5235 xux,
1524 5170 1612 5238 1);
1664 5170 1903 5243 ipseque
1934 5171 2132 5227 Domi-

488 5280 605 5319 nus
633 5262 705 5319 ad
737 5262 974 5333 Moysen
1006 5257 1124 5314 ait:
1158 5260 1288 5315 Ecce
1330 5260 1594 5315 constitui
1615 5267 1665 5315 te
1694 5258 1857 5315 deum
1885 5260 2131 5316 Pharao-

489 5352 579 5406 nis
609 5349 803 5422 (Emod.
836 5364 935 5414 vn,
971 5348 1022 5417 ί)
1050 5365 1063 5415 ;
1115 5352 1173 5403 et
1206 5366 1218 5403 :
1246 5349 1372 5404 Diis.
1390 5365 1457 5403 ne
1485 5347 1740 5405 detrahas
1790 5350 1964 5409 (Exod
1990 5365 2129 5415 xx",

489 5439 621 5507 28);
652 5437 947 5508 itemque:
982 5437 1259 5509 Applicate
1304 5438 1467 5493 illum
1493 5437 1567 5492 ad
1591 5438 1711 5493 deos
1742 5436 1923 5509 (Ibid.,
1956 5439 2032 5505 8).
2066 5439 2135 5494 Et

494 5542 703 5584 rursus
735 5525 794 5583 in
828 5524 1077 5581 Psalmo:
1106 5527 1217 5596 Qui
1239 5528 1378 5599 facit
1398 5529 1619 5597 angelos
1648 5541 1770 5581 suos
1797 5526 2050 5595 spiritus,
2083 5535 2133 5583 et

492 5617 773 5675 ministros
784 5631 908 5673 suos
919 5617 1199 5687 flammam
1211 5616 1355 5688 ignis
1371 5616 1541 5687 (Psal.
1565 5631 1683 5682 cm,
1716 5616 1791 5684 4),
1803 5613 1857 5670 id
1871 5618 1978 5682 est,
1996 5632 2133 5688 prte-

2491 3305 2614 3360 Tir.
2646 3303 2711 3359 V.
2745 3334 2814 3344 —-
2845 3304 2963 3359 Una
2990 3307 3069 3359 est
3093 3304 3360 3360 catholica
3387 3305 3632 3362 ecclesia.

2312 3396 2366 3451 9.
2400 3396 2480 3451 Ne
2495 3392 2630 3466 quis
2641 3408 2777 3467 ergo
2799 3391 3429 3466 Jerusalem,Romam,
3452 3394 3888 3466 Alexandriam,

2240 3486 2329 3542 vel
2360 3485 2537 3541 aliam
2588 3481 2913 3555 quamlibet
2959 3482 3021 3538 in
3063 3482 3172 3538 hac
3201 3484 3584 3557 praerogativa
3608 3485 3885 3558 accipiat,

2243 3581 2481 3632 caeteras
2507 3570 2792 3643 excipiat:
2843 3570 3139 3628 Catholica
3170 3574 3258 3629 est
3287 3571 3560 3641 Ecclesia,
3590 3573 3885 3631 catholica

2244 3669 2301 3720 et
2328 3664 2458 3735 ejus
2500 3666 2591 3718 est
2628 3658 2836 3735 gratia.
2880 3660 3005 3716 Non
3037 3664 3180 3716 sunt
3205 3660 3423 3733 plures,
3464 3678 3583 3718 una
3611 3667 3720 3731 est,
3757 3680 3888 3737 quas

2243 3769 2373 3809 eam
2404 3750 2679 3815 continet,
2698 3752 2883 3822 petra,
2902 3748 3077 3805 unica
3092 3754 3185 3806 est
3211 3750 3485 3808 Ecclesia.
3510 3750 3609 3809 Sic
3636 3752 3797 3809 enim
3818 3754 3894 3810 de

2242 3858 2312 3898 ea
2338 3841 2572 3906 dicitur,
2625 3841 2742 3897 bina
2765 3843 2845 3895 est
2884 3841 3055 3894 matri
3098 3855 3213 3895 suae
3257 3840 3438 3908 (Cant.
3463 3857 3541 3909 vr,
3573 3841 3655 3913 8),
3684 3841 3749 3898 id
3777 3848 3887 3910 est,

2242 3929 2650 4004 regeneratrici
2699 3927 2897 4000 gratim
2943 3925 3120 3987 unica
3148 3933 3245 3984 est:
3268 3928 3357 3985 lex
3389 3929 3695 3986 universas.
3728 3929 3892 3988 Licet

2242 4017 2696 4076 consuetudines
2726 4032 2829 4090 pro
2861 4016 2979 4071 ritu
3004 4022 3062 4073 et
3083 4018 3436 4091 proprietate
3460 4017 3724 4093 gentium
3748 4025 3893 4077 sunt

2245 4108 2527 4175 discretae,
2560 4122 2677 4161 uno
2706 4105 2921 4178 spiritu
2950 4121 3154 4162 omnes
3184 4111 3619 4175 consecrantur,
3652 4107 3814 4166 sicut
3831 4114 3893 4166 et

2243 4214 2361 4253 uno
2390 4195 2742 4268 baptismate
2770 4210 2978 4251 omnes
3004 4193 3376 4252 hmutur.Et
3405 4194 3898 4259 licetzdlvisiones

2245 4287 2366 4343 sint
2393 4283 3035 4358 gratiarum,siquidem
3064 4283 3479 4341 excelluntalii
3508 4284 3669 4341 alios
3700 4286 3763 4342 in
3787 4287 3892 4344 Ec-

2245 4374 2444 4442 clesia,
2494 4372 2647 4429 sicut
2686 4375 2744 4427 et
2793 4371 2852 4426 in
2886 4370 3029 4427 caelo
3059 4371 3312 4438 ordines,
3345 4377 3683 4429 non-tamen

2244 4465 2504 4530 datores;
2521 4477 2681 4518 unus
2692 4460 3893 4537 estenimdator,operatorunus,idumque

2169 4560 2212 4625 Β
2244 4556 2345 4627 qui
2378 4553 2540 4627 solus
2569 4551 2725 4607 Deus
2754 4549 3161 4607 cssentialiber.
3184 4551 3307 4607 lmo
3324 4551 3403 4618 id,
3436 4552 3592 4624 quod
3622 4568 3893 4625 compre-

2245 4641 2420 4699 hendi
2452 4658 2566 4696 non
2599 4643 2808 4711 potest,
2839 4640 3115 4712 quodque
3144 4639 3358 4696 melius
3387 4640 3729 4699 mirandoet
3757 4656 3890 4698 cro-

2242 4731 2451 4798 dendo,
2486 4745 2667 4802 quam
2697 4728 3024 4800 cogitando,
3044 4727 3891 4802 ratiocinando,vel’loquendo

2241 4816 2679 4894 proferimus,id
2695 4816 3260 4885 est,substautialem
3287 4834 3436 4885 esse,
3458 4817 3667 4885 vivere,
3693 4835 3890 4891 posse,

2243 4926 2446 4982 sapere
2470 4913 2528 4964 et
2556 4904 2901 4980 intelligere,
2950 4922 3184 4979 semper
3216 4907 3371 4964 idem
3406 4922 3652 4965 manens
3681 4907 3896 4965 dividit

2242 4997 2492 5070 singulis
2524 5002 2695 5070 prout
2721 4995 2864 5061 vult,
2898 4996 3191 5068 quomodo
3220 4995 3897 5069 vult,per'quns.vutt,ct

2240 5086 2370 5143 ideo
2419 5087 2670 5142 dicitur:
2718 5087 2837 5141 Non
2893 5089 2975 5140 est
3015 5089 3271 5157 potestas,
3318 5086 3436 5142 nisi
3478 5103 3515 5141 a
3559 5086 3675 5141 Deo
3701 5103 3723 5147 ;
3769 5101 3899 5157 qua:

2240 5180 2425 5232 autem
2451 5180 2597 5244 sunt,
2630 5192 2666 5230 a
2708 5176 2813 5230 Deo
2842 5173 3115 5231 ordinatae
3142 5180 3289 5231 sunt.
3326 5176 3469 5231 Ideo
3486 5175 3897 5247 ejus~ordina~

2240 5265 2398 5320 tione
2440 5268 2529 5320 est
2565 5264 2926 5330 institutum,
2972 5279 3100 5335 quae
3131 5264 3225 5319 cui
3256 5263 3527 5336 potestati
3558 5280 3890 5337 congruum

2241 5353 2494 5425 prazbeat
2540 5352 2934 5425 privilegium,
2986 5369 3112 5424 quae
3162 5353 3256 5408 cui
3289 5354 3633 5425 praeferatur
3663 5352 3891 5411 δειναὶ

2242 5446 2624 5514 supponatur,
2646 5445 2713 5497 ut
2725 5440 2996 5496 videlicet
3008 5456 3081 5496 ea
3093 5457 3329 5498 summa
3356 5442 3435 5498 sit
3461 5445 3741 5515 potestas,
3759 5458 3890 5515 qua

2245 5535 2475 5595 cuncta,
2504 5533 2704 5603 utpote
2734 5528 2873 5602 quia
2903 5545 3030 5586 a.se
3060 5534 3276 5601 creata,
3308 5530 3600 5599 ditmibuit,
3631 5531 3889 5598 ordinat,

2243 5621 2527 5694 gubernat
2557 5624 2614 5676 et
2651 5618 2914 5676 continet
2958 5618 3265 5689 universa;
3302 5637 3431 5685 eam
3460 5619 3888 5693 illa-sequatur,
