4054 6384
140 400 241 465 £5

1035 358 1683 480 raELooUIosUM
1731 402 1937 469 LIBRI
1984 405 2153 469 sax.
2184 436 2263 454 —
2292 405 2437 470 LIB.
2483 394 2591 471 In.

3392 410 3510 476 226

141 553 251 609 qua:
279 512 348 591 ab
377 536 503 610 ipso
533 537 752 593 caeteris
781 538 1018 612 praelata
1040 539 1307 613 dicendo,
1327 546 1612 613 quantum
1641 540 1752 596 sci-
1780 540 1839 609 Α
1868 541 2040 596 sitam
2074 536 2124 614 (Ι
2142 542 2267 612 Reg.
2288 558 2342 611 v,
2366 542 2445 616 2).
2469 542 2697 615 Aspice,
2721 547 2778 600 et
2804 543 2907 600 tibi
2944 546 3198 617 provide,
3220 548 3507 622 prospice,

140 624 257 681 licet
297 624 485 683 tacitis
524 626 1063 699 supercuelestibus,
1095 629 1325 686 venitur
1366 630 1438 686 ad
1478 629 1753 697 cmlestia,

142 731 251 787 quas
279 731 310 770 a
338 713 506 772 nobis
534 721 816 772 vocantur
844 716 1235 774 ecclesiastica
1261 737 1273 774 :
1306 723 1658 791 Quaecunque
1684 719 1757 774 ti-

141 806 370 874 gaven’tis
396 819 559 875 super
581 813 803 873 terram,
829 814 991 862 erunt
1017 807 1186 877 ligata
1213 815 1265 863 et
1295 810 1351 863 in
1377 809 1527 863 caelis
1549 809 1754 881 (Matth.

142 908 237 960 va,
266 892 371 963 19).
398 891 524 948 Non
575 893 732 950 enim
786 894 953 965 dixit,
986 896 1389 969 aliquaeunque
1439 894 1757 969 ligantibus

141 981 282 1037 vobis
308 985 477 1037 erunt
516 982 715 1055 ligata,
748 987 813 1039 ut
860 983 1297 1058 subintelligcre
1326 985 1431 1042 tibi
1462 986 1619 1059 optio
1655 986 1756 1042 da-

143 1074 296 1135 retur,
317 1068 746 1143 aliquacunque
766 1072 839 1128 ab
862 1072 973 1129 hac
990 1072 1118 1146 lege
1139 1090 1374 1130 manere
1394 1074 1756 1143 inconcessa;

142 1159 225 1214 sed
252 1175 595 1232 quaecunque.
624 1159 682 1216 id
732 1166 840 1228 est,
871 1164 1059 1217 omnia
1090 1178 1214 1234 quae
1251 1164 1554 1231 ligaverilis
1599 1180 1761 1236 super

143 1257 337 1316 terram,
358 1255 520 1305 erant
551 1250 725 1319 tigata
754 1258 805 1305 et
829 1252 887 1305 in
907 1251 1059 1306 emta.
1084 1252 1231 1321 (130)
1251 1251 1396 1308 Huic
1418 1258 1607 1310 autem
1633 1270 1759 1326 quis

144 1336 444 1411 superferri,
479 1354 614 1394 cum
647 1337 727 1393 nil
768 1338 1034 1395 videatur
1079 1339 1138 1395 in
1182 1341 1311 1412 ejus
1357 1341 1762 1413 suppositione

141 1426 351 1493 residui,
374 1443 479 1483 nec
509 1426 734 1499 aliquid
766 1426 879 1483 nisi
911 1445 1014 1501 per
1036 1445 1166 1484 eam
1198 1430 1307 1485 rite
1327 1429 1412 1485 vel
1435 1430 1763 1487 Christiane

141 1517 378 1572 videatur
414 1516 568 1588 quod
618 1521 827 1572 cmtera
878 1517 1183 1589 supposita
1229 1519 1476 1585 ordinet,
1509 1520 1759 1585 institui,

143 1605 371 1662 invenire
391 1605 583 1661 adhuc
607 1622 711 1661 nec
733 1606 1059 1679 cogitando,
1086 1623 1190 1662 nec
1214 1608 1635 1679 ratiocinando,
1659 1626 1762 1666 nec

144 1694 357 1768 legendo
386 1693 699 1751 valuimus.
1210 1753 1225 1763 ,

203 1786 277 1839 10.
304 1782 444 1840 Huic
478 1788 675 1839 tamen
708 1785 758 1840 si
797 1786 1280 1841 eontradictorem
1322 1788 1466 1843 forte
1505 1787 1761 1860 aliquem

142 1874 462 1940 invenimus,
504 1873 761 1946 proferat
792 1875 862 1929 de
893 1875 1106 1930 divinis
1131 1875 1469 1948 Scripturis,
1493 1883 1549 1932 et
1576 1877 1761 1932 credi-
1791 1908 1840 1975 Β

144 1977 280 2029 Inus;
310 1966 539 2017 tantum
570 1977 646 2016 ne
677 1961 958 2034 Spiritum
993 1968 1264 2019 sanctum
1296 1982 1330 2020 a
1360 1965 1524 2021 Patre
1546 1971 1601 2021 et
1620 1965 1763 2021 Filio

143 2051 542 2125 procedentem,
571 2054 746 2123 atque
777 2051 874 2106 ubi
904 2050 1030 2108 vult
1060 2052 1400 2124 spirantem,
1425 2055 1497 2109 ab
1528 2054 1764 2111 homine

145 2140 246 2195 dari
269 2156 434 2213 posse
465 2138 810 2209 audiamus;
842 2141 998 2211 quod
1038 2158 1143 2197 nec
1184 2142 1388 2215 angelo
1425 2143 1639 2200 dicenti
1670 2160 1762 2201 as-

145 2229 420 2295 sentimur,
438 2229 581 2301 quin
616 2229 809 2300 potius
847 2229 1134 2285 dicentem
1167 2247 1299 2286 cum
1341 2231 1602 2303 apostolo
1626 2250 1764 2288 ana-

142 2318 564 2374 thematizamus
598 2316 737 2389 (Gal.
763 2335 805 2385 I,
831 2320 906 2387 8).
929 2318 1076 2374 Nam
1108 2322 1165 2374 et
1191 2321 1345 2392 quod
1377 2322 1544 2393 quasi
1588 2323 1766 2379 robur

145 2405 447 2464 invincibile
476 2406 538 2463 in
573 2406 683 2462 hoc
713 2406 1046 2480 opponitur,
1072 2408 1130 2464 id
1163 2421 1253 2464 est
1282 2408 1427 2466 illud
1458 2411 1722 2482 ejusdem
1747 2429 1760 2468 :

146 2497 458 2566 Charissimi,
489 2496 701 2552 subditi
752 2505 912 2553 estote
966 2499 1119 2552 omni
1169 2499 1430 2557 humanae
1480 2510 1761 2569 creature,

143 2588 238 2643 sive
289 2588 403 2657 regi
452 2587 621 2658 quasi
668 2587 1008 2658 przeeellentz'
1036 2586 1085 2658 (Ι
1109 2587 1256 2643 Pelr.
1288 2604 1348 2653 Il,
1382 2588 1491 2659 13),
1543 2589 1764 2662 aliquid

143 2674 330 2731 vaieret
374 2674 445 2731 ad
476 2675 539 2730 id
570 2674 1003 2742 instruendum,
1037 2676 1083 2730 si
1119 2676 1410 2733 diceretur
1458 2678 1573 2735 Deo
1621 2696 1763 2752 pre-

146 2763 364 2833 cellenti,
396 2769 499 2820 aut
529 2762 819 2836 episc0pis
858 2764 1235 2836 praecellenti;
1287 2784 1441 2822 nunc
1490 2785 1622 2824 vero
1655 2769 1765 2825 hoc

144 2854 293 2910 tacito
311 2853 753 2925 intelligendum
777 2852 1145 2910 solummodo
1169 2857 1414 2911 terrenis
1436 2856 1601 2912 illum
1625 2875 1767 2930 prie-

147 2942 347 3011 cellere;
381 2948 437 2999 et
465 2943 599 2998 ideo
640 2946 705 2996 ut
735 2942 974 3011 justitia
1000 2947 1283 3009 teneatur,
1307 2944 1570 3001 debitum
1599 2945 1673 3018 ei,
1705 2947 1762 3002 id

148 3038 236 3100 est,
261 3034 537 3105 majorem
572 3030 796 3087 caeteris
826 3030 1112 3087 creaturis
1141 3034 1409 3102 terrenis,
1434 3050 1539 3090 nec
1568 3040 1763 3093 tamen

147 3123 444 3179 cmlestibus
493 3120 777 3177 honorem
825 3120 1230 3191 deferendum;
1264 3123 1359 3178 sed
1410 3129 1466 3180 et
1511 3124 1620 3180 hoc
1650 3143 1764 3182 non

150 3216 352 3285 propter
396 3227 479 3279 se,
507 3211 613 3267 sed
664 3214 899 3282 propter
929 3213 1109 3265 Deum
1167 3216 1395 3268 servata
1445 3214 1801 3287 reverentia,

149 3275 873 3373 sublimium'potestatu-m,
902 3298 1117 3370 quibus
1143 3304 1197 3354 et
1228 3300 1355 3373 ipsa
1384 3301 1644 3359 humana
1673 3321 1767 3375 po-
1792 3275 1839 3343 Ὁ

149 3392 321 3459 testas,
353 3393 408 3446 et
451 3387 649 3445 omnis
699 3386 1031 3459 praecipitur
1078 3389 1276 3443 anima
1323 3389 1445 3445 ﬁeri
1495 3391 1765 3463 subdita;

152 3492 254 3551 qua:
280 3494 388 3535 non
420 3480 564 3535 sunt
594 3474 742 3541 aliae,
767 3474 878 3532 nisi
904 3492 1028 3548 quae
1060 3494 1160 3549 per
1182 3478 1465 3550 Spiritum
1498 3486 1765 3538 sanctum

151 3566 199 3622 in
235 3565 500 3640 apostolis
550 3580 873 3636 eorumque
928 3566 1367 3623 successoribus
1421 3573 1765 3639 potestatem

144 3655 437 3725 judicaudi,
470 3654 691 3729 ligandi
727 3670 793 3708 ac
838 3653 1170 3709 absolvendi
1219 3656 1291 3710 ab
1349 3656 1476 3729 ipsa
1534 3675 1770 3716 summa

151 3748 401 3815 potestate
430 3746 780 3815 acceperunt
804 3741 875 3797 de
905 3742 1199 3800 omnibus.

815 3831 938 3886 Trr.
978 3835 1074 3885 VI.

210 3924 284 3979 11.
312 3922 552 3980 Talibus
600 3920 798 3994 igitur,
831 3937 863 3976 ο
903 3938 1022 3988 rex,
1062 3921 1244 3999 subdi
1292 3940 1362 3978 ne
1411 3924 1764 3999 dedigneris,

154 4014 270 4085 quia
300 4013 437 4070 velis
482 4010 660 4079 nolis,
710 4011 869 4082 ipsos
917 3998 1075 4077 deos,
1111 4010 1270 4083 ipsos
1319 4013 1577 4085 angelos,
1608 4014 1769 4087 ipsos

154 4102 434 4175 principes,
453 4101 618 4175 ipsos
631 4099 863 4171 judices
885 4098 1148 4154 habebis.
1174 4099 1285 4172 Ipsi
1314 4105 1369 4157 te
1393 4101 1632 4170 solvere,
1656 4103 1770 4176 ipsi

154 4190 319 4248 valent
342 4189 552 4263 ligare;
585 4205 723 4245 nam
744 4193 806 4244 tu
841 4204 1017 4261 super
1037 4187 1286 4261 aliquos,
1314 4188 1396 4245 illi
1428 4207 1604 4262 super
1633 4197 1687 4247 te
1716 4196 1774 4248 et

157 4295 306 4354 super
320 4296 541 4336 omnes.
557 4278 764 4334 Excole
785 4276 984 4348 itaque
1005 4293 1103 4333 eos
1125 4294 1158 4349 q
1170 4282 1344 4334 uanta
1361 4282 1527 4350 potes
1543 4297 1774 4337 venera-

156 4368 305 4438 tione,
319 4375 382 4426 ut
400 4374 456 4425 et
486 4367 571 4423 illi
604 4373 660 4423 te
689 4366 952 4422 excolant
972 4366 1261 4439 condigna
1285 4369 1769 4427 remuneratione.

155 4456 278 4515 Vide
295 4474 360 4515 ne
376 4458 637 4532 aliquam
666 4454 771 4511 tibi
800 4456 885 4511 eis
914 4456 1211 4528 contingat
1239 4455 1514 4528 injuriam
1539 4457 1770 4528 inferre,

159 4548 275 4619 quin
302 4548 488 4621 potius
519 4546 593 4603 ab
625 4543 804 4601 altero
834 4544 1386 4617 illatam,quantum
1419 4546 1776 4619 pervales,et

1865 646 1979 685 non
1996 629 2380 687 dissimulans
2397 631 2537 704 quid
2560 630 2679 689 illis
2694 633 3002 705 contigerit
3022 637 3291 706 cogitare.
3315 639 3510 710 Ipsam

1864 735 2096 791 quoque
2114 720 2474 792 arcam,quia
2488 721 2676 775 bobus
2688 721 3125 778 calcitrantibus
3144 725 3507 792 inclinatam,

1865 807 1998 874 Oza,
2018 806 2120 879 qui
2167 807 2587 880 interpretatur
2615 811 2861 865 robustus
2893 813 3128 876 Domini,
3169 813 3387 887 erigere
3416 830 3511 872 vo-

1864 894 1994 964 luit,
2019 895 2160 967 quid
2202 896 2480 953 meruerit
2522 900 2814 971 perpende
2847 901 2918 972 {Il
2944 903 3070 970 Reg.
3102 905 3210 971 v1);
3244 903 3343 961 83
3376 907 3430 960 et
3461 903 3512 960 si

1867 984 2022 1056 quod
2055 985 2198 1039 forte
2230 984 2576 1058 negligentis
2606 987 2921 1043 decliuiuiu
2955 991 3032 1060 [id
3061 999 3139 1046 est
3170 992 3511 1048 declinatio-

1866 1074 2024 1144 nem]
2055 1073 2182 1128 vitae
2233 1072 2317 1129 eis
2363 1074 2575 1129 videris
2621 1075 2832 1139 inesse,
2854 1077 3004 1139 vide,
3040 1094 3111 1132 ne
3143 1093 3247 1151 per
3298 1085 3356 1135 te
3413 1093 3512 1137 eos

1865 1161 2231 1217 emendando
2259 1161 2402 1217 velis
2433 1161 2709 1231 relevare;
2743 1179 2834 1231 ne,
2858 1165 2996 1220 dum
3025 1167 3300 1223 robustus
3331 1168 3510 1225 videri

1867 1250 2058 1306 ambis
2080 1249 2331 1320 Domini,
2350 1251 2453 1307 tias
2471 1250 2750 1325 jugulum
2775 1252 3031 1310 ferientis
3051 1254 3240 1329 angeli
3255 1258 3303 1329 (Ι
3317 1257 3508 1313 Ραναι.

1865 1339 2005 1411 XXI).
2027 1339 2377 1411 Prophetam
2435 1340 2609 1396 etiam
2643 1341 2700 1396 in
2732 1341 2931 1397 Betbel
2985 1346 3423 1413 transmissum,
3456 1354 3514 1403 et

1868 1431 2102 1500 propter
2132 1428 2583 1484 inobedientidm
2617 1446 2651 1484 a
2683 1432 2844 1485 leone
2877 1433 3213 1488 devoratum
3245 1434 3514 1508 conspice

1869 1516 1968 1588 (ΙΙΙ
1995 1520 2119 1586 Reg.
2151 1535 2272 1581 xm,
2303 1518 2427 1587 2’4);
2470 1522 2526 1572 et
2557 1522 2764 1589 przrter
2814 1535 3053 1574 manum
3102 1521 3253 1593 regis
3287 1522 3512 1578 aridam

1870 1606 2051 1679 (Ibid.,
2074 1606 2148 1676 4),
2185 1606 2487 1662 considera
2516 1606 2690 1661 etiam
2736 1606 2793 1660 in
2840 1607 2960 1662 fera
3005 1607 3106 1665 illa
3130 1607 3517 1668 irrationabili

1772 1700 1792 1720 '
1869 1698 2092 1764 quanta
2108 1693 2478 1749 veneratione
2504 1694 2716 1750 debeas
2747 1699 2808 1750 tu
2844 1694 3145 1754 rationalis
3171 1699 3329 1754 vivos
3358 1713 3519 1755 exco-

1869 1781 2006 1848 lere,
2039 1781 2515 1856 quandoquidem
2548 1780 2647 1837 illa
2678 1799 2779 1838 nec
2812 1784 3044 1841 asinum
3076 1802 3180 1858 pro
3210 1802 3319 1843 sua
3347 1788 3519 1861 culpa

1870 1871 2084 1928 mortui
2116 1888 2259 1928 ausa
2287 1876 2376 1927 est
2407 1889 2690 1945 usurpare
2720 1873 2899 1944 (lbid.,
2922 1874 3035 1947 24).
3069 1875 3516 1950 Quinquagena-

1873 1962 1990 2017 rios
2013 1960 2189 2017 etiam
2212 1961 2359 2016 duos
2377 1960 2561 2017 Etiam
2585 1960 2995 2018 maledicentes
3017 1964 3303 2037 aspice,et
3321 1964 3517 2039 ignem

1869 2050 1968 2106 irae
1999 2047 2250 2107 caelestis
2296 2066 2492 2105 verere
2528 2050 2618 2117 (IV
2639 2051 2763 2120 Reg.
2789 2067 2827 2109 ι.
2866 2052 2949 2121 10,
2986 2055 3093 2121 12).
3127 2053 3521 2128 Quadraginta

1872 2156 2104 2213 quoque
2161 2155 2372 2211 pueros
2418 2138 2478 2193 in
2527 2137 2726 2194 Betbel
2787 2139 2972 2195 Eliseo
3018 2139 3330 2198 illudentes
3387 2158 3517 2216 per-

1873 2228 2059 2302 pende
2090 2229 2179 2301 (IV
2200 2231 2325 2299 Reg.
2358 2243 2420 2295 II,
2454 2228 2567 2298 2-4),
2588 2231 2643 2282 et
2690 2245 2725 2283 a
2770 2228 3122 2285 detractione
3176 2235 3233 2287 et
3282 2229 3517 2289 laesione

1870 2317 2309 2391 prophetarum,
2341 2316 2493 2389 quod
2530 2316 2730 2389 utique
2759 2317 2873 2390 ipsi
2904 2323 3061 2388 sunt,
3090 2318 3374 2393 linguam,
3396 2321 3515 2378 vim

1873 2412 1930 2463 et
1957 2422 2170 2462 manus
2204 2404 2636 2469 contine.Quod
2660 2404 2707 2461 si
2744 2407 2985 2461 forsitan
3025 2408 3281 2477 ambisti,
3306 2409 3355 2465 si
3375 2427 3518 2482 pras-

1873 2496 2201 2567 sumpsisti,
2233 2493 2283 2550 si
2316 2494 2631 2566 usurpasti,
2667 2498 2732 2549 ut
2760 2495 2886 2565 jam
2925 2497 3189 2568 exempla
3219 2498 3520 2570 proposita

1873 2584 2191 2650 sufﬁciant,
2215 2587 2316 2639 aut
2346 2584 2490 2638 forte
2520 2583 2592 2637 ab
2632 2582 2724 2638 his
2753 2583 2973 2639 ascitus
2994 2583 3074 2656 [id
3118 2593 3197 2641 est
3243 2601 3514 2658 provoca-

1871 2675 2012 2745 tus],
2038 2676 2138 2728 aut
2167 2678 2269 2728 tua
2295 2671 2350 2726 vi
2377 2670 2584 2739 elatus,
2612 2675 2673 2726 ut
2694 2670 2778 2727 eis
2810 2675 2865 2728 te
2896 2674 3219 2745 praelatum,
3244 2691 3378 2731 cum
3401 2692 3516 2733 non

1872 2782 2053 2832 esses,
2087 2764 2381 2830 crederes;
2408 2762 2701 2833 siquidem
2734 2779 2838 2818 nec
2877 2762 3051 2820 homo
3096 2769 3208 2822 Deo
3237 2767 3514 2839 praeferri,

1874 2872 1980 2911 nec
2008 2852 2300 2910 terrestris
2343 2850 2558 2907 cmlesti
2598 2852 2878 2925 praeponi,
2912 2870 3016 2909 nec
3052 2855 3266 2910 vermis
3314 2854 3518 2929 angelo

1873 2941 2207 3019 principari,
2232 2958 2338 2997 nec
2365 2956 2462 2996 rex
2493 2940 2633 3013 regi,
2658 2942 2757 2997 sed
2790 2943 3390 3014 prmstantiori,debet
3418 2949 3521 3001 aut

1871 3033 2025 3090 valet
2045 3031 2282 3088 omnino
2303 3029 2621 3097 dominari;
2645 3029 2901 3085 sufﬁciat
2929 3031 3032 3087 tibi
3055 3032 3125 3087 ad
3147 3031 3257 3088 hoc
3281 3032 3517 3089 illorum

1873 3127 2107 3197 peccato
2137 3125 2237 3177 tuo
2269 3118 2423 3174 malo
2452 3123 2507 3172 te
2537 3133 2666 3172 esse
2695 3118 3062 3190 perductum.
3086 3121 3354 3193 Attende,
3386 3139 3458 3179 ne
3488 3140 3524 3180 a

1874 3212 2130 3286 pessimo
2160 3209 2366 3281 auriga
2395 3207 2453 3262 in
2485 3208 2651 3278 pejus
2681 3210 2846 3263 actus
2879 3211 3065 3263 tentes
3113 3207 3341 3281 aliquos
3390 3210 3518 3267 illo-

1877 3319 2029 3368 rum,
2053 3298 2283 3355 etiamsi
2316 3297 2435 3351 sint
2463 3301 2583 3351 toto
2614 3296 2739 3351 orbi
2771 3295 3043 3364 infantes,
3068 3301 3298 3354 tantum
3320 3298 3519 3356 sintin

1877 3391 1989 3446 fide
2021 3387 2306 3445 catholica
2336 3383 2598 3453 stabiles,
2631 3383 2928 3457 aliquibus
2957 3386 3185 3442 tradere
3214 3386 3522 3460 suppliciis

1879 3495 2037 3536 more
2067 3490 2537 3543 servorum,cum
2560 3473 2753 3546 potius
2780 3473 2891 3546 ipsi
2915 3476 3050 3546 jure
3078 3475 3329 3533 debeant
3356 3477 3521 3550 fungi

1878 3570 2270 3624 dominorum.
2302 3565 2463 3620 Scias
2502 3580 2675 3619 usum
2715 3562 2870 3619 hunc
2902 3564 3104 3632 fuisse,
3135 3580 3252 3620 non
3284 3565 3522 3639 quidem

1876 3655 2443 3721 Catholicorum,sed
2480 3652 2712 3708 illorum
2736 3668 2985 3725 quorum
3018 3670 3155 3726 pars
3184 3653 3354 3727 longe
3385 3654 3461 3711 sit
3488 3672 3525 3712 a

1875 3752 1998 3814 tua,
2016 3751 2420 3818 tyrannorum.
2436 3741 2597 3808 Quod
2621 3741 2671 3796 si
2692 3741 3044 3815 negligentia
3059 3758 3247 3815 pravae
3270 3742 3522 3815 alicujus

1877 3852 2077 3892 eorum
2108 3829 2550 3889 consuetudinis
2580 3830 2841 3903 exposcit
2867 3835 2933 3885 ut
2955 3830 3203 3887 debeant
3222 3832 3521 3889 tundendo

1877 3923 2142 4000 produci,
2177 3926 2241 3976 ut
2268 3920 2410 3975 tuba
2453 3918 2689 3974 ductilis
2720 3918 2779 3972 in
2822 3918 3076 3975 Ecclesia
3120 3921 3240 3976 sint
3266 3920 3519 3990 Domini,

1878 4031 2012 4071 cave
2039 4019 2103 4068 tu
2135 4010 2381 4066 malleus
2424 4007 2570 4071 fieri,
2604 4007 2741 4079 quia
2787 4008 2926 4063 dum
2957 4009 3101 4063 tuba
3154 4008 3519 4079 producitur,

1879 4101 2126 4161 malleus
2146 4099 2473 4155 hebetatur.
2495 4097 2640 4173 Nam
2661 4096 2771 4153 etsi
2796 4096 3075 4152 Dominus
3098 4095 3383 4169 propitius
3401 4096 3525 4152 vin-

1880 4193 2035 4250 dicat
2063 4190 2121 4244 in
2144 4204 2347 4244 omnes
2367 4185 2696 4242 affectiones
2726 4200 2949 4253 eorum,
2972 4189 3028 4240 et
3055 4184 3254 4240 visitat
3282 4184 3343 4240 in
3362 4184 3524 4259 virga

1880 4268 2220 4352 iniquitates
2251 4291 2474 4342 eorum,
2499 4278 2554 4329 et
2590 4274 2649 4327 in
2678 4273 3016 4329 verberibus
3054 4277 3290 4345 peccata
3318 4288 3522 4329 eorum

1882 4372 1992 4445 (Ps.
2037 4382 2302 4433 LXXXVIII,
2342 4363 2430 4431 33)
2464 4361 2579 4417 noli
2624 4366 2687 4418 tu
2735 4361 2899 4435 virga
2925 4361 3070 4417 ﬁeri.
3104 4360 3254 4418 Audi
3301 4361 3523 4418 dictum

1881 4476 2045 4516 esse:
2076 4457 2182 4526 Qui
2204 4455 2384 4527 parcit
2430 4454 2622 4524 virgae,
2663 4451 2778 4508 odit
2818 4453 3002 4523 ﬁlium
3040 4452 3222 4526 (Prov.
3253 4468 3375 4521 XIII,
3407 4452 3522 4525 24).

1882 4550 2049 4605 Time
2077 4545 2275 4619 igitur,
2303 4559 2375 4598 ne
2406 4542 2548 4597 dum
2596 4540 2835 4597 cuilibet
2863 4556 3064 4597 eorum
3112 4541 3373 4615 parcitur
3423 4558 3528 4616 per

159 4638 280 4692 ratio
308 4637 500 4705 dictat,
531 4634 828 4691 vindicare
858 4634 1046 4689 stude.
1069 4633 1197 4689 Noli
1243 4634 1503 4706 quolibet
1543 4637 1771 4709 negotio
1801 4648 1847 4713 D
1876 4642 1933 4693 te
1963 4632 2422 4707 castigato,quia
2450 4629 2678 4697 dilecto,
2702 4629 2809 4685 tibi
2832 4646 2946 4686 non
2970 4635 3241 4702 parcatur
3259 4631 3526 4704 disrupto

160 4724 407 4797 Spiritum
428 4723 835 4795 sanetum,qui
868 4724 927 4778 in
952 4722 1038 4777 eis
1063 4727 1171 4783 est,
1196 4724 1538 4780 contristare
1558 4718 1772 4797 (Ephes.

160 4827 225 4877 Iv,
240 4814 343 4884 30),
363 4832 435 4871 ne
463 4831 581 4870 non
614 4812 716 4868 tibi
747 4811 1033 4885 expediat.
1052 4810 1214 4880 Vide,
1240 4811 1445 4881 recole,
1471 4813 1519 4868 si
1550 4813 1773 4888 legisti;

161 4901 233 4958 vel
255 4904 300 4960 si
327 4921 463 4973 non,
487 4902 614 4977 lege
645 4901 706 4958 in
736 4900 882 4957 libro
906 4900 1168 4966 Genesis,
1184 4900 1323 4973 quid
1356 4901 1641 4959 Dominus
1674 4921 1775 4975 pro

162 4989 232 5045 eis
272 4993 373 5050 sub
422 5009 671 5066 persona
710 4989 955 5046 Abrahae
1004 4992 1062 5046 et
1108 4990 1262 5045 Sane
1294 4988 1445 5058 (Gen.
1478 5008 1570 5059 XX,
1618 4992 1696 5065 3),
1721 4996 1779 5047 et

163 5094 343 5138 rursus
369 5082 528 5139 Isaac
583 5085 643 5137 et
698 5081 965 5135 Rebeccae
994 5079 1154 5148 (Gen.
1176 5095 1326 5145 XXVI,
1362 5080 1472 5149 11),
1522 5080 1779 5154 itemque

162 5166 317 5226 Jacob
343 5171 538 5227 Laban
570 5169 848 5243 fugientis
878 5169 1031 5238 (Gen.
1053 5184 1206 5235 XXXI,
1233 5168 1344 5237 29),
1369 5168 1592 5225 dederit
1616 5187 1777 5226 com-

168 5257 510 5330 minationis;
560 5264 618 5316 et
664 5273 899 5315 assume
927 5256 985 5313 in
1017 5256 1303 5313 cautelam
1359 5260 1471 5313 tuas
1531 5257 1776 5315 actionis

168 5360 337 5405 arcam
364 5350 539 5406 etiam
571 5349 951 5415 Testamenti,
983 5363 1111 5419 quae
1155 5344 1285 5403 illos
1324 5346 1614 5419 signiﬁcat
1651 5365 1775 5421 my-

168 5434 390 5508 stice,ab
411 5438 726 5512 Allopbylis
748 5442 1002 5511 captam,
1026 5440 1083 5492 et
1110 5434 1170 5491 in
1200 5435 1419 5510 templo
1444 5437 1643 5511 Dagon
1672 5454 1774 5512 po-

226 5560 359 5634 (130)
387 5563 489 5620 Hic
532 5563 693 5621 locus
740 5563 823 5620 sic
873 5562 1548 5634 construendus:Adhuc
1594 5572 1775 5621 autem

165 5645 249 5705 nec
268 5635 563 5705 coquendo,
587 5653 685 5695 nec
713 5633 1108 5703 ratiocinando,
1136 5650 1236 5690 nec
1256 5634 1480 5704 legendo
1497 5637 1776 5695 valuimus

166 5701 384 5770 inventi-9
409 5701 558 5781 ulla.
593 5724 717 5787 qua
764 5707 975 5785 possim
1023 5701 1327 5784 superferri
1371 5706 1501 5769 huic
1530 5708 1776 5783 (scilicet

1886 4726 2025 4798 quia
2049 4725 2351 4794 despecto;
2374 4725 2431 4775 et
2458 4721 2599 4775 dum
2629 4719 2726 4775 ille
2756 4736 2861 4792 per
2888 4718 3530 4792 emendationem,quia

1885 4816 2152 4877 dilectus,
2186 4808 2412 4883 proficit
2449 4808 2520 4865 ad
2570 4808 2986 4878 bsereditatem,
3011 4809 3152 4881 quia
3198 4809 3525 4882 despectus,

1884 4910 1947 4961 tu
1975 4901 2213 4959 deﬁcias
2260 4916 2362 4972 per
2397 4898 2757 4971 impietatem
2788 4899 2857 4954 ad
2891 4898 3296 4971 perditionem.
3329 4896 3528 4970 Scopis

1885 4993 2044 5049 enim
2073 4993 2384 5045 verruntur
2413 4987 2647 5060 palatia,
2672 4987 2773 5043 sed
2804 4988 2941 5061 ipsa:
2964 4985 3106 5043 focis
3136 4987 3345 5042 attritas
3367 4983 3530 5040 adhi-

1886 5083 2026 5139 bent
2071 5080 2347 5135 fomenta.
2374 5080 2597 5133 Aurum
2654 5077 2829 5133 etiam
2885 5076 3021 5151 igne
3075 5080 3378 5148 purgatur,
3410 5089 3526 5129 non

1887 5169 2283 5236 consumitur;
2319 5167 2479 5241 ligna
2506 5183 2662 5235 vero,
2696 5166 2910 5240 quibus
2959 5164 3112 5238 ignis
3158 5163 3434 5230 nutritur,
3465 5162 3527 5221 in

1886 5259 2113 5317 favillas
2144 5256 2507 5331 rediguntur.

1955 5350 2044 5407 42.
2077 5349 2189 5405 Sed
2239 5345 2630 5421 ﬂagellantur,
2659 5344 2764 5410 ais,
2797 5343 2924 5399 ﬁilii
2970 5342 3188 5415 optime
3233 5341 3529 5416 placentes

1886 5439 2065 5511 (Hebr.
2097 5454 2197 5506 XII,
2227 5438 2314 5506 6);
2347 5435 2487 5508 quid
2519 5434 2735 5490 mirum
2769 5432 2818 5489 si
2853 5431 3226 5505 ﬂagellantur
3253 5435 3403 5490 servi
3431 5451 3530 5491 ne-

1880 5565 2190 5638 potestau);
2218 5578 2341 5638 cam
2383 5561 2469 5615 πει
2490 5556 2991 5638 ⁵νεέςὶιίᾳζρίᾀαειςξιίιν
3035 5560 3130 5638 ,ἰη-
3148 5562 3530 5638 ,ευρροείιίοηθ

1884 5631 2021 5717 git-‘8’
2168 5631 2569 5717 videamiriie,
2591 5631 2675 5717 vel
2691 5631 3270 5717 Christianejmtituti
3284 5649 3388 5717 per
3404 5649 3528 5699 eam

1880 5703 2113 5792 aliquid,
2146 5704 2286 5787 quod
2310 5703 2523 5767 ordinet
2547 5707 2748 5766 cetera
2772 5704 3073 5781 supposita.
