4054 6384
558 373 676 436 2‘27

1529 369 1904 434 RATHERII
1948 368 2191 432 EPlSC.
2239 366 2529 431 VERON.
2576 366 2749 431 OPP.
2794 368 2995 431 PARS
3040 368 3088 430 Ι.

3863 363 4005 427 228

556 506 882 581 gligentes?
912 510 1003 574 At,
1056 507 1323 579 inquam,
1367 504 1500 560 licet
1532 504 1651 559 sint
1680 504 2059 578 negligentes,
2093 519 2209 557 non
2240 501 2295 569 Α
2329 500 2518 573 (Exod.
2565 517 2702 569 xxn,
2750 502 2862 573 28).
2890 502 2968 557 Ne
2999 517 3135 574 ergo
3183 515 3423 557 excuses
3453 504 3509 556 te
3556 499 3846 556 nescisse.
3878 499 4011 556 Eos

556 601 696 653 sunt
726 600 926 652 tamen
958 596 1030 651 de
1061 595 1393 652 conditione
1440 593 1541 650 illa
1588 593 1802 661 servili,
1837 592 1937 665 qui
1986 591 2207 665 passim

554 686 803 742 debeant
834 703 870 741 a
910 685 1114 758 quovis
1159 683 1457 757 ﬂagellari.
1490 682 1785 739 Audenter
1815 682 2053 754 quidem
2101 680 2208 735 tibi

556 775 660 831 84
689 774 832 847 quid
864 774 981 830 sint
1028 778 1082 828 et
1125 771 1293 844 quasi
1342 770 1657 826 insolenter
1687 770 2101 834 enumerando,
2134 784 2206 824 ne

554 881 675 919 non
715 863 867 919 scias
914 867 971 917 et
1001 861 1145 933 (131)
1178 860 1458 925 offendas,
1490 859 1824 932 pronuntio,
1859 859 1956 914 sed
2008 862 2205 913 tamen

554 955 719 1008 tanto
767 949 1025 1015 liberius,
1058 952 1277 1019 quanto
1326 965 1441 1003 non
1474 965 1541 1003 ex
1584 965 1697 1016 me,
1732 948 1832 1003 sed
1882 964 1951 1002 ex
1991 945 2206 1001 divinis

556 1040 853 1113 proferens
875 1037 1339 1093 auctoritatibus.
1359 1035 1705 1092 Miraculum
1730 1041 1946 1100 autem,
1973 1035 2022 1089 si
2044 1038 2207 1089 tanta

556 1135 612 1184 et
642 1133 760 1184 tam
809 1124 1148 1192 ineffabilia,
1179 1130 1237 1180 et
1267 1125 1445 1183 etiam
1500 1124 1634 1197 ipsi,
1669 1124 1769 1195 qui
1829 1123 1921 1178 his
1966 1123 2200 1191 fruitur,

553 1214 1184 1287 incomprehensibilia,
1218 1214 1289 1270 ab
1338 1213 1575 1269 homine
1625 1217 1872 1286 possunt
1919 1211 2200 1268 conferri!

551 1305 698 1370 Quid
731 1309 883 1360 Deus
929 1303 1231 1373 distat,vel
1263 1303 1403 1375 quid
1455 1320 1603 1375 opus
1637 1305 1696 1374 If.
1730 1302 1946 1373 ipsum]
1976 1301 2098 1372 ipse
2130 1301 2208 1356 sit

549 1393 762 1465 rogari,
788 1393 839 1448 si
872 1396 1035 1447 tanta
1068 1390 1258 1463 pulvis
1287 1390 1441 1447 valet
1468 1390 1712 1464 largiri?
1733 1390 1895 1455 Quod
1931 1388 2203 1462 cogitare,

553 1481 694 1554 quid
727 1486 817 1537 est
846 1480 1003 1535 aliud
1039 1497 1215 1552 quam
1261 1480 1320 1534 in
1359 1478 1570 1535 ccelum
1599 1478 1745 1534 velle
1776 1476 2207 1534 conscendere?

552 1571 705 1643 (1εαί.
740 1569 1176 1639 x1v,13).Quod
1221 1570 1432 1635 dicere,
1473 1568 1613 1640 quid
1662 1567 1775 1622 nisi
1824 1584 2001 1640 super
2047 1570 2207 1623 astra

554 1658 912 1730 cmli(lbid.),
949 1658 1105 1730 quod
1160 1658 1362 1729 utique
1419 1656 1699 1729 episcopi,
1734 1657 1783 1711 si
1814 1661 2006 1712 tamen
2068 1658 2208 1711 sunt

552 1748 708 1819 quod
738 1747 1036 1814 dicuntur,
1078 1746 1329 1801 exaltare
1370 1754 1457 1801 est
1508 1745 1761 1801 solium?
1789 1743 1935 1808 Quid
1982 1742 2201 1810 conari,

548 1836 663 1891 nisi
686 1836 999 1931 ascendere
1022 1852 1198 1931 super
1217 1834 1587 1931 altitudinem
1611 1834 1856 1931 nubium
1880 1832 2063 1902 (Ibid,
2090 1833 2200 1905 14),
2232 1864 2280 1931 Β

549 1924 704 1995 quod
746 1924 1028 1996 propheta
1076 1924 1360 1979 referente
1406 1923 1573 1978 testis
1622 1926 1710 1979 est
1738 1922 1892 1979 Deus
1921 1940 2020 1978 eos
2049 1938 2198 1989 esse,

551 2012 753 2069 dicens
779 2031 792 2068 :
816 2014 1077 2069 Mandabo
1118 2013 1356 2067 nubibus
1400 2014 1553 2079 meis,
1585 2029 1655 2067 ne
1697 2016 1895 2084 ptuanl
1922 2029 2086 2083 super
2113 2027 2201 2068 eos

549 2102 779 2158 imbrem
812 2103 961 2170 (Isai.
985 2119 1036 2169 v,
1060 2103 1136 2169 6),
1171 2105 1229 2157 et
1277 2100 1403 2157 ideo
1451 2118 1514 2156 se
1562 2101 1818 2156 similem
1864 2100 2201 2157 azstimare‘?

547 2189 636 2247 Dii
663 2195 819 2259 sunt,
845 2190 1068 2247 Domini
1092 2193 1249 2256 sunt,
1265 2188 1477 2245 Christi
1503 2193 1663 2255 sunt,
1679 2187 1805 2244 coeli
1825 2193 1984 2255 sunt,
2009 2185 2200 2260 angeli

547 2284 707 2344 sunt,
729 2279 1071 2352 patriarcha:
1095 2283 1254 2344 sunt,
1276 2278 1570 2350 prophetae
1593 2283 1751 2349 sunt,
1771 2277 2015 2350 apostoli
2041 2283 2197 2343 sunt,

549 2366 919 2440 evangelista:
951 2372 1108 2433 sunt,
1129 2371 1414 2438 martyres
1460 2370 1599 2421 sunt
1645 2367 1815 2439 (132),
1847 2367 2007 2422 uncti
2040 2371 2198 2433 sunt,

546 2473 713 2528 reges
753 2459 912 2521 sunt,
949 2454 1242 2526 principes
1282 2458 1442 2521 sunt,
1468 2454 1700 2525 judices
1732 2459 1891 2521 sunt,
1924 2471 2039 2510 non
2071 2460 2199 2510 tan-

545 2550 673 2600 tum
700 2545 1031 2610 hominum,
1058 2544 1157 2599 sed
1181 2548 1236 2599 et.
1257 2542 1630 2615 angelorum;
1655 2544 1862 2599 arietes
1884 2543 2074 2617 gregis
2097 2544 2201 2601 Do.

547 2633 694 2688 mini
725 2636 882 2698 sunt,
907 2636 1171 2704 pastores
1196 2632 1412 2691 ovium.
1436 2650 1550 2689 non
1575 2650 2080 2705 quarumcunque,
2098 2634 2197 2688 sed

548 2721 765 2777 Christi
791 2721 1073 2793 sanguine
1095 2720 1369 2786 letarum,
1398 2726 1567 2790 sunt;
1593 2722 1862 2777 doctores
1882 2727 2037 2789 sunt,
2063 2738 2202 2794 prae-

547 2827 726 2868 cenes
754 2809 981 2866 venturi
1016 2808 1239 2881 judicis
1287 2815 1444 2877 sunt,
1477 2809 1869 2882 speculatores
1901 2815 2057 2877 sunt,
2092 2829 2196 2883 pu-

547 2899 689 2973 pilla
719 2898 872 2955 oculi
920 2898 1149 2954 Domini
1203 2903 1359 2965 sunt,
1396 2899 1567 2954 amici
1604 2899 1702 2954 Dei
1734 2899 1978 2955 viventis
2038 2904 2196 2971 sunt,

548 2988 654 3044 ﬁlii
686 2988 787 3043 Dei
839 2992 996 3054 sunt,
1032 2991 1224 3060 patres
1270 2991 1427 3058 sunt,
1457 2987 1771 3044 luminaria
1799 2988 2003 3044 mundi
2035 2994 2193 3058 sunt,

545 3076 725 3134 stellae
768 3076 893 3132 εαξιί
941 3081 1103 3144 sunt,
1136 3077 1417 3133 columna:
1466 3076 1732 3133 Ecclesiae
1776 3082 1934 3146 sunt,
1984 3078 2196 3134 medici

544 3166 1063 3235 animarumsunt,
1088 3166 1371 3238 janitores
1399 3166 1655 3239 paradisi
1677 3171 1835 3234 sunt,
1857 3167 2046 3224 claves
2067 3167 2191 3223 coeli

2320 593 2515 645 autem
2546 590 2708 662 ipsos
2739 590 3077 647 confortans
3119 593 3176 645 et
3213 589 3504 657 animans,
3540 593 3598 645 et
3626 605 3704 645 ne
3732 588 4011 644 timeant

2317 680 2621 747 roborans,
2645 680 2845 748 Nolite,
2878 680 3090 751 inquit,
3137 681 3348 744 timere,
3380 679 3473 734 sed
3526 678 3807 749 conﬁdite,
3855 679 4013 751 quia

2317 784 2410 838 ego
2454 770 2565 823 vici
2611 767 2878 824 mundum
2909 769 3085 840 (Joan.
3119 785 3234 830 xvr,
3264 768 3376 839 33).
3409 768 3548 840 Ego,
3582 766 3807 839 inquit,
3855 781 4003 839 ego.

2318 854 2433 929 Ego
2463 856 2618 912 Deus
2647 861 2855 925 vester,
2871 874 2977 930 ego
3007 861 3171 928 pater
3196 861 3405 922 vester,
3429 872 3535 928 ego
3565 856 3746 912 frater
3768 860 4003 922 vester,

2314 962 2419 1019 ego
2449 951 2626 1018 caput
2654 950 2932 1015 vestrum,
2957 962 3064 1019 ego
3094 946 3220 1018 ipse
3250 962 3352 1018 per
3381 944 3861 1017 naturam,quod
3885 961 4004 999 vos

2317 1050 2419 1106 per
2449 1034 2849 1107 oflicium,ego
2881 1036 3172 1108 particeps
3202 1034 3402 1105 vestri,
3422 1050 3527 1107 ego
3554 1032 3854 1103 Christus,
3880 1047 4004 1105 ego

2316 1127 2549 1191 unctus,
2574 1140 2679 1195 ego
2702 1128 2919 1195 pastor,
2939 1139 3043 1195 ego
3068 1123 3359 1188 sacerdos,
3383 1138 3488 1195 ego
3510 1123 3852 1195 episcopus,
3880 1138 4002 1195 ego

2314 1211 2572 1283 pontifex
2600 1229 2894 1279 summus,
2919 1228 3024 1284 ego
3073 1212 3189 1267 Rex
3231 1227 3589 1284 regum,ego
3636 1210 3746 1265 vici
3802 1227 3999 1266 mun-

2314 1302 2476 1356 dum.
2501 1301 2681 1365 Quem
2714 1301 2812 1358 85
2841 1302 3082 1369 timetis,
3116 1301 3305 1356 victus
3332 1305 3448 1369 est;
3484 1317 3656 1373 quem
3689 1300 3993 1356 formida-

2312 1389 2410 1456 tis,
2440 1392 2549 1445 sub
2580 1390 2830 1462 pedibus
2860 1390 3068 1445 vestris
3103 1390 3278 1461 jacet.
3312 1390 3382 1444 Et
3412 1392 3477 1444 ut
3506 1389 3824 1461 approbes,
3847 1387 3991 1444 leva

2313 1477 2559 1550 quilibet
2589 1483 2859 1535 metuens
2912 1479 2988 1545 [id
3035 1486 3114 1535 est
3156 1478 3492 1550 quicunque
3537 1494 3599 1534 es
3649 1478 3989 1548 metuens),

2312 1572 2368 1622 et
2400 1567 2543 1621 forte
2573 1566 2633 1622 in
2680 1583 2907 1623 carcere
2938 1568 3085 1639 (183)
3116 1566 3225 1622 sub
3256 1565 3505 1622 vinculis
3555 1582 3825 1640 gemens,
3854 1565 4000 1623 leva

2315 1671 2577 1720 manum,
2624 1656 2779 1728 erige
2829 1656 3085 1729 signum,
3131 1659 3415 1728 tropaeum
3465 1672 3651 1725 exere,
3692 1654 3991 1712 vexillum

2312 1743 2670 1814 demonstra,
2717 1744 2983 1800 labarum
3034 1744 3285 1817 porrige.
3317 1744 3579 1812 Videbis,
3612 1744 3711 1802 ille
3757 1746 3987 1811 fastus,

2314 1831 2412 1887 illa
2443 1831 2712 1899 altitudo,
2746 1832 2846 1887 illa
2887 1833 3180 1906 superbia,
3215 1832 3316 1888 illa
3354 1837 3549 1889 torosa
3577 1832 3789 1904 cervix,
3825 1833 3988 1890 illud

2310 1920 2563 1976 ﬁliarum
2595 1921 2908 1994 Babylonis
2932 1921 3147 1978 collum
3178 1926 3458 1991 erectum,
3491 1922 3593 1978 illa
3618 1923 3803 1978 turris
3825 1923 3989 1980 Sen-

2310 2027 2470 2077 naar,
2504 2011 2720 2067 mmnia
2747 2012 3002 2079 Jericho,
3039 2011 3190 2066 muri
3220 2010 3665 2084 Cariathsepher
3694 2012 3989 2068 ﬁrmissi-

2309 2099 2389 2153 mi
2421 2099 2562 2171 quid
2594 2104 2785 2172 agent,
2823 2101 2962 2172 quid
2990 2102 3380 2173 conabuntur,
3405 2101 3698 2173 quomodo
3729 2102 3978 2169 cedent,

2308 2185 2743 2259 supplicabunt,
2796 2190 3108 2258 nutabunt,
3164 2194 3455 2257 corruent,
3506 2189 3981 2257 confundantur,

2309 2276 2631 2348 aceliuique
2653 2282 2709 2331 et
2728 2276 2978 2333 humiles
2997 2282 3192 2334 mente
3210 2278 3573 2353 despectum,
3588 2278 3976 2350 injuriatum,

2306 2363 2682 2436 vilipensum,
2713 2371 3097 2438 carceratum,
3145 2366 3416 2439 ligatum,
3447 2368 3697 2435 nudum,
3730 2365 3977 2423 fameli-

2309 2469 2463 2521 cum,
2505 2454 2895 2525 sitibundum,
2944 2454 3432 2528 miseriarumque
3478 2454 3743 2511 omnium
3792 2456 3977 2529 copia

2309 2541 2753 2598 refertissimum
2786 2544 3131 2601 adorabunt.
3156 2543 3272 2600 Vos
3297 2544 3453 2599 enim
3472 2548 3651 2600 testes
3679 2543 3792 2600 mei
3820 2545 3976 2602 estis

2309 2630 2458 2701 (Luc.
2491 2649 2641 2699 xxiv,
2668 2633 2777 2700 48),
2801 2636 2858 2687 et
2887 2633 2984 2704 qui
3041 2650 3142 2688 vos
3201 2632 3442 2705 spernit,
3474 2648 3568 2689 me
3625 2633 3878 2706 spernit,
3913 2637 3976 2691 et

2309 2720 2406 2791 qui
2442 2737 2541 2775 vos
2572 2720 2953 2789 constritavit,
2987 2738 3080 2777 me
3111 2722 3475 2778 contristavit
3502 2725 3653 2791 (Luc.
3679 2740 3739 2790 x,
3769 2724 3884 2792 16),
3910 2728 3974 2779 et

2307 2808 2406 2881 qui
2440 2809 2578 2864 facit
2606 2810 2904 2882 injuriam,
2938 2811 3143 2884 recipit
3173 2813 3327 2883 quod
3358 2812 3559 2883 inique
3589 2811 3706 2885 egit
3729 2812 3971 2882 (Coloss.

2305 2915 2389 2963 ιιι,
2412 2898 2525 2969 25),
2548 2902 2605 2953 et
2633 2898 2732 2970 qui
2766 2900 2953 2973 tangit
2982 2917 3103 2968 vos,
3129 2899 3295 2973 quasi
3320 2901 3418 2973 qui
3451 2900 3639 2975 tangit
3669 2900 3969 2974 pupillam

2304 2986 2455 3043 oculi
2489 2988 2600 3042 mei
2633 2988 2815 3060 (Zach.
2840 3005 2901 3055 ιι,
2934 2988 3012 3059 8.)

2991 3078 3113 3133 Trr.
3146 3077 3267 3134 νη.

2373 3166 2459 3221 14.
2492 3166 2598 3222 Sed
2632 3166 2770 3221 tacti
2810 3183 3039 3235 sumus,
3074 3166 3200 3223 elisi
3245 3184 3477 3237 sumus,
3511 3167 3690 3241 spreti
3720 3185 3962 3237 sumus,

538 3260 795 3328 portant,
820 3272 1077 3312 reserare
1116 3262 1172 3312 et
1201 3256 1472 3311 claudere
1502 3255 1708 3311 coelum
1754 3256 1969 3323 valent,
2003 3258 2190 3313 nubes
2220 3229 2264 3298 δ
2301 3253 2540 3326 ἱῐημιὶεί
2588 3272 2816 3321 sumus,
2848 3256 3061 3311 versati
3094 3273 3321 3325 sumus,
3355 3257 3582 3325 cecidit,
3615 3274 3742 3330 quae
3775 3275 3967 3332 super

538 3345 748 3417 [supple
785 3350 939 3412 sunt]
994 3362 1141 3416 quas
1171 3345 1457 3399 Dominus
1506 3361 1816 3400 ascensum
1865 3362 2040 3400 suum
2089 3363 2188 3417 po-

538 3432 679 3504 suit,
714 3433 904 3498 bases,
929 3449 1105 3503 super
1141 3449 1288 3504 quas
1318 3436 1438 3487 tota
1486 3432 1635 3503 iacet
1662 3437 1959 3489 structura
1985 3435 2190 3508 templi

540 3521 664 3586 Dei,
690 3520 797 3587 Qui
827 3536 962 3593 ergo
994 3519 1250 3592 aliquem
1281 3519 1514 3585 horum,
1540 3525 1602 3575 ut
1625 3520 1863 3578 omissis
1894 3523 2189 3580 brevitatis

542 3610 737 3665 studio
787 3609 1029 3676 caeteris,
1073 3608 1279 3665 saltem
1328 3609 1398 3664 de
1448 3610 1561 3664 isto
1608 3612 2039 3682 ratiocinemur,
2074 3631 2189 3670 uno

533 3697 796 3770 impulsu
828 3701 1021 3753 movet
1050 3696 1268 3770 aliquo,
1294 3698 1458 3771 quid,
1501 3716 1663 3772 rogo,
1703 3702 1775 3756 de
1821 3702 2188 3775 superposito

545 3787 664 3858 agit
693 3786 978 3842 aedilicio?
1001 3786 1168 3859 (Psal.
1201 3805 1320 3857 cm,
1352 3788 1429 3859 3.)

605 3877 691 3932 13.
729 3876 953 3932 Clamat
1007 3893 1111 3949 pro
1155 3876 1241 3933 eis
1286 3877 1591 3949 Dominus,
1626 3879 1885 3935 minatur
1940 3899 2042 3953 pro
2101 3882 2185 3938 eis

531 3963 839 4032 Dominus,
856 3969 1079 4037 pugnat
1106 3983 1209 4038 pro
1230 3965 1334 4028 eis.
1352 3966 1581 4022 etiamsi
1608 3968 1853 4035 nescias,
1879 3969 2182 4027 Dominus.

531 4053 777 4120 Clamat,
803 4054 1067 4126 inquam,
1093 4054 1326 4121 clamat,
1353 4072 1466 4110 non
1492 4055 1847 4124 dissimulat,
1872 4074 1987 4113 non
2009 4064 2182 4127 tacet,

532 4160 605 4199 ne
635 4148 696 4198 tu
731 4144 995 4199 forsitam
1032 4144 1221 4200 dicere
1255 4144 1444 4217 possis
1479 4162 1491 4200 :
1531 4145 1656 4200 Non
1689 4146 1852 4212 novi;
1884 4145 2098 4204 clamat
2126 4154 2185 4206 et

532 4233 721 4288 dicit:
755 4234 932 4289 Nolite
977 4242 1200 4303 tangere
1244 4235 1476 4289 christos
1522 4251 1667 4291 meos
1711 4236 1882 4306 (Psal.
1925 4254 2033 4297 crv.
2068 4240 2178 4310 15).

2299 3360 2405 3399 nos
2462 3332 2777 3399 videbatur.
2814 3349 2988 3412 stare,
3047 3349 3372 3416 structura;
3419 3346 3775 3418 possederunt
3829 3364 3955 3418 nos,

2297 3433 2541 3499 Domine,
2575 3433 2772 3505 absque
2802 3442 2852 3489 te
2881 3435 3192 3504 (Isaiaxvu,
3226 3435 3337 3500 13).
3371 3437 3508 3506 facti
3531 3452 3721 3492 sumus
3748 3453 3959 3508 oppro-

2299 3522 2482 3576 brium
2512 3523 2706 3577 vicinis
2748 3525 2972 3589 nostris,
2990 3524 3360 3579 subsannatia
3387 3532 3439 3580 et
3468 3524 3658 3581 illusio
3709 3525 3795 3581 his
3856 3528 3960 3599 qui

2295 3620 2425 3666 sunt
2454 3611 2514 3665 in
2541 3612 2775 3667 circuitu
2804 3621 2986 3668 nostro
3016 3613 3187 3685 (Psal.
3223 3630 3452 3682 Lxxvm,
3486 3616 3563 3684 4),
3588 3614 3955 3687 exemplum,

2296 3699 2717 3772 spectaculum,
2751 3701 2968 3770 fabula,
3003 3706 3060 3757 et
3096 3703 3389 3758 canticum
3435 3719 3637 3759 eorum
3683 3709 3809 3761 tota
3857 3705 3955 3762 die

2296 3789 2510 3861 (Thren.
2546 3806 2628 3857 m,
2660 3790 3085 3863 14).!ntelligite,
3128 3790 3341 3863 inquit,
3374 3794 3691 3865 insipientes
3738 3794 3803 3849 in
3847 3811 3955 3867 po-

2290 3879 2440 3950 pulo,
2472 3884 2525 3935 et
2552 3880 2711 3935 stulti
2739 3881 3036 3952 aliquando
3061 3882 3266 3952 sapite;
3295 3884 3393 3954 qui
3433 3883 3709 3953 plantavit
3754 3900 3955 3940 aurem

2291 3985 2403 4023 non
2447 3969 2649 4038 audiet,
2700 3977 2751 4024 et
2801 3972 2898 4041 qui
2951 3970 3116 4040 ﬁnxit
3167 3972 3386 4026 oculum
3441 3988 3549 4027 non
3597 3972 3953 4029 considerat?

2293 4058 2460 4129 (Psal.
2492 4074 2650 4123 xum,
2682 4061 2757 4126 8.)
2782 4058 2929 4122 Quid
2968 4067 3153 4115 autem
3197 4062 3487 4115 miramini
3514 4062 3563 4115 si
3587 4061 3828 4117 mundus
3857 4078 3952 4120 vos

2290 4145 2523 4218 odit,qui
2541 4151 2696 4203 etme
2712 4149 2951 4220 priorem
2971 4150 3120 4205 vobis
3139 4148 3265 4205 odio
3283 4148 3705 4219 habuit?(loan.
3719 4167 3813 4220 xv,
3830 4151 3948 4224 18.)

2290 4235 2432 4290 Nam
2459 4236 2640 4307 (Ibid,
2667 4238 2776 4309 19)).
2801 4236 2865 4293 de
2886 4238 3088 4293 mundo
3112 4238 3379 4309 fuissetis,
3400 4240 3587 4311 utique
3606 4240 3750 4312 quod
3778 4258 3947 4296 suum

527 4322 597 4377 Et
628 4321 735 4377 hoc
768 4321 895 4387 tibi,
928 4326 994 4376 ut
1026 4321 1198 4383 scias.
1235 4326 1299 4377 ut
1346 4339 1569 4387 caveas,
1604 4328 1668 4378 ut
1696 4323 2027 4397 resipiscas,
2061 4328 2179 4385 imo
2286 4333 2407 4380 erat
2422 4324 2903 4395 diligerctis.Quid
2930 4325 3249 4382 amicitiam
3274 4326 3496 4383 inimici
3519 4328 3945 4401 captatis,cum

528 4426 600 4465 ne
621 4427 794 4482 agere
817 4414 1023 4480 tentes,
1043 4427 1115 4466 ne
1138 4427 1322 4482 prtesu
1333 4428 1480 4480 mas,
1506 4427 1577 4467 ne
1600 4413 1836 4481 audeas,
1858 4431 1929 4470 ne
1948 4417 2176 4489 tangas,

2288 4414 2529 4470 avellere
2558 4431 2659 4470 vos
2689 4431 2795 4472 nec
2839 4431 2944 4488 ego
2975 4416 3146 4471 velim
3177 4432 3211 4471 a
3241 4416 3533 4473 consortio
3571 4417 3801 4489 capitis,
3836 4435 3945 4476 nec

528 4513 733 4553 verum
766 4515 870 4553 nec
901 4498 1195 4554 detrahas.
1213 4499 1573 4555 Vociferatur
1592 4500 1768 4568 enim,
1792 4506 1848 4557 et
1878 4501 1985 4559 hoc
2019 4504 2179 4561 into-
2286 4504 2410 4576 ipse
2430 4505 2688 4560 mundus
2708 4505 2913 4577 dignos
2929 4504 3015 4559 vel
3034 4504 3394 4577 suisjudicet
3412 4505 3689 4563 amicitiis
3704 4507 3944 4565 PVidete

526 4589 712 4653 tonat,
754 4590 810 4642 et
836 4586 945 4642 hoc
976 4586 1227 4643 clamat:
1259 4588 1390 4655 Diis,
1437 4586 1734 4661 inquiens,
1757 4607 1827 4646 ne
1873 4592 2177 4651 detraxeris
2207 4598 2255 4664 D
2288 4611 2360 4650 ne
2390 4610 2658 4651 recusare
2690 4593 3001 4650 videamini
3022 4611 3149 4651 esse
3181 4594 3240 4650 in
3266 4612 3527 4669 corpore,
3551 4595 3599 4651 si
3622 4613 3738 4652 non
3759 4596 3943 4654 vultis

598 4780 834 4855 (131)__In
858 4781 1125 4855 Vulgatis
1155 4787 1424 4855 corrupte
1444 4784 1712 4842 ostendas.
1737 4785 2018 4845 Construe
2048 4807 2179 4849 vero

524 4855 581 4907 et
636 4850 860 4929 explica
921 4871 933 4908 :
974 4850 1263 4910 'Audenter
1308 4850 1557 4929 quidem.
1586 4860 1838 4929 etquasi
1883 4862 2182 4919 insolenter

521 4924 891 5004 enumerando
918 4928 1216 5004 pronuntio
1263 4924 1384 4991 tibi,
1428 4928 1559 5004 quid
1591 4924 1700 5000 (illi
1736 4930 2012 5004 episcopi)
2042 4937 2175 5003 sint,

519 5013 591 5073 ne
617 5014 728 5073 non
755 4997 915 5062 scias,
949 5001 1002 5051 et
1031 4998 1306 5073 oﬂemlas;
1352 4997 1448 5053 sed
1475 4997 1652 5055 tamen
1695 4997 2002 5073 pronuntio-
2027 4997 2179 5063 tanto

523 5068 803 5134 libentius,
822 5076 1022 5140 quanto
1051 5068 1332 5139 proferens
1360 5087 1470 5125 non
1495 5087 1565 5125 ex
1594 5068 1708 5138 me;
1728 5074 1818 5129 sed
1848 5092 1917 5131 ex
1945 5080 2179 5135 auctori-

521 5142 727 5218 tatibus
767 5140 991 5218 divinis.
1018 5141 1342 5218 illiraculum
1382 5150 1584 5218 a_utem,
1616 5146 1667 5199 si
1699 5152 1849 5201 tanta
1880 5151 2031 5218 (quae
2064 5151 2176 5205 sci-

520 5208 655 5291 licet
696 5211 1098 5291 deepiscopis
1129 5228 1263 5291 mox
1290 5208 1798 5291 proferet):etgtam
1824 5208 2175 5291 Δὑὶὲηνιώίιία,

521 5285 575 5336 et
597 5282 908 5358 ineffabilia
963 5282 1129 5358 etiam
1159 5284 1249 5338 illi
1278 5282 1386 5356 ipsi
1412 5286 1509 5357 qui
1549 5288 1761 5358 fruitur
1815 5282 2176 5355 his,"possunt

517 5352 721 5441 referri
743 5354 810 5408 ab
842 5352 1078 5441 nomine,
1113 5370 1180 5441 ex
1202 5352 1338 5441 ,ει-ξ,
1375 5352 1591 5441 a'rege,
1620 5376 1660 5441 la
1689 5376 1813 5441 quo
1857 5352 1979 5441 fieri
2012 5363 2173 5419 dice-

519 5372 717 5423 re/errt
743 5372 810 5408 ao
842 5372 1078 5436 nomine,
1113 5372 1180 5409 ex
1202 5372 1338 5481 in,
1375 5375 1406 5411 a
1437 5374 1591 5441 rege,
1627 5376 1660 5413 a
1689 5376 1806 5485 ($10
1857 5372 1979 5416 lien
2012 5372 2173 5419 dice-

519 5423 735 5507 bantur
773 5426 1075 5507 episcopi).
1106 5426 1207 5507 Qui
1290 5430 1426 5484 Deus
1462 5428 1631 5507 distat
1660 5448 1711 5507 _a
1782 5429 2058 5507 homine,
2093 5436 2175 5507 vel

518 5494 651 5568 quid
678 5494 913 5571 opus—sit
944 5494 1131 5571 ipsum
1150 5500 1319 5555 Deum
1351 5503 1535 5571 rogari
1563 5505 1627 5555 ut
1657 5501 1713 5555 in
1748 5494 2057 5570 electione,
2083 5505 2173 5561 vel

519 5567 1011 5626 consecratione’e
1057 5569 1175 5626 isco
1222 5571 1237 5626 i
1280 5567 1535 5648 rogatur,
1567 5571 1616 5628 si
1700 5574 1842 5631 ulvis
1880 5567 2173 5634 valet'lar-

519 5639 631 5706 atri
660 5639 849 5704 tanta?
870 5587 1283 5706 Quadpcoaitllre
1297 5642 1473 5706 (male
1503 5644 1563 5706 in
1582 5589 1739 5706 ναῖε.
1763 5645 1896 5706 quid
1914 5648 2172 5706 conitere.

515 5639 631 5737 girl
660 5639 849 5704 tanta?
870 5639 1034 5743 Quod
1046 5639 1283 5721 Cogilare
1297 5639 1473 5718 (male
1503 5639 1563 5706 iu
1582 5639 1739 5722 vulg.
1763 5645 1896 5724 quid
1914 5648 2172 5725 cogitare.

2291 4797 2347 4867 et
2373 4809 2506 4848 mox
2529 4792 2660 4867 quid
2683 4792 2900 4867 dicere),
2918 4793 3048 4867 quid
3072 4802 3149 4850 est
3170 4794 3325 4850 aliud
3351 4811 3515 4867 quam
3539 4796 3671 4851 velle
3690 4811 3938 4853 conscen-

2288 4865 2414 4920 dere
2443 4867 2502 4919 in
2531 4864 2773 4919 calum?
2804 4864 2953 4933 Quod
2994 4865 3174 4921 dicere
3220 4864 3372 4937 quid
3404 4870 3500 4933 est,
3531 4868 3648 4922 nisi
3692 4869 3941 4925 exaltare

2286 4938 2487 4991 solium
2514 4953 2678 5006 super
2705 4937 3005 5012 astraewli
3018 4956 3038 5001 ;
3064 4938 3202 5012 quod
3232 4939 3421 5012 utique
3448 4945 3575 5012 sunt
3600 4940 3860 5012 episcopi,
3889 4941 3939 4998 si

2288 5016 2468 5063 tamen
2506 5012 2632 5061 sunt
2661 5008 2800 5080 quod
2846 5008 3139 5080 dicuntur?
3168 5009 3299 5080 quid
3326 5008 3424 5074 est,
3458 5011 3571 5066 nisi
3612 5008 3807 5068 conari
3851 5028 3936 5069 as-

2286 5080 2513 5135 cendere
2534 5079 2699 5153 super
2727 5079 3079 5135 altitudincm
3104 5079 3370 5153 nubium,-
3399 5082 3539 5153 quod
3568 5098 3657 5138 eos
3685 5098 3819 5152 esse,
3854 5101 3937 5141 re-

2284 5154 2492 5224 ferente
2517 5152 2797 5221 propheta,
2823 5153 2974 5206 testis
2998 5160 3078 5224 est
3094 5152 3232 5207 Deus
3252 5152 3435 5208 dicens
3457 5172 3475 5208 :
3505 5154 3779 5222 Mandavi,
3803 5159 3931 5224 etc.,

2284 5227 2337 5277 et
2367 5223 2488 5296 ideo
2510 5225 2788 5279 wstimare
2831 5239 2887 5278 se
2932 5223 3210 5296 similem?
3232 5225 3331 5296 Dii
3357 5233 3505 5290 sunt,
3537 5226 3761 5281 Domini
3785 5223 3929 5296 sunt,

2285 5300 2417 5371 etc.,
2446 5294 2573 5349 Haec
2605 5299 2799 5349 autem
2834 5294 3030 5372 omnia
3060 5299 3202 5372 sun_t_
3227 5295 3327 5372 illa
3354 5305 3524 5364 tanta,
3550 5297 3782 5372 quaede
3808 5294 3931 5372 epié

2285 5365 2594 5437 scoporum
2627 5365 3020 5437 praerogativis
3052 5382 3120 5421 ex
3149 5366 3361 5424 divinis
3394 5365 3932 5428 auctoritatibus'se

2281 5436 2647 5509 prolaturum
2680 5436 3010 5509 afﬁrmavit.

2356 5509 2501 5578 (132)
2534 5508 2803 5564 Mcndose
2834 5508 2888 5563 in
2922 5507 3092 5564 editis
3123 5511 3309 5565 vincti.

2353 5580 2476 5659 183)
2505 5579 2633 5659 Haec
2660 5579 3005 5659 .Ratherium
3051 5581 3123 5659 ab
3169 5582 3407 5658 Hugone
3446 5600 3578 5659 rege
3610 5583 3670 5643 in
3702 5600 3929 5651 carcere

2280 5651 2549 5731 Papiensi
2579 5651 2880 5717 detentum
2910 5651 3250 5731 respiciunt.
