4054 6396
142 380 242 443 229

1026 380 1673 456 PBIELOQUIORUM
1717 381 1923 446 LIBRI
1954 382 2143 446 SEX.
2176 418 2253 430 ——
2282 382 2584 449 LlB.III.

3384 392 3504 456 230

142 513 314 571 odium
335 513 529 569 mundi
553 514 844 572 sustinere
869 531 1005 572 cum
1024 515 1386 588 capite.Quid
1408 516 1563 572 enim
1586 515 1747 572 vobis
1775 519 1831 584 Α
1853 516 2087 588 populus
2117 517 2296 587 (Prov.
2337 536 2488 585 xmx,
2516 520 2603 588 18)
2627 538 2640 587 ;
2674 523 2763 575 etc
2791 538 2803 575 :
2835 520 2941 590 Qui
2969 523 3158 594 recipit
3183 524 3503 596 prophetam

141 602 350 670 faciunt,
380 604 531 675 quod
581 620 697 659 non
730 604 874 659 mihi
922 604 1244 674 majoribus
1275 605 1422 660 meis
1463 605 1589 675 jam
1630 621 1746 671 non

140 691 365 749 fecerunt
393 692 671 749 membris
690 693 719 749 ?
747 693 812 749 Si
837 709 923 749 me
946 695 1218 765 persecuti
1252 700 1398 759 sunt,
1432 701 1483 749 et
1513 709 1604 749 vos
1631 709 1750 766 per-

136 789 393 853 sequentur
436 780 619 852 (Joan.
652 799 745 845 xv.
777 782 891 851 20).
925 781 1087 837 Sicut
1118 782 1264 853 (131)
1310 798 1414 854 ego
1443 782 1747 838 vobiscum

139 885 296 941 usque
351 871 419 925 ad
481 870 1047 926 consummationem
1104 870 1301 927 saeculi
1361 888 1494 927 sum
1535 871 1745 944 (Matth.

136 975 300 1025 xxvm,
331 960 440 1029 20),
475 958 556 1014 ita
586 975 690 1014 nec
719 959 984 1026 deerunt,
1018 959 1119 1031 qui
1164 975 1258 1014 me
1304 959 1363 1014 in
1411 959 1574 1016 vobis
1618 958 1749 1015 odio

137 1045 377 1113 habeant,
407 1052 852 1120 persequantur,
880 1064 1327 1120 sermonemque
1347 1053 1749 1116 vestrum,non

139 1134 251 1208 quia
279 1140 477 1203 vester,
510 1137 611 1192 sed
648 1136 787 1208 quia
815 1154 983 1194 meus
1013 1132 1123 1205 est,
1156 1142 1534 1193 contemnant
1566 1154 1578 1191 :
1613 1155 1749 1192 nam

138 1225 178 1280 si
203 1229 389 1293 vester,
437 1226 495 1281 id
542 1230 651 1293 est,
684 1225 998 1294 saecularis,
1046 1226 1318 1296 carnalis,
1361 1226 1630 1298 vitiisque
1661 1228 1749 1282 fa-

137 1330 254 1369 vens
280 1317 444 1380 esset,
478 1314 685 1387 utique
733 1320 1050 1371 amaretur.
1098 1314 1246 1380 Quid
1305 1319 1440 1371 ante
1496 1331 1749 1371 messem

137 1401 372 1475 colligere
392 1402 613 1459 zizania
641 1402 819 1459 vultis
854 1404 1056 1476 (Matth.
1091 1422 1212 1471 xm,
1248 1405 1363 1475 20),
1396 1420 1510 1459 non
1541 1421 1750 1460 caven-

138 1494 208 1546 tes
226 1506 288 1547 ne
308 1490 479 1547 simul
510 1497 566 1547 et
598 1491 853 1548 triticum
879 1509 1010 1549 cum
1062 1493 1207 1566 ipsis
1257 1493 1582 1561 eradicetis,
1614 1509 1748 1549 cum

136 1580 283 1635 etiam
304 1579 359 1635 in
380 1579 481 1636 tali
506 1581 656 1636 facto
672 1582 916 1653 periisse
932 1599 1083 1654 saepe
1101 1583 1263 1655 pium
1284 1599 1385 1653 pro
1403 1583 1580 1653 impio
1594 1583 1752 1637 vide-

137 1666 431 1723 ritis?Mihi
456 1669 671 1740 potius,
708 1671 853 1725 mihi
894 1671 1154 1738 vindicta,
1186 1687 1279 1742 ego
1310 1672 1628 1736 retribuam,
1665 1671 1749 1725 di-

136 1756 200 1811 cit
222 1756 487 1813 Dominus
521 1759 704 1827 (Hebr.
735 1776 789 1826 x,
818 1758 931 1831 30).

774 1849 895 1904 Tl’l‘.
936 1848 1081 1903 VIII.

198 1935 272 1989 15.
302 1934 513 1991 Verum
566 1935 615 1991 si
673 1936 1052 1993 calumniaris
1109 1954 1196 2004 ea,
1234 1954 1361 2009 quae
1414 1938 1483 1993 de
1537 1937 1755 1994 sanctis

140 2022 329 2095 scripta
357 2029 515 2092 sunt,
554 2026 624 2079 ad
660 2042 783 2089 nos,
819 2026 916 2097 qui
951 2024 1121 2098 longe
1152 2026 1304 2080 infra
1335 2043 1503 2098 peccs
1550 2044 1751 2082 eorum

133 2112 388 2181 jacemus,
403 2129 497 2169 me
528 2130 643 2169 non
668 2114 878 2170 debere
904 2119 1264 2181 convertere;
1289 2116 1359 2170 ad
1384 2115 1492 2170 hoc
1513 2132 1753 2187 respon-

139 2198 246 2268 deo,
275 2200 547 2273 quoniam
578 2200 638 2257 in
670 2201 777 2257 hoc
806 2202 1018 2258 saeculo
1049 2203 1200 2258 sicut
1231 2220 1439 2259 sumus
1482 2203 1566 2259 eis
1619 2220 1752 2259 con-

138 2294 296 2347 sortes
316 2289 640 2347 ministerio
661 2291 996 2360 ordinis,ita
1006 2296 1063 2348 et
1073 2296 1373 2348 consortes
1395 2296 1452 2347 et
1471 2292 1756 2365 dignitate

138 2379 361 2435 nominis
403 2385 461 2435 et
489 2379 794 2453 privilegio
826 2380 1080 2435 honoris.
1114 2380 1275 2444 Quod
1308 2380 1356 2436 si
1388 2386 1648 2436 nostram
1682 2382 1753 2437 ad

137 2465 339 2523 illorum
370 2468 777 2524 studuerimus
796 2468 975 2525 vitam
995 2486 1360 2542 componere,
1389 2471 1610 2525 erimus
1631 2488 1757 2542 par-

136 2555 312 2629 ticipes
340 2561 395 2612 et
416 2557 615 2630 gloria:
649 2558 1033 2630 sempiternae.
1069 2560 1231 2624 Quod
1272 2559 1321 2614 si
1379 2559 1565 2626 aliter,
1600 2559 1754 2631 quod

138 2643 294 2713 absit;
325 2643 441 2702 illic
473 2646 1011 2719 separabimur,qui
1042 2646 1135 2702 hic
1161 2646 1491 2703 communis
1517 2647 1757 2704 honoris

139 2737 185 2787 et
208 2733 500 2790 ministerii
533 2736 726 2791 ofﬁcio
759 2735 919 2807 fungi
959 2737 1245 2791 videmur.
1296 2737 1443 2792 Nam
1492 2737 1542 2792 si
1591 2737 1759 2793 aliter

141 2826 301 2890 esset;
323 2823 461 2896 quid
485 2822 795 2895 illa,quam
826 2824 1138 2897 regendam
1172 2825 1559 2896 suscepimus,
1593 2826 1756 2881 Chri-

142 2909 379 2968 stianitas
406 2912 627 2969 valeret
656 2916 679 2967 ?
704 2913 773 2968 Et
802 2913 848 2969 si
881 2913 1104 2982 eodem,
1129 2930 1244 2985 quo
1276 2913 1529 2982 illorum,
1562 2918 1761 2970 noster

144 3014 237 3054 nou
265 3001 724 3057 sanctiﬁcaretur
752 3000 961 3079 spiritu
995 3003 1366 3074 pontiﬁcatus
1395 3004 1542 3073 (135)
1569 3021 1582 3071 ;
1615 3004 1757 3075 quid

143 3088 596 3162 prodesset,quod
622 3094 820 3146 nostro
845 3089 1166 3146 ministerio
1197 3096 1423 3147 sacrato
1445 3091 1758 3148 chrismate

141 3175 224 3231 86
250 3176 576 3251 baptizatur
604 3178 901 3252 populus?
932 3179 1078 3243 Quid
1110 3180 1361 3253 denique
1387 3181 1578 3238 missae
1609 3180 1758 3237 cele-

1832 1668 1962 1722 ~tibi
2003 1669 2216 1739 aliquid
2261 1674 2540 1742 contingat
2584 1674 2762 1742 (Joan.
2794 1689 2849 1737 ν,
2884 1674 3011 1743 14);

1856 605 1918 659 in
1971 607 2194 660 nomine
2241 607 2537 678 prophetae,
2596 610 2898 666 mercedem
2942 613 3215 682 prophefw
3271 615 3506 685 accipiet

1857 692 2068 760 (Matth.
2102 711 2157 760 x,
2188 696 2275 765 41,
2311 696 2380 751 de
2411 697 2720 767 praeterito,
2755 715 2869 753 non
2903 700 2973 755 de
3004 699 3198 757 futuro
3226 701 3315 758 vel
3356 720 3500 775 prte-

1858 781 2007 835 scnti
2037 782 2181 838 velis
2210 782 2768 855 accipere.Qnandiu
2800 805 3032 861 quoque
3064 789 3179 845 ista
3206 791 3505 847 durabunt

1858 868 2134 943 insignia,
2165 872 2368 927 tandiu
2401 877 2922 946 contemptoribus,
2954 876 3417 947 injuriatoribus,
3448 885 3505 935 et

1858 959 2328 1030 persecutoribus
2359 978 2559 1018 eorum
2592 964 2814 1029 eadem,
2848 982 2974 1036 quae
3006 967 3288 1039 antiquis,
3334 973 3507 1025 erunt

1859 1047 2127 1114 crimina,
2149 1065 2254 1103 nec
2275 1049 2332 1103 in
2366 1049 2485 1105 ullo
2518 1050 2820 1107 dissimilis
2852 1070 3048 1125 pmna;
3075 1055 3189 1111 nisi
3220 1057 3375 1129 quod
3394 1059 3504 1113 du-

1858 1136 1982 1192 rius
2013 1136 2219 1192 feritur
2247 1138 2535 1211 protervis
2563 1157 2741 1212 quam
2771 1141 3503 1217 ignorantia,contemptus

1859 1241 2037 1296 quam
2067 1243 2360 1295 excessus,
2394 1228 2619 1284 dicente
2667 1230 2912 1285 Domino
2946 1249 2959 1286 :
2988 1232 3053 1285 Si
3078 1249 3189 1287 non
3217 1235 3500 1303 venissem,

1857 1318 1907 1369 et
1939 1314 2147 1370 locutus
2174 1316 2401 1386 fuissem
2431 1318 2527 1384 eis,
2560 1322 2842 1388 peccatum
2882 1335 2988 1374 non
3037 1321 3295 1378 haberent
3324 1324 3501 1395 (toan.

1858 1420 1950 1468 xv,
1983 1403 2115 1474 22);
2150 1409 2205 1459 et
2235 1421 2248 1458 :
2282 1406 2447 1461 Fiunt
2475 1407 2772 1461 novissima
2816 1408 3055 1463 hominis
3110 1410 3264 1465 illius
3316 1412 3506 1483 pejora

1853 1492 2134 1562 prioribus
2192 1493 2397 1564 (Matth.
2454 1512 2553 1563 xu,
2608 1496 2716 1563 45).
2782 1495 3089 1567 Itemque:
3149 1500 3292 1554 Ecce
3338 1516 3504 1556 sanus

1857 1582 2035 1650 factus
2066 1596 2121 1635 es
2139 1599 2163 1645 ;
2191 1582 2324 1636 vade
2354 1590 2405 1637 et
2432 1583 2668 1655 amplius
2695 1584 2813 1637 noli
2854 1588 3113 1654 peccare,
3149 1602 3220 1641 ne
3274 1587 3507 1643 deterius

3052 1678 3109 1729 et
3156 1675 3511 1733 Tolerabilius

1857 1758 1965 1812 erit
1993 1765 2153 1813 terra:
2191 1757 2547 1815 Sodomorum
2577 1769 2627 1815 et
2656 1761 3125 1818 Gomorrheeorum
3154 1764 3215 1818 in
3242 1756 3331 1820 die
3348 1765 3510 1836 judi-

1859 1847 1954 1913 cii,
2015 1862 2183 1918 quam
2242 1848 2334 1902 illi
2388 1850 2600 1904 civitati
2640 1849 2845 1917 (Matth.
2880 1867 2935 1917 x,
2972 1850 3098 1923 15);
3131 1869 3258 1924 qua:
3289 1853 3512 1909 audivit

1863 1933 2101 2005 quidem
2131 1935 2373 1991 verbum
2404 1937 2529 2006 Dei,
2549 1938 2647 1993 sed
2672 1939 2906 1993 credere
2936 1940 3305 2012 contempsit;
3333 1943 3511 1998 etsz

1860 2023 1962 2077 tibi
1993 2022 2279 2089 Corozain,
2302 2040 2388 2080 ινιτ
2409 2027 2513 2079 tibi
2540 2027 2848 2090 Bethsaida,
2875 2026 3510 2103 concludensque,Tyro

1863 2115 1915 2167 et
1945 2111 2135 2167 Sidoni
2162 2114 2447 2168 remissius
2460 2115 2572 2168 erit
2601 2116 2662 2169 in
2680 2114 2767 2169 die
2786 2115 2992 2187 judicii
3011 2133 3175 2189 quam
3196 2119 3506 2188 tibi(ll!atth.

1861 2218 1938 2268 x1,
1969 2200 2084 2272 21),
2117 2205 2175 2257 et
2204 2201 2516 2273 Apostolus
2551 2220 2564 2257 :
2598 2204 2803 2268 Melius,
2834 2203 3047 2275 inquit,
3095 2214 3213 2262 erat
3264 2208 3344 2263 eis
3397 2224 3509 2264 non

1861 2304 2177 2359 cognoscere
2206 2292 2351 2345 viam
2376 2292 2645 2359 veritatis,
2673 2309 2837 2363 quam
2862 2301 2985 2363 post
3029 2296 3394 2362 cognitionem
3420 2312 3507 2352 re-

1863 2385 2097 2434 trorsum
2124 2381 2366 2435 converti
2398 2381 2466 2452 (II
2494 2381 2638 2435 Petr.
2660 2398 2721 2445 η,
2739 2380 2852 2451 21).
2876 2380 2980 2435 Per
3001 2382 3256 2456 Moysem
3274 2401 3508 2457 quoque

1863 2465 1990 2538 ipse
2027 2468 2350 2523 Dominus:
2411 2470 2629 2531 Anima,
2674 2468 2772 2538 ait,
2804 2484 2930 2540 (μιᾶς
2979 2486 3079 2541 per
3135 2474 3510 2541 ignorantiam

1859 2557 2161 2626 peccaverit
2188 2573 2370 2612 coram
2402 2558 2647 2625 Domino,
2677 2557 3055 2629 dcprecabitur
3078 2576 3178 2632 pro
3230 2578 3293 2617 ea
3329 2579 3509 2619 sacer-

1863 2643 1976 2709 dos,
2007 2644 2148 2715 quod
2198 2646 2373 2700 inscia
2399 2649 2720 2717 peccaverit,
2755 2648 3169 2720 impetrabitque
3194 2651 3247 2705 ei
3269 2653 3506 2720 veniam,

1863 2741 1915 2787 et
1972 2732 2281 2789 dimittetur
2335 2735 2405 2789 ei.
2451 2735 2650 2790 Anima
2699 2751 2842 2801 vero,
2895 2751 3022 2807 qua
3072 2753 3173 2808 per
3198 2740 3513 2810 superbiam

1864 2822 2076 2894 aliquid
2133 2824 2478 2891 commiserit,
2532 2825 2735 2896 peribit
2787 2824 2852 2880 de
2882 2827 3084 2897 populo
3111 2843 3230 2896 suo,
3263 2829 3392 2900 quia
3422 2843 3510 2884 re-

1867 2911 2025 2965 bellis
2054 2912 2163 2981 fuit
2193 2911 2449 2967 adversus
2497 2913 2822 2980 Dominum;
2883 2913 3083 2970 idcirco
3140 2916 3408 2972 detebitur
3459 2923 3513 2972 et

1861 2999 2104 3069 portabit
2153 3001 2506 3073 iniquitatem
2549 3018 2707 3057 suam
2755 3003 2940 3071 (Nam.
2998 3020 3089 3069 xv,
3135 3006 3248 3074 28).
3277 3005 3513 3061 Inﬁnita

1868 3092 2383 3159 quoqueastruunt
2402 3089 2739 3145 testimonia
2759 3091 3015 3146 severius
3029 3091 3285 3162 judicari
3307 3093 3365 3148 in
3388 3111 3507 3165 eos,

1868 3175 1967 3247 qui
2001 3175 2270 3242 scienter,
2292 3193 2467 3248 quam
2495 3178 2594 3249 qui
2627 3178 2952 3233 nescienter
2980 3177 3511 3252 delinquunt;unde

140 3262 672 3335 bratio,benedictio,
693 3273 750 3323 et
771 3268 1135 3323 diversarum
1159 3286 1352 3325 rerum
1376 3270 1753 3338 consecratio,
1786 3256 1829 3324 C
1867 3269 1925 3319 et
1952 3263 2096 3320 illud
2128 3265 2188 3320 in
2219 3264 2445 3337 psalmo
2473 3266 2843 3322 :Descendant
2872 3269 2932 3322 in
2963 3269 3245 3339 infernum
3271 3272 3512 3327 viventes

139 3351 208 3408 vel
232 3354 399 3419 ullius
427 3357 618 3414 divini
653 3355 847 3413 cultus
879 3356 1155 3413 exhibitio
1176 3358 1203 3412 ‘?
1230 3360 1345 3413 Aut
1371 3359 1570 3432 itaque
1600 3359 1759 3415 Chri-

137 3440 460 3501 stianitatem
486 3446 776 3501 defecisse
806 3446 1206 3517 pronuntia,ct
1236 3446 1380 3501 illud
1406 3464 1606 3502 verum
1630 3463 1758 3503 esse

139 3528 347 3606 denega,
377 3534 533 3606 quod
569 3534 650 3589 ait
681 3534 811 3589 falsi
844 3534 1040 3590 nescia
1071 3535 1297 3590 Veritas
1325 3535 1455 3607 ipsa
1481 3554 1493 3591 :
1520 3541 1650 3591 Ecce
1664 3554 1757 3608 ego

137 3621 380 3678 vobisz
416 3640 545 3680 sum
584 3625 836 3679 omnibus
880 3624 1070 3689 diebus
1122 3639 1289 3696 usque
1317 3624 1385 3679 ad
1413 3640 1758 3681 consumma-

138 3709 312 3766 tionem
335 3714 532 3771 swculi
563 3713 763 3772 (Matth.
800 3730 992 3779 xxvm,
1023 3712 1112 3785 20)
1137 3731 1150 3781 ;
1183 3716 1240 3769 et
1267 3713 1432 3780 illud,
1462 3715 1616 3786 quod
1647 3716 1758 3772 Pa-

139 3798 263 3856 trem
298 3817 490 3870 orans,
533 3801 618 3858 ait
676 3819 689 3857 :
729 3803 846 3858 Non
879 3818 982 3874 pro
1019 3804 1104 3857 his
1141 3819 1269 3873 rogo
1307 3808 1539 3872 tantum,
1579 3804 1672 3860 sed
1708 3812 1760 3861 et

138 3901 221 3955 pro
260 3892 355 3959 eis,
393 3893 489 3965 qui
547 3891 814 3947 credituri
840 3900 969 3948 sunt
988 3908 1090 3963 per
1120 3894 1339 3948 verbum
1368 3909 1556 3949 eorum
1585 3895 1644 3948 in
1674 3910 1760 3950 me

143 3973 260 4046 (Job.
289 3996 363 4045 x1,
397 3982 508 4051 45),
547 3998 664 4036 non
697 3980 1040 4053 impetrasse
1071 3982 1370 4038 conﬁrma.
1411 3980 1552 4038 Illus
1581 3983 1757 4039 etiam

144 4074 535 4140 consequenter
567 4071 676 4127 erit
705 4070 1213 4142 absurdum,quod
1236 4071 1598 4126 nasciturum
1621 4088 1757 4127 eum

144 4158 458 4222 pronutians
487 4158 755 4231 angelus,
790 4158 871 4214 ait
905 4176 918 4214 :
950 4161 1097 4228 Quia
1124 4159 1373 4231 regnabit
1402 4161 1463 4215 in
1492 4159 1647 4216 domo
1665 4162 1758 4216 Ja-

142 4243 219 4297 cob
246 4247 299 4300 in
326 4252 600 4305 aeternum
631 4249 781 4315 (Luc.
816 4265 855 4317 ι,
888 4248 1000 4316 33).
1034 4249 1194 4312 Quod
1244 4249 1293 4304 si
1341 4248 1447 4305 hoc
1496 4255 1759 4306 astruere

143 4334 349 4404 nequis;
367 4335 508 4392 velis
542 4335 994 4408 nolis,ejusdem
1018 4337 1546 4409 honoris,ejusdem
1574 4338 1761 4412 digni-

142 4419 255 4477 tatis
270 4428 529 4483 nostrum
556 4425 945 4481 sacerdotium
960 4442 1088 4482 esse
1110 4426 1411 4499 sines,quo
1426 4431 1480 4483 ct
1492 4427 1756 4498 illorum;

144 4507 261 4578 quia
283 4529 391 4568 non
422 4520 514 4571 est
544 4513 703 4571 aliud
736 4515 855 4570 sive
884 4519 1018 4570 ante
1050 4515 1258 4588 legem,
1293 4517 1411 4572 sive
1457 4517 1568 4572 sub
1612 4517 1756 4590 lege,

141 4595 240 4694 sive
273 4603 394 4694 sub
447 4603 659 4677 gratia,
721 4604 821 4659 sed
861 4603 1016 4659 idem
1055 4603 1276 4676 ipsum,
1317 4605 1481 4677 prius
1520 4606 1755 4677 quidem
1789 4629 1835 4694 D

142 4684 316 4759 ﬁguris
353 4696 409 4747 et
445 4693 858 4766 aenigmatibus
906 4698 1295 4766 praesagatum
1327 4694 1403 4761 [id
1431 4702 1509 4750 est
1538 4712 1754 4768 praesa-

144 4774 346 4852 gitum],
371 4786 504 4853 post
533 4781 664 4855 ipsa
691 4781 931 4838 veritate
953 4782 1506 4844 exhibitum.eadem
1526 4801 1757 4857 quoque

139 4866 524 4927 vocabulorum
583 4887 815 4944 genera,
875 4875 932 4927 et
960 4871 1114 4927 idem
1173 4871 1584 4944 signiﬁcantia.
1611 4874 1757 4929 Nam

141 4957 369 5019 quandiu
421 4960 678 5032 populus
729 4977 887 5033 grex,
947 4960 1153 5015 tandiu
1207 4960 1485 5033 epicopus
1517 4967 1754 5034 pastor;

142 5036 371 5111 quandiu
400 5049 645 5105 verbum
666 5049 763 5105 Dei
796 5048 1262 5118 annuntiabitur,
1293 5051 1495 5105 tandiu
1530 5067 1756 5106 annun-

142 5128 291 5189 tiator
338 5136 581 5211 angelus
635 5137 858 5194 dicetur
913 5142 971 5194 et
1029 5138 1176 5206 erit;
1211 5138 1471 5211 quandiu
1502 5139 1760 5197 chrisma

144 5223 469 5295 conﬁcietur,
516 5228 720 5283 tandiu
772 5228 1065 5284 confector
1111 5228 1379 5284 Christus
1421 5228 1755 5299 vocabitur;

144 5312 374 5378 quandiu
408 5317 714 5389 prophetia
740 5317 1102 5385 recitabitur,
1118 5318 1320 5372 tandiu
1343 5318 1616 5374 recitator
1637 5334 1763 5390 pro-

143 5395 303 5467 pheta
320 5403 563 5476 dicetur,
593 5406 704 5469 nisi
739 5406 885 5463 forte
916 5406 1128 5462 falsum
1171 5407 1314 5463 velis
1363 5411 1566 5480 putare
1614 5406 1758 5463 illud

144 5484 407 5549 Proverbii
434 5512 447 5550 :
482 5496 622 5564 Quia
648 5512 772 5552 cum
795 5497 1078 5568 prophetia
1106 5495 1377 5569 defecerit,
1400 5497 1762 5571 dissipabitur

203 5597 337 5677 (ltili)
369 5600 671 5677 Eerperam
725 5602 1039 5677 invulgatis
1065 5606 1118 5677 si
1144 5619 1288 5661 cum.

178 5666 337 5756 '(135)
366 5666 646 5736 Con'strue
674 5693 687 5736 :
720 5679 791 5739 Et
813 5678 869 5737 si
883 5666 1241 5759 pontiﬁcatus
1266 5683 1449 5741 noster
1474 5691 1587 5741 non
1626 5693 1758 5741 sano

1866 3354 2039 3423 (Psal.
2076 3371 2184 3420 LIV,
2216 3355 2270 3426 6)
2305 3371 2318 3410 :
2351 3355 2607 3411 viventes
2637 3355 2793 3411 enim
2823 3356 3073 3412 scientes
3111 3374 3238 3429 quae
3284 3361 3513 3432 agenda

1867 3449 2007 3498 sunt
2043 3443 2420 3514 deputantur,
2471 3443 2685 3498 mortui
2735 3443 2834 3515 qui
2885 3443 3045 3500 nullo
3093 3445 3347 3502 scientiae
3396 3465 3510 3504 usu

1866 3532 2162 3587 fruuntur.

1940 3621 2025 3675 16.
2059 3621 2286 3684 Quanta
2316 3624 2509 3676 autem
2542 3620 2859 3678 reverentia
2882 3621 3057 3678 etiam
3078 3622 3511 3697 negligentibus

1868 3710 2149 3765 debeatur
2205 3710 2630 3779 sacerdotibus,
2672 3710 2848 3766 etiam
2889 3712 3115 3785 Moyses
3159 3714 3509 3786 demontrat,

1868 3798 1967 3870 qui
1983 3799 2124 3853 dum
2149 3801 2339 3853 Aaron
2354 3798 2599 3854 vitulum
2624 3799 2761 3854 ﬁliis
2784 3800 3162 3872 Israel,quem
3181 3803 3509 3873 adorarent,

1868 3888 2230 3953 fabricasset,
2263 3888 2468 3960 viginti
2520 3888 2707 3944 tribus
2763 3888 3003 3944 milibus
3058 3890 3379 3948 interfectis
3410 3893 3506 3949 87

1867 3976 2088 4048 populi,
2118 3977 2447 4049 ipsum,qui
2481 3983 2684 4034 auctor
2714 3978 2902 4034 fuerat
2928 3978 3184 4045 sceleris,
3216 3979 3514 4037 levissima

1866 4065 2234 4121 solummodo
2262 4065 2653 4139 increpatione
2676 4066 2974 4138 redarguit
3001 4067 3387 4136 dicenszauid
3405 4071 3513 4125 tibi

1865 4156 1993 4226 fecit
2022 4155 2112 4210 hic
2135 4155 2387 4226 populus,
2422 4164 2482 4210 ut
2510 4155 2793 4210 induceres
2836 4172 3001 4226 super
3054 4172 3181 4211 eum
3230 4161 3511 4229 peccatum

1865 4246 2173 4299 maximum
2194 4244 2220 4297 ?
2251 4244 2442 4316 (Exod.
2475 4261 2651 4314 XXXII,
2682 4245 2794 4315 21).
2826 4245 3070 4299 Adverte
3112 4245 3293 4319 igitur
3321 4263 3509 4318 quan-

1867 4337 1937 4387 tae
1994 4333 2338 4388 temeritatis
2396 4332 2492 4400 sit,
2551 4350 2655 4406 pro
2709 4332 2912 4405 quavis
2963 4333 3136 4407 culpa
3192 4335 3555 4406 quemlibet.

1867 4421 2083 4478 laicum
2097 4419 2302 4477 saltem
2318 4420 2739 4493 reprehendere
2767 4422 3102 4495 quempiam
3123 4425 3507 4494 sacerdotem,

1867 4510 1917 4566 si
1967 4509 2249 4581 propheta
2294 4508 2432 4564 talis
2478 4526 2545 4564 ac
2592 4513 2793 4566 tantus
2837 4511 2897 4565 in
2928 4510 3030 4566 tali
3062 4512 3241 4569 etiam
3272 4513 3510 4570 infando

1868 4599 2141 4661 facinore,
2175 4597 2397 4653 caeteris
2431 4598 2751 4667 trucidatis,
2784 4599 3108 4672 principem
3156 4602 3357 4658 scleris
3405 4601 3522 4659 ne?

1866 4704 2161 4761 quaquam
2195 4686 2572 4760 praesumpsit
2601 4686 2809 4744 saltem
2839 4687 2924 4744 vel
2955 4688 3160 4746 durius
3190 4691 3510 4765 increpare,

1866 4777 1982 4834 Deo
2014 4776 2121 4832 soli
2153 4775 2209 4831 id
2243 4775 2505 4848 cogitans
2536 4792 2856 4850 congruere
2869 4795 2974 4850 pro
2996 4780 3171 4835 ofﬁcii
3197 4781 3510 4854 dignitate;

1867 4883 1972 4922 nec
2001 4865 2158 4921 enim
2191 4865 2434 4937 quilibet
2454 4865 2513 4920 in
2536 4867 2807 4938 episcopo
2826 4866 3296 4941 episcopum,sed
3317 4870 3513 4942 ipsum

1868 4973 2166 5011 summum
2203 4962 2260 5010 et
2282 4956 2409 5010 sine
2432 4955 2667 5011 macula
2687 4957 3021 5028 pontiﬁcem
3052 4958 3110 5012 in
3133 4974 3198 5014 eo
3221 4957 3515 5030 persequi-

1865 5048 1962 5099 tur
1991 5043 2286 5099 Christum
2312 5062 2325 5113 ;
2361 5060 2466 5099 nec
2495 5044 2812 5116 injuriatur
2840 5045 3150 5119 culpabilis
3181 5046 3509 5119 episcopus,

1868 5134 1968 5190 sed
1998 5133 2123 5206 ipse
2154 5134 2211 5188 in
2245 5150 2309 5189 eo
2343 5150 2443 5205 per
2465 5133 2883 5191 benedictionis
2905 5134 3152 5208 gratiam
3175 5134 3513 5191 inhabitans

1872 5223 2125 5295 Spiritus
2157 5227 2416 5278 sanctus.
2451 5223 2595 5278 Cum
2624 5223 2888 5296 tangitur
2915 5223 3234 5279 sacerdotis
3263 5240 3514 5294 persona

1867 5311 2131 5385 tangitur
2157 5312 2287 5383 ipsa
2315 5311 2545 5367 Domini
2578 5311 2799 5384 pupilla
2823 5330 2835 5380 ;
2860 5311 3002 5383 quia
3028 5328 3134 5384 per
3162 5328 3296 5368 eum
3328 5296 3512 5386 provil

1870 5402 2041 5457 detur
2069 5399 2262 5457 divino
2295 5405 2606 5473 prospectu
2637 5398 2911 5456 Ecclesia.
2943 5399 3151 5457 Verere
3193 5417 3327 5475 ergo
3376 5404 3510 5476 qui-

1871 5507 2101 5564 cunque
2133 5507 2334 5547 eorum
2365 5489 2696 5555 insectator,
2731 5490 3207 5562 quandoquidem
3237 5498 3295 5549 et
3320 5493 3429 5551 hoc
3450 5494 3511 5554 in

1868 5595 2408 5681 ctiﬁcaretureodcm
2439 5583 3202 5681 spirit_u,quo(sancti_ﬁcatus
3234 5600 3345 5659 fuit
3366 5618 3511 5681 pon-

1866 5666 2145 5747 tiﬂcatus)
2175 5669 2398 5733 illorum
2420 5685 2434 5745 ;
2458 5666 2600 5749 quid
2622 5666 2918 5748 prodesset,
2948 5676 3056 5735 etc.
