4054 6392
489 412 603 478 231

1412 394 1783 469 annnam
1825 400 2068 466 EPISC.
2114 384 2405 464 vanos.
2453 398 2626 461 OPP.
2673 386 2870 467 rans
2913 397 2962 460 1.

3781 384 3915 448 232

491 548 774 623 Spiritum
835 547 1104 602 sanctum
1136 542 1224 601 est
1253 552 1510 614 peccare,
1544 553 1615 594 ne
1646 532 1791 592 forte
1818 551 1932 591 non
1972 533 2130 623 inve-
2159 532 2216 601 Α
2243 524 2491 605 demque
2521 531 2758 587 homine
2789 534 2847 586 et
2874 531 3066 607 bonus
3097 527 3360 602 sanguis,
3382 528 3442 581 et
3467 522 3624 605 mare
3653 521 3747 578 est
3780 524 3915 592 per-

489 622 687 696 niatur
717 634 816 709 qui
846 633 952 689 tibi
979 632 1123 688 illud
1149 630 1335 686 valeat
1364 625 1693 694 dimittere;
1727 627 1933 697 praeter
1977 622 2135 679 enim

487 723 898 802 principalem,
929 722 990 776 in
1022 737 1138 793 qua
1182 719 1291 774 hoc
1347 715 1699 781 continetur,
1758 711 2133 777 sententiam,

489 800 706 875 dicitur
734 813 870 870 alibi
906 829 919 866 :
951 812 1017 866 Si
1041 804 1280 881 peccavit
1304 807 1392 860 vir
1439 805 1501 859 in
1555 804 1755 869 virum,
1809 802 2028 874 placari
2084 800 2138 856 ei

483 910 661 981 potest
689 905 869 967 Deus;
891 902 944 955 si
978 907 1162 953 autem
1194 897 1251 951 in
1282 895 1451 950 Deum
1477 891 1928 965 peccaverit,quis
1958 890 2137 946 orabit

487 1013 585 1070 pro
609 1010 671 1052 eo
693 994 720 1048 ?
747 993 793 1061 (I
821 992 945 1058 Reg.
979 1005 1038 1053 η,
1070 984 1181 1056 25.)
1214 982 1273 1038 in
1314 998 1428 1054 quo
1460 998 1574 1036 non
1604 997 1776 1035 omne
1807 980 2130 1052 peccatum,

490 1068 591 1143 sed
622 1078 866 1156 speciale
894 1074 1189 1149 quoddam
1220 1070 1481 1128 moneris
1525 1068 1873 1141 intelligere,
1906 1072 1962 1123 et
1989 1083 2134 1122 con-

486 1154 827 1249 grua—Nam
852 1173 909 1223 et
932 1163 1109 1221 David
1141 1162 1200 1217 in
1233 1161 1438 1217 eadem
1458 1157 1703 1214 historia
1721 1156 1931 1229 legitur
1951 1154 2137 1228 gravi-

485 1242 575 1317 ter
603 1259 662 1313 in
686 1255 795 1312 sibi
819 1251 1177 1309 fidissimum
1198 1247 1448 1304 militem
1471 1246 1810 1309 excessisse,
1830 1248 1887 1299 et
1904 1242 2133 1298 veniam

484 1347 771 1405 meruisse
803 1343 849 1416 (Ι
873 1342 1001 1410 Reg.
1031 1356 1114 1406 x1,
1142 1339 1230 1405 12)
1252 1356 1264 1405 ;
1288 1334 1392 1391 filii
1415 1350 1546 1390 vero
1588 1332 1710 1389 Heli
1764 1331 2134 1388 detrahentes

486 1433 842 1495 sacriﬁcium
872 1427 1125 1494 Domini,
1161 1424 1355 1500 gladio
1386 1422 1612 1479 vindice
1658 1421 1992 1477 referuntur
2037 1436 2133 1475 ex-

486 1525 683 1585 stincti
717 1523 763 1595 (1
791 1523 920 1590 Reg.
956 1536 1012 1585 ιι,
1045 1518 1119 1582 4).
1152 1513 1470 1570 Considera
1498 1509 1584 1566 vel
1617 1510 1731 1578 hic,
1766 1525 1926 1581 rogo,
1955 1524 2133 1580 quam

486 1629 659 1691 grave
691 1612 791 1667 Dei
820 1610 968 1665 ferat
990 1603 1242 1679 justitia,
1276 1603 1323 1657 si
1359 1602 1508 1672 (136)
1543 1599 1815 1672 pontifice
1846 1602 2134 1654 sustracto

487 1685 550 1781 ῘῙο
600 1696 944 1769 ευδῖνειοῖο],
995 1694 1153 1751 istud
1202 1708 1404 1747 verum
1453 1689 1505 1746 ei
1543 1686 1884 1744 detrahatur
1913 1685 2134 1743 sacriﬁ-

487 1775 665 1864 cium,
698 1794 757 1848 et
784 1790 894 1846 hoc
926 1798 1028 1859 per
1056 1786 1289 1854 tempus
1321 1779 1642 1845 diutinum;
1667 1776 1717 1831 si
1738 1780 1859 1831 tam
1886 1775 2137 1848 graviter

488 1863 746 1942 feriendo
760 1872 1124 1941 monstravit,
1153 1869 1291 1943 quid
1311 1863 2137 1963 sibiilludvidebaturumbra-
2165 1886 2213 1963 Β

485 1977 669 2032 ticum
692 1966 842 2040 (137)
860 1965 972 2022 nisi
999 1963 1145 2019 forte
1175 1957 1494 2015 tumultum
1525 1955 1754 2010 differre
1798 1952 1986 2008 adhuc
2009 1966 2135 2007 nes-

486 2066 571 2120 cis
602 2063 753 2118 inter
777 2056 1046 2113 umbram
1075 2052 1131 2107 et
1158 2048 1481 2115 veritatem,
1516 2059 1750 2100 carnem
1803 2041 2029 2114 pecoris
2081 2043 2136 2095 et

488 2167 722 2211 carnem
754 2139 1178 2214 Redemptoris,
1212 2137 1465 2194 cinerem
1494 2131 1686 2191 vitula;
1734 2135 1790 2188 et
1836 2145 2136 2186 consecra-

484 2243 702 2301 tionem
733 2230 1098 2294 eucharistim
1118 2227 1146 2283 ?

1186 2315 1309 2371 Tl'l‘.
1349 2312 1440 2369 IX.

560 2421 646 2476 l7.
663 2414 946 2490 Spiritum
971 2412 1164 2464 autem
1188 2409 1457 2459 sanctum
1481 2399 1656 2456 etiam
1678 2394 1964 2469 peccatori
1986 2409 2136 2466 saepe

487 2511 693 2569 adesse
706 2481 1205 2576 .episcopo,etiam
1223 2490 1451 2563 Caiphae
1481 2490 1845 2542 monstratur
1873 2481 2136 2556 exemplo

487 2601 664 2672 (Joan.
695 2572 778 2660 x1,
807 2585 1023 2661 119),qui
1053 2586 1196 2639 teste
1219 2577 1523 2651 Evangelia
1552 2577 1680 2672 ideo
1709 2579 1829 2630 tam
1860 2572 2139 2672 veraciter

488 2661 682 2760 potuit
712 2682 783 2737 de
813 2675 1060 2735 Domino
1094 2669 1457 2744 prophetare,
1489 2664 1629 2738 quia
1676 2663 1930 2760 pontifex

486 2748 665 2831 batur
690 2767 827 2827 anni
849 2765 1021 2822 illius.
1039 2774 1194 2827 esse;
1219 2757 1371 2830 quod
1390 2760 1446 2812 et
1468 2753 1819 2828 quibusdam
1845 2748 2136 2806 similibus

488 2864 666 2921 rebus
693 2859 864 2931 longe
892 2852 1028 2909 licet
1056 2847 1381 2921 imparibus
1397 2861 1512 2900 non
1544 2859 1671 2899 esse
1689 2838 2028 2897 incredibile
2047 2856 2141 2894 vae

488 2953 679 3010 lemus
708 2927 973 3021 probare.
1003 2937 1179 2995 Verbi
1209 2934 1399 3009 gratia
1436 2932 1520 2988 sol
1576 2946 1709 2986 cum
1765 2929 1824 2984 in
1881 2927 2132 2984 cloacam

488 3043 690 3108 intrat,
708 3017 834 3109 ipse
865 3030 1102 3105 quidem
1129 3026 1383 3083 cloacam
1416 3034 1576 3093 aeque
1594 3022 1659 3075 ut
1675 3017 2135 3092 pulcherrimum

486 3105 808 3188 triclinium
839 3118 1176 3183 illuminat;
1204 3127 1435 3170 caenum
1469 3113 1664 3166 autem
1717 3106 2015 3180 quodlibet
2061 3105 2138 3162 sit

486 3221 642 3276 intra
692 3213 971 3277 cloacam,
1038 3203 1122 3261 nil
1186 3200 1547 3269 obcuritatis,
1589 3196 1671 3253 nil
1712 3200 1987 3269 praeterea
2044 3195 2135 3250 in-

488 3264 1047 3380 diuidationis—radio
1088 3290 1255 3349 affert
1294 3288 1455 3354 solis,
1497 3264 1596 3344 sed
1636 3264 2007 3371 tantumdem
2046 3281 2134 3339 vel
2164 3264 2207 3334 (ἶ

490 3368 897 3452 diminutionis
924 3384 1015 3440 vel
1045 3379 1343 3455 augmenti
1376 3378 1544 3433 affert
1571 3368 2133 3445 luminis,quantum

491 3483 743 3547 afferret,
777 3478 826 3534 si
852 3474 970 3530 illic
1000 3471 1192 3545 paries
1220 3470 1442 3540 jaceret
1469 3464 1595 3520 auri
1627 3461 1951 3536 purissimi.
1984 3462 2134 3516 Tum

487 3589 622 3631 vero
656 3570 705 3627 si
732 3565 872 3640 quid
895 3560 1109 3635 jaccris
1128 3559 1283 3613 intra
1304 3555 1958 3625 cloacam,nequaquam
1982 3549 2137 3605 vales

493 3639 829 3731 contingere
857 3666 1110 3716 caenum,
1142 3651 1458 3717 antequam
1504 3643 1686 3698 sofem
1718 3641 1890 3696 ferias
1918 3639 2135 3713 ipsum.

494 3751 590 3808 Sic
620 3727 897 3804 nimirum
931 3741 990 3796 in
1021 3738 1260 3802 honore,
1294 3733 1378 3789 sic
1407 3733 1465 3787 in
1497 3731 1713 3803 injuria
1743 3727 2142 3802 quorumlibet

496 3838 689 3914 agitur
702 3824 1310 3908 episc0porum,etiam
1327 3821 1387 3877 in
1414 3820 1708 3893 aliquibus
1733 3817 2137 3885 obnoxiorum;

496 3907 629 4002 ipsa
657 3907 816 3982 enim
847 3918 1043 3995 gratiae
1074 3915 1193 3982 lux,
1228 3913 1356 3986 ipsa
1377 3907 1720 3975 benedictio,
1747 3908 1871 3979 ipse
1888 3907 2141 3979 Spiritus

495 3994 757 4082 sanctus,
790 3994 916 4084 ipse
944 4007 1033 4064 sol
1066 4006 1125 4061 in
1169 4004 1253 4060 eis
1304 4000 1580 4057 habitans
1601 3996 1843 4071 justitiae
1875 3994 2143 4051 Christus

495 4111 599 4167 aut
624 4102 948 4162 honoratur
976 4101 1078 4153 aut
1102 4090 1452 4166 injuriatur;
1485 4093 1542 4145 et
1581 4091 1895 4159 antequam
1947 4100 2142 4156 perve-

497 4198 697 4255 niatur
751 4192 824 4248 ad
882 4188 1100 4246 crimen
1133 4183 1234 4241 88
1265 4180 1419 4254 quod
1480 4176 1649 4234 ferire
1695 4174 1884 4248 quivis
1915 4173 2140 4242 nititur,

495 4286 622 4359 ipse
652 4283 750 4357 qui
782 4280 955 4337 etiam
990 4273 1372 4341 criminosum
1404 4267 1658 4323 illustrat
1691 4264 1914 4320 feritur.
1949 4262 2146 4334 Neque

497 4349 904 4437 enim-illemui
935 4363 1081 4421 nihil
1107 4367 1195 4418 est
1224 4354 1607 4431 impossibile,
1643 4354 1863 4409 frustra
1890 4351 2034 4407 dixit
2058 4349 2145 4406 sal

499 4465 852 4520 infatuatum
897 4469 1004 4511 nec
1053 4453 1112 4507 in
1174 4444 1541 4519 sterquilinio
1597 4442 1931 4515 ponendum
1993 4441 2143 4513 (Luc.

497 4566 611 4621 xlv,
642 4548 755 4620 35);
789 4545 890 4602 sed
923 4546 989 4599 ut
1015 4544 1221 4614 praeter
1250 4536 1409 4591 aliud
1460 4534 1634 4588 etiam
1684 4531 1793 4587 hoc
1841 4545 2144 4603 agnoscas,

502 4617 970 4714 episcopum,qui
1003 4628 1144 4686 salis
1172 4626 1298 4682 ideo
1330 4621 1612 4694 accipitur
1631 4624 1869 4714 vocatus
1887 4617 2144 4714 nomine,
2178 4640 2225 4705 Β

503 4705 659 4802 qliod
691 4705 917 4780 mentes
949 4717 1209 4774 fidelium
1242 4710 1398 4769 verbi
1429 4724 1635 4781 sapore
1681 4705 1934 4802 caelestis
1982 4706 2150 4762 debet

503 4793 761 4879 condire,
793 4814 858 4866 ut
884 4809 1050 4864 cibus
1084 4803 1177 4860 Dei
1213 4801 1442 4857 valeant
1481 4813 1627 4863 esse,
1662 4813 1696 4849 a
1727 4793 1887 4849 nullo
1921 4794 2151 4865 penitus

503 4904 618 4964 nisi
651 4902 722 4959 ab
752 4901 879 4973 ipso
906 4894 1333 4966 Omnipotente,
1357 4888 1402 4944 si
1428 4882 2012 4973 deliquerint,aliqua
2036 4898 2151 4956 pae-

503 4991 754 5052 nitentia
778 4970 992 5058 corrigi
1021 4997 1191 5056 posse
1211 4977 1298 5034 vel
1322 4971 1697 5038 debere.Quis
1719 4970 1875 5026 enim
1891 4971 2149 5042 judicem

496 5082 786 5157 judicare,
814 5072 1091 5149 angelum
1121 5065 1428 5140 corrigere,
1461 5061 1573 5117 nisi
1602 5059 1701 5116 ille
1731 5058 1831 5131 qui
1851 5077 2028 5133 super
2056 5078 2154 5117 an.

505 5150 667 5248 gelos
699 5172 807 5235 est,
823 5165 1054 5229 audeat,
1088 5158 1306 5214 nedum
1336 5150 1636 5226 ligare‘IIn
1666 5165 1781 5205 uno
1811 5166 2043 5222 quoque
2063 5166 2154 5206 eo-

578 5275 727 5349 (136)
756 5279 826 5349 Se
857 5290 890 5329 a
920 5285 1030 5349 sua
1053 5261 1370 5349 Ve‘ronensi
1402 5259 1787 5349 spnbtrpctulm,
1821 5260 1877 5312 et
1920 5256 1979 5349 in
2022 5273 2153 5312 car-

508 5332 961 5406 cereiirlclusum
993 5341 1102 5395 hoc
1131 5337 1255 5412 loco
1296 5332 1603 5412 significat,
1662 5334 1871 5412 et‘per
1920 5332 2154 5412 tempus

508 5399 807 5477 diutinum
837 5399 872 5471 a
902 5414 1103 5470 sancto
1131 5406 1324 5463 missae
1349 5399 1638 5459 sacrificio
1669 5399 2011 5457 celebrando
2044 5399 2154 5455 im-

509 5491 710 5630 P8211333
716 5505 1141 5631 lniimbraticum
1184 5547 1535 5631 sacrificium
1550 5545 1735 5631 ‘vocat
1756 5539 1919 5631 illud
1942 5543 2156 5631 veteris

507 5613 890 5699 Testamenta
923 5644 957 5684 a
986 5641 1101 5701 quo
1131 5638 1264 5681 cum
1312 5619 1438 5701 lilii.
1463 5614 1589 5676 Heli
1622 5613 2033 5701 regax‘isssent
2054 5630 2156 5689 po.

506 5683 746 5809 puluis}:
757 5683 889 5772 iis;
913 5683 1165 5783 grivitsr
1191 5688 1381 5779 puniti
1409 5691 1666 5756 fuerunt.
1688 5683 2157 5755 Euoharistioiim

2248 638 2398 694 saepe
2456 619 2763 688 valetudo;
2818 621 2876 674 et
2931 618 3074 673 dum
3105 616 3344 690 ignarus
3376 610 3648 669 medendi
3678 609 3909 666 bonam

2246 716 2490 767 conatur
2539 708 2933 765 valetudinem
2990 705 3253 772 reddere,
3283 702 3635 776 sanguinem
3674 698 3913 755 bonum

2246 799 2392 855 solet
2421 796 2893 868 turbare.Accipe
2912 794 3078 869 quasi
3105 792 3450 866 Sanguinem
3476 795 3700 845 bonum
3725 787 3912 841 bene-

2245 886 2517 943 dictionis
2531 887 2801 960 spiritum
2814 884 3049 953 ,malam
3063 880 3454 938 valetudinem
3478 877 3905 960 negligentem,

2244 981 2347 1032 aut
2378 976 2545 1039 forte,
2566 958 2641 1030 ut
2669 979 2732 1030 tu
2765 973 2956 1030 dicere
3008 988 3194 1039 amas,
3227 958 3606 1026 criminosam
3637 962 3911 1038 episc0pi

2243 1063 2802 1130 actionem.Vide,ne
2834 1063 2975 1118 dum
3006 1060 3112 1118 tibi
3143 1076 3261 1115 non
3283 1046 3578 1129 competit,
3601 1053 3905 1127 siquidem

2245 1168 2358 1208 non
2392 1153 2653 1225 iungeris
2685 1150 2891 1207 medici
2917 1147 3412 1217 ministerio,dum
3437 1141 3674 1217 insequi
3690 1141 3907 1197 niteris

2242 1242 2648 1315 aegritudinem
2681 1238 2964 1308 criminis,
2988 1237 3250 1311 Spritum
3282 1239 3551 1291 sanctum
3576 1231 3779 1305 potius
3801 1229 3908 1286 lae-

2243 1324 2378 1388 dere
2390 1330 2883 1388 videaris.Puteus
2897 1327 3070 1384 etiam
3087 1324 3568 1399 limpidissimam
3586 1322 3709 1376 tam
3729 1319 3903 1393 potui

2243 1436 2419 1492 quam
2452 1418 2681 1477 lavacro
2712 1418 2944 1475 exhibet
2969 1418 3265 1489 aquam,et
3294 1412 3639 1486 plerumque
3669 1402 3906 1482 aliquid

2243 1509 2422 1581 inepti
2457 1525 2633 1581 prope
2654 1512 2814 1578 jacet
2845 1507 3040 1579 ipsum
3072 1508 3354 1569 meatum,
3380 1501 3536 1574 quod
3571 1503 3767 1554 tamen
3792 1508 3907 1554 nec

2244 1599 2554 1654 interdicat
2573 1603 2795 1669 potum,
2819 1612 2925 1651 nec
2958 1593 3223 1666 inquinet
3253 1590 3549 1646 lavacrum
3576 1607 3589 1657 ;
3622 1586 3905 1642 immisso

2245 1691 2441 1742 autem
2456 1685 2839 1752 uncino,dum
2854 1680 2994 1739 illud
3010 1696 3294 1737 conamur
3304 1676 3905 1743 abstrahere,statuni

2244 1793 2409 1849 aquae
2441 1776 2668 1848 cogitur
2696 1774 2952 1830 turbare.
2987 1772 3102 1828 Nec
3133 1769 3331 1825 minus
3361 1771 3558 1824 autem
3580 1763 3702 1820 haec
3724 1760 3908 1820 tertia

2244 1864 2569 1921 similitudo
2600 1869 2656 1919 te
2685 1862 2836 1918 valet
2865 1861 3379 1922 commonefacere,
3398 1855 3690 1928 siquidem
3712 1857 3772 1909 et
3795 1869 3906 1925 per

2243 1958 2483 2026 puteum
2517 1952 2874 2009 sacerdotem
2906 1952 2966 2005 in
2998 1948 3305 2021 cujusdam
3330 1947 3679 2009 sermone,et
3707 1940 3906 2014 Spiri-

2241 2048 2369 2098 tum
2403 2045 2670 2097 sanctum
2706 2032 2868 2113 aqua:
2900 2038 3136 2094 nomine
3164 2036 3222 2092 in
3246 2033 3554 2107 Evangelia
3576 2031 3758 2088 habes
3792 2034 3902 2104 ap-

2244 2130 2471 2187 tissime
2502 2129 2674 2201 (Joan.
2702 2145 2801 2198 vn,
2834 2128 2947 2201 38).

2951 2216 3073 2272 TIT.
3114 2213 3179 2270 X.

2317 2308 2402 2364 18.
2439 2306 2600 2374 Quod
2647 2322 2781 2361 vero
2811 2320 2845 2359 a
2875 2305 3107 2360 nemine
3137 2301 3251 2357 nisi
3284 2302 3356 2357 ab
3377 2296 3504 2374 ipso
3526 2298 3642 2356 Deo
3664 2298 3906 2372 possint

2237 2396 2489 2467 judicari
2523 2399 2620 2452 aut
2646 2393 3014 2468 reprehendi,
3046 2395 3295 2448 testatur
3315 2386 3624 2462 Apostolus
3649 2387 3904 2460 quibus-

2246 2487 2380 2542 dam
2429 2484 2853 2541 detractoribus
2885 2482 3124 2538 obvians
3158 2498 3169 2535 :
3204 2481 3302 2535 Hic
3318 2480 3459 2552 jam,
3492 2476 3705 2551 inquit,
3737 2484 3901 2550 qua?-

2244 2577 2392 2631 ritur
2420 2577 2563 2631 inter
2590 2574 3000 2646 dispensatores,
3050 2579 3109 2626 ut
3165 2569 3342 2641 ﬁdelis
3397 2569 3518 2639 quis
3574 2569 3904 2624 inveniatur

2247 2667 2295 2737 (Ι
2322 2664 2441 2720 Cor.
2474 2681 2550 2731 vr,
2582 2664 2635 2733 2)
2663 2681 2675 2731 ;
2712 2661 3011 2732 nostrique
3043 2675 3349 2715 assumens
3382 2646 3712 2728 personam,
3746 2657 3899 2711 dum

2245 2752 2506 2810 defendit
2533 2768 2702 2806 suam
2736 2769 2749 2808 :
2784 2751 2892 2819 Qui
2919 2752 3120 2817 autem,
3150 2747 3252 2815 ait,
3289 2745 3503 2820 judicat
3546 2761 3654 2814 me,
3704 2744 3900 2800 Domi-

2244 2858 2348 2899 nus
2378 2840 2560 2915 (Ibid..
2593 2840 2671 2913 4.)
2703 2840 2831 2913 Ipse
2862 2855 3095 2911 quoque
3124 2835 3408 2893 Dominus
3437 2836 3507 2890 de
3538 2834 3852 2891 PhariSaeis
3882 2852 3896 2890 :

2247 2935 2382 3002 Quae
2409 2931 2619 2996 dicunt,
2651 2927 2863 3001 inquit,
2893 2929 3080 3001 facite,
3109 2941 3232 2999 qm
3259 2933 3440 2980 autem
3466 2925 3698 2996 faciunt,
3711 2925 3902 2996 facere

2244 3023 2412 3078 nolite
2442 3018 2648 3094 (Matth.
2681 3035 2840 3086 xxm,
2871 3017 2947 3085 3).
2981 3016 3107 3071 Non
3137 3013 3301 3080 dixit,
3331 3028 3433 3069 vos
3463 3029 3562 3068 eos
3591 3011 3897 3084 castigate,

2247 3115 2312 3167 ut
2334 3107 2708 3182 nuper(138)a
2728 3107 2984 3178 quodam
3004 3109 3197 3159 actum
3230 3103 3415 3158 scitur
3445 3101 3587 3158 satis
3615 3101 3899 3169 absurde,

2246 3206 2304 3257 et
2331 3200 2460 3255 ideo
2492 3197 2839 3271 indignnum
2869 3192 3177 3251 referre.Ut
3199 3195 3394 3248 autem
3424 3190 3629 3246 exinde
3659 3194 3899 3271 quoque

2246 3288 2490 3360 aliquid,
2523 3284 2659 3341 licet
2680 3301 2784 3357 per
2814 3281 3132 3346 modicum,
3166 3280 3385 3345 dicens,
3420 3296 3513 3335 me
3562 3293 3667 3333 nec
3714 3266 3897 3333 dissi-

2244 3377 2467 3433 mulare
2497 3389 2731 3447 pavore,
2762 3386 2868 3428 nec
2899 3369 3169 3427 assentiri
3203 3370 3413 3437 favore,
3447 3370 3717 3424 excasem
3743 3385 3756 3423 :
3783 3363 3898 3422 au-

2245 3480 2382 3522 nam
2414 3462 2500 3519 illi
2533 3463 2617 3535 [id
2646 3469 2724 3518 est
2752 3460 2891 3533 Regi
2922 3459 3077 3515 Deus
3112 3458 3177 3514 de
3207 3474 3308 3531 quo
3339 3457 3601 3531 loquitur]
3650 3473 3681 3512 e
3727 3452 3895 3512 c‘cblis‘

2246 3558 2311 3611 ut
2340 3552 2515 3610 Saul‘o
2547 3551 2878 3618 clamasset,
2913 3550 3013 3605 aut
3043 3551 3195 3604 certe
3223 3546 3351 3620 ipse
3378 3546 3583 3613 Deum,
3619 3548 3682 3600 ut
3710 3544 3771 3601 in
3802 3550 3897 3601 Ve-

2246 3644 2429 3700 ridica
2459 3642 2707 3698 habetur
2734 3638 3053 3710 Scriptura,
3081 3639 3205 3709 jam
3237 3635 3523 3692 clamasse
3551 3632 3855 3691 didicisset
3880 3654 3895 3691 :

2249 3733 2507 3789 Tulerunt
2552 3731 2660 3786 sibi
2706 3729 2950 3784 homines
2986 3726 3263 3799 judicium
3306 3741 3489 3781 meum
3518 3724 3651 3798 (Act.
3688 3726 3765 3793 ix,
3797 3723 3854 3798 4)
3886 3742 3900 3794 ;

2250 3820 2452 3893 utique
2499 3824 2622 3875 tam
2670 3817 2973 3874 temerarie
3020 3832 3195 3872 suum
3224 3819 3427 3869 contra
3454 3829 3587 3868 eum
3620 3829 3734 3869 non
3767 3818 3903 3869 ere-

2248 3909 2431 3967 xisset
2459 3904 2717 3964 tribunal
2748 3904 2835 3962 vel
2867 3903 3101 3960 solium.
3135 3902 3246 3960 Sed
3292 3906 3356 3958 ut
3402 3902 3699 3958 modicum
3750 3900 3903 3957 allu-

2251 4002 2387 4056 dam
2421 3999 2491 4054 ad
2519 3997 2760 4065 factum,
2793 3994 2885 4051 cui
2914 3993 3110 4067 potius
3140 3991 3408 4065 generale
3434 3990 3694 4047 omnium
3738 4007 3906 4047 com-

2252 4088 2397 4162 petit
2425 4087 2769 4152 lamentum,
2805 4084 2932 4139 dico
2961 4082 3129 4137 illum
3157 4080 3477 4137 maximum
3500 4078 3906 4136 sacerdotibus

2251 4177 2340 4234 vel
2371 4175 2615 4231 medicis
2646 4175 2973 4229 animarum
3007 4170 3067 4227 in
3106 4170 3215 4226 hoc
3269 4168 3604 4239 contulisse,
3638 4168 3689 4224 si
3731 4169 3905 4240 sequi

2252 4266 2452 4334 velint,
2477 4261 2831 4336 exemplum,
2854 4264 2920 4316 ut
2940 4258 3206 4315 videlicet
3224 4257 3735 4330 noverint,quanta
3767 4273 3905 4313 cen-

2255 4355 2653 4413 suradebeant
2672 4351 2781 4425 ipsi
2800 4350 3066 4423 ligandos
3086 4348 3319 4423 ligando
3337 4345 3703 4416 relrenare,si
3720 4346 3907 4420 ligau-

2255 4446 2313 4503 di
2339 4444 2584 4518 ligentes
2601 4446 2764 4498 tanta
2779 4456 2917 4496 cura
2934 4439 3171 4494 student
3200 4437 3434 4509 ligando
3465 4451 3745 4492 coercere.
3780 4436 3908 4500 Qua

2256 4531 2560 4605 diligentia
2588 4533 2851 4601 pastores
2882 4541 3153 4582 erroneos
3182 4525 3255 4579 ab
3284 4524 3580 4581 erroribus
3625 4540 3760 4580 oves
3805 4522 3905 4581 d’e-

2254 4623 2431 4678 beant
2464 4635 2750 4687 revocare,
2783 4616 2832 4672 si
2863 4620 3024 4671 tanta
3050 4613 3349 4688 vigilanlia
3376 4614 3517 4686 ipsa;
3565 4618 3699 4670 oves
3746 4624 3904 4670 erra-

2256 4712 2381 4767 tica:
2415 4714 2676 4783 pastores
2706 4706 2944 4762 student
2975 4704 3046 4761 ab
3077 4704 3412 4761 excessibus
3433 4704 3611 4760 etiam
3634 4701 3905 4776 ﬂagellis,

2260 4798 2360 4857 89
2386 4799 2495 4866 vel,
2531 4803 2593 4852 ut
2624 4795 2894 4870 proprius
2924 4794 3133 4862 dicam,
3168 4793 3484 4865 morsibus,
3535 4792 3740 4848 ordine
3789 4800 3908 4848 non

2258 4894 2488 4945 tantum
2522 4902 2688 4953 smvo,
2724 4888 3009 4957 quantum
3040 4886 3389 4956 praepostero
3423 4881 3728 4937 deducere.

2334 4978 2419 5033 19.
2450 4979 2523 5031 At
2549 4980 2613 5031 tu
2646 4975 2790 5031 forte
2819 4972 3133 5028 contra.Ab
3165 4969 3651 5043 antecessoribus,
3683 4966 3906 5043 inquis,

2260 5065 2407 5124 meis
2436 5063 2653 5131 audivi,
2683 5061 2904 5118 multos
2934 5077 3136 5117 eorum
3169 5058 3389 5116 exsiliis
3421 5059 3765 5116 destinatos.
3790 5060 3911 5134 Ego

2260 5155 2416 5212 illico
2442 5172 2455 5223 ;
2488 5152 2755 5226 nunquid
2787 5168 2901 5207 non
2932 5155 2989 5206 et
3016 5149 3231 5205 carceri
3262 5148 3669 5221 mancipatos?
3688 5148 3911 5222 Nempe

2263 5265 2458 5319 autem
2491 5259 2842 5315 sacrificium
2874 5255 3196 5328 umbratico
3228 5254 3310 5310 illi
3341 5254 3608 5328 opponit,
3633 5259 3689 5311 et
3717 5271 3910 5328 verum

2263 5331 2545 5407 appellat,
2568 5331 2627 5407 in
2659 5346 2773 5407 quo
2806 5326 3144 5407 immolatur
3173 5327 3301 5400 ipsa
3335 5325 3460 5407 σιξῆο
3515 5325 3907 5407 redemptoris;

2263 5398 2438 5477 a'quo
2466 5398 2810 5458 celebrando
2842 5399 3150 5455 Ratherius
3180 5398 3395 5455 carceri
3426 5398 3689 5454 inclusus
3722 5398 3908 5472 impe-

2264 5477 2690 5623 ὼῗῗὲἑῗῖθαῃθν
2709 5542 2929 5601 scilicet
2948 5542 3124 5623 jussu
3137 5539 3911 5623 _Hugonis_regisRatherius

2267 5613 2495 5701 captus,
2527 5613 2671 5679 et'in
2704 5628 2992 5676 carcerem
3012 5613 3355 5695 Papiensem
3386 5613 3671 5677 deductus
3700 5613 3910 5679 fuerat.
