  <div class='ocr_page' id='page_1' title='image "/cluster/home/n/w/nwhite01/storage/ocr_20150623/136/umn.31951002477429o/124.png"; bbox 0 0 4054 6404; ppageno 0'>
   <div class='ocr_carea' id='block_1_1' title="bbox 160 367 268 447">
    <p class='ocr_par' dir='ltr' id='par_1_1' title="bbox 160 367 268 447">
     <span class='ocr_line' id='line_1_1' title="bbox 160 367 268 447; baseline -0.037 0"><span class='ocrx_word' id='word_1_1' title='bbox 160 367 268 447; x_wconf 62' lang='lat'><strong>.3323</strong></span> 
     </span>
    </p>
   </div>
   <div class='ocr_carea' id='block_1_2' title="bbox 1026 361 2632 437">
    <p class='ocr_par' dir='ltr' id='par_1_2' title="bbox 1026 361 2632 437">
     <span class='ocr_line' id='line_1_2' title="bbox 1026 361 2632 437; baseline -0.004 -11"><span class='ocrx_word' id='word_1_2' title='bbox 1026 363 1669 436; x_wconf 65' lang='lat' dir='ltr'><strong>PB/ELOQUIOBUM</strong></span> <span class='ocrx_word' id='word_1_3' title='bbox 1714 362 1920 437; x_wconf 73' lang='lat' dir='ltr'><strong>LIBRI</strong></span> <span class='ocrx_word' id='word_1_4' title='bbox 1966 362 2248 423; x_wconf 72' lang='lat' dir='ltr'><strong>SEX.‘——</strong></span> <span class='ocrx_word' id='word_1_5' title='bbox 2281 361 2487 422; x_wconf 79' lang='lat' dir='ltr'><strong>LIBRI</strong></span> <span class='ocrx_word' id='word_1_6' title='bbox 2530 363 2632 423; x_wconf 86' lang='grc' dir='ltr'>ΙΙΙ.</span> 
     </span>
    </p>
   </div>
   <div class='ocr_carea' id='block_1_3' title="bbox 3410 365 3535 457">
    <p class='ocr_par' dir='ltr' id='par_1_3' title="bbox 3410 365 3535 457">
     <span class='ocr_line' id='line_1_3' title="bbox 3410 365 3535 457; baseline 0 -34"><span class='ocrx_word' id='word_1_7' title='bbox 3410 365 3535 457; x_wconf 52' lang='grc' dir='ltr'>εξξιι</span> 
     </span>
    </p>
   </div>
   <div class='ocr_carea' id='block_1_4' title="bbox 168 494 3532 571">
    <p class='ocr_par' dir='ltr' id='par_1_4' title="bbox 168 494 3532 571">
     <span class='ocr_line' id='line_1_4' title="bbox 168 494 3532 571; baseline -0 -18"><span class='ocrx_word' id='word_1_8' title='bbox 168 498 210 553; x_wconf 92' lang='lat' dir='ltr'><strong>si</strong></span> <span class='ocrx_word' id='word_1_9' title='bbox 235 495 353 553; x_wconf 89' lang='lat' dir='ltr'><strong>illos</strong></span> <span class='ocrx_word' id='word_1_10' title='bbox 378 494 515 553; x_wconf 98' lang='lat' dir='ltr'><strong>velis</strong></span> <span class='ocrx_word' id='word_1_11' title='bbox 533 496 745 554; x_wconf 84' lang='lat' dir='ltr'><strong>habere</strong></span> <span class='ocrx_word' id='word_1_12' title='bbox 775 501 1194 566; x_wconf 79' lang='lat' dir='ltr'><strong>antecessores,</strong></span> <span class='ocrx_word' id='word_1_13' title='bbox 1228 498 1327 571; x_wconf 87' lang='lat' dir='ltr'><strong>qui</strong></span> <span class='ocrx_word' id='word_1_14' title='bbox 1363 497 1472 567; x_wconf 88' lang='lat' dir='ltr'><strong>hoc</strong></span> <span class='ocrx_word' id='word_1_15' title='bbox 1501 503 1605 554; x_wconf 85' lang='lat' dir='ltr'><strong>aut</strong></span> <span class='ocrx_word' id='word_1_16' title='bbox 1625 497 1768 554; x_wconf 78' lang='lat' dir='ltr'><strong>rcfe-</strong></span> <span class='ocrx_word' id='word_1_17' title='bbox 1796 499 1854 566; x_wconf 73' lang='grc' dir='ltr'>Α</span> <span class='ocrx_word' id='word_1_18' title='bbox 1881 495 2126 550; x_wconf 77' lang='lat' dir='ltr'><strong>vindicas</strong></span> <span class='ocrx_word' id='word_1_19' title='bbox 2172 496 2502 565; x_wconf 83' lang='lat' dir='ltr'><strong>sanguinem</strong></span> <span class='ocrx_word' id='word_1_20' title='bbox 2544 499 2795 551; x_wconf 85' lang='lat' dir='ltr'><strong>nostrum</strong></span> <span class='ocrx_word' id='word_1_21' title='bbox 2822 494 2887 551; x_wconf 90' lang='lat' dir='ltr'><strong>de</strong></span> <span class='ocrx_word' id='word_1_22' title='bbox 2916 496 3001 551; x_wconf 97' lang='lat' dir='ltr'><strong>his</strong></span> <span class='ocrx_word' id='word_1_23' title='bbox 3048 498 3145 569; x_wconf 90' lang='lat' dir='ltr'><strong>qui</strong></span> <span class='ocrx_word' id='word_1_24' title='bbox 3188 496 3441 553; x_wconf 85' lang='lat' dir='ltr'><strong>habitant</strong></span> <span class='ocrx_word' id='word_1_25' title='bbox 3470 499 3532 552; x_wconf 90' lang='lat' dir='ltr'><strong>in</strong></span> 
     </span>
    </p>
   </div>
   <div class='ocr_carea' id='block_1_5' title="bbox 165 582 1823 659">
    <p class='ocr_par' dir='ltr' id='par_1_5' title="bbox 165 582 1823 659">
     <span class='ocr_line' id='line_1_5' title="bbox 165 582 1823 659; baseline 0.001 -18"><span class='ocrx_word' id='word_1_26' title='bbox 165 590 347 641; x_wconf 87' lang='lat' dir='ltr'><strong>runtur</strong></span> <span class='ocrx_word' id='word_1_27' title='bbox 371 588 470 642; x_wconf 83' lang='lat' dir='ltr'><strong>aut</strong></span> <span class='ocrx_word' id='word_1_28' title='bbox 510 584 786 659; x_wconf 85' lang='lat' dir='ltr'><strong>leguntur</strong></span> <span class='ocrx_word' id='word_1_29' title='bbox 826 586 1055 655; x_wconf 84' lang='lat' dir='ltr'><strong>fecisse,</strong></span> <span class='ocrx_word' id='word_1_30' title='bbox 1088 584 1352 642; x_wconf 86' lang='lat' dir='ltr'><strong>invenies</strong></span> <span class='ocrx_word' id='word_1_31' title='bbox 1383 587 1558 643; x_wconf 86' lang='lat' dir='ltr'><strong>etiam</strong></span> <span class='ocrx_word' id='word_1_32' title='bbox 1585 588 1656 643; x_wconf 87' lang='lat' dir='ltr'><strong>ab</strong></span> <span class='ocrx_word' id='word_1_33' title='bbox 1684 587 1769 642; x_wconf 89' lang='lat' dir='ltr'><strong>eis</strong></span> <span class='ocrx_word' id='word_1_34' title='bbox 1815 582 1823 588; x_wconf 76' lang='grc'><em>’</em></span> 
     </span>
    </p>
   </div>
   <div class='ocr_carea' id='block_1_6' title="bbox 164 674 1767 745">
    <p class='ocr_par' dir='ltr' id='par_1_6' title="bbox 164 674 1767 745">
     <span class='ocr_line' id='line_1_6' title="bbox 164 674 1767 745; baseline 0 -14"><span class='ocrx_word' id='word_1_35' title='bbox 164 674 348 731; x_wconf 86' lang='lat' dir='ltr'><strong>multos</strong></span> <span class='ocrx_word' id='word_1_36' title='bbox 370 676 810 744; x_wconf 87' lang='lat' dir='ltr'><strong>exmembratos,</strong></span> <span class='ocrx_word' id='word_1_37' title='bbox 845 675 1199 745; x_wconf 88' lang='lat' dir='ltr'><strong>exoculatos,</strong></span> <span class='ocrx_word' id='word_1_38' title='bbox 1226 676 1566 744; x_wconf 86' lang='lat' dir='ltr'><strong>excoriatos,</strong></span> <span class='ocrx_word' id='word_1_39' title='bbox 1598 676 1767 732; x_wconf 84' lang='lat' dir='ltr'><strong>ﬁam-</strong></span> 
     </span>
    </p>
   </div>
   <div class='ocr_carea' id='block_1_7' title="bbox 162 763 1766 836">
    <p class='ocr_par' dir='ltr' id='par_1_7' title="bbox 162 763 1766 836">
     <span class='ocr_line' id='line_1_7' title="bbox 162 763 1766 836; baseline 0 -16"><span class='ocrx_word' id='word_1_40' title='bbox 162 763 254 820; x_wconf 86' lang='lat' dir='ltr'><strong>mis</strong></span> <span class='ocrx_word' id='word_1_41' title='bbox 280 764 530 831; x_wconf 86' lang='lat' dir='ltr'><strong>traditos,</strong></span> <span class='ocrx_word' id='word_1_42' title='bbox 549 764 707 820; x_wconf 88' lang='lat' dir='ltr'><strong>cruci</strong></span> <span class='ocrx_word' id='word_1_43' title='bbox 729 781 1038 836; x_wconf 86' lang='lat' dir='ltr'><strong>appensos,</strong></span> <span class='ocrx_word' id='word_1_44' title='bbox 1073 763 1408 820; x_wconf 89' lang='lat' dir='ltr'><strong>decollatos.</strong></span> <span class='ocrx_word' id='word_1_45' title='bbox 1442 764 1552 820; x_wconf 85' lang='lat' dir='ltr'><strong>Sed</strong></span> <span class='ocrx_word' id='word_1_46' title='bbox 1584 764 1766 820; x_wconf 89' lang='lat' dir='ltr'><strong>inter-</strong></span> 
     </span>
    </p>
   </div>
   <div class='ocr_carea' id='block_1_8' title="bbox 160 852 1765 926">
    <p class='ocr_par' dir='ltr' id='par_1_8' title="bbox 160 852 1765 926">
     <span class='ocr_line' id='line_1_8' title="bbox 160 852 1765 926; baseline -0.001 -17"><span class='ocrx_word' id='word_1_47' title='bbox 160 870 275 926; x_wconf 82' lang='lat' dir='ltr'><strong>roga</strong></span> <span class='ocrx_word' id='word_1_48' title='bbox 298 852 392 924; x_wconf 88' lang='lat' dir='ltr'><strong>qui</strong></span> <span class='ocrx_word' id='word_1_49' title='bbox 421 852 636 909; x_wconf 79' lang='lat' dir='ltr'><strong>fuerint</strong></span> <span class='ocrx_word' id='word_1_50' title='bbox 655 852 739 908; x_wconf 83' lang='lat' dir='ltr'><strong>illi</strong></span> <span class='ocrx_word' id='word_1_51' title='bbox 763 860 1183 920; x_wconf 65' lang='lat' dir='ltr'><strong>antecessores,</strong></span> <span class='ocrx_word' id='word_1_52' title='bbox 1208 860 1265 909; x_wconf 90' lang='lat' dir='ltr'><strong>et</strong></span> <span class='ocrx_word' id='word_1_53' title='bbox 1284 853 1413 909; x_wconf 87' lang='lat' dir='ltr'><strong>vide</strong></span> <span class='ocrx_word' id='word_1_54' title='bbox 1433 853 1484 909; x_wconf 89' lang='lat' dir='ltr'><strong>si</strong></span> <span class='ocrx_word' id='word_1_55' title='bbox 1509 853 1612 908; x_wconf 90' lang='lat' dir='ltr'><strong>tibi</strong></span> <span class='ocrx_word' id='word_1_56' title='bbox 1634 870 1765 925; x_wconf 90' lang='lat' dir='ltr'><strong>pro-</strong></span> 
     </span>
    </p>
   </div>
   <div class='ocr_carea' id='block_1_9' title="bbox 156 941 1764 1013">
    <p class='ocr_par' dir='ltr' id='par_1_9' title="bbox 156 941 1764 1013">
     <span class='ocr_line' id='line_1_9' title="bbox 156 941 1764 1013; baseline 0.001 -16"><span class='ocrx_word' id='word_1_57' title='bbox 156 941 219 997; x_wconf 82' lang='lat' dir='ltr'><strong>sit</strong></span> <span class='ocrx_word' id='word_1_58' title='bbox 241 958 424 997; x_wconf 86' lang='lat' dir='ltr'><strong>eorum</strong></span> <span class='ocrx_word' id='word_1_59' title='bbox 471 941 596 997; x_wconf 89' lang='lat' dir='ltr'><strong>ﬁeri</strong></span> <span class='ocrx_word' id='word_1_60' title='bbox 644 958 1063 998; x_wconf 79' lang='lat' dir='ltr'><strong>successorem.</strong></span> <span class='ocrx_word' id='word_1_61' title='bbox 1115 942 1280 997; x_wconf 80' lang='lat' dir='ltr'><strong>Certe</strong></span> <span class='ocrx_word' id='word_1_62' title='bbox 1325 942 1517 997; x_wconf 80' lang='lat' dir='ltr'><strong>audivi</strong></span> <span class='ocrx_word' id='word_1_63' title='bbox 1567 942 1764 1013; x_wconf 89' lang='lat' dir='ltr'><strong>ipsum</strong></span> 
     </span>
    </p>
   </div>
   <div class='ocr_carea' id='block_1_10' title="bbox 156 1029 1765 1104">
    <p class='ocr_par' dir='ltr' id='par_1_10' title="bbox 156 1029 1765 1104">
     <span class='ocr_line' id='line_1_10' title="bbox 156 1029 1765 1104; baseline 0.001 -19"><span class='ocrx_word' id='word_1_64' title='bbox 156 1029 453 1097; x_wconf 87' lang='lat' dir='ltr'><strong>Dominum,</strong></span> <span class='ocrx_word' id='word_1_65' title='bbox 477 1030 670 1103; x_wconf 88' lang='lat' dir='ltr'><strong>ipsum</strong></span> <span class='ocrx_word' id='word_1_66' title='bbox 693 1030 1027 1103; x_wconf 91' lang='lat' dir='ltr'><strong>pontiﬁcem</strong></span> <span class='ocrx_word' id='word_1_67' title='bbox 1058 1048 1382 1102; x_wconf 88' lang='lat' dir='ltr'><strong>summum,</strong></span> <span class='ocrx_word' id='word_1_68' title='bbox 1406 1031 1601 1104; x_wconf 88' lang='lat' dir='ltr'><strong>ipsum</strong></span> <span class='ocrx_word' id='word_1_69' title='bbox 1632 1048 1765 1087; x_wconf 90' lang='lat' dir='ltr'><strong>con-</strong></span> 
     </span>
    </p>
   </div>
   <div class='ocr_carea' id='block_1_11' title="bbox 155 1118 1762 1192">
    <p class='ocr_par' dir='ltr' id='par_1_11' title="bbox 155 1118 1762 1192">
     <span class='ocr_line' id='line_1_11' title="bbox 155 1118 1762 1192; baseline 0.001 -18"><span class='ocrx_word' id='word_1_70' title='bbox 155 1123 356 1183; x_wconf 81' lang='lat' dir='ltr'><strong>sortem,</strong></span> <span class='ocrx_word' id='word_1_71' title='bbox 375 1118 568 1191; x_wconf 88' lang='lat' dir='ltr'><strong>ipsum</strong></span> <span class='ocrx_word' id='word_1_72' title='bbox 588 1122 766 1191; x_wconf 87' lang='lat' dir='ltr'><strong>caput</strong></span> <span class='ocrx_word' id='word_1_73' title='bbox 793 1120 1084 1188; x_wconf 88' lang='lat' dir='ltr'><strong>omnium,</strong></span> <span class='ocrx_word' id='word_1_74' title='bbox 1108 1119 1267 1175; x_wconf 89' lang='lat' dir='ltr'><strong>nullo</strong></span> <span class='ocrx_word' id='word_1_75' title='bbox 1283 1127 1541 1192; x_wconf 87' lang='lat' dir='ltr'><strong>excepto,</strong></span> <span class='ocrx_word' id='word_1_76' title='bbox 1574 1137 1762 1190; x_wconf 87' lang='lat' dir='ltr'><strong>quan-</strong></span> 
     </span>
    </p>
   </div>
   <div class='ocr_carea' id='block_1_12' title="bbox 151 1207 1762 1281">
    <p class='ocr_par' dir='ltr' id='par_1_12' title="bbox 151 1207 1762 1281">
     <span class='ocr_line' id='line_1_12' title="bbox 151 1207 1762 1281; baseline 0.002 -20"><span class='ocrx_word' id='word_1_77' title='bbox 151 1208 254 1263; x_wconf 86' lang='lat' dir='ltr'><strong>tum</strong></span> <span class='ocrx_word' id='word_1_78' title='bbox 273 1207 496 1279; x_wconf 87' lang='lat' dir='ltr'><strong>quidem</strong></span> <span class='ocrx_word' id='word_1_79' title='bbox 512 1208 585 1264; x_wconf 86' lang='lat' dir='ltr'><strong>ad</strong></span> <span class='ocrx_word' id='word_1_80' title='bbox 607 1208 865 1263; x_wconf 88' lang='lat' dir='ltr'><strong>ofﬁcium</strong></span> <span class='ocrx_word' id='word_1_81' title='bbox 888 1212 1113 1281; x_wconf 76' lang='lat' dir='ltr'><strong>spectat</strong></span> <span class='ocrx_word' id='word_1_82' title='bbox 1132 1208 1762 1281; x_wconf 83' lang='lat' dir='ltr'><strong>episcOporum,ipsum</strong></span> 
     </span>
    </p>
   </div>
   <div class='ocr_carea' id='block_1_13' title="bbox 154 1295 1761 1372">
    <p class='ocr_par' dir='ltr' id='par_1_13' title="bbox 154 1295 1761 1372">
     <span class='ocr_line' id='line_1_13' title="bbox 154 1295 1761 1372; baseline 0.001 -20"><span class='ocrx_word' id='word_1_83' title='bbox 154 1295 318 1352; x_wconf 81' lang='lat' dir='ltr'><strong>audivi</strong></span> <span class='ocrx_word' id='word_1_84' title='bbox 347 1296 628 1352; x_wconf 83' lang='lat' dir='ltr'><strong>dicentem</strong></span> <span class='ocrx_word' id='word_1_85' title='bbox 650 1297 712 1351; x_wconf 90' lang='lat' dir='ltr'><strong>in</strong></span> <span class='ocrx_word' id='word_1_86' title='bbox 741 1297 1052 1372; x_wconf 85' lang='lat' dir='ltr'><strong>Evangelio</strong></span> <span class='ocrx_word' id='word_1_87' title='bbox 1077 1297 1263 1353; x_wconf 84' lang='lat' dir='ltr'><strong>Deum</strong></span> <span class='ocrx_word' id='word_1_88' title='bbox 1288 1315 1301 1352; x_wconf 88' lang='lat'><strong>:</strong></span> <span class='ocrx_word' id='word_1_89' title='bbox 1325 1300 1457 1353; x_wconf 87' lang='lat' dir='ltr'><strong>Ecce</strong></span> <span class='ocrx_word' id='word_1_90' title='bbox 1489 1314 1582 1369; x_wconf 97' lang='lat' dir='ltr'><strong>ego</strong></span> <span class='ocrx_word' id='word_1_91' title='bbox 1605 1300 1761 1355; x_wconf 87' lang='lat' dir='ltr'><strong>mitto</strong></span> 
     </span>
    </p>
   </div>
   <div class='ocr_carea' id='block_1_14' title="bbox 156 1386 1759 1458">
    <p class='ocr_par' dir='ltr' id='par_1_14' title="bbox 156 1386 1759 1458">
     <span class='ocr_line' id='line_1_14' title="bbox 156 1386 1759 1458; baseline 0.001 -18"><span class='ocrx_word' id='word_1_92' title='bbox 156 1386 214 1441; x_wconf 83' lang='lat' dir='ltr'><strong>ad</strong></span> <span class='ocrx_word' id='word_1_93' title='bbox 240 1402 317 1441; x_wconf 84' lang='lat' dir='ltr'><strong>vos</strong></span> <span class='ocrx_word' id='word_1_94' title='bbox 335 1386 623 1457; x_wconf 73' lang='lat' dir='ltr'><strong>prophetas</strong></span> <span class='ocrx_word' id='word_1_95' title='bbox 642 1391 694 1442; x_wconf 86' lang='lat' dir='ltr'><strong>et</strong></span> <span class='ocrx_word' id='word_1_96' title='bbox 713 1389 983 1458; x_wconf 76' lang='lat' dir='ltr'><strong>sapientes</strong></span> <span class='ocrx_word' id='word_1_97' title='bbox 1014 1395 1066 1443; x_wconf 93' lang='lat' dir='ltr'><strong>et</strong></span> <span class='ocrx_word' id='word_1_98' title='bbox 1089 1387 1315 1456; x_wconf 84' lang='lat' dir='ltr'><strong>scribas,</strong></span> <span class='ocrx_word' id='word_1_99' title='bbox 1337 1396 1388 1443; x_wconf 88' lang='lat' dir='ltr'><strong>et</strong></span> <span class='ocrx_word' id='word_1_100' title='bbox 1416 1404 1487 1444; x_wconf 71' lang='lat' dir='ltr'><strong>ea:</strong></span> <span class='ocrx_word' id='word_1_101' title='bbox 1515 1389 1592 1443; x_wconf 91' lang='lat' dir='ltr'><strong>eis</strong></span> <span class='ocrx_word' id='word_1_102' title='bbox 1619 1389 1759 1443; x_wconf 86' lang='lat' dir='ltr'><strong>occi-</strong></span> 
     </span>
    </p>
   </div>
   <div class='ocr_carea' id='block_1_15' title="bbox 147 1474 1758 1548">
    <p class='ocr_par' dir='ltr' id='par_1_15' title="bbox 147 1474 1758 1548">
     <span class='ocr_line' id='line_1_15' title="bbox 147 1474 1758 1548; baseline 0.002 -19"><span class='ocrx_word' id='word_1_103' title='bbox 147 1474 276 1540; x_wconf 85' lang='lat' dir='ltr'><strong>detis,</strong></span> <span class='ocrx_word' id='word_1_104' title='bbox 303 1483 351 1529; x_wconf 84' lang='lat' dir='ltr'><strong>et</strong></span> <span class='ocrx_word' id='word_1_105' title='bbox 375 1475 715 1546; x_wconf 79' lang='lat' dir='ltr'><strong>cruciﬁgetis,</strong></span> <span class='ocrx_word' id='word_1_106' title='bbox 748 1479 799 1531; x_wconf 88' lang='lat' dir='ltr'><strong>et</strong></span> <span class='ocrx_word' id='word_1_107' title='bbox 816 1493 887 1531; x_wconf 77' lang='lat' dir='ltr'><strong>ea:</strong></span> <span class='ocrx_word' id='word_1_108' title='bbox 917 1476 1035 1532; x_wconf 91' lang='lat' dir='ltr'><strong>illis</strong></span> <span class='ocrx_word' id='word_1_109' title='bbox 1051 1476 1411 1547; x_wconf 84' lang='lat' dir='ltr'><strong>ﬂagellabitis</strong></span> <span class='ocrx_word' id='word_1_110' title='bbox 1445 1478 1504 1531; x_wconf 86' lang='lat' dir='ltr'><strong>in</strong></span> <span class='ocrx_word' id='word_1_111' title='bbox 1525 1493 1758 1548; x_wconf 84' lang='lat' dir='ltr'><strong>synago-</strong></span> 
     </span>
    </p>
   </div>
   <div class='ocr_carea' id='block_1_16' title="bbox 145 1565 1759 1636">
    <p class='ocr_par' dir='ltr' id='par_1_16' title="bbox 145 1565 1759 1636">
     <span class='ocr_line' id='line_1_16' title="bbox 145 1565 1759 1636; baseline 0.001 -18"><span class='ocrx_word' id='word_1_112' title='bbox 145 1566 212 1635; x_wconf 85' lang='lat' dir='ltr'><strong>gis</strong></span> <span class='ocrx_word' id='word_1_113' title='bbox 238 1565 430 1630; x_wconf 75' lang='lat' dir='ltr'><strong>vestris,</strong></span> <span class='ocrx_word' id='word_1_114' title='bbox 459 1567 508 1619; x_wconf 87' lang='lat' dir='ltr'><strong>et</strong></span> <span class='ocrx_word' id='word_1_115' title='bbox 530 1566 933 1636; x_wconf 75' lang='lat' dir='ltr'><strong>persequamini</strong></span> <span class='ocrx_word' id='word_1_116' title='bbox 961 1565 1025 1620; x_wconf 87' lang='lat' dir='ltr'><strong>de</strong></span> <span class='ocrx_word' id='word_1_117' title='bbox 1051 1567 1268 1620; x_wconf 74' lang='lat' dir='ltr'><strong>civitate</strong></span> <span class='ocrx_word' id='word_1_118' title='bbox 1297 1567 1352 1619; x_wconf 83' lang='lat' dir='ltr'><strong>in</strong></span> <span class='ocrx_word' id='word_1_119' title='bbox 1383 1567 1677 1630; x_wconf 85' lang='lat' dir='ltr'><strong>civitatem,</strong></span> <span class='ocrx_word' id='word_1_120' title='bbox 1698 1570 1759 1620; x_wconf 89' lang='lat' dir='ltr'><strong>ut</strong></span> 
     </span>
    </p>
   </div>
   <div class='ocr_carea' id='block_1_17' title="bbox 144 1653 1758 1728">
    <p class='ocr_par' dir='ltr' id='par_1_17' title="bbox 144 1653 1758 1728">
     <span class='ocr_line' id='line_1_17' title="bbox 144 1653 1758 1728; baseline 0.002 -21"><span class='ocrx_word' id='word_1_121' title='bbox 144 1654 298 1709; x_wconf 80' lang='lat' dir='ltr'><strong>veniat</strong></span> <span class='ocrx_word' id='word_1_122' title='bbox 320 1669 478 1724; x_wconf 88' lang='lat' dir='ltr'><strong>super</strong></span> <span class='ocrx_word' id='word_1_123' title='bbox 500 1670 592 1709; x_wconf 86' lang='lat' dir='ltr'><strong>vos</strong></span> <span class='ocrx_word' id='word_1_124' title='bbox 634 1656 815 1709; x_wconf 87' lang='lat' dir='ltr'><strong>omnis</strong></span> <span class='ocrx_word' id='word_1_125' title='bbox 840 1656 1066 1726; x_wconf 82' lang='lat' dir='ltr'><strong>sanguis</strong></span> <span class='ocrx_word' id='word_1_126' title='bbox 1084 1656 1271 1727; x_wconf 86' lang='lat' dir='ltr'><strong>justus</strong></span> <span class='ocrx_word' id='word_1_127' title='bbox 1319 1657 1416 1727; x_wconf 85' lang='lat' dir='ltr'><strong>qui</strong></span> <span class='ocrx_word' id='word_1_128' title='bbox 1443 1653 1652 1728; x_wconf 63' lang='lat' dir='ltr'><strong>effusus</strong></span> <span class='ocrx_word' id='word_1_129' title='bbox 1679 1660 1758 1710; x_wconf 89' lang='lat' dir='ltr'><strong>est</strong></span> 
     </span>
    </p>
   </div>
   <div class='ocr_carea' id='block_1_18' title="bbox 143 1744 1756 1816">
    <p class='ocr_par' dir='ltr' id='par_1_18' title="bbox 143 1744 1756 1816">
     <span class='ocr_line' id='line_1_18' title="bbox 143 1744 1756 1816; baseline 0.002 -20"><span class='ocrx_word' id='word_1_130' title='bbox 143 1758 279 1813; x_wconf 78' lang='lat' dir='ltr'><strong>super</strong></span> <span class='ocrx_word' id='word_1_131' title='bbox 303 1748 519 1809; x_wconf 87' lang='lat' dir='ltr'><strong>terram,</strong></span> <span class='ocrx_word' id='word_1_132' title='bbox 552 1760 587 1798; x_wconf 92' lang='lat' dir='ltr'><strong>a</strong></span> <span class='ocrx_word' id='word_1_133' title='bbox 611 1746 878 1814; x_wconf 79' lang='lat' dir='ltr'><strong>sanguine</strong></span> <span class='ocrx_word' id='word_1_134' title='bbox 905 1744 1036 1799; x_wconf 89' lang='lat' dir='ltr'><strong>Abel</strong></span> <span class='ocrx_word' id='word_1_135' title='bbox 1054 1745 1198 1816; x_wconf 80' lang='lat' dir='ltr'><strong>justi</strong></span> <span class='ocrx_word' id='word_1_136' title='bbox 1225 1761 1397 1815; x_wconf 89' lang='lat' dir='ltr'><strong>usque</strong></span> <span class='ocrx_word' id='word_1_137' title='bbox 1425 1745 1494 1799; x_wconf 88' lang='lat' dir='ltr'><strong>ad</strong></span> <span class='ocrx_word' id='word_1_138' title='bbox 1530 1747 1756 1816; x_wconf 89' lang='lat' dir='ltr'><strong>sangui-</strong></span> 
     </span>
    </p>
   </div>
   <div class='ocr_carea' id='block_1_19' title="bbox 144 1818 1754 1906">
    <p class='ocr_par' dir='ltr' id='par_1_19' title="bbox 144 1818 1754 1906">
     <span class='ocr_line' id='line_1_19' title="bbox 144 1818 1754 1906; baseline 0.003 -21"><span class='ocrx_word' id='word_1_139' title='bbox 144 1847 245 1885; x_wconf 82' lang='lat' dir='ltr'><strong>nem</strong></span> <span class='ocrx_word' id='word_1_140' title='bbox 276 1829 569 1897; x_wconf 62' lang='lat' dir='ltr'><strong>Zachariw,</strong></span> <span class='ocrx_word' id='word_1_141' title='bbox 598 1832 712 1903; x_wconf 82' lang='lat' dir='ltr'><strong>ﬁlii</strong></span> <span class='ocrx_word' id='word_1_142' title='bbox 754 1818 1057 1899; x_wconf 69' lang='lat' dir='ltr'><strong>Barachize,</strong></span> <span class='ocrx_word' id='word_1_143' title='bbox 1089 1850 1248 1906; x_wconf 84' lang='lat' dir='ltr'><strong>quem</strong></span> <span class='ocrx_word' id='word_1_144' title='bbox 1291 1833 1562 1889; x_wconf 74' lang='lat' dir='ltr'><strong>occidistis</strong></span> <span class='ocrx_word' id='word_1_145' title='bbox 1610 1836 1754 1890; x_wconf 88' lang='lat' dir='ltr'><strong>inter</strong></span> 
     </span>
    </p>
   </div>
   <div class='ocr_carea' id='block_1_20' title="bbox 142 1920 1751 1992">
    <p class='ocr_par' dir='ltr' id='par_1_20' title="bbox 142 1920 1751 1992">
     <span class='ocr_line' id='line_1_20' title="bbox 142 1920 1751 1992; baseline 0.002 -17"><span class='ocrx_word' id='word_1_146' title='bbox 142 1920 369 1992; x_wconf 76' lang='lat' dir='ltr'><strong>templum</strong></span> <span class='ocrx_word' id='word_1_147' title='bbox 388 1924 439 1975; x_wconf 90' lang='lat' dir='ltr'><strong>et</strong></span> <span class='ocrx_word' id='word_1_148' title='bbox 466 1920 683 1988; x_wconf 84' lang='lat' dir='ltr'><strong>altare;</strong></span> <span class='ocrx_word' id='word_1_149' title='bbox 715 1938 877 1977; x_wconf 85' lang='lat' dir='ltr'><strong>amen</strong></span> <span class='ocrx_word' id='word_1_150' title='bbox 907 1922 1026 1978; x_wconf 89' lang='lat' dir='ltr'><strong>dico</strong></span> <span class='ocrx_word' id='word_1_151' title='bbox 1052 1923 1222 1990; x_wconf 82' lang='lat' dir='ltr'><strong>vobis,</strong></span> <span class='ocrx_word' id='word_1_152' title='bbox 1267 1924 1486 1978; x_wconf 86' lang='lat' dir='ltr'><strong>venient</strong></span> <span class='ocrx_word' id='word_1_153' title='bbox 1508 1922 1620 1978; x_wconf 71' lang='lat' dir='ltr'><strong>haec</strong></span> <span class='ocrx_word' id='word_1_154' title='bbox 1637 1939 1751 1978; x_wconf 84' lang='lat' dir='ltr'><strong>om-</strong></span> 
     </span>
    </p>
   </div>
   <div class='ocr_carea' id='block_1_21' title="bbox 143 2010 1750 2084">
    <p class='ocr_par' dir='ltr' id='par_1_21' title="bbox 143 2010 1750 2084">
     <span class='ocr_line' id='line_1_21' title="bbox 143 2010 1750 2084; baseline 0.003 -23"><span class='ocrx_word' id='word_1_155' title='bbox 143 2010 222 2064; x_wconf 82' lang='lat' dir='ltr'><strong>nia</strong></span> <span class='ocrx_word' id='word_1_156' title='bbox 271 2024 426 2079; x_wconf 82' lang='lat' dir='ltr'><strong>super</strong></span> <span class='ocrx_word' id='word_1_157' title='bbox 471 2010 879 2080; x_wconf 81' lang='lat' dir='ltr'><strong>generationem</strong></span> <span class='ocrx_word' id='word_1_158' title='bbox 926 2012 1090 2066; x_wconf 91' lang='lat' dir='ltr'><strong>istam</strong></span> <span class='ocrx_word' id='word_1_159' title='bbox 1156 2010 1365 2082; x_wconf 78' lang='lat' dir='ltr'><strong>(Matth.</strong></span> <span class='ocrx_word' id='word_1_160' title='bbox 1411 2028 1570 2077; x_wconf 86' lang='lat' dir='ltr'><strong>xxm,</strong></span> <span class='ocrx_word' id='word_1_161' title='bbox 1621 2012 1750 2084; x_wconf 71' lang='lat'><strong>34);</strong></span> 
     </span>
    </p>
   </div>
   <div class='ocr_carea' id='block_1_22' title="bbox 142 2094 1752 2170">
    <p class='ocr_par' dir='ltr' id='par_1_22' title="bbox 142 2094 1752 2170">
     <span class='ocr_line' id='line_1_22' title="bbox 142 2094 1752 2170; baseline 0.002 -19"><span class='ocrx_word' id='word_1_162' title='bbox 142 2094 364 2170; x_wconf 83' lang='lat' dir='ltr'><strong>itemque</strong></span> <span class='ocrx_word' id='word_1_163' title='bbox 387 2114 401 2151; x_wconf 89' lang='lat'><strong>:</strong></span> <span class='ocrx_word' id='word_1_164' title='bbox 432 2096 657 2170; x_wconf 78' lang='lat' dir='ltr'><strong>Implete</strong></span> <span class='ocrx_word' id='word_1_165' title='bbox 673 2115 987 2155; x_wconf 79' lang='lat' dir='ltr'><strong>mensuram</strong></span> <span class='ocrx_word' id='word_1_166' title='bbox 1012 2108 1232 2170; x_wconf 80' lang='lat' dir='ltr'><strong>patrum</strong></span> <span class='ocrx_word' id='word_1_167' title='bbox 1249 2112 1549 2158; x_wconf 84' lang='lat' dir='ltr'><strong>vestrorum</strong></span> <span class='ocrx_word' id='word_1_168' title='bbox 1569 2100 1752 2169; x_wconf 67' lang='lat' dir='ltr'><strong>(Ibid,</strong></span> 
     </span>
    </p>
   </div>
   <div class='ocr_carea' id='block_1_23' title="bbox 141 2186 1756 2267">
    <p class='ocr_par' dir='ltr' id='par_1_23' title="bbox 141 2186 1756 2267">
     <span class='ocr_line' id='line_1_23' title="bbox 141 2186 1756 2267; baseline 0.004 -28"><span class='ocrx_word' id='word_1_169' title='bbox 141 2186 245 2252; x_wconf 62' lang='lat'><strong>32).;</strong></span> <span class='ocrx_word' id='word_1_170' title='bbox 276 2192 326 2241; x_wconf 87' lang='lat' dir='ltr'><strong>et</strong></span> <span class='ocrx_word' id='word_1_171' title='bbox 355 2186 606 2242; x_wconf 85' lang='lat' dir='ltr'><strong>iterum:</strong></span> <span class='ocrx_word' id='word_1_172' title='bbox 657 2187 962 2244; x_wconf 83' lang='lat' dir='ltr'><strong>Secundum</strong></span> <span class='ocrx_word' id='word_1_173' title='bbox 1006 2189 1119 2244; x_wconf 67' lang='lat' dir='ltr'><strong>hsce</strong></span> <span class='ocrx_word' id='word_1_174' title='bbox 1156 2189 1436 2260; x_wconf 77' lang='lat' dir='ltr'><strong>faciebant</strong></span> <span class='ocrx_word' id='word_1_175' title='bbox 1474 2190 1756 2267; x_wconf 71' lang='lat' dir='ltr'><strong>prophetis</strong></span> 
     </span>
    </p>
   </div>
   <div class='ocr_carea' id='block_1_24' title="bbox 135 2277 1755 2350">
    <p class='ocr_par' dir='ltr' id='par_1_24' title="bbox 135 2277 1755 2350">
     <span class='ocr_line' id='line_1_24' title="bbox 135 2277 1755 2350; baseline 0.002 -19"><span class='ocrx_word' id='word_1_176' title='bbox 135 2286 290 2346; x_wconf 76' lang='lat' dir='ltr'><strong>patres</strong></span> <span class='ocrx_word' id='word_1_177' title='bbox 330 2292 517 2333; x_wconf 86' lang='lat' dir='ltr'><strong>eorum</strong></span> <span class='ocrx_word' id='word_1_178' title='bbox 565 2277 713 2349; x_wconf 87' lang='lat' dir='ltr'><strong>(Luc.</strong></span> <span class='ocrx_word' id='word_1_179' title='bbox 758 2294 835 2345; x_wconf 81' lang='lat' dir='ltr'><strong>v1,</strong></span> <span class='ocrx_word' id='word_1_180' title='bbox 887 2278 1017 2349; x_wconf 86' lang='lat'><strong>26);</strong></span> <span class='ocrx_word' id='word_1_181' title='bbox 1069 2282 1162 2344; x_wconf 91' lang='lat' dir='ltr'><strong>et;</strong></span> <span class='ocrx_word' id='word_1_182' title='bbox 1216 2278 1463 2349; x_wconf 83' lang='lat' dir='ltr'><strong>Colligite</strong></span> <span class='ocrx_word' id='word_1_183' title='bbox 1511 2282 1755 2350; x_wconf 86' lang='lat' dir='ltr'><strong>primum</strong></span> 
     </span>
    </p>
   </div>
   <div class='ocr_carea' id='block_1_25' title="bbox 138 2365 1753 2437">
    <p class='ocr_par' dir='ltr' id='par_1_25' title="bbox 138 2365 1753 2437">
     <span class='ocr_line' id='line_1_25' title="bbox 138 2365 1753 2437; baseline 0.004 -19"><span class='ocrx_word' id='word_1_184' title='bbox 138 2366 346 2432; x_wconf 64' lang='lat' dir='ltr'><strong>titania,</strong></span> <span class='ocrx_word' id='word_1_185' title='bbox 376 2369 426 2419; x_wconf 90' lang='lat' dir='ltr'><strong>et</strong></span> <span class='ocrx_word' id='word_1_186' title='bbox 465 2365 762 2437; x_wconf 86' lang='lat' dir='ltr'><strong>fasciculos</strong></span> <span class='ocrx_word' id='word_1_187' title='bbox 812 2366 1040 2435; x_wconf 88' lang='lat' dir='ltr'><strong>alligate</strong></span> <span class='ocrx_word' id='word_1_188' title='bbox 1085 2367 1296 2435; x_wconf 77' lang='lat' dir='ltr'><strong>(Matth.</strong></span> <span class='ocrx_word' id='word_1_189' title='bbox 1342 2384 1465 2435; x_wconf 83' lang='lat' dir='ltr'><strong>xm,</strong></span> <span class='ocrx_word' id='word_1_190' title='bbox 1500 2368 1610 2435; x_wconf 87' lang='lat'><strong>30),</strong></span> <span class='ocrx_word' id='word_1_191' title='bbox 1644 2368 1753 2425; x_wconf 90' lang='lat' dir='ltr'><strong>hoc</strong></span> 
     </span>
    </p>
   </div>
   <div class='ocr_carea' id='block_1_26' title="bbox 137 2453 1755 2530">
    <p class='ocr_par' dir='ltr' id='par_1_26' title="bbox 137 2453 1755 2530">
     <span class='ocr_line' id='line_1_26' title="bbox 137 2453 1755 2530; baseline 0.004 -23"><span class='ocrx_word' id='word_1_192' title='bbox 137 2456 223 2519; x_wconf 86' lang='lat' dir='ltr'><strong>est,</strong></span> <span class='ocrx_word' id='word_1_193' title='bbox 249 2469 407 2526; x_wconf 89' lang='lat' dir='ltr'><strong>pares</strong></span> <span class='ocrx_word' id='word_1_194' title='bbox 436 2453 679 2525; x_wconf 88' lang='lat' dir='ltr'><strong>paribus</strong></span> <span class='ocrx_word' id='word_1_195' title='bbox 701 2453 935 2510; x_wconf 91' lang='lat' dir='ltr'><strong>sociate.</strong></span> <span class='ocrx_word' id='word_1_196' title='bbox 951 2454 1139 2511; x_wconf 81' lang='lat' dir='ltr'><strong>Habes</strong></span> <span class='ocrx_word' id='word_1_197' title='bbox 1160 2456 1253 2511; x_wconf 87' lang='lat' dir='ltr'><strong>bis</strong></span> <span class='ocrx_word' id='word_1_198' title='bbox 1283 2456 1564 2529; x_wconf 83' lang='lat' dir='ltr'><strong>exempils</strong></span> <span class='ocrx_word' id='word_1_199' title='bbox 1587 2474 1755 2530; x_wconf 85' lang='lat' dir='ltr'><strong>gene-</strong></span> 
     </span>
    </p>
   </div>
   <div class='ocr_carea' id='block_1_27' title="bbox 137 2543 1753 2611">
    <p class='ocr_par' dir='ltr' id='par_1_27' title="bbox 137 2543 1753 2611">
     <span class='ocr_line' id='line_1_27' title="bbox 137 2543 1753 2611; baseline 0.004 -15"><span class='ocrx_word' id='word_1_200' title='bbox 137 2543 385 2598; x_wconf 84' lang='lat' dir='ltr'><strong>rationem</strong></span> <span class='ocrx_word' id='word_1_201' title='bbox 417 2560 620 2611; x_wconf 85' lang='lat' dir='ltr'><strong>unam,</strong></span> <span class='ocrx_word' id='word_1_202' title='bbox 655 2545 729 2599; x_wconf 90' lang='lat' dir='ltr'><strong>da</strong></span> <span class='ocrx_word' id='word_1_203' title='bbox 757 2549 816 2600; x_wconf 87' lang='lat' dir='ltr'><strong>et</strong></span> <span class='ocrx_word' id='word_1_204' title='bbox 846 2543 1127 2600; x_wconf 80' lang='lat' dir='ltr'><strong>alteram:</strong></span> <span class='ocrx_word' id='word_1_205' title='bbox 1159 2544 1442 2601; x_wconf 86' lang='lat' dir='ltr'><strong>Generatio</strong></span> <span class='ocrx_word' id='word_1_206' title='bbox 1480 2550 1753 2603; x_wconf 84' lang='lat' dir='ltr'><strong>rectorum</strong></span> 
     </span>
    </p>
   </div>
   <div class='ocr_carea' id='block_1_28' title="bbox 136 2629 1748 2704">
    <p class='ocr_par' dir='ltr' id='par_1_28' title="bbox 136 2629 1748 2704">
     <span class='ocr_line' id='line_1_28' title="bbox 136 2629 1748 2704; baseline 0.005 -20"><span class='ocrx_word' id='word_1_207' title='bbox 136 2629 638 2704; x_wconf 75' lang='lat' dir='ltr'><strong>benedicetur(Psal.</strong></span> <span class='ocrx_word' id='word_1_208' title='bbox 671 2649 781 2701; x_wconf 79' lang='lat' dir='ltr'><strong>cxr,</strong></span> <span class='ocrx_word' id='word_1_209' title='bbox 815 2632 890 2703; x_wconf 85' lang='lat'><strong>2).</strong></span> <span class='ocrx_word' id='word_1_210' title='bbox 934 2633 1036 2702; x_wconf 85' lang='lat' dir='ltr'><strong>Da,</strong></span> <span class='ocrx_word' id='word_1_211' title='bbox 1084 2635 1133 2689; x_wconf 89' lang='lat' dir='ltr'><strong>si</strong></span> <span class='ocrx_word' id='word_1_212' title='bbox 1182 2633 1360 2700; x_wconf 90' lang='lat' dir='ltr'><strong>vales,</strong></span> <span class='ocrx_word' id='word_1_213' title='bbox 1395 2639 1452 2689; x_wconf 89' lang='lat' dir='ltr'><strong>et</strong></span> <span class='ocrx_word' id='word_1_214' title='bbox 1496 2638 1748 2692; x_wconf 85' lang='lat' dir='ltr'><strong>tertiam.</strong></span> 
     </span>
    </p>
   </div>
   <div class='ocr_carea' id='block_1_29' title="bbox 135 2709 1750 2795">
    <p class='ocr_par' dir='ltr' id='par_1_29' title="bbox 135 2709 1750 2795">
     <span class='ocr_line' id='line_1_29' title="bbox 135 2709 1750 2795; baseline 0.004 -21"><span class='ocrx_word' id='word_1_215' title='bbox 135 2717 354 2791; x_wconf 80' lang='lat' dir='ltr'><strong>Nequeo,</strong></span> <span class='ocrx_word' id='word_1_216' title='bbox 398 2720 619 2793; x_wconf 88' lang='lat' dir='ltr'><strong>inquis.</strong></span> <span class='ocrx_word' id='word_1_217' title='bbox 652 2720 712 2777; x_wconf 89' lang='lat' dir='ltr'><strong>Si</strong></span> <span class='ocrx_word' id='word_1_218' title='bbox 745 2737 880 2795; x_wconf 87' lang='lat' dir='ltr'><strong>ergo</strong></span> <span class='ocrx_word' id='word_1_219' title='bbox 902 2722 1131 2795; x_wconf 87' lang='lat' dir='ltr'><strong>nequis,</strong></span> <span class='ocrx_word' id='word_1_220' title='bbox 1164 2709 1363 2795; x_wconf 56' lang='lat' dir='ltr'><strong>in&#39;qua</strong></span> <span class='ocrx_word' id='word_1_221' title='bbox 1391 2740 1460 2780; x_wconf 87' lang='lat' dir='ltr'><strong>ex</strong></span> <span class='ocrx_word' id='word_1_222' title='bbox 1489 2723 1581 2779; x_wconf 90' lang='lat' dir='ltr'><strong>his</strong></span> <span class='ocrx_word' id='word_1_223' title='bbox 1607 2725 1750 2782; x_wconf 89' lang='lat' dir='ltr'><strong>dua-</strong></span> 
     </span>
    </p>
   </div>
   <div class='ocr_carea' id='block_1_30' title="bbox 138 2805 1748 2889">
    <p class='ocr_par' dir='ltr' id='par_1_30' title="bbox 138 2805 1748 2889">
     <span class='ocr_line' id='line_1_30' title="bbox 138 2805 1748 2889; baseline 0.003 -27"><span class='ocrx_word' id='word_1_224' title='bbox 138 2805 228 2862; x_wconf 85' lang='lat' dir='ltr'><strong>bus</strong></span> <span class='ocrx_word' id='word_1_225' title='bbox 245 2824 333 2864; x_wconf 85' lang='lat' dir='ltr'><strong>eos</strong></span> <span class='ocrx_word' id='word_1_226' title='bbox 351 2808 631 2875; x_wconf 85' lang='lat' dir='ltr'><strong>invenias,</strong></span> <span class='ocrx_word' id='word_1_227' title='bbox 655 2807 754 2881; x_wconf 89' lang='lat' dir='ltr'><strong>qui</strong></span> <span class='ocrx_word' id='word_1_228' title='bbox 775 2808 907 2877; x_wconf 89' lang='lat' dir='ltr'><strong>hoc,</strong></span> <span class='ocrx_word' id='word_1_229' title='bbox 933 2810 1086 2882; x_wconf 91' lang='lat' dir='ltr'><strong>quod</strong></span> <span class='ocrx_word' id='word_1_230' title='bbox 1106 2828 1285 2883; x_wconf 83' lang='lat' dir='ltr'><strong>supra</strong></span> <span class='ocrx_word' id='word_1_231' title='bbox 1305 2811 1524 2882; x_wconf 82' lang='lat' dir='ltr'><strong>dixisti,</strong></span> <span class='ocrx_word' id='word_1_232' title='bbox 1545 2812 1748 2889; x_wconf 82' lang='lat' dir='ltr'><strong>legun-</strong></span> 
     </span>
    </p>
   </div>
   <div class='ocr_carea' id='block_1_31' title="bbox 140 2897 1751 2970">
    <p class='ocr_par' dir='ltr' id='par_1_31' title="bbox 140 2897 1751 2970">
     <span class='ocr_line' id='line_1_31' title="bbox 140 2897 1751 2970; baseline 0.006 -21"><span class='ocrx_word' id='word_1_233' title='bbox 140 2902 219 2951; x_wconf 87' lang='lat' dir='ltr'><strong>tur</strong></span> <span class='ocrx_word' id='word_1_234' title='bbox 260 2897 492 2967; x_wconf 82' lang='lat' dir='ltr'><strong>fecisse;</strong></span> <span class='ocrx_word' id='word_1_235' title='bbox 527 2902 586 2954; x_wconf 88' lang='lat' dir='ltr'><strong>et</strong></span> <span class='ocrx_word' id='word_1_236' title='bbox 614 2897 820 2954; x_wconf 88' lang='lat' dir='ltr'><strong>metire</strong></span> <span class='ocrx_word' id='word_1_237' title='bbox 849 2915 917 2954; x_wconf 84' lang='lat' dir='ltr'><strong>ex</strong></span> <span class='ocrx_word' id='word_1_238' title='bbox 946 2897 1179 2955; x_wconf 89' lang='lat' dir='ltr'><strong>illorum</strong></span> <span class='ocrx_word' id='word_1_239' title='bbox 1218 2904 1350 2955; x_wconf 89' lang='lat' dir='ltr'><strong>actu</strong></span> <span class='ocrx_word' id='word_1_240' title='bbox 1382 2906 1569 2970; x_wconf 89' lang='lat' dir='ltr'><strong>tuum,</strong></span> <span class='ocrx_word' id='word_1_241' title='bbox 1602 2908 1659 2957; x_wconf 87' lang='lat' dir='ltr'><strong>et</strong></span> <span class='ocrx_word' id='word_1_242' title='bbox 1683 2920 1751 2959; x_wconf 84' lang='lat' dir='ltr'><strong>ex</strong></span> 
     </span>
    </p>
   </div>
   <div class='ocr_carea' id='block_1_32' title="bbox 142 2986 1747 3061">
    <p class='ocr_par' dir='ltr' id='par_1_32' title="bbox 142 2986 1747 3061">
     <span class='ocr_line' id='line_1_32' title="bbox 142 2986 1747 3061; baseline 0.006 -23"><span class='ocrx_word' id='word_1_243' title='bbox 142 2987 575 3042; x_wconf 82' lang='lat' dir='ltr'><strong>remuneratione</strong></span> <span class='ocrx_word' id='word_1_244' title='bbox 595 2991 781 3055; x_wconf 87' lang='lat' dir='ltr'><strong>tuam,</strong></span> <span class='ocrx_word' id='word_1_245' title='bbox 800 2992 859 3042; x_wconf 90' lang='lat' dir='ltr'><strong>et</strong></span> <span class='ocrx_word' id='word_1_246' title='bbox 874 2986 1021 3061; x_wconf 86' lang='lat' dir='ltr'><strong>elige</strong></span> <span class='ocrx_word' id='word_1_247' title='bbox 1038 2990 1192 3060; x_wconf 89' lang='lat' dir='ltr'><strong>quod</strong></span> <span class='ocrx_word' id='word_1_248' title='bbox 1217 2989 1595 3057; x_wconf 84' lang='lat' dir='ltr'><strong>volueris,aut</strong></span> <span class='ocrx_word' id='word_1_249' title='bbox 1611 3008 1747 3047; x_wconf 90' lang='lat' dir='ltr'><strong>cum</strong></span> 
     </span>
    </p>
   </div>
   <div class='ocr_carea' id='block_1_33' title="bbox 140 3072 1747 3152">
    <p class='ocr_par' dir='ltr' id='par_1_33' title="bbox 140 3072 1747 3152">
     <span class='ocr_line' id='line_1_33' title="bbox 140 3072 1747 3152; baseline 0.006 -25"><span class='ocrx_word' id='word_1_250' title='bbox 140 3072 220 3128; x_wconf 87' lang='lat' dir='ltr'><strong>illa</strong></span> <span class='ocrx_word' id='word_1_251' title='bbox 238 3076 601 3148; x_wconf 85' lang='lat' dir='ltr'><strong>generatione</strong></span> <span class='ocrx_word' id='word_1_252' title='bbox 630 3074 888 3148; x_wconf 89' lang='lat' dir='ltr'><strong>pessima</strong></span> <span class='ocrx_word' id='word_1_253' title='bbox 908 3093 1023 3132; x_wconf 89' lang='lat' dir='ltr'><strong>non</strong></span> <span class='ocrx_word' id='word_1_254' title='bbox 1048 3077 1241 3134; x_wconf 89' lang='lat' dir='ltr'><strong>solum</strong></span> <span class='ocrx_word' id='word_1_255' title='bbox 1273 3096 1377 3151; x_wconf 91' lang='lat' dir='ltr'><strong>pro</strong></span> <span class='ocrx_word' id='word_1_256' title='bbox 1408 3079 1501 3135; x_wconf 89' lang='lat' dir='ltr'><strong>his</strong></span> <span class='ocrx_word' id='word_1_257' title='bbox 1533 3097 1659 3152; x_wconf 68' lang='lat' dir='ltr'><strong>quae</strong></span> <span class='ocrx_word' id='word_1_258' title='bbox 1684 3085 1747 3137; x_wconf 86' lang='lat' dir='ltr'><strong>tu</strong></span> 
     </span>
    </p>
   </div>
   <div class='ocr_carea' id='block_1_34' title="bbox 139 3162 1745 3240">
    <p class='ocr_par' dir='ltr' id='par_1_34' title="bbox 139 3162 1745 3240">
     <span class='ocr_line' id='line_1_34' title="bbox 139 3162 1745 3240; baseline 0.006 -25"><span class='ocrx_word' id='word_1_259' title='bbox 139 3162 259 3235; x_wconf 87' lang='lat' dir='ltr'><strong>agis,</strong></span> <span class='ocrx_word' id='word_1_260' title='bbox 288 3167 382 3221; x_wconf 90' lang='lat' dir='ltr'><strong>sed</strong></span> <span class='ocrx_word' id='word_1_261' title='bbox 413 3170 470 3222; x_wconf 88' lang='lat' dir='ltr'><strong>et</strong></span> <span class='ocrx_word' id='word_1_262' title='bbox 490 3181 599 3238; x_wconf 90' lang='lat' dir='ltr'><strong>pro</strong></span> <span class='ocrx_word' id='word_1_263' title='bbox 624 3164 715 3220; x_wconf 85' lang='lat' dir='ltr'><strong>his</strong></span> <span class='ocrx_word' id='word_1_264' title='bbox 737 3183 863 3237; x_wconf 66' lang='lat' dir='ltr'><strong>quas</strong></span> <span class='ocrx_word' id='word_1_265' title='bbox 882 3165 964 3220; x_wconf 90' lang='lat' dir='ltr'><strong>illi</strong></span> <span class='ocrx_word' id='word_1_266' title='bbox 993 3166 1065 3227; x_wconf 88' lang='lat' dir='ltr'><strong>ab</strong></span> <span class='ocrx_word' id='word_1_267' title='bbox 1083 3168 1222 3223; x_wconf 89' lang='lat' dir='ltr'><strong>Abel</strong></span> <span class='ocrx_word' id='word_1_268' title='bbox 1248 3185 1434 3240; x_wconf 90' lang='lat' dir='ltr'><strong>usque</strong></span> <span class='ocrx_word' id='word_1_269' title='bbox 1456 3171 1527 3225; x_wconf 89' lang='lat' dir='ltr'><strong>ad</strong></span> <span class='ocrx_word' id='word_1_270' title='bbox 1552 3171 1745 3225; x_wconf 91' lang='lat' dir='ltr'><strong>novis-</strong></span> 
     </span>
    </p>
   </div>
   <div class='ocr_carea' id='block_1_35' title="bbox 1879 584 3527 657">
    <p class='ocr_par' dir='ltr' id='par_1_35' title="bbox 1879 584 3527 657">
     <span class='ocr_line' id='line_1_35' title="bbox 1879 584 3527 657; baseline 0.001 -18"><span class='ocrx_word' id='word_1_271' title='bbox 1879 587 2071 639; x_wconf 82' lang='lat' dir='ltr'><strong>lcrra?</strong></span> <span class='ocrx_word' id='word_1_272' title='bbox 2099 584 2276 657; x_wconf 82' lang='lat' dir='ltr'><strong>(Apoc.</strong></span> <span class='ocrx_word' id='word_1_273' title='bbox 2305 602 2384 652; x_wconf 86' lang='lat' dir='ltr'><strong>v1,</strong></span> <span class='ocrx_word' id='word_1_274' title='bbox 2439 585 2547 655; x_wconf 91' lang='grc'><strong>10.)</strong></span> <span class='ocrx_word' id='word_1_275' title='bbox 2578 585 2623 639; x_wconf 91' lang='grc' dir='ltr'><strong>Ο</strong></span> <span class='ocrx_word' id='word_1_276' title='bbox 2674 602 2852 657; x_wconf 88' lang='lat' dir='ltr'><strong>quam</strong></span> <span class='ocrx_word' id='word_1_277' title='bbox 2892 584 3148 641; x_wconf 87' lang='lat' dir='ltr'><strong>terribile</strong></span> <span class='ocrx_word' id='word_1_278' title='bbox 3179 586 3527 654; x_wconf 86' lang='lat' dir='ltr'><strong>tonitruum,</strong></span> 
     </span>
    </p>
   </div>
   <div class='ocr_carea' id='block_1_36' title="bbox 1876 672 3526 747">
    <p class='ocr_par' dir='ltr' id='par_1_36' title="bbox 1876 672 3526 747">
     <span class='ocr_line' id='line_1_36' title="bbox 1876 672 3526 747; baseline 0.002 -19"><span class='ocrx_word' id='word_1_279' title='bbox 1876 679 2218 729; x_wconf 88' lang='lat' dir='ltr'><strong>monstrans</strong></span> <span class='ocrx_word' id='word_1_280' title='bbox 2262 690 2396 729; x_wconf 89' lang='lat' dir='ltr'><strong>eum</strong></span> <span class='ocrx_word' id='word_1_281' title='bbox 2437 673 2535 746; x_wconf 89' lang='lat' dir='ltr'><strong>qui</strong></span> <span class='ocrx_word' id='word_1_282' title='bbox 2559 674 2771 745; x_wconf 48' lang='lat' dir='ltr'><strong>adghoc</strong></span> <span class='ocrx_word' id='word_1_283' title='bbox 2802 690 2918 729; x_wconf 91' lang='lat' dir='ltr'><strong>non</strong></span> <span class='ocrx_word' id='word_1_284' title='bbox 2949 674 3384 747; x_wconf 85' lang='lat' dir='ltr'><strong>expergiscitur,</strong></span> <span class='ocrx_word' id='word_1_285' title='bbox 3409 672 3526 731; x_wconf 89' lang='lat' dir='ltr'><strong>non</strong></span> 
     </span>
    </p>
   </div>
   <div class='ocr_carea' id='block_1_37' title="bbox 1877 760 3526 832">
    <p class='ocr_par' dir='ltr' id='par_1_37' title="bbox 1877 760 3526 832">
     <span class='ocr_line' id='line_1_37' title="bbox 1877 760 3526 832; baseline 0.002 -17"><span class='ocrx_word' id='word_1_286' title='bbox 1877 760 2261 817; x_wconf 84' lang='lat' dir='ltr'><strong>dormientem</strong></span> <span class='ocrx_word' id='word_1_287' title='bbox 2284 762 2423 829; x_wconf 84' lang='lat' dir='ltr'><strong>fore,</strong></span> <span class='ocrx_word' id='word_1_288' title='bbox 2449 763 2548 817; x_wconf 90' lang='lat' dir='ltr'><strong>sed</strong></span> <span class='ocrx_word' id='word_1_289' title='bbox 2577 762 2812 832; x_wconf 86' lang='lat' dir='ltr'><strong>penitus</strong></span> <span class='ocrx_word' id='word_1_290' title='bbox 2831 767 3149 817; x_wconf 90' lang='lat' dir='ltr'><strong>mortuum.</strong></span> <span class='ocrx_word' id='word_1_291' title='bbox 3171 762 3296 819; x_wconf 91' lang='lat' dir='ltr'><strong>Non</strong></span> <span class='ocrx_word' id='word_1_292' title='bbox 3319 763 3526 819; x_wconf 90' lang='lat' dir='ltr'><strong>dicunt</strong></span> 
     </span>
    </p>
   </div>
   <div class='ocr_carea' id='block_1_38' title="bbox 1876 849 3521 923">
    <p class='ocr_par' dir='ltr' id='par_1_38' title="bbox 1876 849 3521 923">
     <span class='ocr_line' id='line_1_38' title="bbox 1876 849 3521 923; baseline 0.002 -19"><span class='ocrx_word' id='word_1_293' title='bbox 1876 849 1947 904; x_wconf 89' lang='lat' dir='ltr'><strong>de</strong></span> <span class='ocrx_word' id='word_1_294' title='bbox 1968 849 2062 906; x_wconf 92' lang='lat' dir='ltr'><strong>his</strong></span> <span class='ocrx_word' id='word_1_295' title='bbox 2076 851 2177 923; x_wconf 89' lang='lat' dir='ltr'><strong>qui</strong></span> <span class='ocrx_word' id='word_1_296' title='bbox 2198 867 2302 906; x_wconf 91' lang='lat' dir='ltr'><strong>nos</strong></span> <span class='ocrx_word' id='word_1_297' title='bbox 2322 850 2814 922; x_wconf 85' lang='lat' dir='ltr'><strong>occiderunt;jam</strong></span> <span class='ocrx_word' id='word_1_298' title='bbox 2836 851 2993 906; x_wconf 90' lang='lat' dir='ltr'><strong>enim</strong></span> <span class='ocrx_word' id='word_1_299' title='bbox 3011 868 3108 908; x_wconf 90' lang='lat' dir='ltr'><strong>eos</strong></span> <span class='ocrx_word' id='word_1_300' title='bbox 3122 851 3417 908; x_wconf 85' lang='lat' dir='ltr'><strong>ininferno</strong></span> <span class='ocrx_word' id='word_1_301' title='bbox 3432 851 3521 907; x_wconf 89' lang='lat' dir='ltr'><strong>in-</strong></span> 
     </span>
    </p>
   </div>
   <div class='ocr_carea' id='block_1_39' title="bbox 1876 938 3519 1010">
    <p class='ocr_par' dir='ltr' id='par_1_39' title="bbox 1876 938 3519 1010">
     <span class='ocr_line' id='line_1_39' title="bbox 1876 938 3519 1010; baseline 0.002 -18"><span class='ocrx_word' id='word_1_302' title='bbox 1876 938 2155 994; x_wconf 82' lang='lat' dir='ltr'><strong>del&#39;ective</strong></span> <span class='ocrx_word' id='word_1_303' title='bbox 2181 939 2427 993; x_wconf 84' lang='lat' dir='ltr'><strong>cruciari</strong></span> <span class='ocrx_word' id='word_1_304' title='bbox 2457 938 2679 994; x_wconf 90' lang='lat' dir='ltr'><strong>sciunt:</strong></span> <span class='ocrx_word' id='word_1_305' title='bbox 2701 939 2854 1010; x_wconf 90' lang='lat' dir='ltr'><strong>quod</strong></span> <span class='ocrx_word' id='word_1_306' title='bbox 2874 940 3074 1010; x_wconf 89' lang='lat' dir='ltr'><strong>utique</strong></span> <span class='ocrx_word' id='word_1_307' title='bbox 3100 941 3209 997; x_wconf 91' lang='lat' dir='ltr'><strong>etsi</strong></span> <span class='ocrx_word' id='word_1_308' title='bbox 3239 938 3519 1009; x_wconf 78' lang='lat' dir='ltr'><strong>dicerent,</strong></span> 
     </span>
    </p>
   </div>
   <div class='ocr_carea' id='block_1_40' title="bbox 1873 1027 3521 1101">
    <p class='ocr_par' dir='ltr' id='par_1_40' title="bbox 1873 1027 3521 1101">
     <span class='ocr_line' id='line_1_40' title="bbox 1873 1027 3521 1101; baseline 0.004 -21"><span class='ocrx_word' id='word_1_309' title='bbox 1873 1042 2247 1099; x_wconf 87' lang='lat' dir='ltr'><strong>nequaquam</strong></span> <span class='ocrx_word' id='word_1_310' title='bbox 2261 1027 2518 1083; x_wconf 76' lang='lat' dir='ltr'><strong>divinam</strong></span> <span class='ocrx_word' id='word_1_311' title='bbox 2540 1027 2638 1083; x_wconf 90' lang='lat' dir='ltr'><strong>illa</strong></span> <span class='ocrx_word' id='word_1_312' title='bbox 2658 1028 2927 1101; x_wconf 88' lang='lat' dir='ltr'><strong>superius</strong></span> <span class='ocrx_word' id='word_1_313' title='bbox 2946 1029 3230 1101; x_wconf 85' lang='lat' dir='ltr'><strong>prolatam</strong></span> <span class='ocrx_word' id='word_1_314' title='bbox 3244 1030 3303 1084; x_wconf 90' lang='lat' dir='ltr'><strong>in</strong></span> <span class='ocrx_word' id='word_1_315' title='bbox 3325 1028 3521 1101; x_wconf 86' lang='lat' dir='ltr'><strong>aliquo</strong></span> 
     </span>
    </p>
   </div>
   <div class='ocr_carea' id='block_1_41' title="bbox 1870 1114 3519 1190">
    <p class='ocr_par' dir='ltr' id='par_1_41' title="bbox 1870 1114 3519 1190">
     <span class='ocr_line' id='line_1_41' title="bbox 1870 1114 3519 1190; baseline 0.004 -22"><span class='ocrx_word' id='word_1_316' title='bbox 1870 1114 2680 1188; x_wconf 88' lang='lat' dir='ltr'><strong>levigarentseutentiam;sed</strong></span> <span class='ocrx_word' id='word_1_317' title='bbox 2693 1116 3294 1190; x_wconf 87' lang='lat' dir='ltr'><strong>dehis,inquiunt,qui</strong></span> <span class='ocrx_word' id='word_1_318' title='bbox 3307 1120 3519 1175; x_wconf 89' lang='lat' dir='ltr'><strong>suntin</strong></span> 
     </span>
    </p>
   </div>
   <div class='ocr_carea' id='block_1_42' title="bbox 1871 1204 3518 1277">
    <p class='ocr_par' dir='ltr' id='par_1_42' title="bbox 1871 1204 3518 1277">
     <span class='ocr_line' id='line_1_42' title="bbox 1871 1204 3518 1277; baseline 0.003 -18"><span class='ocrx_word' id='word_1_319' title='bbox 1871 1204 2156 1277; x_wconf 87' lang='lat' dir='ltr'><strong>terra,qui</strong></span> <span class='ocrx_word' id='word_1_320' title='bbox 2171 1205 2361 1261; x_wconf 85' lang='lat' dir='ltr'><strong>adhuc</strong></span> <span class='ocrx_word' id='word_1_321' title='bbox 2378 1205 2543 1273; x_wconf 86' lang='lat' dir='ltr'><strong>alios,</strong></span> <span class='ocrx_word' id='word_1_322' title='bbox 2567 1205 2683 1261; x_wconf 88' lang='lat' dir='ltr'><strong>etsi</strong></span> <span class='ocrx_word' id='word_1_323' title='bbox 2698 1205 2990 1276; x_wconf 85' lang='lat' dir='ltr'><strong>nontales,</strong></span> <span class='ocrx_word' id='word_1_324' title='bbox 3010 1213 3075 1262; x_wconf 92' lang='lat' dir='ltr'><strong>ut</strong></span> <span class='ocrx_word' id='word_1_325' title='bbox 3089 1224 3214 1276; x_wconf 89' lang='lat' dir='ltr'><strong>nos,</strong></span> <span class='ocrx_word' id='word_1_326' title='bbox 3228 1211 3423 1264; x_wconf 87' lang='lat' dir='ltr'><strong>tamen</strong></span> <span class='ocrx_word' id='word_1_327' title='bbox 3446 1208 3518 1264; x_wconf 90' lang='lat' dir='ltr'><strong>de</strong></span> 
     </span>
    </p>
   </div>
   <div class='ocr_carea' id='block_1_43' title="bbox 1870 1288 3516 1367">
    <p class='ocr_par' dir='ltr' id='par_1_43' title="bbox 1870 1288 3516 1367">
     <span class='ocr_line' id='line_1_43' title="bbox 1870 1288 3516 1367; baseline 0.002 -20"><span class='ocrx_word' id='word_1_328' title='bbox 1870 1309 2107 1367; x_wconf 87' lang='lat' dir='ltr'><strong>corpore</strong></span> <span class='ocrx_word' id='word_1_329' title='bbox 2123 1294 2418 1362; x_wconf 85' lang='lat' dir='ltr'><strong>nostro,de</strong></span> <span class='ocrx_word' id='word_1_330' title='bbox 2433 1295 2710 1350; x_wconf 85' lang='lat' dir='ltr'><strong>membris</strong></span> <span class='ocrx_word' id='word_1_331' title='bbox 2732 1288 3516 1365; x_wconf 81' lang='lat' dir='ltr'><strong>nostris,licetadhuc,utfui-</strong></span> 
     </span>
    </p>
   </div>
   <div class='ocr_carea' id='block_1_44' title="bbox 1869 1383 3513 1453">
    <p class='ocr_par' dir='ltr' id='par_1_44' title="bbox 1869 1383 3513 1453">
     <span class='ocr_line' id='line_1_44' title="bbox 1869 1383 3513 1453; baseline 0.002 -17"><span class='ocrx_word' id='word_1_332' title='bbox 1869 1397 2006 1437; x_wconf 88' lang='lat' dir='ltr'><strong>mus</strong></span> <span class='ocrx_word' id='word_1_333' title='bbox 2032 1388 2089 1438; x_wconf 90' lang='lat' dir='ltr'><strong>et</strong></span> <span class='ocrx_word' id='word_1_334' title='bbox 2104 1401 2230 1451; x_wconf 91' lang='lat' dir='ltr'><strong>nos,</strong></span> <span class='ocrx_word' id='word_1_335' title='bbox 2255 1383 2605 1451; x_wconf 88' lang='lat' dir='ltr'><strong>inﬁrmis,de</strong></span> <span class='ocrx_word' id='word_1_336' title='bbox 2619 1383 2906 1440; x_wconf 90' lang='lat' dir='ltr'><strong>consortio</strong></span> <span class='ocrx_word' id='word_1_337' title='bbox 2929 1384 3228 1453; x_wconf 89' lang='lat' dir='ltr'><strong>nostro,de</strong></span> <span class='ocrx_word' id='word_1_338' title='bbox 3248 1384 3513 1440; x_wconf 90' lang='lat' dir='ltr'><strong>ministe-</strong></span> 
     </span>
    </p>
   </div>
   <div class='ocr_carea' id='block_1_45' title="bbox 1869 1468 3513 1545">
    <p class='ocr_par' dir='ltr' id='par_1_45' title="bbox 1869 1468 3513 1545">
     <span class='ocr_line' id='line_1_45' title="bbox 1869 1468 3513 1545; baseline 0.004 -22"><span class='ocrx_word' id='word_1_339' title='bbox 1869 1468 1954 1525; x_wconf 88' lang='lat' dir='ltr'><strong>rio</strong></span> <span class='ocrx_word' id='word_1_340' title='bbox 1980 1476 2196 1540; x_wconf 88' lang='lat' dir='ltr'><strong>nostro,</strong></span> <span class='ocrx_word' id='word_1_341' title='bbox 2214 1473 2284 1528; x_wconf 91' lang='lat' dir='ltr'><strong>de</strong></span> <span class='ocrx_word' id='word_1_342' title='bbox 2296 1472 2479 1544; x_wconf 87' lang='lat' dir='ltr'><strong>gradu</strong></span> <span class='ocrx_word' id='word_1_343' title='bbox 2496 1477 2552 1528; x_wconf 91' lang='lat' dir='ltr'><strong>et</strong></span> <span class='ocrx_word' id='word_1_344' title='bbox 2568 1471 2757 1528; x_wconf 82' lang='lat' dir='ltr'><strong>ofﬁcio</strong></span> <span class='ocrx_word' id='word_1_345' title='bbox 2779 1479 2976 1528; x_wconf 88' lang='lat' dir='ltr'><strong>nostro</strong></span> <span class='ocrx_word' id='word_1_346' title='bbox 2995 1474 3513 1545; x_wconf 90' lang='lat' dir='ltr'><strong>persequuntur,in</strong></span> 
     </span>
    </p>
   </div>
   <div class='ocr_carea' id='block_1_46' title="bbox 1868 1550 3508 1634">
    <p class='ocr_par' dir='ltr' id='par_1_46' title="bbox 1868 1550 3508 1634">
     <span class='ocr_line' id='line_1_46' title="bbox 1868 1550 3508 1634; baseline 0.002 -22"><span class='ocrx_word' id='word_1_347' title='bbox 1868 1574 2128 1615; x_wconf 87' lang='lat' dir='ltr'><strong>carceres</strong></span> <span class='ocrx_word' id='word_1_348' title='bbox 2161 1561 2424 1628; x_wconf 88' lang='lat' dir='ltr'><strong>trudunt,</strong></span> <span class='ocrx_word' id='word_1_349' title='bbox 2471 1560 2623 1616; x_wconf 79' lang='lat' dir='ltr'><strong>fame</strong></span> <span class='ocrx_word' id='word_1_350' title='bbox 2655 1560 2935 1627; x_wconf 87' lang='lat' dir='ltr'><strong>cruciant,</strong></span> <span class='ocrx_word' id='word_1_351' title='bbox 2967 1561 3100 1634; x_wconf 82' lang='lat' dir='ltr'><strong>gelu</strong></span> <span class='ocrx_word' id='word_1_352' title='bbox 3131 1550 3508 1629; x_wconf 85' lang='lat' dir='ltr'><strong>tormentant,</strong></span> 
     </span>
    </p>
   </div>
   <div class='ocr_carea' id='block_1_47' title="bbox 1865 1648 3512 1724">
    <p class='ocr_par' dir='ltr' id='par_1_47' title="bbox 1865 1648 3512 1724">
     <span class='ocr_line' id='line_1_47' title="bbox 1865 1648 3512 1724; baseline 0.004 -22"><span class='ocrx_word' id='word_1_353' title='bbox 1865 1648 2085 1705; x_wconf 65' lang='lat' dir='ltr'><strong>exsiliis</strong></span> <span class='ocrx_word' id='word_1_354' title='bbox 2110 1650 2678 1722; x_wconf 87' lang='lat' dir='ltr'><strong>deputant,pr0priis</strong></span> <span class='ocrx_word' id='word_1_355' title='bbox 2700 1650 3213 1724; x_wconf 86' lang='lat' dir='ltr'><strong>sedibuspulsant,</strong></span> <span class='ocrx_word' id='word_1_356' title='bbox 3237 1651 3512 1709; x_wconf 87' lang='lat' dir='ltr'><strong>diversis-</strong></span> 
     </span>
    </p>
   </div>
   <div class='ocr_carea' id='block_1_48' title="bbox 1865 1738 3512 1811">
    <p class='ocr_par' dir='ltr' id='par_1_48' title="bbox 1865 1738 3512 1811">
     <span class='ocr_line' id='line_1_48' title="bbox 1865 1738 3512 1811; baseline 0.004 -20"><span class='ocrx_word' id='word_1_357' title='bbox 1865 1753 1979 1808; x_wconf 90' lang='lat' dir='ltr'><strong>que</strong></span> <span class='ocrx_word' id='word_1_358' title='bbox 2001 1738 2383 1795; x_wconf 83' lang='lat' dir='ltr'><strong>afﬁictionum</strong></span> <span class='ocrx_word' id='word_1_359' title='bbox 2402 1741 2714 1810; x_wconf 86' lang='lat' dir='ltr'><strong>generibus</strong></span> <span class='ocrx_word' id='word_1_360' title='bbox 2730 1740 3105 1811; x_wconf 79' lang='lat' dir='ltr'><strong>injuriantur.</strong></span> <span class='ocrx_word' id='word_1_361' title='bbox 3121 1740 3239 1796; x_wconf 90' lang='lat' dir='ltr'><strong>Hoc</strong></span> <span class='ocrx_word' id='word_1_362' title='bbox 3260 1739 3434 1796; x_wconf 88' lang='lat' dir='ltr'><strong>etiam</strong></span> <span class='ocrx_word' id='word_1_363' title='bbox 3456 1748 3512 1797; x_wconf 90' lang='lat' dir='ltr'><strong>et</strong></span> 
     </span>
    </p>
   </div>
   <div class='ocr_carea' id='block_1_49' title="bbox 1866 1826 3510 1901">
    <p class='ocr_par' dir='ltr' id='par_1_49' title="bbox 1866 1826 3510 1901">
     <span class='ocr_line' id='line_1_49' title="bbox 1866 1826 3510 1901; baseline 0.005 -22"><span class='ocrx_word' id='word_1_364' title='bbox 1866 1826 2210 1883; x_wconf 85' lang='lat' dir='ltr'><strong>universalis</strong></span> <span class='ocrx_word' id='word_1_365' title='bbox 2232 1845 2335 1900; x_wconf 90' lang='lat' dir='ltr'><strong>per</strong></span> <span class='ocrx_word' id='word_1_366' title='bbox 2366 1829 2565 1884; x_wconf 89' lang='lat' dir='ltr'><strong>orbem</strong></span> <span class='ocrx_word' id='word_1_367' title='bbox 2589 1829 2846 1901; x_wconf 88' lang='lat' dir='ltr'><strong>quotidie</strong></span> <span class='ocrx_word' id='word_1_368' title='bbox 2863 1829 3372 1898; x_wconf 85' lang='lat' dir='ltr'><strong>clamatEcclesia;</strong></span> <span class='ocrx_word' id='word_1_369' title='bbox 3402 1830 3510 1888; x_wconf 89' lang='lat' dir='ltr'><strong>hoc</strong></span> 
     </span>
    </p>
   </div>
   <div class='ocr_carea' id='block_1_50' title="bbox 1866 1914 3507 1991">
    <p class='ocr_par' dir='ltr' id='par_1_50' title="bbox 1866 1914 3507 1991">
     <span class='ocr_line' id='line_1_50' title="bbox 1866 1914 3507 1991; baseline 0.004 -22"><span class='ocrx_word' id='word_1_370' title='bbox 1866 1914 2125 1987; x_wconf 80' lang='lat' dir='ltr'><strong>(subaudi</strong></span> <span class='ocrx_word' id='word_1_371' title='bbox 2153 1915 2387 1989; x_wconf 80' lang='lat' dir='ltr'><strong>clamat]</strong></span> <span class='ocrx_word' id='word_1_372' title='bbox 2424 1916 2576 1985; x_wconf 88' lang='lat' dir='ltr'><strong>istic,</strong></span> <span class='ocrx_word' id='word_1_373' title='bbox 2612 1918 2707 1973; x_wconf 90' lang='lat' dir='ltr'><strong>ubi</strong></span> <span class='ocrx_word' id='word_1_374' title='bbox 2739 1934 2843 1990; x_wconf 91' lang='lat' dir='ltr'><strong>per</strong></span> <span class='ocrx_word' id='word_1_375' title='bbox 2870 1919 3175 1991; x_wconf 86' lang='lat' dir='ltr'><strong>speculum</strong></span> <span class='ocrx_word' id='word_1_376' title='bbox 3206 1920 3339 1976; x_wconf 88' lang='lat' dir='ltr'><strong>etin</strong></span> <span class='ocrx_word' id='word_1_377' title='bbox 3370 1922 3507 1976; x_wconf 74' lang='lat' dir='ltr'><strong>aani-</strong></span> 
     </span>
    </p>
   </div>
   <div class='ocr_carea' id='block_1_51' title="bbox 1863 2003 3506 2083">
    <p class='ocr_par' dir='ltr' id='par_1_51' title="bbox 1863 2003 3506 2083">
     <span class='ocr_line' id='line_1_51' title="bbox 1863 2003 3506 2083; baseline 0.006 -26"><span class='ocrx_word' id='word_1_378' title='bbox 1863 2008 2056 2075; x_wconf 89' lang='lat' dir='ltr'><strong>gmate</strong></span> <span class='ocrx_word' id='word_1_379' title='bbox 2086 2004 2129 2076; x_wconf 78' lang='grc' dir='ltr'><strong>(Ι</strong></span> <span class='ocrx_word' id='word_1_380' title='bbox 2161 2003 2281 2058; x_wconf 76' lang='lat' dir='ltr'><strong>Coi&#39;.</strong></span> <span class='ocrx_word' id='word_1_381' title='bbox 2306 2022 2426 2072; x_wconf 81' lang='lat' dir='ltr'><strong>xm,</strong></span> <span class='ocrx_word' id='word_1_382' title='bbox 2463 2007 2548 2072; x_wconf 81' lang='grc'>12)</span> <span class='ocrx_word' id='word_1_383' title='bbox 2582 2008 2789 2078; x_wconf 85' lang='lat' dir='ltr'><strong>capitis</strong></span> <span class='ocrx_word' id='word_1_384' title='bbox 2820 2009 2911 2062; x_wconf 88' lang='lat' dir='ltr'><strong>sui</strong></span> <span class='ocrx_word' id='word_1_385' title='bbox 2947 2006 3349 2081; x_wconf 82' lang='lat' dir='ltr'><strong>contemplans</strong></span> <span class='ocrx_word' id='word_1_386' title='bbox 3370 2027 3506 2083; x_wconf 87' lang='lat' dir='ltr'><strong>spe-</strong></span> 
     </span>
    </p>
   </div>
   <div class='ocr_carea' id='block_1_52' title="bbox 1863 2093 3506 2173">
    <p class='ocr_par' dir='ltr' id='par_1_52' title="bbox 1863 2093 3506 2173">
     <span class='ocr_line' id='line_1_52' title="bbox 1863 2093 3506 2173; baseline 0.008 -28"><span class='ocrx_word' id='word_1_387' title='bbox 1863 2093 2031 2161; x_wconf 89' lang='lat' dir='ltr'><strong>ciem,</strong></span> <span class='ocrx_word' id='word_1_388' title='bbox 2056 2093 2227 2150; x_wconf 88' lang='lat' dir='ltr'><strong>malis</strong></span> <span class='ocrx_word' id='word_1_389' title='bbox 2249 2093 2425 2150; x_wconf 89' lang='lat' dir='ltr'><strong>mista</strong></span> <span class='ocrx_word' id='word_1_390' title='bbox 2457 2095 2714 2165; x_wconf 86' lang='lat' dir='ltr'><strong>zizaniis,</strong></span> <span class='ocrx_word' id='word_1_391' title='bbox 2755 2097 3023 2168; x_wconf 84' lang='lat' dir='ltr'><strong>graviora</strong></span> <span class='ocrx_word' id='word_1_392' title='bbox 3044 2116 3299 2172; x_wconf 64' lang='lat' dir='ltr'><strong>persaepe</strong></span> <span class='ocrx_word' id='word_1_393' title='bbox 3321 2118 3355 2156; x_wconf 92' lang='lat' dir='ltr'><strong>a</strong></span> <span class='ocrx_word' id='word_1_394' title='bbox 3374 2119 3506 2173; x_wconf 85' lang='lat' dir='ltr'><strong>pro-</strong></span> 
     </span>
    </p>
   </div>
   <div class='ocr_carea' id='block_1_53' title="bbox 1861 2181 3503 2258">
    <p class='ocr_par' dir='ltr' id='par_1_53' title="bbox 1861 2181 3503 2258">
     <span class='ocr_line' id='line_1_53' title="bbox 1861 2181 3503 2258; baseline 0.007 -23"><span class='ocrx_word' id='word_1_395' title='bbox 1861 2181 2026 2254; x_wconf 89' lang='lat' dir='ltr'><strong>priis,</strong></span> <span class='ocrx_word' id='word_1_396' title='bbox 2058 2200 2236 2254; x_wconf 88' lang='lat' dir='ltr'><strong>quam</strong></span> <span class='ocrx_word' id='word_1_397' title='bbox 2270 2183 2491 2255; x_wconf 88' lang='lat' dir='ltr'><strong>patitur</strong></span> <span class='ocrx_word' id='word_1_398' title='bbox 2522 2185 2593 2240; x_wconf 88' lang='lat' dir='ltr'><strong>ab</strong></span> <span class='ocrx_word' id='word_1_399' title='bbox 2620 2186 2943 2255; x_wconf 88' lang='lat' dir='ltr'><strong>extraneis;</strong></span> <span class='ocrx_word' id='word_1_400' title='bbox 2988 2186 3096 2243; x_wconf 89' lang='lat' dir='ltr'><strong>hoc</strong></span> <span class='ocrx_word' id='word_1_401' title='bbox 3134 2193 3191 2244; x_wconf 91' lang='lat' dir='ltr'><strong>et</strong></span> <span class='ocrx_word' id='word_1_402' title='bbox 3228 2188 3370 2258; x_wconf 91' lang='lat' dir='ltr'><strong>illic,</strong></span> <span class='ocrx_word' id='word_1_403' title='bbox 3403 2192 3503 2246; x_wconf 90' lang='lat' dir='ltr'><strong>ubi</strong></span> 
     </span>
    </p>
   </div>
   <div class='ocr_carea' id='block_1_54' title="bbox 1862 2270 3506 2352">
    <p class='ocr_par' dir='ltr' id='par_1_54' title="bbox 1862 2270 3506 2352">
     <span class='ocr_line' id='line_1_54' title="bbox 1862 2270 3506 2352; baseline 0.007 -28"><span class='ocrx_word' id='word_1_404' title='bbox 1862 2270 2008 2327; x_wconf 83' lang='lat' dir='ltr'><strong>facie</strong></span> <span class='ocrx_word' id='word_1_405' title='bbox 2024 2271 2096 2326; x_wconf 89' lang='lat' dir='ltr'><strong>ad</strong></span> <span class='ocrx_word' id='word_1_406' title='bbox 2128 2271 2336 2327; x_wconf 85' lang='lat' dir='ltr'><strong>faciem</strong></span> <span class='ocrx_word' id='word_1_407' title='bbox 2368 2272 2427 2327; x_wconf 89' lang='lat' dir='ltr'><strong>in</strong></span> <span class='ocrx_word' id='word_1_408' title='bbox 2455 2274 2808 2344; x_wconf 84' lang='lat' dir='ltr'><strong>quibusdam</strong></span> <span class='ocrx_word' id='word_1_409' title='bbox 2828 2277 3111 2332; x_wconf 88' lang='lat' dir='ltr'><strong>membris</strong></span> <span class='ocrx_word' id='word_1_410' title='bbox 3133 2278 3259 2333; x_wconf 90' lang='lat' dir='ltr'><strong>suis</strong></span> <span class='ocrx_word' id='word_1_411' title='bbox 3289 2296 3506 2352; x_wconf 88' lang='lat' dir='ltr'><strong>magna</strong></span> 
     </span>
    </p>
   </div>
   <div class='ocr_carea' id='block_1_55' title="bbox 1853 2358 3506 2439">
    <p class='ocr_par' dir='ltr' id='par_1_55' title="bbox 1853 2358 3506 2439">
     <span class='ocr_line' id='line_1_55' title="bbox 1853 2358 3506 2439; baseline 0.007 -26"><span class='ocrx_word' id='word_1_412' title='bbox 1853 2358 1982 2429; x_wconf 90' lang='lat' dir='ltr'><strong>jam</strong></span> <span class='ocrx_word' id='word_1_413' title='bbox 2013 2376 2081 2415; x_wconf 89' lang='lat' dir='ltr'><strong>ex</strong></span> <span class='ocrx_word' id='word_1_414' title='bbox 2108 2364 2271 2432; x_wconf 90' lang='lat' dir='ltr'><strong>parte</strong></span> <span class='ocrx_word' id='word_1_415' title='bbox 2322 2361 2593 2433; x_wconf 85' lang='lat' dir='ltr'><strong>exaltata,</strong></span> <span class='ocrx_word' id='word_1_416' title='bbox 2625 2364 2819 2435; x_wconf 89' lang='lat' dir='ltr'><strong>ipsum</strong></span> <span class='ocrx_word' id='word_1_417' title='bbox 2852 2371 3049 2437; x_wconf 88' lang='lat' dir='ltr'><strong>caput,</strong></span> <span class='ocrx_word' id='word_1_418' title='bbox 3093 2367 3289 2439; x_wconf 90' lang='lat' dir='ltr'><strong>ipsum</strong></span> <span class='ocrx_word' id='word_1_419' title='bbox 3320 2370 3506 2425; x_wconf 89' lang='lat' dir='ltr'><strong>cernit</strong></span> 
     </span>
    </p>
   </div>
   <div class='ocr_carea' id='block_1_56' title="bbox 1861 2449 3501 2527">
    <p class='ocr_par' dir='ltr' id='par_1_56' title="bbox 1861 2449 3501 2527">
     <span class='ocr_line' id='line_1_56' title="bbox 1861 2449 3501 2527; baseline 0.007 -25"><span class='ocrx_word' id='word_1_420' title='bbox 1861 2452 2181 2516; x_wconf 86' lang='lat' dir='ltr'><strong>auctorem,</strong></span> <span class='ocrx_word' id='word_1_421' title='bbox 2212 2454 2374 2506; x_wconf 86' lang='lat' dir='ltr'><strong>tanto</strong></span> <span class='ocrx_word' id='word_1_422' title='bbox 2404 2449 2619 2507; x_wconf 86' lang='lat' dir='ltr'><strong>clamat</strong></span> <span class='ocrx_word' id='word_1_423' title='bbox 2647 2454 2946 2523; x_wconf 85' lang='lat' dir='ltr'><strong>attentius,</strong></span> <span class='ocrx_word' id='word_1_424' title='bbox 2981 2461 3199 2527; x_wconf 88' lang='lat' dir='ltr'><strong>quanto</strong></span> <span class='ocrx_word' id='word_1_425' title='bbox 3230 2456 3501 2514; x_wconf 80' lang='lat' dir='ltr'><strong>liberius:</strong></span> 
     </span>
    </p>
   </div>
   <div class='ocr_carea' id='block_1_57' title="bbox 1858 2537 3503 2619">
    <p class='ocr_par' dir='ltr' id='par_1_57' title="bbox 1858 2537 3503 2619">
     <span class='ocr_line' id='line_1_57' title="bbox 1858 2537 3503 2619; baseline 0.007 -27"><span class='ocrx_word' id='word_1_426' title='bbox 1858 2538 2048 2606; x_wconf 83' lang='lat' dir='ltr'><strong>Intret,</strong></span> <span class='ocrx_word' id='word_1_427' title='bbox 2083 2537 2355 2610; x_wconf 90' lang='lat' dir='ltr'><strong>inquiens</strong></span> <span class='ocrx_word' id='word_1_428' title='bbox 2385 2541 2446 2594; x_wconf 87' lang='lat' dir='ltr'><strong>in</strong></span> <span class='ocrx_word' id='word_1_429' title='bbox 2474 2545 2760 2613; x_wconf 85' lang='lat' dir='ltr'><strong>conspectu</strong></span> <span class='ocrx_word' id='word_1_430' title='bbox 2806 2551 2896 2599; x_wconf 92' lang='lat' dir='ltr'><strong>tuo</strong></span> <span class='ocrx_word' id='word_1_431' title='bbox 2924 2544 3155 2615; x_wconf 87' lang='lat' dir='ltr'><strong>gemitus</strong></span> <span class='ocrx_word' id='word_1_432' title='bbox 3182 2548 3503 2619; x_wconf 81' lang='lat' dir='ltr'><strong>compedito-</strong></span> 
     </span>
    </p>
   </div>
   <div class='ocr_carea' id='block_1_58' title="bbox 1859 2626 3506 2713">
    <p class='ocr_par' dir='ltr' id='par_1_58' title="bbox 1859 2626 3506 2713">
     <span class='ocr_line' id='line_1_58' title="bbox 1859 2626 3506 2713; baseline 0.01 -33"><span class='ocrx_word' id='word_1_433' title='bbox 1859 2643 2006 2697; x_wconf 87' lang='lat' dir='ltr'><strong>rum,</strong></span> <span class='ocrx_word' id='word_1_434' title='bbox 2038 2626 2201 2683; x_wconf 84' lang='lat' dir='ltr'><strong>redde</strong></span> <span class='ocrx_word' id='word_1_435' title='bbox 2228 2629 2424 2684; x_wconf 85' lang='lat' dir='ltr'><strong>vicinis</strong></span> <span class='ocrx_word' id='word_1_436' title='bbox 2453 2632 2653 2686; x_wconf 79' lang='lat' dir='ltr'><strong>nostris</strong></span> <span class='ocrx_word' id='word_1_437' title='bbox 2704 2634 3014 2705; x_wconf 86' lang='lat' dir='ltr'><strong>septuplum</strong></span> <span class='ocrx_word' id='word_1_438' title='bbox 3045 2636 3105 2689; x_wconf 87' lang='lat' dir='ltr'><strong>in</strong></span> <span class='ocrx_word' id='word_1_439' title='bbox 3145 2638 3274 2693; x_wconf 83' lang='lat' dir='ltr'><strong>sinu</strong></span> <span class='ocrx_word' id='word_1_440' title='bbox 3317 2654 3506 2713; x_wconf 85' lang='lat' dir='ltr'><strong>eorum</strong></span> 
     </span>
    </p>
   </div>
   <div class='ocr_carea' id='block_1_59' title="bbox 1929 2717 3504 2796">
    <p class='ocr_par' dir='ltr' id='par_1_59' title="bbox 1929 2717 3504 2796">
     <span class='ocr_line' id='line_1_59' title="bbox 1929 2717 3504 2796; baseline 0.01 -27"><span class='ocrx_word' id='word_1_441' title='bbox 1929 2717 2077 2771; x_wconf 90' lang='lat' dir='ltr'><strong>Psal.</strong></span> <span class='ocrx_word' id='word_1_442' title='bbox 2108 2734 2336 2787; x_wconf 84' lang='lat' dir='ltr'><strong>Lxxvm,</strong></span> <span class='ocrx_word' id='word_1_443' title='bbox 2363 2719 2473 2791; x_wconf 87' lang='grc'>11).</span> <span class='ocrx_word' id='word_1_444' title='bbox 2506 2721 2667 2775; x_wconf 90' lang='lat' dir='ltr'><strong>Tunc</strong></span> <span class='ocrx_word' id='word_1_445' title='bbox 2687 2736 2822 2794; x_wconf 82' lang='lat' dir='ltr'><strong>ergo</strong></span> <span class='ocrx_word' id='word_1_446' title='bbox 2853 2722 3099 2796; x_wconf 90' lang='lat' dir='ltr'><strong>quilibet</strong></span> <span class='ocrx_word' id='word_1_447' title='bbox 3119 2725 3238 2783; x_wconf 84' lang='lat' dir='ltr'><strong>haec</strong></span> <span class='ocrx_word' id='word_1_448' title='bbox 3259 2728 3504 2785; x_wconf 86' lang='lat' dir='ltr'><strong>audiens</strong></span> 
     </span>
    </p>
   </div>
   <div class='ocr_carea' id='block_1_60' title="bbox 1858 2804 3504 2888">
    <p class='ocr_par' dir='ltr' id='par_1_60' title="bbox 1858 2804 3504 2888">
     <span class='ocr_line' id='line_1_60' title="bbox 1858 2804 3504 2888; baseline 0.012 -29"><span class='ocrx_word' id='word_1_449' title='bbox 1858 2804 2133 2873; x_wconf 91' lang='lat' dir='ltr'><strong>vicine,id</strong></span> <span class='ocrx_word' id='word_1_450' title='bbox 2153 2810 2242 2862; x_wconf 91' lang='lat' dir='ltr'><strong>est</strong></span> <span class='ocrx_word' id='word_1_451' title='bbox 2261 2808 2525 2878; x_wconf 82' lang='lat' dir='ltr'><strong>ejusdem</strong></span> <span class='ocrx_word' id='word_1_452' title='bbox 2548 2811 2780 2879; x_wconf 89' lang='lat' dir='ltr'><strong>domus,</strong></span> <span class='ocrx_word' id='word_1_453' title='bbox 2804 2812 3067 2883; x_wconf 84' lang='lat' dir='ltr'><strong>ejusdem</strong></span> <span class='ocrx_word' id='word_1_454' title='bbox 3091 2816 3342 2888; x_wconf 63' lang='lat' dir='ltr'><strong>familiae,</strong></span> <span class='ocrx_word' id='word_1_455' title='bbox 3368 2819 3504 2878; x_wconf 89' lang='lat' dir='ltr'><strong>ﬁdei</strong></span> 
     </span>
    </p>
   </div>
   <div class='ocr_carea' id='block_1_61' title="bbox 1858 2895 3501 2979">
    <p class='ocr_par' dir='ltr' id='par_1_61' title="bbox 1858 2895 3501 2979">
     <span class='ocr_line' id='line_1_61' title="bbox 1858 2895 3501 2979; baseline 0.01 -29"><span class='ocrx_word' id='word_1_456' title='bbox 1858 2896 1915 2950; x_wconf 91' lang='lat' dir='ltr'><strong>et</strong></span> <span class='ocrx_word' id='word_1_457' title='bbox 1964 2895 2405 2966; x_wconf 89' lang='lat' dir='ltr'><strong>redemptionis,</strong></span> <span class='ocrx_word' id='word_1_458' title='bbox 2439 2898 2738 2967; x_wconf 78' lang='lat' dir='ltr'><strong>catholico,</strong></span> <span class='ocrx_word' id='word_1_459' title='bbox 2789 2901 3298 2977; x_wconf 89' lang='lat' dir='ltr'><strong>christianissime,</strong></span> <span class='ocrx_word' id='word_1_460' title='bbox 3337 2911 3501 2979; x_wconf 86' lang='lat' dir='ltr'><strong>time,</strong></span> 
     </span>
    </p>
   </div>
   <div class='ocr_carea' id='block_1_62' title="bbox 1858 2983 3502 3067">
    <p class='ocr_par' dir='ltr' id='par_1_62' title="bbox 1858 2983 3502 3067">
     <span class='ocr_line' id='line_1_62' title="bbox 1858 2983 3502 3067; baseline 0.012 -30"><span class='ocrx_word' id='word_1_461' title='bbox 1858 2997 1956 3039; x_wconf 85' lang='lat' dir='ltr'><strong>rex</strong></span> <span class='ocrx_word' id='word_1_462' title='bbox 1987 2983 2173 3053; x_wconf 90' lang='lat' dir='ltr'><strong>bone;</strong></span> <span class='ocrx_word' id='word_1_463' title='bbox 2207 2989 2265 3040; x_wconf 89' lang='lat' dir='ltr'><strong>et</strong></span> <span class='ocrx_word' id='word_1_464' title='bbox 2295 2986 2435 3041; x_wconf 90' lang='lat' dir='ltr'><strong>dum</strong></span> <span class='ocrx_word' id='word_1_465' title='bbox 2462 2988 2703 3058; x_wconf 84' lang='lat' dir='ltr'><strong>gaudes,</strong></span> <span class='ocrx_word' id='word_1_466' title='bbox 2732 3007 2867 3046; x_wconf 91' lang='lat' dir='ltr'><strong>cum</strong></span> <span class='ocrx_word' id='word_1_467' title='bbox 2896 2993 3066 3050; x_wconf 89' lang='lat' dir='ltr'><strong>audis</strong></span> <span class='ocrx_word' id='word_1_468' title='bbox 3097 2997 3357 3067; x_wconf 89' lang='lat' dir='ltr'><strong>quotidie</strong></span> <span class='ocrx_word' id='word_1_469' title='bbox 3396 3001 3502 3056; x_wconf 85' lang='lat' dir='ltr'><strong>Ec-</strong></span> 
     </span>
    </p>
   </div>
   <div class='ocr_carea' id='block_1_63' title="bbox 1857 3070 3501 3155">
    <p class='ocr_par' dir='ltr' id='par_1_63' title="bbox 1857 3070 3501 3155">
     <span class='ocr_line' id='line_1_63' title="bbox 1857 3070 3501 3155; baseline 0.012 -28"><span class='ocrx_word' id='word_1_470' title='bbox 1857 3070 2095 3128; x_wconf 88' lang='lat' dir='ltr'><strong>clesiam</strong></span> <span class='ocrx_word' id='word_1_471' title='bbox 2126 3073 2352 3129; x_wconf 87' lang='lat' dir='ltr'><strong>dicere:</strong></span> <span class='ocrx_word' id='word_1_472' title='bbox 2411 3076 2661 3141; x_wconf 80' lang='lat' dir='ltr'><strong>Domine,</strong></span> <span class='ocrx_word' id='word_1_473' title='bbox 2700 3080 2914 3137; x_wconf 84' lang='lat' dir='ltr'><strong>salvum</strong></span> <span class='ocrx_word' id='word_1_474' title='bbox 2938 3083 3030 3152; x_wconf 86' lang='lat' dir='ltr'><strong>fac</strong></span> <span class='ocrx_word' id='word_1_475' title='bbox 3072 3100 3272 3155; x_wconf 88' lang='lat' dir='ltr'><strong>regem,</strong></span> <span class='ocrx_word' id='word_1_476' title='bbox 3306 3092 3501 3148; x_wconf 89' lang='lat' dir='ltr'><strong>metue</strong></span> 
     </span>
    </p>
   </div>
   <div class='ocr_carea' id='block_1_64' title="bbox 1856 3161 3495 3243">
    <p class='ocr_par' dir='ltr' id='par_1_64' title="bbox 1856 3161 3495 3243">
     <span class='ocr_line' id='line_1_64' title="bbox 1856 3161 3495 3243; baseline 0.012 -29"><span class='ocrx_word' id='word_1_477' title='bbox 1856 3161 2011 3232; x_wconf 87' lang='lat' dir='ltr'><strong>quod</strong></span> <span class='ocrx_word' id='word_1_478' title='bbox 2039 3162 2306 3232; x_wconf 90' lang='lat' dir='ltr'><strong>sequitur</strong></span> <span class='ocrx_word' id='word_1_479' title='bbox 2330 3178 2342 3217; x_wconf 89' lang='lat'><strong>:</strong></span> <span class='ocrx_word' id='word_1_480' title='bbox 2371 3164 2436 3219; x_wconf 89' lang='lat' dir='ltr'><strong>Et</strong></span> <span class='ocrx_word' id='word_1_481' title='bbox 2465 3165 2668 3220; x_wconf 71' lang='lat' dir='ltr'><strong>exaudi</strong></span> <span class='ocrx_word' id='word_1_482' title='bbox 2693 3182 2792 3221; x_wconf 89' lang='lat' dir='ltr'><strong>nos</strong></span> <span class='ocrx_word' id='word_1_483' title='bbox 2822 3169 2883 3223; x_wconf 87' lang='lat' dir='ltr'><strong>in</strong></span> <span class='ocrx_word' id='word_1_484' title='bbox 2909 3169 2999 3225; x_wconf 86' lang='lat' dir='ltr'><strong>die</strong></span> <span class='ocrx_word' id='word_1_485' title='bbox 3024 3188 3134 3243; x_wconf 89' lang='lat' dir='ltr'><strong>qua</strong></span> <span class='ocrx_word' id='word_1_486' title='bbox 3157 3175 3495 3232; x_wconf 87' lang='lat' dir='ltr'><strong>invocaveri-</strong></span> 
     </span>
    </p>
   </div>
   <div class='ocr_carea' id='block_1_65' title="bbox 138 3240 3493 3338">
    <p class='ocr_par' dir='ltr' id='par_1_65' title="bbox 138 3240 3493 3338">
     <span class='ocr_line' id='line_1_65' title="bbox 138 3240 3493 3338; baseline 0.005 -33"><span class='ocrx_word' id='word_1_487' title='bbox 138 3251 319 3309; x_wconf 87' lang='lat' dir='ltr'><strong>simum</strong></span> <span class='ocrx_word' id='word_1_488' title='bbox 349 3270 668 3311; x_wconf 89' lang='lat' dir='ltr'><strong>memorem</strong></span> <span class='ocrx_word' id='word_1_489' title='bbox 711 3253 941 3310; x_wconf 88' lang='lat' dir='ltr'><strong>Domini</strong></span> <span class='ocrx_word' id='word_1_490' title='bbox 969 3259 1025 3312; x_wconf 93' lang='lat' dir='ltr'><strong>et</strong></span> <span class='ocrx_word' id='word_1_491' title='bbox 1054 3256 1496 3327; x_wconf 88' lang='lat' dir='ltr'><strong>benedictionis,</strong></span> <span class='ocrx_word' id='word_1_492' title='bbox 1528 3258 1738 3327; x_wconf 88' lang='lat' dir='ltr'><strong>ﬁlium,</strong></span> <span class='ocrx_word' id='word_1_493' title='bbox 1766 3240 1815 3309; x_wconf 63' lang='grc' dir='ltr'>Ε</span> <span class='ocrx_word' id='word_1_494' title='bbox 1850 3265 1974 3305; x_wconf 82' lang='lat' dir='ltr'><strong>mus</strong></span> <span class='ocrx_word' id='word_1_495' title='bbox 2002 3256 2054 3305; x_wconf 89' lang='lat' dir='ltr'><strong>te</strong></span> <span class='ocrx_word' id='word_1_496' title='bbox 2073 3249 2244 3322; x_wconf 89' lang='lat' dir='ltr'><strong>(Psal.</strong></span> <span class='ocrx_word' id='word_1_497' title='bbox 2268 3268 2384 3322; x_wconf 81' lang='lat' dir='ltr'><strong>xix,</strong></span> <span class='ocrx_word' id='word_1_498' title='bbox 2410 3253 2519 3325; x_wconf 79' lang='grc'>10).</span> <span class='ocrx_word' id='word_1_499' title='bbox 2556 3254 2636 3310; x_wconf 81' lang='lat' dir='ltr'><strong>Re</strong></span> <span class='ocrx_word' id='word_1_500' title='bbox 2664 3254 2820 3311; x_wconf 90' lang='lat' dir='ltr'><strong>enim</strong></span> <span class='ocrx_word' id='word_1_501' title='bbox 2851 3258 2994 3315; x_wconf 90' lang='lat' dir='ltr'><strong>satis</strong></span> <span class='ocrx_word' id='word_1_502' title='bbox 3015 3240 3324 3334; x_wconf 80' lang='lat' dir='ltr'><strong>perspicua</strong></span> <span class='ocrx_word' id='word_1_503' title='bbox 3353 3267 3493 3338; x_wconf 89' lang='lat' dir='ltr'><strong>quid</strong></span> 
     </span>
    </p>
   </div>
   <div class='ocr_carea' id='block_1_66' title="bbox 138 3338 1743 3417">
    <p class='ocr_par' dir='ltr' id='par_1_66' title="bbox 138 3338 1743 3417">
     <span class='ocr_line' id='line_1_66' title="bbox 138 3338 1743 3417; baseline 0.007 -24"><span class='ocrx_word' id='word_1_504' title='bbox 138 3338 225 3396; x_wconf 90' lang='lat' dir='ltr'><strong>hoc</strong></span> <span class='ocrx_word' id='word_1_505' title='bbox 246 3342 391 3398; x_wconf 90' lang='lat' dir='ltr'><strong>enim</strong></span> <span class='ocrx_word' id='word_1_506' title='bbox 420 3342 525 3399; x_wconf 89' lang='lat' dir='ltr'><strong>illa</strong></span> <span class='ocrx_word' id='word_1_507' title='bbox 557 3343 674 3400; x_wconf 92' lang='lat' dir='ltr'><strong>duo</strong></span> <span class='ocrx_word' id='word_1_508' title='bbox 716 3344 865 3414; x_wconf 81' lang='lat'><strong>(139)</strong></span> <span class='ocrx_word' id='word_1_509' title='bbox 894 3343 1225 3417; x_wconf 87' lang='lat' dir='ltr'><strong>signiﬁcant</strong></span> <span class='ocrx_word' id='word_1_510' title='bbox 1265 3348 1567 3415; x_wconf 89' lang='lat' dir='ltr'><strong>vocabula,</strong></span> <span class='ocrx_word' id='word_1_511' title='bbox 1597 3349 1743 3404; x_wconf 85' lang='lat' dir='ltr'><strong>fece-</strong></span> 
     </span>
    </p>
   </div>
   <div class='ocr_carea' id='block_1_67' title="bbox 138 3430 1744 3509">
    <p class='ocr_par' dir='ltr' id='par_1_67' title="bbox 138 3430 1744 3509">
     <span class='ocr_line' id='line_1_67' title="bbox 138 3430 1744 3509; baseline 0.006 -27"><span class='ocrx_word' id='word_1_512' title='bbox 138 3438 263 3500; x_wconf 84' lang='lat' dir='ltr'><strong>runt,</strong></span> <span class='ocrx_word' id='word_1_513' title='bbox 294 3449 488 3505; x_wconf 70' lang='lat' dir='ltr'><strong>pinnas</strong></span> <span class='ocrx_word' id='word_1_514' title='bbox 520 3430 749 3489; x_wconf 90' lang='lat' dir='ltr'><strong>exsolve</strong></span> <span class='ocrx_word' id='word_1_515' title='bbox 775 3451 788 3501; x_wconf 92' lang='lat'><strong>;</strong></span> <span class='ocrx_word' id='word_1_516' title='bbox 819 3437 920 3489; x_wconf 88' lang='lat' dir='ltr'><strong>aut</strong></span> <span class='ocrx_word' id='word_1_517' title='bbox 944 3450 978 3489; x_wconf 91' lang='lat' dir='ltr'><strong>a</strong></span> <span class='ocrx_word' id='word_1_518' title='bbox 998 3436 1397 3508; x_wconf 88' lang='lat' dir='ltr'><strong>persecutione</strong></span> <span class='ocrx_word' id='word_1_519' title='bbox 1418 3437 1744 3509; x_wconf 88' lang='lat' dir='ltr'><strong>quorumli-</strong></span> 
     </span>
    </p>
   </div>
   <div class='ocr_carea' id='block_1_68' title="bbox 136 3516 1743 3598">
    <p class='ocr_par' dir='ltr' id='par_1_68' title="bbox 136 3516 1743 3598">
     <span class='ocr_line' id='line_1_68' title="bbox 136 3516 1743 3598; baseline 0.006 -26"><span class='ocrx_word' id='word_1_520' title='bbox 136 3516 763 3588; x_wconf 85' lang='lat' dir='ltr'><strong>bctecclesiasticorum,</strong></span> <span class='ocrx_word' id='word_1_521' title='bbox 785 3520 918 3579; x_wconf 90' lang='lat' dir='ltr'><strong>licet</strong></span> <span class='ocrx_word' id='word_1_522' title='bbox 939 3522 1169 3579; x_wconf 88' lang='lat' dir='ltr'><strong>minimi</strong></span> <span class='ocrx_word' id='word_1_523' title='bbox 1193 3525 1435 3593; x_wconf 90' lang='lat' dir='ltr'><strong>ordinis,</strong></span> <span class='ocrx_word' id='word_1_524' title='bbox 1459 3524 1743 3598; x_wconf 83' lang='lat' dir='ltr'><strong>linguam,</strong></span> 
     </span>
    </p>
   </div>
   <div class='ocr_carea' id='block_1_69' title="bbox 136 3607 1742 3687">
    <p class='ocr_par' dir='ltr' id='par_1_69' title="bbox 136 3607 1742 3687">
     <span class='ocr_line' id='line_1_69' title="bbox 136 3607 1742 3687; baseline 0.006 -25"><span class='ocrx_word' id='word_1_525' title='bbox 136 3607 229 3664; x_wconf 88' lang='lat' dir='ltr'><strong>vim</strong></span> <span class='ocrx_word' id='word_1_526' title='bbox 259 3614 311 3667; x_wconf 88' lang='lat' dir='ltr'><strong>et</strong></span> <span class='ocrx_word' id='word_1_527' title='bbox 338 3628 550 3667; x_wconf 89' lang='lat' dir='ltr'><strong>manus</strong></span> <span class='ocrx_word' id='word_1_528' title='bbox 578 3610 830 3680; x_wconf 86' lang='lat' dir='ltr'><strong>contine,</strong></span> <span class='ocrx_word' id='word_1_529' title='bbox 864 3612 1002 3684; x_wconf 89' lang='lat' dir='ltr'><strong>quia</strong></span> <span class='ocrx_word' id='word_1_530' title='bbox 1032 3612 1144 3685; x_wconf 82' lang='lat' dir='ltr'><strong>ipsi</strong></span> <span class='ocrx_word' id='word_1_531' title='bbox 1171 3614 1483 3686; x_wconf 84' lang='lat' dir='ltr'><strong>prophetae,</strong></span> <span class='ocrx_word' id='word_1_532' title='bbox 1510 3616 1620 3687; x_wconf 89' lang='lat' dir='ltr'><strong>ipsi</strong></span> <span class='ocrx_word' id='word_1_533' title='bbox 1644 3633 1742 3671; x_wconf 88' lang='lat' dir='ltr'><strong>sa-</strong></span> 
     </span>
    </p>
   </div>
   <div class='ocr_carea' id='block_1_70' title="bbox 138 3694 1747 3775">
    <p class='ocr_par' dir='ltr' id='par_1_70' title="bbox 138 3694 1747 3775">
     <span class='ocr_line' id='line_1_70' title="bbox 138 3694 1747 3775; baseline 0.006 -25"><span class='ocrx_word' id='word_1_534' title='bbox 138 3694 325 3767; x_wconf 87' lang='lat' dir='ltr'><strong>pientes</strong></span> <span class='ocrx_word' id='word_1_535' title='bbox 353 3699 630 3756; x_wconf 90' lang='lat' dir='ltr'><strong>dicuntur</strong></span> <span class='ocrx_word' id='word_1_536' title='bbox 649 3704 706 3756; x_wconf 89' lang='lat' dir='ltr'><strong>et</strong></span> <span class='ocrx_word' id='word_1_537' title='bbox 726 3700 1031 3768; x_wconf 71' lang='lat' dir='ltr'><strong>scribaa,ut</strong></span> <span class='ocrx_word' id='word_1_538' title='bbox 1075 3718 1211 3758; x_wconf 90' lang='lat' dir='ltr'><strong>cum</strong></span> <span class='ocrx_word' id='word_1_539' title='bbox 1240 3705 1610 3775; x_wconf 84' lang='lat' dir='ltr'><strong>generatione</strong></span> <span class='ocrx_word' id='word_1_540' title='bbox 1661 3720 1747 3759; x_wconf 89' lang='lat' dir='ltr'><strong>re-</strong></span> 
     </span>
    </p>
   </div>
   <div class='ocr_carea' id='block_1_71' title="bbox 139 3788 1745 3857">
    <p class='ocr_par' dir='ltr' id='par_1_71' title="bbox 139 3788 1745 3857">
     <span class='ocr_line' id='line_1_71' title="bbox 139 3788 1745 3857; baseline 0.006 -18"><span class='ocrx_word' id='word_1_541' title='bbox 139 3791 328 3844; x_wconf 89' lang='lat' dir='ltr'><strong>ctorum</strong></span> <span class='ocrx_word' id='word_1_542' title='bbox 367 3788 727 3857; x_wconf 89' lang='lat' dir='ltr'><strong>benedicere,</strong></span> <span class='ocrx_word' id='word_1_543' title='bbox 773 3794 991 3846; x_wconf 88' lang='lat' dir='ltr'><strong>etcum</strong></span> <span class='ocrx_word' id='word_1_544' title='bbox 1023 3808 1091 3847; x_wconf 87' lang='lat' dir='ltr'><strong>ea</strong></span> <span class='ocrx_word' id='word_1_545' title='bbox 1127 3790 1317 3847; x_wconf 85' lang='lat' dir='ltr'><strong>valeas</strong></span> <span class='ocrx_word' id='word_1_546' title='bbox 1353 3793 1478 3848; x_wconf 88' lang='lat' dir='ltr'><strong>sine</strong></span> <span class='ocrx_word' id='word_1_547' title='bbox 1513 3794 1627 3848; x_wconf 84' lang='lat' dir='ltr'><strong>ﬁne</strong></span> <span class='ocrx_word' id='word_1_548' title='bbox 1656 3810 1745 3849; x_wconf 88' lang='lat' dir='ltr'><strong>re-</strong></span> 
     </span>
    </p>
   </div>
   <div class='ocr_carea' id='block_1_72' title="bbox 125 3876 1748 3954">
    <p class='ocr_par' dir='ltr' id='par_1_72' title="bbox 125 3876 1748 3954">
     <span class='ocr_line' id='line_1_72' title="bbox 125 3876 1748 3954; baseline 0.005 -25"><span class='ocrx_word' id='word_1_549' title='bbox 125 3876 453 3944; x_wconf 82' lang='lat' dir='ltr'><strong>.gnare.Nam</strong></span> <span class='ocrx_word' id='word_1_550' title='bbox 467 3877 518 3935; x_wconf 86' lang='lat' dir='ltr'><strong>si</strong></span> <span class='ocrx_word' id='word_1_551' title='bbox 539 3877 851 3950; x_wconf 88' lang='lat' dir='ltr'><strong>vilipendis</strong></span> <span class='ocrx_word' id='word_1_552' title='bbox 873 3878 1252 3936; x_wconf 87' lang='lat' dir='ltr'><strong>criminosum</strong></span> <span class='ocrx_word' id='word_1_553' title='bbox 1278 3880 1748 3954; x_wconf 88' lang='lat' dir='ltr'><strong>episcopum,aut</strong></span> 
     </span>
    </p>
   </div>
   <div class='ocr_carea' id='block_1_73' title="bbox 140 3962 1749 4044">
    <p class='ocr_par' dir='ltr' id='par_1_73' title="bbox 140 3962 1749 4044">
     <span class='ocr_line' id='line_1_73' title="bbox 140 3962 1749 4044; baseline 0.006 -27"><span class='ocrx_word' id='word_1_554' title='bbox 140 3962 283 4021; x_wconf 84' lang='lat' dir='ltr'><strong>etiam</strong></span> <span class='ocrx_word' id='word_1_555' title='bbox 306 3968 708 4041; x_wconf 82' lang='lat' dir='ltr'><strong>presbyterum</strong></span> <span class='ocrx_word' id='word_1_556' title='bbox 724 3967 1026 4040; x_wconf 90' lang='lat' dir='ltr'><strong>suppliciis</strong></span> <span class='ocrx_word' id='word_1_557' title='bbox 1043 3969 1271 4026; x_wconf 83' lang='lat' dir='ltr'><strong>afﬁcere</strong></span> <span class='ocrx_word' id='word_1_558' title='bbox 1291 3988 1304 4039; x_wconf 92' lang='lat'><strong>;</strong></span> <span class='ocrx_word' id='word_1_559' title='bbox 1325 3987 1397 4026; x_wconf 92' lang='lat' dir='ltr'><strong>ne</strong></span> <span class='ocrx_word' id='word_1_560' title='bbox 1409 3987 1549 4044; x_wconf 89' lang='lat' dir='ltr'><strong>rogo</strong></span> <span class='ocrx_word' id='word_1_561' title='bbox 1563 3971 1749 4043; x_wconf 88' lang='lat' dir='ltr'><strong>parvi-</strong></span> 
     </span>
    </p>
   </div>
   <div class='ocr_carea' id='block_1_74' title="bbox 139 4054 1747 4131">
    <p class='ocr_par' dir='ltr' id='par_1_74' title="bbox 139 4054 1747 4131">
     <span class='ocr_line' id='line_1_74' title="bbox 139 4054 1747 4131; baseline 0.006 -25"><span class='ocrx_word' id='word_1_562' title='bbox 139 4054 325 4122; x_wconf 84' lang='lat' dir='ltr'><strong>pendas</strong></span> <span class='ocrx_word' id='word_1_563' title='bbox 350 4060 568 4125; x_wconf 87' lang='lat' dir='ltr'><strong>tantos,</strong></span> <span class='ocrx_word' id='word_1_564' title='bbox 594 4073 742 4130; x_wconf 89' lang='lat' dir='ltr'><strong>quos</strong></span> <span class='ocrx_word' id='word_1_565' title='bbox 767 4057 1101 4131; x_wconf 87' lang='lat' dir='ltr'><strong>evangelica</strong></span> <span class='ocrx_word' id='word_1_566' title='bbox 1122 4058 1227 4114; x_wconf 86' lang='lat' dir='ltr'><strong>tibi</strong></span> <span class='ocrx_word' id='word_1_567' title='bbox 1260 4061 1433 4116; x_wconf 90' lang='lat' dir='ltr'><strong>modo</strong></span> <span class='ocrx_word' id='word_1_568' title='bbox 1457 4066 1747 4116; x_wconf 83' lang='lat' dir='ltr'><strong>monstra-</strong></span> 
     </span>
    </p>
   </div>
   <div class='ocr_carea' id='block_1_75' title="bbox 138 4141 1743 4219">
    <p class='ocr_par' dir='ltr' id='par_1_75' title="bbox 138 4141 1743 4219">
     <span class='ocr_line' id='line_1_75' title="bbox 138 4141 1743 4219; baseline 0.007 -23"><span class='ocrx_word' id='word_1_569' title='bbox 138 4141 204 4197; x_wconf 83' lang='lat' dir='ltr'><strong>vit</strong></span> <span class='ocrx_word' id='word_1_570' title='bbox 226 4141 400 4213; x_wconf 87' lang='lat' dir='ltr'><strong>lectio,</strong></span> <span class='ocrx_word' id='word_1_571' title='bbox 415 4162 606 4219; x_wconf 88' lang='lat' dir='ltr'><strong>usque</strong></span> <span class='ocrx_word' id='word_1_572' title='bbox 637 4146 695 4201; x_wconf 90' lang='lat' dir='ltr'><strong>in</strong></span> <span class='ocrx_word' id='word_1_573' title='bbox 712 4147 889 4202; x_wconf 87' lang='lat' dir='ltr'><strong>ﬁnem</strong></span> <span class='ocrx_word' id='word_1_574' title='bbox 907 4146 1103 4204; x_wconf 77' lang='lat' dir='ltr'><strong>saeculi</strong></span> <span class='ocrx_word' id='word_1_575' title='bbox 1122 4147 1454 4205; x_wconf 78' lang='lat' dir='ltr'><strong>interfectos</strong></span> <span class='ocrx_word' id='word_1_576' title='bbox 1467 4150 1538 4204; x_wconf 87' lang='lat' dir='ltr'><strong>ab</strong></span> <span class='ocrx_word' id='word_1_577' title='bbox 1557 4150 1743 4207; x_wconf 87' lang='lat' dir='ltr'><strong>initio.</strong></span> 
     </span>
    </p>
   </div>
   <div class='ocr_carea' id='block_1_76' title="bbox 139 4229 1748 4308">
    <p class='ocr_par' dir='ltr' id='par_1_76' title="bbox 139 4229 1748 4308">
     <span class='ocr_line' id='line_1_76' title="bbox 139 4229 1748 4308; baseline 0.008 -26"><span class='ocrx_word' id='word_1_578' title='bbox 139 4229 183 4283; x_wconf 80' lang='lat' dir='ltr'><strong>Si</strong></span> <span class='ocrx_word' id='word_1_579' title='bbox 221 4249 389 4290; x_wconf 89' lang='lat' dir='ltr'><strong>unum</strong></span> <span class='ocrx_word' id='word_1_580' title='bbox 421 4252 539 4291; x_wconf 90' lang='lat' dir='ltr'><strong>non</strong></span> <span class='ocrx_word' id='word_1_581' title='bbox 580 4234 797 4292; x_wconf 89' lang='lat' dir='ltr'><strong>vereris</strong></span> <span class='ocrx_word' id='word_1_582' title='bbox 846 4233 1150 4308; x_wconf 87' lang='lat' dir='ltr'><strong>injuriare,</strong></span> <span class='ocrx_word' id='word_1_583' title='bbox 1200 4237 1506 4294; x_wconf 91' lang='lat' dir='ltr'><strong>considera</strong></span> <span class='ocrx_word' id='word_1_584' title='bbox 1552 4238 1602 4294; x_wconf 93' lang='lat' dir='ltr'><strong>si</strong></span> <span class='ocrx_word' id='word_1_585' title='bbox 1650 4256 1748 4295; x_wconf 81' lang='lat' dir='ltr'><strong>va-</strong></span> 
     </span>
    </p>
   </div>
   <div class='ocr_carea' id='block_1_77' title="bbox 139 4315 1752 4397">
    <p class='ocr_par' dir='ltr' id='par_1_77' title="bbox 139 4315 1752 4397">
     <span class='ocr_line' id='line_1_77' title="bbox 139 4315 1752 4397; baseline 0.008 -26"><span class='ocrx_word' id='word_1_586' title='bbox 139 4315 206 4374; x_wconf 86' lang='lat' dir='ltr'><strong>les</strong></span> <span class='ocrx_word' id='word_1_587' title='bbox 230 4338 323 4394; x_wconf 86' lang='lat' dir='ltr'><strong>pro</strong></span> <span class='ocrx_word' id='word_1_588' title='bbox 367 4324 643 4381; x_wconf 88' lang='lat' dir='ltr'><strong>omnibus</strong></span> <span class='ocrx_word' id='word_1_589' title='bbox 673 4328 962 4382; x_wconf 85' lang='lat' dir='ltr'><strong>tormenta</strong></span> <span class='ocrx_word' id='word_1_590' title='bbox 991 4327 1263 4397; x_wconf 77' lang='lat' dir='ltr'><strong>perferre.</strong></span> <span class='ocrx_word' id='word_1_591' title='bbox 1297 4327 1366 4382; x_wconf 90' lang='lat' dir='ltr'><strong>Et</strong></span> <span class='ocrx_word' id='word_1_592' title='bbox 1384 4344 1583 4383; x_wconf 87' lang='lat' dir='ltr'><strong>revera</strong></span> <span class='ocrx_word' id='word_1_593' title='bbox 1602 4328 1651 4385; x_wconf 91' lang='lat' dir='ltr'><strong>si</strong></span> <span class='ocrx_word' id='word_1_594' title='bbox 1682 4346 1752 4385; x_wconf 82' lang='lat' dir='ltr'><strong>ex</strong></span> 
     </span>
    </p>
   </div>
   <div class='ocr_carea' id='block_1_78' title="bbox 140 4410 1751 4489">
    <p class='ocr_par' dir='ltr' id='par_1_78' title="bbox 140 4410 1751 4489">
     <span class='ocr_line' id='line_1_78' title="bbox 140 4410 1751 4489; baseline 0.006 -25"><span class='ocrx_word' id='word_1_595' title='bbox 140 4422 245 4466; x_wconf 88' lang='lat' dir='ltr'><strong>meo</strong></span> <span class='ocrx_word' id='word_1_596' title='bbox 271 4410 372 4469; x_wconf 90' lang='lat' dir='ltr'><strong>hoc</strong></span> <span class='ocrx_word' id='word_1_597' title='bbox 413 4413 518 4469; x_wconf 87' lang='lat' dir='ltr'><strong>tibi</strong></span> <span class='ocrx_word' id='word_1_598' title='bbox 572 4430 814 4470; x_wconf 89' lang='lat' dir='ltr'><strong>conarer</strong></span> <span class='ocrx_word' id='word_1_599' title='bbox 842 4418 1123 4483; x_wconf 87' lang='lat' dir='ltr'><strong>astruere,</strong></span> <span class='ocrx_word' id='word_1_600' title='bbox 1158 4415 1350 4472; x_wconf 84' lang='lat' dir='ltr'><strong>dicere</strong></span> <span class='ocrx_word' id='word_1_601' title='bbox 1398 4422 1628 4489; x_wconf 90' lang='lat' dir='ltr'><strong>poteras</strong></span> <span class='ocrx_word' id='word_1_602' title='bbox 1658 4435 1751 4473; x_wconf 90' lang='lat' dir='ltr'><strong>me</strong></span> 
     </span>
    </p>
   </div>
   <div class='ocr_carea' id='block_1_79' title="bbox 142 4499 1751 4563">
    <p class='ocr_par' dir='ltr' id='par_1_79' title="bbox 142 4499 1751 4563">
     <span class='ocr_line' id='line_1_79' title="bbox 142 4499 1751 4563; baseline 0.006 -11"><span class='ocrx_word' id='word_1_603' title='bbox 142 4499 233 4553; x_wconf 87' lang='lat' dir='ltr'><strong>mei</strong></span> <span class='ocrx_word' id='word_1_604' title='bbox 262 4517 427 4558; x_wconf 88' lang='lat' dir='ltr'><strong>causa</strong></span> <span class='ocrx_word' id='word_1_605' title='bbox 454 4501 718 4559; x_wconf 84' lang='lat' dir='ltr'><strong>ﬁnxisse.</strong></span> <span class='ocrx_word' id='word_1_606' title='bbox 752 4503 917 4558; x_wconf 90' lang='lat' dir='ltr'><strong>Nunc</strong></span> <span class='ocrx_word' id='word_1_607' title='bbox 946 4520 1079 4559; x_wconf 90' lang='lat' dir='ltr'><strong>vero</strong></span> <span class='ocrx_word' id='word_1_608' title='bbox 1111 4520 1244 4560; x_wconf 89' lang='lat' dir='ltr'><strong>cum</strong></span> <span class='ocrx_word' id='word_1_609' title='bbox 1275 4506 1448 4561; x_wconf 89' lang='lat' dir='ltr'><strong>verbo</strong></span> <span class='ocrx_word' id='word_1_610' title='bbox 1478 4505 1751 4563; x_wconf 84' lang='lat' dir='ltr'><strong>Veritatis</strong></span> 
     </span>
    </p>
   </div>
   <div class='ocr_carea' id='block_1_80' title="bbox 142 4586 1827 4681">
    <p class='ocr_par' dir='ltr' id='par_1_80' title="bbox 142 4586 1827 4681">
     <span class='ocr_line' id='line_1_80' title="bbox 142 4586 1827 4681; baseline 0.006 -39"><span class='ocrx_word' id='word_1_611' title='bbox 142 4586 207 4681; x_wconf 70' lang='lat' dir='ltr'><strong>nil</strong></span> <span class='ocrx_word' id='word_1_612' title='bbox 234 4594 432 4648; x_wconf 87' lang='lat' dir='ltr'><strong>temere</strong></span> <span class='ocrx_word' id='word_1_613' title='bbox 462 4592 766 4661; x_wconf 89' lang='lat' dir='ltr'><strong>minantis,</strong></span> <span class='ocrx_word' id='word_1_614' title='bbox 800 4590 881 4648; x_wconf 90' lang='lat' dir='ltr'><strong>nil</strong></span> <span class='ocrx_word' id='word_1_615' title='bbox 905 4592 1328 4666; x_wconf 84' lang='lat' dir='ltr'><strong>refragabiliter</strong></span> <span class='ocrx_word' id='word_1_616' title='bbox 1355 4595 1751 4666; x_wconf 89' lang='lat' dir='ltr'><strong>promittentis</strong></span> <span class='ocrx_word' id='word_1_617' title='bbox 1779 4615 1827 4681; x_wconf 83' lang='lat' dir='ltr'><strong>D</strong></span> 
     </span>
    </p>
   </div>
   <div class='ocr_carea' id='block_1_81' title="bbox 140 4673 1679 4756">
    <p class='ocr_par' dir='ltr' id='par_1_81' title="bbox 140 4673 1679 4756">
     <span class='ocr_line' id='line_1_81' title="bbox 140 4673 1679 4756; baseline 0.007 -26"><span class='ocrx_word' id='word_1_618' title='bbox 140 4673 261 4733; x_wconf 91' lang='lat' dir='ltr'><strong>illud</strong></span> <span class='ocrx_word' id='word_1_619' title='bbox 282 4679 497 4755; x_wconf 85' lang='lat' dir='ltr'><strong>dictum</strong></span> <span class='ocrx_word' id='word_1_620' title='bbox 531 4681 723 4751; x_wconf 88' lang='lat' dir='ltr'><strong>audis,</strong></span> <span class='ocrx_word' id='word_1_621' title='bbox 757 4682 911 4754; x_wconf 90' lang='lat' dir='ltr'><strong>quod</strong></span> <span class='ocrx_word' id='word_1_622' title='bbox 944 4700 1082 4755; x_wconf 87' lang='lat' dir='ltr'><strong>rogo</strong></span> <span class='ocrx_word' id='word_1_623' title='bbox 1101 4683 1381 4756; x_wconf 77' lang='lat' dir='ltr'><strong>eﬁ‘ugium</strong></span> <span class='ocrx_word' id='word_1_624' title='bbox 1412 4683 1679 4741; x_wconf 84' lang='lat' dir='ltr'><strong>invenis?</strong></span> 
     </span>
    </p>
   </div>
   <div class='ocr_carea' id='block_1_82' title="bbox 808 4771 1047 4828">
    <p class='ocr_par' dir='ltr' id='par_1_82' title="bbox 808 4771 1047 4828">
     <span class='ocr_line' id='line_1_82' title="bbox 808 4771 1047 4828; baseline 0.004 -1"><span class='ocrx_word' id='word_1_625' title='bbox 808 4773 928 4827; x_wconf 81' lang='lat' dir='ltr'><strong>Trr.</strong></span> <span class='ocrx_word' id='word_1_626' title='bbox 974 4771 1047 4828; x_wconf 83' lang='lat' dir='ltr'><strong>XI</strong></span> 
     </span>
    </p>
   </div>
   <div class='ocr_carea' id='block_1_83' title="bbox 198 4858 1753 4936">
    <p class='ocr_par' dir='ltr' id='par_1_83' title="bbox 198 4858 1753 4936">
     <span class='ocr_line' id='line_1_83' title="bbox 198 4858 1753 4936; baseline 0.005 -25"><span class='ocrx_word' id='word_1_627' title='bbox 198 4858 275 4912; x_wconf 86' lang='lat'><strong>20.</strong></span> <span class='ocrx_word' id='word_1_628' title='bbox 288 4861 597 4917; x_wconf 87' lang='lat' dir='ltr'><strong>Considera</strong></span> <span class='ocrx_word' id='word_1_629' title='bbox 625 4864 682 4916; x_wconf 90' lang='lat' dir='ltr'><strong>et</strong></span> <span class='ocrx_word' id='word_1_630' title='bbox 709 4861 1033 4918; x_wconf 89' lang='lat' dir='ltr'><strong>orationem</strong></span> <span class='ocrx_word' id='word_1_631' title='bbox 1056 4861 1166 4917; x_wconf 92' lang='lat' dir='ltr'><strong>sub</strong></span> <span class='ocrx_word' id='word_1_632' title='bbox 1190 4861 1367 4918; x_wconf 86' lang='lat' dir='ltr'><strong>altare</strong></span> <span class='ocrx_word' id='word_1_633' title='bbox 1388 4862 1488 4919; x_wconf 89' lang='lat' dir='ltr'><strong>Dei</strong></span> <span class='ocrx_word' id='word_1_634' title='bbox 1519 4867 1753 4936; x_wconf 87' lang='lat' dir='ltr'><strong>prepter</strong></span> 
     </span>
    </p>
   </div>
   <div class='ocr_carea' id='block_1_84' title="bbox 142 4946 1751 5019">
    <p class='ocr_par' dir='ltr' id='par_1_84' title="bbox 142 4946 1751 5019">
     <span class='ocr_line' id='line_1_84' title="bbox 142 4946 1751 5019; baseline 0.006 -21"><span class='ocrx_word' id='word_1_635' title='bbox 142 4946 522 5005; x_wconf 86' lang='lat' dir='ltr'><strong>testamentum</strong></span> <span class='ocrx_word' id='word_1_636' title='bbox 554 4949 784 5006; x_wconf 89' lang='lat' dir='ltr'><strong>Domini</strong></span> <span class='ocrx_word' id='word_1_637' title='bbox 814 4950 1138 5006; x_wconf 89' lang='lat' dir='ltr'><strong>occisorum</strong></span> <span class='ocrx_word' id='word_1_638' title='bbox 1170 4952 1532 5019; x_wconf 89' lang='lat' dir='ltr'><strong>continuam,</strong></span> <span class='ocrx_word' id='word_1_639' title='bbox 1566 4958 1621 5008; x_wconf 89' lang='lat' dir='ltr'><strong>et</strong></span> <span class='ocrx_word' id='word_1_640' title='bbox 1649 4970 1751 5008; x_wconf 89' lang='lat' dir='ltr'><strong>nec</strong></span> 
     </span>
    </p>
   </div>
   <div class='ocr_carea' id='block_1_85' title="bbox 142 5032 1752 5114">
    <p class='ocr_par' dir='ltr' id='par_1_85' title="bbox 142 5032 1752 5114">
     <span class='ocr_line' id='line_1_85' title="bbox 142 5032 1752 5114; baseline 0.006 -26"><span class='ocrx_word' id='word_1_641' title='bbox 142 5032 308 5091; x_wconf 78' lang='lat' dir='ltr'><strong>minus</strong></span> <span class='ocrx_word' id='word_1_642' title='bbox 321 5037 496 5094; x_wconf 85' lang='lat' dir='ltr'><strong>altare</strong></span> <span class='ocrx_word' id='word_1_643' title='bbox 512 5038 731 5110; x_wconf 90' lang='lat' dir='ltr'><strong>ipsum,</strong></span> <span class='ocrx_word' id='word_1_644' title='bbox 752 5040 892 5094; x_wconf 91' lang='lat' dir='ltr'><strong>dum</strong></span> <span class='ocrx_word' id='word_1_645' title='bbox 906 5043 964 5094; x_wconf 89' lang='lat' dir='ltr'><strong>et</strong></span> <span class='ocrx_word' id='word_1_646' title='bbox 981 5039 1133 5095; x_wconf 90' lang='lat' dir='ltr'><strong>idem</strong></span> <span class='ocrx_word' id='word_1_647' title='bbox 1154 5056 1280 5096; x_wconf 90' lang='lat' dir='ltr'><strong>esse</strong></span> <span class='ocrx_word' id='word_1_648' title='bbox 1293 5042 1392 5113; x_wconf 86' lang='lat' dir='ltr'><strong>qui</strong></span> <span class='ocrx_word' id='word_1_649' title='bbox 1421 5048 1478 5096; x_wconf 91' lang='lat' dir='ltr'><strong>et</strong></span> <span class='ocrx_word' id='word_1_650' title='bbox 1497 5042 1752 5114; x_wconf 75' lang='lat' dir='ltr'><strong>pontifex</strong></span> 
     </span>
    </p>
   </div>
   <div class='ocr_carea' id='block_1_86' title="bbox 143 5122 1795 5200">
    <p class='ocr_par' dir='ltr' id='par_1_86' title="bbox 143 5122 1795 5200">
     <span class='ocr_line' id='line_1_86' title="bbox 143 5122 1795 5200; baseline 0.007 -25"><span class='ocrx_word' id='word_1_651' title='bbox 143 5126 187 5176; x_wconf 86' lang='lat' dir='ltr'><strong>et</strong></span> <span class='ocrx_word' id='word_1_652' title='bbox 210 5122 384 5181; x_wconf 87' lang='lat' dir='ltr'><strong>hostia</strong></span> <span class='ocrx_word' id='word_1_653' title='bbox 414 5132 521 5195; x_wconf 88' lang='lat' dir='ltr'><strong>est,</strong></span> <span class='ocrx_word' id='word_1_654' title='bbox 556 5126 931 5184; x_wconf 84' lang='lat' dir='ltr'><strong>intellexeris.</strong></span> <span class='ocrx_word' id='word_1_655' title='bbox 961 5127 1304 5184; x_wconf 88' lang='lat' dir='ltr'><strong>Formidans</strong></span> <span class='ocrx_word' id='word_1_656' title='bbox 1335 5129 1750 5200; x_wconf 86' lang='lat' dir='ltr'><strong>animadverte,</strong></span> <span class='ocrx_word' id='word_1_657' title='bbox 1784 5142 1795 5149; x_wconf 88' lang='lat'>‘</span> 
     </span>
    </p>
   </div>
   <div class='ocr_carea' id='block_1_87' title="bbox 144 5217 1749 5292">
    <p class='ocr_par' dir='ltr' id='par_1_87' title="bbox 144 5217 1749 5292">
     <span class='ocr_line' id='line_1_87' title="bbox 144 5217 1749 5292; baseline 0.005 -26"><span class='ocrx_word' id='word_1_658' title='bbox 144 5226 278 5283; x_wconf 83' lang='lat' dir='ltr'><strong>rogo,</strong></span> <span class='ocrx_word' id='word_1_659' title='bbox 307 5232 549 5288; x_wconf 88' lang='lat' dir='ltr'><strong>quorum</strong></span> <span class='ocrx_word' id='word_1_660' title='bbox 583 5217 883 5290; x_wconf 87' lang='lat' dir='ltr'><strong>postulent</strong></span> <span class='ocrx_word' id='word_1_661' title='bbox 932 5217 1282 5273; x_wconf 85' lang='lat' dir='ltr'><strong>vindictam:</strong></span> <span class='ocrx_word' id='word_1_662' title='bbox 1336 5220 1630 5292; x_wconf 86' lang='lat' dir='ltr'><strong>Usquequo,</strong></span> <span class='ocrx_word' id='word_1_663' title='bbox 1663 5219 1749 5274; x_wconf 91' lang='lat' dir='ltr'><strong>in-</strong></span> 
     </span>
    </p>
   </div>
   <div class='ocr_carea' id='block_1_88' title="bbox 145 5300 1752 5390">
    <p class='ocr_par' dir='ltr' id='par_1_88' title="bbox 145 5300 1752 5390">
     <span class='ocr_line' id='line_1_88' title="bbox 145 5300 1752 5390; baseline 0.006 -35"><span class='ocrx_word' id='word_1_664' title='bbox 145 5300 343 5373; x_wconf 86' lang='lat' dir='ltr'><strong>quiunt,</strong></span> <span class='ocrx_word' id='word_1_665' title='bbox 373 5307 618 5375; x_wconf 88' lang='lat' dir='ltr'><strong>Domine,</strong></span> <span class='ocrx_word' id='word_1_666' title='bbox 659 5310 880 5362; x_wconf 86' lang='lat' dir='ltr'><strong>sanctus</strong></span> <span class='ocrx_word' id='word_1_667' title='bbox 911 5310 961 5390; x_wconf 84' lang='lat' dir='ltr'><strong>et</strong></span> <span class='ocrx_word' id='word_1_668' title='bbox 980 5307 1166 5379; x_wconf 87' lang='lat' dir='ltr'><strong>justus</strong></span> <span class='ocrx_word' id='word_1_669' title='bbox 1196 5308 1299 5363; x_wconf 83' lang='lat'><strong>90</strong></span> <span class='ocrx_word' id='word_1_670' title='bbox 1326 5325 1439 5363; x_wconf 90' lang='lat' dir='ltr'><strong>non</strong></span> <span class='ocrx_word' id='word_1_671' title='bbox 1465 5308 1683 5381; x_wconf 85' lang='lat' dir='ltr'><strong>judicas</strong></span> <span class='ocrx_word' id='word_1_672' title='bbox 1703 5313 1752 5365; x_wconf 87' lang='lat' dir='ltr'><strong>et</strong></span> 
     </span>
    </p>
   </div>
   <div class='ocr_carea' id='block_1_89' title="bbox 203 5410 1751 5477">
    <p class='ocr_par' dir='ltr' id='par_1_89' title="bbox 203 5410 1751 5477">
     <span class='ocr_line' id='line_1_89' title="bbox 203 5410 1751 5477; baseline 0.006 -14"><span class='ocrx_word' id='word_1_673' title='bbox 203 5410 333 5477; x_wconf 84' lang='grc'>(139)</span> <span class='ocrx_word' id='word_1_674' title='bbox 370 5412 474 5467; x_wconf 85' lang='lat' dir='ltr'><strong>Illa</strong></span> <span class='ocrx_word' id='word_1_675' title='bbox 509 5412 615 5469; x_wconf 89' lang='lat' dir='ltr'><strong>duo</strong></span> <span class='ocrx_word' id='word_1_676' title='bbox 663 5412 886 5469; x_wconf 90' lang='lat' dir='ltr'><strong>scilicet</strong></span> <span class='ocrx_word' id='word_1_677' title='bbox 920 5412 1202 5468; x_wconf 85' lang='lat' dir='ltr'><strong>vocabula</strong></span> <span class='ocrx_word' id='word_1_678' title='bbox 1233 5414 1519 5470; x_wconf 83' lang='lat' dir='ltr'><strong>Zachariae</strong></span> <span class='ocrx_word' id='word_1_679' title='bbox 1560 5421 1616 5472; x_wconf 88' lang='lat' dir='ltr'><strong>et</strong></span> <span class='ocrx_word' id='word_1_680' title='bbox 1644 5421 1751 5472; x_wconf 88' lang='lat' dir='ltr'><strong>Ba-</strong></span> 
     </span>
    </p>
   </div>
   <div class='ocr_carea' id='block_1_90' title="bbox 146 5479 1754 5555">
    <p class='ocr_par' dir='ltr' id='par_1_90' title="bbox 146 5479 1754 5555">
     <span class='ocr_line' id='line_1_90' title="bbox 146 5479 1754 5555; baseline 0.006 -21"><span class='ocrx_word' id='word_1_681' title='bbox 146 5479 347 5552; x_wconf 73' lang='lat' dir='ltr'><strong>rachias,</strong></span> <span class='ocrx_word' id='word_1_682' title='bbox 380 5499 505 5555; x_wconf 67' lang='lat' dir='ltr'><strong>quae</strong></span> <span class='ocrx_word' id='word_1_683' title='bbox 529 5484 589 5539; x_wconf 87' lang='lat' dir='ltr'><strong>in</strong></span> <span class='ocrx_word' id='word_1_684' title='bbox 613 5485 913 5555; x_wconf 69' lang='lat' dir='ltr'><strong>praemisso</strong></span> <span class='ocrx_word' id='word_1_685' title='bbox 936 5485 1187 5540; x_wconf 64' lang='lat' dir='ltr'><strong>Matthmi</strong></span> <span class='ocrx_word' id='word_1_686' title='bbox 1211 5487 1545 5543; x_wconf 89' lang='lat' dir='ltr'><strong>testimonio</strong></span> <span class='ocrx_word' id='word_1_687' title='bbox 1575 5489 1754 5544; x_wconf 83' lang='lat' dir='ltr'><strong>conti-</strong></span> 
     </span>
    </p>
   </div>
   <div class='ocr_carea' id='block_1_91' title="bbox 145 5558 1750 5630">
    <p class='ocr_par' dir='ltr' id='par_1_91' title="bbox 145 5558 1750 5630">
     <span class='ocr_line' id='line_1_91' title="bbox 145 5558 1750 5630; baseline 0.007 -24"><span class='ocrx_word' id='word_1_688' title='bbox 145 5558 350 5630; x_wconf 64' lang='lat' dir='ltr'><strong>nentur,</strong></span> <span class='ocrx_word' id='word_1_689' title='bbox 380 5558 630 5630; x_wconf 82' lang='lat' dir='ltr'><strong>usquead</strong></span> <span class='ocrx_word' id='word_1_690' title='bbox 644 5558 973 5630; x_wconf 81' lang='lat' dir='ltr'><strong>sanguinem</strong></span> <span class='ocrx_word' id='word_1_691' title='bbox 987 5558 1274 5615; x_wconf 74' lang='lat' dir='ltr'><strong>Zachariae</strong></span> <span class='ocrx_word' id='word_1_692' title='bbox 1305 5560 1415 5630; x_wconf 82' lang='lat' dir='ltr'><strong>ﬁlii</strong></span> <span class='ocrx_word' id='word_1_693' title='bbox 1440 5560 1750 5627; x_wconf 70' lang='lat' dir='ltr'><strong>Barachiae,</strong></span> 
     </span>
    </p>
   </div>
   <div class='ocr_carea' id='block_1_92' title="bbox 146 5620 1751 5702">
    <p class='ocr_par' dir='ltr' id='par_1_92' title="bbox 146 5620 1751 5702">
     <span class='ocr_line' id='line_1_92' title="bbox 146 5620 1751 5702; baseline 0.006 -22"><span class='ocrx_word' id='word_1_694' title='bbox 146 5620 421 5702; x_wconf 62' lang='lat' dir='ltr'><strong>Zacharias</strong></span> <span class='ocrx_word' id='word_1_695' title='bbox 454 5620 867 5702; x_wconf 25' lang='lat' dir='ltr'><strong>&#39;enimhLatine</strong></span> <span class='ocrx_word' id='word_1_696' title='bbox 911 5632 1176 5685; x_wconf 83' lang='lat' dir='ltr'><strong>memoria</strong></span> <span class='ocrx_word' id='word_1_697' title='bbox 1195 5620 1450 5702; x_wconf 77' lang='lat' dir='ltr'><strong>Domini;</strong></span> <span class='ocrx_word' id='word_1_698' title='bbox 1468 5620 1751 5702; x_wconf 69' lang='lat' dir='ltr'><strong>redditur,</strong></span> 
     </span>
    </p>
   </div>
   <div class='ocr_carea' id='block_1_93' title="bbox 136 5689 1750 5782">
    <p class='ocr_par' dir='ltr' id='par_1_93' title="bbox 136 5689 1750 5782">
     <span class='ocr_line' id='line_1_93' title="bbox 136 5689 1750 5782; baseline 0.006 -28"><span class='ocrx_word' id='word_1_699' title='bbox 136 5689 427 5761; x_wconf 73' lang='lat' dir='ltr'><strong>Barachiaa</strong></span> <span class='ocrx_word' id='word_1_700' title='bbox 467 5699 780 5763; x_wconf 83' lang='lat' dir='ltr'><strong>benedicens</strong></span> <span class='ocrx_word' id='word_1_701' title='bbox 813 5703 1147 5769; x_wconf 75' lang='lat' dir='ltr'><strong>Dominum,-</strong></span> <span class='ocrx_word' id='word_1_702' title='bbox 1188 5706 1245 5760; x_wconf 87' lang='lat' dir='ltr'><strong>et</strong></span> <span class='ocrx_word' id='word_1_703' title='bbox 1281 5689 1519 5765; x_wconf 11' lang='lat' dir='ltr'><strong>idcirco,</strong></span> <span class='ocrx_word' id='word_1_704' title='bbox 1541 5689 1750 5782; x_wconf 61' lang='lat' dir='ltr'><strong>mus:</strong></span> 
     </span>
    </p>
   </div>
   <div class='ocr_carea' id='block_1_94' title="bbox 432 5824 1052 5909">
    <p class='ocr_par' dir='ltr' id='par_1_94' title="bbox 432 5824 1052 5909">
     <span class='ocr_line' id='line_1_94' title="bbox 432 5824 1052 5909; baseline 0 -14"><span class='ocrx_word' id='word_1_705' title='bbox 432 5824 697 5899; x_wconf 60' lang='lat' dir='ltr'><strong>Parant.</strong></span> <span class='ocrx_word' id='word_1_706' title='bbox 741 5826 1052 5909; x_wconf 69' lang='lat' dir='ltr'><strong>CXXXVI.</strong></span> 
     </span>
    </p>
   </div>
   <div class='ocr_carea' id='block_1_95' title="bbox 1850 3339 3488 3429">
    <p class='ocr_par' dir='ltr' id='par_1_95' title="bbox 1850 3339 3488 3429">
     <span class='ocr_line' id='line_1_95' title="bbox 1850 3339 3488 3429; baseline 0.012 -34"><span class='ocrx_word' id='word_1_707' title='bbox 1850 3339 1958 3395; x_wconf 88' lang='lat' dir='ltr'><strong>tibi</strong></span> <span class='ocrx_word' id='word_1_708' title='bbox 1988 3344 2160 3411; x_wconf 88' lang='lat' dir='ltr'><strong>putas</strong></span> <span class='ocrx_word' id='word_1_709' title='bbox 2213 3344 2506 3413; x_wconf 91' lang='lat' dir='ltr'><strong>prodesse,</strong></span> <span class='ocrx_word' id='word_1_710' title='bbox 2540 3344 2681 3400; x_wconf 88' lang='lat' dir='ltr'><strong>dum</strong></span> <span class='ocrx_word' id='word_1_711' title='bbox 2713 3352 2916 3403; x_wconf 88' lang='lat' dir='ltr'><strong>oratur</strong></span> <span class='ocrx_word' id='word_1_712' title='bbox 2939 3366 3042 3422; x_wconf 91' lang='lat' dir='ltr'><strong>pro</strong></span> <span class='ocrx_word' id='word_1_713' title='bbox 3068 3352 3163 3408; x_wconf 85' lang='lat' dir='ltr'><strong>te?</strong></span> <span class='ocrx_word' id='word_1_714' title='bbox 3192 3354 3334 3411; x_wconf 90' lang='lat' dir='ltr'><strong>dum</strong></span> <span class='ocrx_word' id='word_1_715' title='bbox 3372 3356 3488 3429; x_wconf 90' lang='lat' dir='ltr'><strong>ipsi</strong></span> 
     </span>
    </p>
   </div>
   <div class='ocr_carea' id='block_1_96' title="bbox 1853 3428 3498 3517">
    <p class='ocr_par' dir='ltr' id='par_1_96' title="bbox 1853 3428 3498 3517">
     <span class='ocr_line' id='line_1_96' title="bbox 1853 3428 3498 3517; baseline 0.013 -34"><span class='ocrx_word' id='word_1_716' title='bbox 1853 3428 2030 3484; x_wconf 85' lang='lat' dir='ltr'><strong>etiam</strong></span> <span class='ocrx_word' id='word_1_717' title='bbox 2083 3437 2317 3486; x_wconf 88' lang='lat' dir='ltr'><strong>orantes</strong></span> <span class='ocrx_word' id='word_1_718' title='bbox 2349 3449 2463 3487; x_wconf 90' lang='lat' dir='ltr'><strong>non</strong></span> <span class='ocrx_word' id='word_1_719' title='bbox 2496 3433 2774 3490; x_wconf 87' lang='lat' dir='ltr'><strong>sinuntur</strong></span> <span class='ocrx_word' id='word_1_720' title='bbox 2815 3437 3010 3509; x_wconf 90' lang='lat' dir='ltr'><strong>quiete</strong></span> <span class='ocrx_word' id='word_1_721' title='bbox 3039 3439 3228 3500; x_wconf 87' lang='lat' dir='ltr'><strong>vivere</strong></span> <span class='ocrx_word' id='word_1_722' title='bbox 3265 3462 3369 3517; x_wconf 88' lang='lat' dir='ltr'><strong>pro</strong></span> <span class='ocrx_word' id='word_1_723' title='bbox 3398 3428 3498 3505; x_wconf 81' lang='lat' dir='ltr'><strong>te?</strong></span> 
     </span>
    </p>
   </div>
   <div class='ocr_carea' id='block_1_97' title="bbox 1851 3517 3501 3606">
    <p class='ocr_par' dir='ltr' id='par_1_97' title="bbox 1851 3517 3501 3606">
     <span class='ocr_line' id='line_1_97' title="bbox 1851 3517 3501 3606; baseline 0.013 -35"><span class='ocrx_word' id='word_1_724' title='bbox 1851 3517 2015 3591; x_wconf 88' lang='lat' dir='ltr'><strong>Nam</strong></span> <span class='ocrx_word' id='word_1_725' title='bbox 2035 3518 2261 3574; x_wconf 87' lang='lat' dir='ltr'><strong>dicente</strong></span> <span class='ocrx_word' id='word_1_726' title='bbox 2297 3521 2571 3593; x_wconf 69' lang='lat' dir='ltr'><strong>Apostolo</strong></span> <span class='ocrx_word' id='word_1_727' title='bbox 2594 3528 2653 3578; x_wconf 89' lang='lat' dir='ltr'><strong>et</strong></span> <span class='ocrx_word' id='word_1_728' title='bbox 2698 3525 3069 3599; x_wconf 70' lang='lat' dir='ltr'><strong>praecipiente</strong></span> <span class='ocrx_word' id='word_1_729' title='bbox 3089 3547 3102 3586; x_wconf 91' lang='lat'>:</span> <span class='ocrx_word' id='word_1_730' title='bbox 3123 3527 3284 3590; x_wconf 85' lang='lat' dir='ltr'><strong>Orate</strong></span> <span class='ocrx_word' id='word_1_731' title='bbox 3294 3551 3398 3606; x_wconf 84' lang='lat' dir='ltr'><strong>pro</strong></span> <span class='ocrx_word' id='word_1_732' title='bbox 3419 3553 3501 3592; x_wconf 86' lang='lat' dir='ltr'><strong>re-</strong></span> 
     </span>
    </p>
   </div>
   <div class='ocr_carea' id='block_1_98' title="bbox 1852 3606 3499 3685">
    <p class='ocr_par' dir='ltr' id='par_1_98' title="bbox 1852 3606 3499 3685">
     <span class='ocr_line' id='line_1_98' title="bbox 1852 3606 3499 3685; baseline 0.013 -25"><span class='ocrx_word' id='word_1_733' title='bbox 1852 3606 2031 3677; x_wconf 86' lang='lat' dir='ltr'><strong>gibus,</strong></span> <span class='ocrx_word' id='word_1_734' title='bbox 2061 3606 2288 3663; x_wconf 86' lang='lat' dir='ltr'><strong>ducibus</strong></span> <span class='ocrx_word' id='word_1_735' title='bbox 2315 3618 2366 3665; x_wconf 89' lang='lat' dir='ltr'><strong>et</strong></span> <span class='ocrx_word' id='word_1_736' title='bbox 2406 3612 2659 3667; x_wconf 86' lang='lat' dir='ltr'><strong>omnibus</strong></span> <span class='ocrx_word' id='word_1_737' title='bbox 2679 3615 2776 3685; x_wconf 89' lang='lat' dir='ltr'><strong>qui</strong></span> <span class='ocrx_word' id='word_1_738' title='bbox 2794 3616 2855 3670; x_wconf 88' lang='lat' dir='ltr'><strong>in</strong></span> <span class='ocrx_word' id='word_1_739' title='bbox 2872 3617 3208 3677; x_wconf 86' lang='lat' dir='ltr'><strong>sublimitate</strong></span> <span class='ocrx_word' id='word_1_740' title='bbox 3225 3632 3354 3680; x_wconf 87' lang='lat' dir='ltr'><strong>sunt</strong></span> <span class='ocrx_word' id='word_1_741' title='bbox 3371 3641 3499 3681; x_wconf 86' lang='lat' dir='ltr'><strong>con-</strong></span> 
     </span>
    </p>
   </div>
   <div class='ocr_carea' id='block_1_99' title="bbox 1853 3696 3496 3785">
    <p class='ocr_par' dir='ltr' id='par_1_99' title="bbox 1853 3696 3496 3785">
     <span class='ocr_line' id='line_1_99' title="bbox 1853 3696 3496 3785; baseline 0.013 -36"><span class='ocrx_word' id='word_1_742' title='bbox 1853 3696 2033 3785; x_wconf 84' lang='lat' dir='ltr'><strong>stituti</strong></span> <span class='ocrx_word' id='word_1_743' title='bbox 2065 3698 2114 3769; x_wconf 89' lang='grc' dir='ltr'><strong>(Ι</strong></span> <span class='ocrx_word' id='word_1_744' title='bbox 2134 3698 2266 3752; x_wconf 89' lang='lat' dir='ltr'><strong>Tim.</strong></span> <span class='ocrx_word' id='word_1_745' title='bbox 2298 3715 2359 3754; x_wconf 77' lang='grc' dir='ltr'><strong>ιι.</strong></span> <span class='ocrx_word' id='word_1_746' title='bbox 2381 3702 2440 3767; x_wconf 79' lang='lat'><strong>2)</strong></span> <span class='ocrx_word' id='word_1_747' title='bbox 2464 3721 2478 3766; x_wconf 73' lang='grc' dir='ltr'>ς</span> <span class='ocrx_word' id='word_1_748' title='bbox 2502 3699 2630 3757; x_wconf 90' lang='lat' dir='ltr'><strong>vide</strong></span> <span class='ocrx_word' id='word_1_749' title='bbox 2653 3702 2793 3774; x_wconf 92' lang='lat' dir='ltr'><strong>quid</strong></span> <span class='ocrx_word' id='word_1_750' title='bbox 2816 3705 3100 3777; x_wconf 89' lang='lat' dir='ltr'><strong>sequitur,</strong></span> <span class='ocrx_word' id='word_1_751' title='bbox 3150 3711 3212 3767; x_wconf 86' lang='lat' dir='ltr'><strong>Ut</strong></span> <span class='ocrx_word' id='word_1_752' title='bbox 3233 3714 3496 3785; x_wconf 86' lang='lat' dir='ltr'><strong>quietam,</strong></span> 
     </span>
    </p>
   </div>
   <div class='ocr_carea' id='block_1_100' title="bbox 1854 3783 3501 3874">
    <p class='ocr_par' dir='ltr' id='par_1_100' title="bbox 1854 3783 3501 3874">
     <span class='ocr_line' id='line_1_100' title="bbox 1854 3783 3501 3874; baseline 0.014 -37"><span class='ocrx_word' id='word_1_753' title='bbox 1854 3783 2068 3874; x_wconf 83' lang='lat' dir='ltr'><strong>inquit,</strong></span> <span class='ocrx_word' id='word_1_754' title='bbox 2099 3789 2152 3840; x_wconf 86' lang='lat' dir='ltr'><strong>et</strong></span> <span class='ocrx_word' id='word_1_755' title='bbox 2181 3789 2543 3859; x_wconf 86' lang='lat' dir='ltr'><strong>tranquillam</strong></span> <span class='ocrx_word' id='word_1_756' title='bbox 2570 3791 2739 3845; x_wconf 87' lang='lat' dir='ltr'><strong>vitam</strong></span> <span class='ocrx_word' id='word_1_757' title='bbox 2766 3809 3016 3862; x_wconf 88' lang='lat' dir='ltr'><strong>agamus.</strong></span> <span class='ocrx_word' id='word_1_758' title='bbox 3048 3796 3193 3854; x_wconf 89' lang='lat' dir='ltr'><strong>Vide</strong></span> <span class='ocrx_word' id='word_1_759' title='bbox 3221 3799 3399 3874; x_wconf 88' lang='lat' dir='ltr'><strong>igitur</strong></span> <span class='ocrx_word' id='word_1_760' title='bbox 3429 3783 3501 3861; x_wconf 86' lang='lat' dir='ltr'><strong>ne</strong></span> 
     </span>
    </p>
   </div>
   <div class='ocr_carea' id='block_1_101' title="bbox 1856 3872 3502 3949">
    <p class='ocr_par' dir='ltr' id='par_1_101' title="bbox 1856 3872 3502 3949">
     <span class='ocr_line' id='line_1_101' title="bbox 1856 3872 3502 3949; baseline 0.013 -22"><span class='ocrx_word' id='word_1_761' title='bbox 1856 3872 1998 3928; x_wconf 91' lang='lat' dir='ltr'><strong>dum</strong></span> <span class='ocrx_word' id='word_1_762' title='bbox 2029 3873 2138 3929; x_wconf 90' lang='lat' dir='ltr'><strong>hoc</strong></span> <span class='ocrx_word' id='word_1_763' title='bbox 2168 3876 2321 3947; x_wconf 90' lang='lat' dir='ltr'><strong>quod</strong></span> <span class='ocrx_word' id='word_1_764' title='bbox 2354 3878 2526 3933; x_wconf 90' lang='lat' dir='ltr'><strong>modo</strong></span> <span class='ocrx_word' id='word_1_765' title='bbox 2558 3879 2772 3935; x_wconf 87' lang='lat' dir='ltr'><strong>audisti</strong></span> <span class='ocrx_word' id='word_1_766' title='bbox 2795 3877 3202 3949; x_wconf 87' lang='lat' dir='ltr'><strong>canitur,Deus</strong></span> <span class='ocrx_word' id='word_1_767' title='bbox 3224 3872 3427 3947; x_wconf 81' lang='lat' dir='ltr'><strong>contra</strong></span> <span class='ocrx_word' id='word_1_768' title='bbox 3445 3899 3502 3949; x_wconf 92' lang='lat' dir='ltr'><strong>te</strong></span> 
     </span>
    </p>
   </div>
   <div class='ocr_carea' id='block_1_102' title="bbox 1852 3960 3501 4052">
    <p class='ocr_par' dir='ltr' id='par_1_102' title="bbox 1852 3960 3501 4052">
     <span class='ocr_line' id='line_1_102' title="bbox 1852 3960 3501 4052; baseline 0.014 -36"><span class='ocrx_word' id='word_1_769' title='bbox 1852 3960 2184 4031; x_wconf 90' lang='lat' dir='ltr'><strong>invocetur;</strong></span> <span class='ocrx_word' id='word_1_770' title='bbox 2218 3964 2360 4020; x_wconf 91' lang='lat' dir='ltr'><strong>dum</strong></span> <span class='ocrx_word' id='word_1_771' title='bbox 2391 3966 2610 4023; x_wconf 90' lang='lat' dir='ltr'><strong>scilicet</strong></span> <span class='ocrx_word' id='word_1_772' title='bbox 2651 3972 2963 4042; x_wconf 90' lang='lat' dir='ltr'><strong>compediti</strong></span> <span class='ocrx_word' id='word_1_773' title='bbox 2994 3972 3270 4046; x_wconf 88' lang='lat' dir='ltr'><strong>clamant,</strong></span> <span class='ocrx_word' id='word_1_774' title='bbox 3305 3997 3408 4052; x_wconf 89' lang='lat' dir='ltr'><strong>pro</strong></span> <span class='ocrx_word' id='word_1_775' title='bbox 3439 4000 3501 4039; x_wconf 92' lang='lat' dir='ltr'><strong>se</strong></span> 
     </span>
    </p>
   </div>
   <div class='ocr_carea' id='block_1_103' title="bbox 1856 4049 3505 4127">
    <p class='ocr_par' dir='ltr' id='par_1_103' title="bbox 1856 4049 3505 4127">
     <span class='ocr_line' id='line_1_103' title="bbox 1856 4049 3505 4127; baseline 0.013 -22"><span class='ocrx_word' id='word_1_776' title='bbox 1856 4049 2132 4121; x_wconf 87' lang='lat' dir='ltr'><strong>clamant,</strong></span> <span class='ocrx_word' id='word_1_777' title='bbox 2166 4059 2224 4109; x_wconf 88' lang='lat' dir='ltr'><strong>et</strong></span> <span class='ocrx_word' id='word_1_778' title='bbox 2244 4071 2444 4111; x_wconf 86' lang='lat' dir='ltr'><strong>eorum</strong></span> <span class='ocrx_word' id='word_1_779' title='bbox 2467 4061 2760 4114; x_wconf 79' lang='lat' dir='ltr'><strong>consortes</strong></span> <span class='ocrx_word' id='word_1_780' title='bbox 2786 4062 3050 4117; x_wconf 88' lang='lat' dir='ltr'><strong>unanimi</strong></span> <span class='ocrx_word' id='word_1_781' title='bbox 3076 4066 3227 4121; x_wconf 86' lang='lat' dir='ltr'><strong>sicut</strong></span> <span class='ocrx_word' id='word_1_782' title='bbox 3255 4049 3505 4127; x_wconf 73' lang='lat' dir='ltr'><strong>cliarita-</strong></span> 
     </span>
    </p>
   </div>
   <div class='ocr_carea' id='block_1_104' title="bbox 1852 4138 2316 4210">
    <p class='ocr_par' dir='ltr' id='par_1_104' title="bbox 1852 4138 2316 4210">
     <span class='ocr_line' id='line_1_104' title="bbox 1852 4138 2316 4210; baseline 0.006 -15"><span class='ocrx_word' id='word_1_783' title='bbox 1852 4141 1931 4210; x_wconf 91' lang='lat' dir='ltr'><strong>te,</strong></span> <span class='ocrx_word' id='word_1_784' title='bbox 1964 4138 2047 4196; x_wconf 90' lang='lat' dir='ltr'><strong>ita</strong></span> <span class='ocrx_word' id='word_1_785' title='bbox 2075 4144 2132 4196; x_wconf 89' lang='lat' dir='ltr'><strong>et</strong></span> <span class='ocrx_word' id='word_1_786' title='bbox 2161 4159 2316 4198; x_wconf 89' lang='lat' dir='ltr'><strong>voce.</strong></span> 
     </span>
    </p>
   </div>
   <div class='ocr_carea' id='block_1_105' title="bbox 1928 4229 3499 4320">
    <p class='ocr_par' dir='ltr' id='par_1_105' title="bbox 1928 4229 3499 4320">
     <span class='ocr_line' id='line_1_105' title="bbox 1928 4229 3499 4320; baseline 0.015 -38"><span class='ocrx_word' id='word_1_787' title='bbox 1928 4229 2016 4283; x_wconf 85' lang='lat' dir='ltr'><strong>2t.</strong></span> <span class='ocrx_word' id='word_1_788' title='bbox 2059 4230 2171 4285; x_wconf 89' lang='lat' dir='ltr'><strong>Sed</strong></span> <span class='ocrx_word' id='word_1_789' title='bbox 2195 4247 2308 4286; x_wconf 91' lang='lat' dir='ltr'><strong>non</strong></span> <span class='ocrx_word' id='word_1_790' title='bbox 2330 4233 2739 4301; x_wconf 85' lang='lat' dir='ltr'><strong>exaudiuntur,</strong></span> <span class='ocrx_word' id='word_1_791' title='bbox 2766 4235 2982 4320; x_wconf 87' lang='lat' dir='ltr'><strong>inquis,</strong></span> <span class='ocrx_word' id='word_1_792' title='bbox 3004 4241 3154 4298; x_wconf 86' lang='lat' dir='ltr'><strong>male</strong></span> <span class='ocrx_word' id='word_1_793' title='bbox 3175 4251 3499 4320; x_wconf 86' lang='lat' dir='ltr'><strong>precantes,</strong></span> 
     </span>
    </p>
   </div>
   <div class='ocr_carea' id='block_1_106' title="bbox 1858 4317 3503 4400">
    <p class='ocr_par' dir='ltr' id='par_1_106' title="bbox 1858 4317 3503 4400">
     <span class='ocr_line' id='line_1_106' title="bbox 1858 4317 3503 4400; baseline 0.015 -29"><span class='ocrx_word' id='word_1_794' title='bbox 1858 4334 1992 4372; x_wconf 90' lang='lat' dir='ltr'><strong>cum</strong></span> <span class='ocrx_word' id='word_1_795' title='bbox 2023 4317 2139 4374; x_wconf 87' lang='lat' dir='ltr'><strong>Deo</strong></span> <span class='ocrx_word' id='word_1_796' title='bbox 2170 4319 2537 4392; x_wconf 64' lang='lat' dir='ltr'><strong>praecipiente</strong></span> <span class='ocrx_word' id='word_1_797' title='bbox 2568 4340 2672 4395; x_wconf 90' lang='lat' dir='ltr'><strong>pro</strong></span> <span class='ocrx_word' id='word_1_798' title='bbox 2723 4318 3212 4400; x_wconf 80' lang='lat' dir='ltr'><strong>persequentibus</strong></span> <span class='ocrx_word' id='word_1_799' title='bbox 3250 4317 3503 4395; x_wconf 85' lang='lat' dir='ltr'><strong>debeant</strong></span> 
     </span>
    </p>
   </div>
   <div class='ocr_carea' id='block_1_107' title="bbox 1858 4408 3502 4492">
    <p class='ocr_par' dir='ltr' id='par_1_107' title="bbox 1858 4408 3502 4492">
     <span class='ocr_line' id='line_1_107' title="bbox 1858 4408 3502 4492; baseline 0.013 -30"><span class='ocrx_word' id='word_1_800' title='bbox 1858 4422 2024 4462; x_wconf 89' lang='lat' dir='ltr'><strong>orare</strong></span> <span class='ocrx_word' id='word_1_801' title='bbox 2052 4408 2258 4476; x_wconf 74' lang='lat' dir='ltr'><strong>(Matth.</strong></span> <span class='ocrx_word' id='word_1_802' title='bbox 2302 4425 2356 4476; x_wconf 82' lang='grc' dir='ltr'><strong>ν,</strong></span> <span class='ocrx_word' id='word_1_803' title='bbox 2391 4411 2500 4478; x_wconf 82' lang='grc'>44).</span> <span class='ocrx_word' id='word_1_804' title='bbox 2551 4409 2798 4483; x_wconf 87' lang='lat' dir='ltr'><strong>Optime.</strong></span> <span class='ocrx_word' id='word_1_805' title='bbox 2848 4414 2996 4479; x_wconf 86' lang='lat' dir='ltr'><strong>Quid</strong></span> <span class='ocrx_word' id='word_1_806' title='bbox 3026 4422 3182 4492; x_wconf 90' lang='lat' dir='ltr'><strong>quod</strong></span> <span class='ocrx_word' id='word_1_807' title='bbox 3229 4427 3411 4483; x_wconf 90' lang='lat' dir='ltr'><strong>oratio</strong></span> <span class='ocrx_word' id='word_1_808' title='bbox 3440 4428 3502 4484; x_wconf 91' lang='lat' dir='ltr'><strong>in</strong></span> 
     </span>
    </p>
   </div>
   <div class='ocr_carea' id='block_1_108' title="bbox 1858 4494 3504 4589">
    <p class='ocr_par' dir='ltr' id='par_1_108' title="bbox 1858 4494 3504 4589">
     <span class='ocr_line' id='line_1_108' title="bbox 1858 4494 3504 4589; baseline 0.016 -41"><span class='ocrx_word' id='word_1_809' title='bbox 1858 4494 2055 4549; x_wconf 89' lang='lat' dir='ltr'><strong>sinum</strong></span> <span class='ocrx_word' id='word_1_810' title='bbox 2078 4496 2298 4553; x_wconf 87' lang='lat' dir='ltr'><strong>orantis</strong></span> <span class='ocrx_word' id='word_1_811' title='bbox 2319 4514 2575 4571; x_wconf 70' lang='lat' dir='ltr'><strong>persaepe</strong></span> <span class='ocrx_word' id='word_1_812' title='bbox 2596 4503 2940 4562; x_wconf 79' lang='lat' dir='ltr'><strong>revertitur?</strong></span> <span class='ocrx_word' id='word_1_813' title='bbox 2966 4506 3128 4566; x_wconf 90' lang='lat' dir='ltr'><strong>Unde</strong></span> <span class='ocrx_word' id='word_1_814' title='bbox 3148 4529 3221 4568; x_wconf 90' lang='lat' dir='ltr'><strong>ne</strong></span> <span class='ocrx_word' id='word_1_815' title='bbox 3241 4514 3344 4570; x_wconf 89' lang='lat' dir='ltr'><strong>tibi</strong></span> <span class='ocrx_word' id='word_1_816' title='bbox 3367 4534 3504 4589; x_wconf 84' lang='lat' dir='ltr'><strong>pue-</strong></span> 
     </span>
    </p>
   </div>
   <div class='ocr_carea' id='block_1_109' title="bbox 1858 4582 3504 4663">
    <p class='ocr_par' dir='ltr' id='par_1_109' title="bbox 1858 4582 3504 4663">
     <span class='ocr_line' id='line_1_109' title="bbox 1858 4582 3504 4663; baseline 0.016 -26"><span class='ocrx_word' id='word_1_817' title='bbox 1858 4582 2043 4640; x_wconf 87' lang='lat' dir='ltr'><strong>riliter</strong></span> <span class='ocrx_word' id='word_1_818' title='bbox 2071 4584 2439 4656; x_wconf 77' lang='lat' dir='ltr'><strong>lenocinaris,</strong></span> <span class='ocrx_word' id='word_1_819' title='bbox 2474 4589 2610 4644; x_wconf 88' lang='lat' dir='ltr'><strong>audi</strong></span> <span class='ocrx_word' id='word_1_820' title='bbox 2644 4590 2931 4650; x_wconf 87' lang='lat' dir='ltr'><strong>dicentem</strong></span> <span class='ocrx_word' id='word_1_821' title='bbox 2980 4601 3329 4661; x_wconf 86' lang='lat' dir='ltr'><strong>Dominum:</strong></span> 
     </span>
    </p>
   </div>
   <div class='ocr_carea' id='block_1_110' title="bbox 1857 4677 3505 4753">
    <p class='ocr_par' dir='ltr' id='par_1_110' title="bbox 1857 4677 3505 4753">
     <span class='ocr_line' id='line_1_110' title="bbox 1857 4677 3505 4753; baseline 0.013 -20"><span class='ocrx_word' id='word_1_822' title='bbox 1857 4680 2047 4733; x_wconf 88' lang='lat' dir='ltr'><strong>autem</strong></span> <span class='ocrx_word' id='word_1_823' title='bbox 2088 4691 2200 4730; x_wconf 87' lang='lat' dir='ltr'><strong>non</strong></span> <span class='ocrx_word' id='word_1_824' title='bbox 2237 4677 2403 4747; x_wconf 80' lang='lat' dir='ltr'><strong>faciet</strong></span> <span class='ocrx_word' id='word_1_825' title='bbox 2448 4678 2748 4736; x_wconf 85' lang='lat' dir='ltr'><strong>vindictam</strong></span> <span class='ocrx_word' id='word_1_826' title='bbox 2790 4683 3082 4744; x_wconf 87' lang='lat' dir='ltr'><strong>electorum</strong></span> <span class='ocrx_word' id='word_1_827' title='bbox 3122 4706 3349 4750; x_wconf 86' lang='lat' dir='ltr'><strong>suorum</strong></span> <span class='ocrx_word' id='word_1_828' title='bbox 3392 4698 3505 4753; x_wconf 82' lang='lat' dir='ltr'><strong>cla-</strong></span> 
     </span>
    </p>
   </div>
   <div class='ocr_carea' id='block_1_111' title="bbox 1857 4764 3506 4844">
    <p class='ocr_par' dir='ltr' id='par_1_111' title="bbox 1857 4764 3506 4844">
     <span class='ocr_line' id='line_1_111' title="bbox 1857 4764 3506 4844; baseline 0.012 -20"><span class='ocrx_word' id='word_1_829' title='bbox 1857 4768 2132 4824; x_wconf 83' lang='lat' dir='ltr'><strong>mantium</strong></span> <span class='ocrx_word' id='word_1_830' title='bbox 2160 4764 2230 4820; x_wconf 86' lang='lat' dir='ltr'><strong>ad</strong></span> <span class='ocrx_word' id='word_1_831' title='bbox 2257 4782 2316 4820; x_wconf 91' lang='lat' dir='ltr'><strong>se</strong></span> <span class='ocrx_word' id='word_1_832' title='bbox 2340 4765 2426 4821; x_wconf 87' lang='lat' dir='ltr'><strong>die</strong></span> <span class='ocrx_word' id='word_1_833' title='bbox 2472 4784 2537 4821; x_wconf 90' lang='lat' dir='ltr'><strong>ac</strong></span> <span class='ocrx_word' id='word_1_834' title='bbox 2562 4773 2735 4839; x_wconf 88' lang='lat' dir='ltr'><strong>nocte,</strong></span> <span class='ocrx_word' id='word_1_835' title='bbox 2767 4775 2819 4827; x_wconf 89' lang='lat' dir='ltr'><strong>et</strong></span> <span class='ocrx_word' id='word_1_836' title='bbox 2841 4777 3172 4844; x_wconf 80' lang='lat' dir='ltr'><strong>patientiam</strong></span> <span class='ocrx_word' id='word_1_837' title='bbox 3200 4784 3417 4842; x_wconf 89' lang='lat' dir='ltr'><strong>habebit</strong></span> <span class='ocrx_word' id='word_1_838' title='bbox 3445 4788 3506 4841; x_wconf 87' lang='lat' dir='ltr'><strong>in</strong></span> 
     </span>
    </p>
   </div>
   <div class='ocr_carea' id='block_1_112' title="bbox 1859 4854 3504 4932">
    <p class='ocr_par' dir='ltr' id='par_1_112' title="bbox 1859 4854 3504 4932">
     <span class='ocr_line' id='line_1_112' title="bbox 1859 4854 3504 4932; baseline 0.011 -19"><span class='ocrx_word' id='word_1_839' title='bbox 1859 4859 1995 4913; x_wconf 88' lang='lat' dir='ltr'><strong>illis.</strong></span> <span class='ocrx_word' id='word_1_840' title='bbox 2030 4856 2199 4911; x_wconf 87' lang='lat' dir='ltr'><strong>Amen</strong></span> <span class='ocrx_word' id='word_1_841' title='bbox 2247 4854 2365 4910; x_wconf 86' lang='lat' dir='ltr'><strong>dico</strong></span> <span class='ocrx_word' id='word_1_842' title='bbox 2395 4856 2562 4924; x_wconf 89' lang='lat' dir='ltr'><strong>vobis,</strong></span> <span class='ocrx_word' id='word_1_843' title='bbox 2598 4859 2703 4914; x_wconf 89' lang='lat' dir='ltr'><strong>cito</strong></span> <span class='ocrx_word' id='word_1_844' title='bbox 2744 4862 2911 4932; x_wconf 84' lang='lat' dir='ltr'><strong>faciet</strong></span> <span class='ocrx_word' id='word_1_845' title='bbox 2955 4867 3255 4926; x_wconf 87' lang='lat' dir='ltr'><strong>vindictam</strong></span> <span class='ocrx_word' id='word_1_846' title='bbox 3278 4875 3504 4930; x_wconf 87' lang='lat' dir='ltr'><strong>illorum</strong></span> 
     </span>
    </p>
   </div>
   <div class='ocr_carea' id='block_1_113' title="bbox 1861 4944 3503 5023">
    <p class='ocr_par' dir='ltr' id='par_1_113' title="bbox 1861 4944 3503 5023">
     <span class='ocr_line' id='line_1_113' title="bbox 1861 4944 3503 5023; baseline 0.011 -22"><span class='ocrx_word' id='word_1_847' title='bbox 1861 4947 2014 5021; x_wconf 88' lang='lat' dir='ltr'><strong>(Luc,</strong></span> <span class='ocrx_word' id='word_1_848' title='bbox 2048 4961 2207 5011; x_wconf 84' lang='lat' dir='ltr'><strong>xvm,</strong></span> <span class='ocrx_word' id='word_1_849' title='bbox 2229 4946 2309 5012; x_wconf 90' lang='lat'><strong>7).</strong></span> <span class='ocrx_word' id='word_1_850' title='bbox 2363 4944 2430 4999; x_wconf 91' lang='lat' dir='ltr'><strong>Et</strong></span> <span class='ocrx_word' id='word_1_851' title='bbox 2474 4944 2616 5001; x_wconf 88' lang='lat' dir='ltr'><strong>Job:</strong></span> <span class='ocrx_word' id='word_1_852' title='bbox 2670 4949 2891 5019; x_wconf 85' lang='lat' dir='ltr'><strong>Anima,</strong></span> <span class='ocrx_word' id='word_1_853' title='bbox 2942 4954 3040 5023; x_wconf 87' lang='lat' dir='ltr'><strong>ait,</strong></span> <span class='ocrx_word' id='word_1_854' title='bbox 3091 4960 3503 5018; x_wconf 83' lang='lat' dir='ltr'><strong>vulneratorum</strong></span> 
     </span>
    </p>
   </div>
   <div class='ocr_carea' id='block_1_114' title="bbox 1859 5034 3501 5119">
    <p class='ocr_par' dir='ltr' id='par_1_114' title="bbox 1859 5034 3501 5119">
     <span class='ocr_line' id='line_1_114' title="bbox 1859 5034 3501 5119; baseline 0.01 -27"><span class='ocrx_word' id='word_1_855' title='bbox 1859 5036 2140 5101; x_wconf 85' lang='lat' dir='ltr'><strong>clamabit,</strong></span> <span class='ocrx_word' id='word_1_856' title='bbox 2173 5037 2224 5089; x_wconf 91' lang='lat' dir='ltr'><strong>et</strong></span> <span class='ocrx_word' id='word_1_857' title='bbox 2252 5034 2392 5088; x_wconf 77' lang='lat' dir='ltr'><strong>Deus</strong></span> <span class='ocrx_word' id='word_1_858' title='bbox 2414 5035 2654 5091; x_wconf 85' lang='lat' dir='ltr'><strong>inultum</strong></span> <span class='ocrx_word' id='word_1_859' title='bbox 2674 5038 2827 5096; x_wconf 84' lang='lat' dir='ltr'><strong>abire</strong></span> <span class='ocrx_word' id='word_1_860' title='bbox 2844 5057 2947 5098; x_wconf 88' lang='lat' dir='ltr'><strong>non</strong></span> <span class='ocrx_word' id='word_1_861' title='bbox 2966 5049 3186 5116; x_wconf 79' lang='lat' dir='ltr'><strong>patitur</strong></span> <span class='ocrx_word' id='word_1_862' title='bbox 3205 5051 3326 5117; x_wconf 89' lang='lat' dir='ltr'><strong>(Jub</strong></span> <span class='ocrx_word' id='word_1_863' title='bbox 3346 5069 3501 5119; x_wconf 77' lang='lat' dir='ltr'><strong>xxiv,</strong></span> 
     </span>
    </p>
   </div>
   <div class='ocr_carea' id='block_1_115' title="bbox 1863 5123 3502 5208">
    <p class='ocr_par' dir='ltr' id='par_1_115' title="bbox 1863 5123 3502 5208">
     <span class='ocr_line' id='line_1_115' title="bbox 1863 5123 3502 5208; baseline 0.001 -27"><span class='ocrx_word' id='word_1_864' title='bbox 1863 5128 1973 5195; x_wconf 81' lang='lat'><strong>12).</strong></span> <span class='ocrx_word' id='word_1_865' title='bbox 2005 5123 2168 5179; x_wconf 88' lang='lat' dir='ltr'><strong>Alius</strong></span> <span class='ocrx_word' id='word_1_866' title='bbox 2194 5126 2388 5178; x_wconf 86' lang='lat' dir='ltr'><strong>autem</strong></span> <span class='ocrx_word' id='word_1_867' title='bbox 2415 5139 2428 5178; x_wconf 86' lang='lat'><strong>:</strong></span> <span class='ocrx_word' id='word_1_868' title='bbox 2463 5125 2540 5179; x_wconf 83' lang='lat' dir='ltr'><strong>Ne</strong></span> <span class='ocrx_word' id='word_1_869' title='bbox 2578 5126 2878 5199; x_wconf 84' lang='lat' dir='ltr'><strong>relinquas,</strong></span> <span class='ocrx_word' id='word_1_870' title='bbox 2927 5131 3118 5205; x_wconf 84' lang='lat' dir='ltr'><strong>inquit</strong></span> <span class='ocrx_word' id='word_1_871' title='bbox 3137 5141 3260 5208; x_wconf 82' lang='lat' dir='ltr'><strong>post</strong></span> <span class='ocrx_word' id='word_1_872' title='bbox 3306 5146 3357 5195; x_wconf 90' lang='lat' dir='ltr'><strong>te</strong></span> <span class='ocrx_word' id='word_1_873' title='bbox 3383 5156 3502 5196; x_wconf 86' lang='lat' dir='ltr'><strong>ma-</strong></span> 
     </span>
    </p>
   </div>
   <div class='ocr_carea' id='block_1_116' title="bbox 1862 5212 3508 5294">
    <p class='ocr_par' dir='ltr' id='par_1_116' title="bbox 1862 5212 3508 5294">
     <span class='ocr_line' id='line_1_116' title="bbox 1862 5212 3508 5294; baseline 0.01 -23"><span class='ocrx_word' id='word_1_874' title='bbox 1862 5214 2126 5275; x_wconf 87' lang='lat' dir='ltr'><strong>ledicere;</strong></span> <span class='ocrx_word' id='word_1_875' title='bbox 2157 5212 2537 5267; x_wconf 72' lang='lat' dir='ltr'><strong>maledicentia</strong></span> <span class='ocrx_word' id='word_1_876' title='bbox 2582 5218 2731 5271; x_wconf 89' lang='lat' dir='ltr'><strong>enim</strong></span> <span class='ocrx_word' id='word_1_877' title='bbox 2761 5219 2861 5273; x_wconf 88' lang='lat' dir='ltr'><strong>tibi</strong></span> <span class='ocrx_word' id='word_1_878' title='bbox 2888 5222 2948 5275; x_wconf 89' lang='lat' dir='ltr'><strong>in</strong></span> <span class='ocrx_word' id='word_1_879' title='bbox 2977 5226 3275 5294; x_wconf 80' lang='lat' dir='ltr'><strong>afﬂictione</strong></span> <span class='ocrx_word' id='word_1_880' title='bbox 3304 5231 3508 5287; x_wconf 67' lang='lat' dir='ltr'><strong>animae</strong></span> 
     </span>
    </p>
   </div>
   <div class='ocr_carea' id='block_1_117' title="bbox 1860 5301 3509 5379">
    <p class='ocr_par' dir='ltr' id='par_1_117' title="bbox 1860 5301 3509 5379">
     <span class='ocr_line' id='line_1_117' title="bbox 1860 5301 3509 5379; baseline 0.014 -23"><span class='ocrx_word' id='word_1_881' title='bbox 1860 5320 1981 5362; x_wconf 71' lang='lat' dir='ltr'><strong>sua:</strong></span> <span class='ocrx_word' id='word_1_882' title='bbox 2029 5301 2355 5359; x_wconf 67' lang='lat' dir='ltr'><strong>exaudiatur</strong></span> <span class='ocrx_word' id='word_1_883' title='bbox 2392 5305 2566 5359; x_wconf 90' lang='lat' dir='ltr'><strong>oratio</strong></span> <span class='ocrx_word' id='word_1_884' title='bbox 2615 5305 2771 5376; x_wconf 83' lang='lat' dir='ltr'><strong>ejus;</strong></span> <span class='ocrx_word' id='word_1_885' title='bbox 2814 5311 3067 5368; x_wconf 67' lang='lat' dir='ltr'><strong>exaudiet</strong></span> <span class='ocrx_word' id='word_1_886' title='bbox 3113 5324 3297 5373; x_wconf 89' lang='lat' dir='ltr'><strong>autem</strong></span> <span class='ocrx_word' id='word_1_887' title='bbox 3345 5321 3509 5379; x_wconf 85' lang='lat' dir='ltr'><strong>illum</strong></span> 
     </span>
    </p>
   </div>
   <div class='ocr_carea' id='block_1_118' title="bbox 1861 5408 3508 5485">
    <p class='ocr_par' dir='ltr' id='par_1_118' title="bbox 1861 5408 3508 5485">
     <span class='ocr_line' id='line_1_118' title="bbox 1861 5408 3508 5485; baseline 0.01 -17"><span class='ocrx_word' id='word_1_888' title='bbox 1861 5411 2018 5467; x_wconf 89' lang='lat' dir='ltr'><strong>modi</strong></span> <span class='ocrx_word' id='word_1_889' title='bbox 2051 5408 2524 5485; x_wconf 76' lang='lat' dir='ltr'><strong>interpretatione</strong></span> <span class='ocrx_word' id='word_1_890' title='bbox 2555 5413 2725 5485; x_wconf 85' lang='lat' dir='ltr'><strong>utens</strong></span> <span class='ocrx_word' id='word_1_891' title='bbox 2753 5411 2848 5485; x_wconf 84' lang='lat' dir='ltr'><strong>hic</strong></span> <span class='ocrx_word' id='word_1_892' title='bbox 2878 5416 2959 5471; x_wconf 85' lang='lat' dir='ltr'><strong>ait</strong></span> <span class='ocrx_word' id='word_1_893' title='bbox 2986 5434 2998 5472; x_wconf 92' lang='lat'>:</span> <span class='ocrx_word' id='word_1_894' title='bbox 3033 5420 3204 5485; x_wconf 87' lang='lat' dir='ltr'><strong>Usque</strong></span> <span class='ocrx_word' id='word_1_895' title='bbox 3231 5426 3302 5481; x_wconf 89' lang='lat' dir='ltr'><strong>ad</strong></span> <span class='ocrx_word' id='word_1_896' title='bbox 3327 5431 3508 5485; x_wconf 81' lang='lat' dir='ltr'><strong>novis-</strong></span> 
     </span>
    </p>
   </div>
   <div class='ocr_carea' id='block_1_119' title="bbox 1861 5437 3506 5558">
    <p class='ocr_par' dir='ltr' id='par_1_119' title="bbox 1861 5437 3506 5558">
     <span class='ocr_line' id='line_1_119' title="bbox 1862 5437 3506 5485; baseline 0.005 -18"><span class='ocrx_word' id='word_1_897' title='bbox 1862 5437 2018 5467; x_wconf 77' lang='lat' dir='ltr'><strong>u1uu1</strong></span> <span class='ocrx_word' id='word_1_898' title='bbox 2052 5437 2524 5481; x_wconf 71' lang='lat' dir='ltr'><strong>lllLUt‘Pl&#39;UtuuUHU</strong></span> <span class='ocrx_word' id='word_1_899' title='bbox 2558 5437 2725 5466; x_wconf 69' lang='lat' dir='ltr'><strong>uicus</strong></span> <span class='ocrx_word' id='word_1_900' title='bbox 2753 5437 2848 5468; x_wconf 79' lang='grc' dir='ltr'><strong>ι]ιο</strong></span> <span class='ocrx_word' id='word_1_901' title='bbox 2878 5437 2959 5471; x_wconf 71' lang='lat' dir='ltr'><strong>att.</strong></span> <span class='ocrx_word' id='word_1_902' title='bbox 2986 5437 2998 5472; x_wconf 74' lang='grc' dir='ltr'>ἰ</span> <span class='ocrx_word' id='word_1_903' title='bbox 3033 5437 3099 5476; x_wconf 80' lang='lat' dir='ltr'><strong>US</strong></span> <span class='ocrx_word' id='word_1_904' title='bbox 3136 5439 3204 5478; x_wconf 89' lang='lat' dir='ltr'><strong>ue</strong></span> <span class='ocrx_word' id='word_1_905' title='bbox 3231 5437 3301 5481; x_wconf 79' lang='grc' dir='ltr'><em>αα</em></span> <span class='ocrx_word' id='word_1_906' title='bbox 3327 5437 3506 5485; x_wconf 82' lang='lat' dir='ltr'><strong>novis.</strong></span> 
     </span>
     <span class='ocr_line' id='line_1_120' title="bbox 1861 5437 3506 5558; baseline 0.015 -23"><span class='ocrx_word' id='word_1_907' title='bbox 1861 5486 2064 5558; x_wconf 84' lang='lat' dir='ltr'><strong>simum</strong></span> <span class='ocrx_word' id='word_1_908' title='bbox 2090 5496 2385 5558; x_wconf 74' lang='lat' dir='ltr'><strong>memorem</strong></span> <span class='ocrx_word' id='word_1_909' title='bbox 2408 5480 2644 5558; x_wconf 83' lang='lat' dir='ltr'><strong>Domini,</strong></span> <span class='ocrx_word' id='word_1_910' title='bbox 2675 5490 2725 5538; x_wconf 87' lang='lat' dir='ltr'><strong>et</strong></span> <span class='ocrx_word' id='word_1_911' title='bbox 2752 5484 2934 5558; x_wconf 71' lang='lat' dir='ltr'><strong>filium</strong></span> <span class='ocrx_word' id='word_1_912' title='bbox 2963 5437 3368 5556; x_wconf 46' lang='lat' dir='ltr'><strong>benedictionis.</strong></span> <span class='ocrx_word' id='word_1_913' title='bbox 3402 5502 3506 5558; x_wconf 82' lang='lat' dir='ltr'><strong>N0-</strong></span> 
     </span>
    </p>
   </div>
   <div class='ocr_carea' id='block_1_120' title="bbox 1861 5551 3509 5647">
    <p class='ocr_par' dir='ltr' id='par_1_120' title="bbox 1861 5551 3509 5647">
     <span class='ocr_line' id='line_1_121' title="bbox 1861 5551 3509 5647; baseline 0.014 -36"><span class='ocrx_word' id='word_1_914' title='bbox 1861 5557 2149 5647; x_wconf 59' lang='lat' dir='ltr'><strong>qissz’mum</strong></span> <span class='ocrx_word' id='word_1_915' title='bbox 2177 5551 2387 5647; x_wconf 43' lang='lat' dir='ltr'><strong>inlqupit;</strong></span> <span class='ocrx_word' id='word_1_916' title='bbox 2418 5556 2482 5647; x_wconf 52' lang='lat' dir='ltr'><strong>ut:</strong></span> <span class='ocrx_word' id='word_1_917' title='bbox 2509 5568 2712 5647; x_wconf 65' lang='lat' dir='ltr'><strong>omnes</strong></span> <span class='ocrx_word' id='word_1_918' title='bbox 2743 5551 3052 5635; x_wconf 83' lang='lat' dir='ltr'><strong>signiﬁcet,</strong></span> <span class='ocrx_word' id='word_1_919' title='bbox 3076 5551 3176 5641; x_wconf 88' lang='lat' dir='ltr'><strong>qui</strong></span> <span class='ocrx_word' id='word_1_920' title='bbox 3218 5551 3509 5647; x_wconf 11' lang='lat' dir='ltr'><strong>usique-ad</strong></span> 
     </span>
    </p>
   </div>
   <div class='ocr_carea' id='block_1_121' title="bbox 1863 5621 2674 5688">
    <p class='ocr_par' dir='ltr' id='par_1_121' title="bbox 1863 5621 2674 5688">
     <span class='ocr_line' id='line_1_122' title="bbox 1863 5621 2674 5688; baseline -0.002 -4"><span class='ocrx_word' id='word_1_921' title='bbox 1863 5628 2042 5685; x_wconf 87' lang='lat' dir='ltr'><strong>ﬁnem</strong></span> <span class='ocrx_word' id='word_1_922' title='bbox 2073 5621 2279 5684; x_wconf 82' lang='lat' dir='ltr'><strong>mundi</strong></span> <span class='ocrx_word' id='word_1_923' title='bbox 2306 5621 2488 5679; x_wconf 82' lang='lat' dir='ltr'><strong>futuri</strong></span> <span class='ocrx_word' id='word_1_924' title='bbox 2516 5628 2674 5688; x_wconf 86' lang='lat' dir='ltr'><strong>sunt.</strong></span> 
     </span>
    </p>
   </div>
  </div>
