4054 6396
538 380 659 441 235

1468 370 1840 436 RA’I‘HEHII
1883 369 2126 433 EPISC.
2172 369 2461 432 VERON.
2508 366 2681 431 OPP.
2726 365 2925 429 PARS
2972 362 3019 428 Ι.

3833 362 3955 426 236

539 522 687 573 Deus
717 515 813 587 qui
837 513 965 585 fecit
993 528 1119 569 eum
1139 511 1323 585 (Eccli.
1362 526 1437 577 Iv,
1462 509 1530 577 5;
1562 511 1654 564 et:
1682 505 1789 576 Qui
1833 507 2030 561 avertit
2061 520 2176 560 au-
2208 504 2261 572 Α
2288 506 2352 558 tu
2383 500 2529 557 forte
2557 499 2740 557 volvis
2768 498 3016 557 interius
3047 499 3218 571 (143),
3256 498 3407 587 quid
3437 496 3589 554 inter
3617 496 3743 553 haec
3768 513 3956 587 agen-

539 622 654 661 rem
682 620 840 659 suam
867 620 901 657 a
928 602 1165 657 clamore
1189 599 1469 672 pauperis,
1489 604 1541 652 et
1570 598 1682 667 ipse
1710 594 1970 650 clamabit
1998 602 2047 648 et
2074 608 2184 649 non

541 694 887 766 exaudietur(
920 694 1079 748 Prov.
1113 709 1228 747 XXI.
1262 689 1389 758 13);
1439 690 1530 742 et:
1569 686 1761 744 Videris
1788 685 1905 741 vidi
1934 684 2186 757 afflictio-

536 803 665 841 nem
685 784 880 857 populi
905 784 1034 849 mei,
1069 784 1119 837 et
1146 780 1407 851 gemitum
1435 792 1623 832 eorum
1654 775 1844 830 audivi
1872 773 2063 843 (Exod.
2098 788 2182 836 ιιι,

535 873 636 943 7);
671 876 766 928 et:
815 871 1050 940 Sanguis
1096 867 1225 923 Abel
1252 867 1458 921 clamat
1504 864 1575 920 ad
1601 881 1689 920 me
1733 864 1798 920 de
1848 867 1996 918 terra
2027 860 2181 933 (Gen.

538 977 616 1029 ιν,
653 960 741 1030 10)
767 977 779 1027 ;
813 962 904 1013 et:
939 955 1285 1012 Desiderium
1310 969 1618 1026 pauperum
1649 952 1931 1008 exaudivit
1957 952 2053 1006 91
2079 950 2183 1004 Do-

540 1051 746 1114 minus,
768 1055 819 1103 et
845 1048 1220 1101 clamauerunt
1239 1044 1403 1115 justi,
1431 1051 1481 1099 et
1502 1044 1763 1098 Dominus
1788 1040 2073 1096 exaudivit
2100 1054 2187 1093 eos

542 1135 711 1204 (Psal.
731 1151 785 1201 x,
822 1131 968 1203 16).;
1003 1135 1094 1187 et:
1129 1136 1305 1189 Juxta
1324 1135 1403 1186 est
1423 1131 1682 1186 Dominus
1707 1128 1791 1184 his
1808 1130 1901 1200 qui
1926 1128 2186 1184 tribulato

539 1231 669 1279 sunt
697 1221 871 1285 corde,
905 1228 955 1276 et
1003 1220 1237 1276 humiles
1283 1220 1485 1291 spiritu
1512 1217 1745 1273 salvabit
1785 1217 1955 1289 (Psal,
1986 1232 2186 1287 XXXIII,

542 1312 655 1385 19).
690 1311 799 1376 Qui
831 1312 1027 1366 autem
1058 1309 1193 1376 scis,
1232 1313 1429 1363 utrum
1461 1312 1517 1363 te
1549 1323 1843 1374 converso,
1868 1305 2012 1378 ipsis
2032 1305 2188 1360 vide-

542 1400 680 1456 licet
710 1417 811 1473 pro
848 1403 905 1454 te
950 1397 1468 1461 intercedentibus,
1501 1413 1572 1451 an
1608 1394 1830 1468 perdito
1871 1393 2187 1461 solventur,

545 1490 687 1546 dum
723 1488 905 1544 oratio
933 1487 1030 1559 pia
1060 1504 1173 1542 non
1208 1486 1279 1540 ad
1313 1489 1386 1552 te,
1438 1486 1539 1541 sed
1572 1485 1627 1539 in
1662 1484 1859 1540 sinum
1886 1483 2192 1539 revertitur

546 1593 749 1634 eorum
782 1594 816 1633 a
846 1575 1064 1648 quibus
1092 1579 1182 1631 est
1211 1574 1389 1630 fusa?
1421 1579 1482 1630 In
1514 1590 1628 1646 quo
1657 1590 1772 1629 non
1803 1573 1937 1646 plus
1967 1571 2187 1640 afﬂicti,

547 1684 725 1741 quam
753 1665 937 1722 totius
962 1664 1248 1733 Ecclesiae,
1268 1663 1422 1720 inter
1441 1680 1585 1736 quos
1606 1662 1780 1719 etiam
1813 1667 1878 1718 tu
1910 1665 2112 1718 contra
2134 1665 2190 1716 te

549 1756 771 1813 clamas
800 1770 904 1827 pro
938 1753 1172 1821 afﬂicto,
1224 1751 1605 1809 clamantium
1652 1768 1820 1808 voces
1848 1756 1903 1807 te
1925 1749 2194 1806 convenit

545 1844 862 1902 formidare
887 1841 1201 1898 dicentium
1232 1841 1376 1915 (140)
1398 1860 1416 1897 .·
1447 1842 1653 1913 Adjuva
1686 1857 1812 1920 nos,
1830 1841 1965 1895 Deus
1984 1840 2188 1895 saluta-

545 1939 628 1992 ris
658 1941 838 1989 noster
866 1932 1037 2001 (Psal.
1072 1948 1306 1996 LXXVIII,
1322 1930 1377 1999 9)
1403 1948 1417 1997 ;
1451 1935 1543 1986 et:
1573 1934 1729 1997 Deus,
1766 1930 1824 1993 in
1853 1928 2191 2001 adjutorium

543 2041 729 2081 meum
774 2021 996 2076 intende
1024 2020 1194 2093 (Psal.
1248 2037 1394 2087 LXIX,
1438 2021 1531 2088 2);
1581 2023 1673 2074 et:
1721 2019 1965 2085 Domine,
2017 2018 2189 2073 libera

545 2115 794 2170 ani-mam
820 2127 940 2167 mea
984 2126 1019 2165 α
1066 2109 1230 2163 labiis
1268 2109 1581 2180 iniquitatis
1609 2115 1660 2163 et
1706 2124 1740 2162 a
1784 2106 1979 2176 lingua
2007 2106 2189 2162 dolosa

545 2203 718 2271 (Psal.
745 2217 895 2268 CXIX,
930 2199 997 2267 2;
1030 2200 1123 2252 et:
1174 2197 1594 2270 Confunclantur
1639 2212 1823 2251 omnes
1869 2197 1965 2267 qui
2009 2203 2190 2251 osten—

545 2290 683 2347 dunt
698 2291 867 2345 servis
886 2289 995 2344 tuis
1011 2288 1161 2342 mala
1182 2287 1358 2360 (Dan.
1380 2287 1557 2354 ιιι,44;
1575 2290 1631 2340 et
1649 2302 1662 2340 :
1686 2286 1881 2341 Libera
1896 2301 2014 2352 nos,
2032 2286 2190 2351 Deus,

545 2381 610 2435 in
654 2362 1007 2434 mirabilibus
1037 2378 1166 2445 tuis,
1197 2380 1249 2430 et
1278 2374 1345 2429 da
1375 2376 1613 2444 gloriam
1636 2375 1851 2429 nomini
1879 2379 1971 2430 tuo
2002 2374 2190 2446 (Ibid.,

544 2485 704 2530 XLIII,
720 2468 794 2538 4),
809 2466 940 2522 Haec
952 2464 1109 2520 enim
1132 2463 1292 2520 ethis
1311 2462 1944 2518 similiainﬁnitissima
1962 2461 2192 2518 liberati

548 2558 690 2613 dum
717 2555 990 2621 clamant,
1014 2552 1141 2608 sine
1170 2552 1347 2607 dubio
1367 2568 1471 2624 pro
1492 2550 1811 2606 liberandis
1833 2551 2114 2621 clamant;
2138 2556 2196 2608 et

547 2661 611 2701 re
642 2661 756 2699 non
790 2642 988 2698 minus
1008 2644 1243 2714 experta
1263 2657 1438 2713 quam
1461 2657 1614 2697 vera.
1637 2640 1838 2696 Nonne
1862 2639 2031 2696 audis
2053 2657 2193 2713 quo-

547 2732 691 2790 tidie
711 2731 888 2799 istud,
919 2735 976 2787 et
998 2730 1107 2785 hoc
1128 2729 1333 2785 usitari
1359 2729 1415 2784 in
1441 2728 1674 2798 saeculo,
1700 2745 1891 2801 regem
1913 2747 2017 2804 pro
2039 2746 2192 2803 rege,

545 2822 684 2880 licet
713 2821 835 2877 sint
884 2818 1300 2887 inimicissimi,
1326 2820 1467 2874 dum
1496 2819 1901 2891 unusquisque
1931 2819 2198 2875 videlicet

544 2908 829 2986 prospicit
857 2908 994 2978 sibi,
1028 2907 1351 2983 saepissime
1372 2906 1554 2981 loqui,
1586 2907 1922 2981 episcopum
1948 2925 2051 2982 pro
2082 2907 2198 2981 epi-

545 3017 743 3074 scopo,
775 2997 1050 3055 clericum
1083 3014 1184 3071 pro
1217 2996 1446 3064 clerico,
1478 2996 1831 3053 monachum
1864 3013 1967 3070 pro
2000 3014 2199 3054 mona-

545 3088 894 3158 cho,laicum
911 3104 1013 3159 pro
1026 3085 1194 3153 laico,
1211 3085 1495 3158 juidicem
1510 3086 1838 3159 prejudice,
1855 3086 2195 3160 pincernam

543 3195 650 3252 pro
682 3177 979 3250 pincerna,
1011 3180 1086 3245 et,
1115 3180 1180 3230 ut
1200 3175 1272 3230 ad
1293 3173 1580 3230 vilissima
1599 3192 1900 3248 quanqum
1935 3192 2197 3232 necessa-

2296 591 2466 657 dum,
2494 590 2543 646 si
2565 593 2767 644 contra
2791 605 2987 644 meum
3010 587 3223 661 aliquis
3248 586 3481 643 illorum
3505 590 3830 661 consurgat
3849 586 3958 641 im-

2293 678 2517 752 perium
2531 679 2685 744 ?Quo
2716 680 2882 750 pacto
2913 677 2969 732 id
3003 677 3190 749 possit
3217 677 3820 749 contingere,nequeo
3854 692 3956 731 co-

2294 767 2499 841 gitare.
2532 768 2723 822 Tuum
2750 766 2905 821 enim
2957 766 3248 838 quomodo
3284 765 3503 821 ambiat
3530 764 3819 821 honorem
3852 764 3955 837 qui

2297 854 2523 911 obtinet
2540 854 2732 926 superi
2741 854 2995 910 orem?N
3001 870 3092 910 am
3108 853 3210 926 qui
3227 854 3414 925 major
3425 853 3601 909 etiam
3623 857 3725 910 tuo
3748 868 3957 908 cense-

2295 947 2393 999 tur
2413 942 2660 1015 judicio,
2683 943 2783 1015 qui
2804 942 3155 1008 instituitur,
3178 959 3252 998 an
3283 959 3388 1014 per
3416 959 3591 1014 quem
3616 942 3751 1015 quis
3783 941 3954 998 insti-

2295 1030 2524 1087 tuitur?
2545 1031 2691 1086 Cum
2713 1047 2846 1086 vero
2886 1030 3230 1103 praecepisse
3260 1030 3574 1086 Dominum
3606 1029 3826 1104 legeris
3846 1034 3955 1084 Sa-

2296 1120 2476 1176 mueli
2507 1120 2748 1176 dicendo
2770 1138 2782 1176 :
2806 1121 2972 1177 Sume
3000 1136 3170 1177 cornu
3198 1120 3325 1185 olei,
3358 1123 3410 1175 et
3438 1119 3592 1185 vade,
3624 1135 3767 1192 unge
3789 1120 3959 1174 illum

2297 1210 2344 1283 (Ι
2372 1212 2494 1280 Reg.
2528 1227 2643 1265 XVI.
2682 1210 2753 1280 1),
2787 1208 2874 1265 vel
2895 1208 3064 1264 illum
3091 1209 3150 1264 in
3191 1226 3422 1282 regem;
3455 1208 3683 1264 Nathan
3715 1225 3960 1281 quoque

2295 1302 2354 1354 et
2394 1297 2618 1355 Sadoch
2650 1297 2890 1354 unxisse
2918 1296 3129 1372 legeris
3161 1296 3529 1355 Salomonem
3561 1298 3662 1354 92
3696 1298 3795 1370 (II!
3823 1299 3955 1370 Reg.

2296 1405 2336 1456 1,
2371 1388 2495 1456 45);
2524 1404 2704 1459 quare
2735 1391 2936 1442 utrum
2959 1385 3173 1443 alicubi
3203 1385 3496 1442 inveneris
3518 1386 3845 1459 quemlibet
3870 1403 3959 1443 re-

2297 1492 2439 1548 gum
2456 1476 2715 1544 unxisse,
2741 1475 2873 1532 licet
2893 1475 3120 1548 legatur
3134 1475 3463 1533 instituisse
3478 1477 3850 1533 sacerdotum
3866 1477 3957 1533 vel

2299 1565 2717 1637 prophetarum
2751 1563 3039 1636 aliquem;
3072 1569 3130 1620 et
3165 1565 3391 1622 videbis
3422 1566 3553 1639 quis
3583 1583 3788 1623 eorum
3821 1571 3961 1640 post

2299 1653 2481 1709 Deum
2517 1652 2710 1709 locum
2743 1653 3003 1709 obtineat
3032 1654 3414 1727 superiorem.

2977 1752 3101 1807 Trr.
3151 1752 3247 1808 XII
3258 1795 3270 1808 .

2368 1843 2459 1897 2‘2.
2485 1840 2701 1897 Omnes
2720 1844 2914 1897 autem
2931 1840 3194 1897 Ecclesiae
3212 1840 3336 1910 ﬁlii,
3360 1841 3511 1899 inter
3533 1859 3680 1916 quos
3698 1847 3758 1899 tu
3772 1842 3958 1899 etiam

2301 1928 2649 1999 numeraris,
2702 1929 2750 1984 si
2786 1933 2977 1985 tamen
3010 1947 3126 1987 non
3159 1931 3514 2003 dedignaris,
3542 1932 3591 1988 si
3630 1936 3858 2005 patrem
3894 1936 3964 1988 ut

2300 2018 2578 2087 Absalon,
2608 2020 2812 2075 arbore
2841 2019 3066 2075 vindice
3110 2019 3473 2089 multandus,
3517 2037 3786 2077 mucrore
3837 2038 3960 2077 non

2303 2108 2674 2181 persequeris
2722 2110 2796 2179 (II
2841 2109 2969 2178 Reg.
3013 2125 3174 2176 xvm,
3224 2109 3320 2181 9);
3373 2109 3423 2165 si
3454 2110 3683 2183 vipereo
3741 2110 3957 2166 matris

2298 2196 2525 2253 viscera
2554 2213 2651 2252 ore
2679 2214 2795 2252 non
2820 2195 2997 2263 redis,
3022 2200 3276 2254 attamen
3300 2198 3500 2265 facias,
3535 2198 3715 2254 facias
3731 2202 3960 2266 tamen,

2301 2284 2454 2340 inter
2485 2302 2584 2340 eos
2615 2285 2965 2354 numeraris,
3004 2286 3104 2342 sed
3134 2286 3266 2343 vide
3300 2303 3371 2343 ne
3401 2286 3738 2343 haereditate
3767 2292 3828 2344 et
3855 2304 3956 2344 co-

2302 2373 2638 2430 haereditate
2675 2373 2909 2430 illorum
2945 2392 2978 2429 a
3027 2379 3205 2432 temet
3251 2375 3560 2445 frauderis,
3589 2392 3816 2444 omnes,
3865 2377 3960 2433 in-

2304 2479 2503 2535 quam,
2538 2463 2802 2519 Ecclesia:
2829 2464 2934 2519 ﬁlii
2956 2467 3058 2520 aut
3079 2464 3150 2520 de
3180 2469 3335 2521 sorte
3356 2470 3496 2521 sunt
3523 2465 3753 2522 Domini
3785 2469 3963 2540 etap-

2302 2550 2596 2625 pellantur
2623 2549 2814 2608 clerici
2838 2557 2895 2608 et
2926 2552 3232 2622 monachi;
3268 2558 3367 2609 aut
3395 2558 3535 2610 sunt
3572 2553 3843 2611 Ecclesiae
3875 2556 3962 2612 fa-

2292 2640 2742 2714 ‘muli,episc0pi
2764 2659 2896 2702 vero
2918 2641 3265 2711 confamuli;
3290 2645 3394 2699 aut
3413 2642 3768 2699 laboratores
3786 2645 3962 2718 (144),

2290 2730 2457 2786 servi
2490 2734 2547 2786 et
2574 2730 2765 2798 liberi,
2798 2736 2901 2787 aut
2950 2730 3167 2788 milites
3207 2732 3393 2805 regni.
3444 2732 3674 2789 Domini
3707 2750 3842 2789 vero
3873 2739 3967 2790 est

2304 2822 2457 2875 terra
2480 2820 2649 2892 (Psal.
2686 2821 2929 2889 111,1),et
2959 2824 3070 2876 tua:
3099 2821 3424 2879 defensioni
3455 2822 3807 2892 commissa;
3834 2824 3963 2880 red-

2308 2908 2465 2964 ditus
2497 2925 2631 2964 vero
2653 2909 2782 2982 ejus
2813 2914 2915 2965 aut
2943 2913 3147 2966 sancta
3166 2914 3503 2966 sanctorum
3530 2916 3672 2967 sunt
3700 2911 3965 2980 Domini,

2306 3000 2365 3052 et
2395 2997 2466 3052 ad
2489 2998 2594 3069 jus
2625 2996 2922 3071 pertinent
2949 2999 3342 3066 sacerdotum,
3377 3015 3481 3056 nec
3512 3017 3546 3055 a
3576 3000 3839 3073 quolibet
3859 3018 3965 3057 au-

2304 3085 2442 3143 ferri
2469 3091 2738 3158 possunt,
2763 3086 2877 3143 nisi
2895 3087 2995 3160 qui
3018 3088 3317 3160 publicum
3335 3090 3701 3147 committere
3714 3107 3832 3145 non
3854 3091 3968 3146 for-

2307 3175 2493 3231 midat
2517 3176 2890 3248 sacrilegium
2921 3195 2934 3245 ;
2970 3182 3071 3233 aut
3099 3177 3183 3233 tui
3213 3177 3536 3250 imperialis
3566 3180 3691 3252 [leg.
3722 3179 3887 3251 sunt]
3911 3180 3964 3235 si

545 3249 635 3324 ria
661 3266 910 3333 veniam,
946 3264 1223 3337 pistorem
1256 3280 1359 3335 pro
1408 3263 1644 3337 pistore,
1677 3280 1929 3336 coquum
1971 3282 2075 3338 pro
2105 3281 2199 3321 co-
2232 3249 2274 3315 C
2304 3264 2484 3336 juris,
2516 3269 2593 3333 et,
2623 3270 2782 3338 puto,
2815 3282 2917 3323 nec
2938 3283 3070 3323 vero
3085 3249 3472 3340 judicoiquod
3499 3249 3699 3324 nullus
3731 3268 3963 3325 auferre

549 3372 664 3428 quo
684 3355 711 3410 ‘l
741 3355 802 3410 Si
839 3370 975 3426 ergo
1023 3370 1130 3408 nos
1176 3351 1423 3407 invicem
1454 3370 1557 3424 pro
1588 3352 1892 3426 participio
1915 3354 2198 3425 juvamus

551 3443 862 3509 ordinis,in
881 3442 1093 3513 quibus
1112 3444 1201 3496 est
1225 3441 1848 3513 maximaimperl‘ectio
1871 3443 2199 3510 charitatis;

557 3532 698 3604 quid
737 3530 868 3587 illos
900 3533 1071 3602 putas
1115 3546 1219 3601 pro
1250 3528 1373 3584 suis
1404 3530 1771 3587 consortibus
1803 3546 1973 3603 agere
2003 3532 2101 3604 qui
2129 3533 2197 3588 il-

554 3621 695 3689 lam,
729 3637 845 3693 qua
875 3619 1062 3690 major
1088 3616 1252 3674 nulla
1281 3622 1371 3674 est
1394 3618 1439 3691 (I
1468 3618 1724 3687 Cor.qu,
1751 3619 1861 3693 13),
1895 3620 2198 3678 charitatis

557 3726 749 3767 arcem
794 3725 910 3764 non
958 3707 1149 3764 solum
1180 3708 1588 3776 conscendere,
1634 3711 1733 3765 sed
1766 3712 1964 3776 etiam,
1998 3710 2045 3767 si
2077 3711 2199 3768 ﬁeri

554 3802 771 3873 posset,
803 3798 1212 3854 transcendere
1262 3797 1508 3854 nitentes
1539 3799 1709 3868 (141),
1752 3800 1895 3855 dum
1923 3805 2200 3871 ponerent

552 3888 781 3945 animas
800 3904 902 3960 pro
921 3886 1147 3955 amicis,
1167 3885 1340 3942 etiam
1360 3904 1464 3958 pro
1483 3888 1627 3960 ipsis
1643 3890 1887 3944 orabant
1902 3889 2198 3947 inimicis?

546 3980 635 4034 An
652 3994 766 4033 non
781 3977 1111 4050 putandum
1125 3993 1252 4046 nos,
1269 3975 1806 4051 licetnegligentius
1820 3977 2004 4034 multo
2019 3996 2194 4051 quam

547 4067 797 4141 expedit,
813 4065 1076 4123 debitum
1098 4065 1183 4123 eis
1196 4065 1477 4122 honorem
1496 4066 1838 4135 deferentes,
1862 4070 1919 4122 et
1939 4068 2196 4139 quotidie

548 4157 609 4213 in
641 4154 924 4213 auxilium
966 4155 1482 4227 defensionemque
1527 4154 1861 4212 invocantes
1910 4156 2194 4224 deserere,

550 4246 652 4318 qui
696 4245 858 4318 ipsos
902 4244 1173 4300 inimicos
1227 4244 1516 4300 timebant
1562 4244 1853 4317 negligere
1890 4245 2086 4318 (142)?
2124 4248 2198 4303 At

551 4335 697 4390 forte
708 4335 815 4402 ais,
838 4333 1041 4388 volunt
1061 4334 1323 4405 quidem,
1343 4334 1441 4389 sed
1467 4335 1719 4406 peccatis
1731 4335 1947 4391 nostris
1968 4352 2194 4392 meren-

548 4421 1045 4493 tlbus,nequeunt
1071 4422 1227 4487 Quae,
1250 4438 1388 4494 rogo
1410 4421 1511 4477 illa
1539 4422 1859 4491 beatitudo,
1883 4441 2060 4498 quam
2089 4426 2195 4483 ali-

552 4528 671 4582 qua
698 4510 967 4565 inefficax
986 4509 1278 4565 excruciat
1296 4509 1508 4582 cupido
1523 4511 1550 4566 ‘?
1571 4529 1699 4583 quas
1721 4512 1987 4584 felicitas,
2017 4533 2193 4589 quam

2307 3355 2531 3427 absque
2562 3355 2897 3428 praejudicio
2943 3355 3132 3412 valeat
3174 3356 3415 3429 capitis;
3449 3361 3549 3414 aut
3568 3357 3831 3430 [subaudi
3861 3358 3963 3430 sit]

2307 3443 2631 3500 incolarum
2656 3445 2789 3518 pagi
2817 3462 2832 3515 ;
2866 3446 3019 3518 quod
3047 3445 3304 3518 [subaudi
3323 3447 3446 3518 jus]
3469 3447 3569 3520 qui
3600 3451 3847 3504 conatur
3877 3447 3963 3504 in-

2305 3534 2534 3599 vadere,
2557 3531 2728 3606 legali
2751 3538 3048 3591 coercetur
3067 3535 3384 3592 sanctione.
3401 3536 3801 3592 Sacerdotium
3826 3553 3960 3593 vero

2308 3638 2342 3677 a
2362 3622 2478 3677 Deo
2500 3621 2623 3678 solo
2642 3623 2888 3679 conferri
2903 3624 3055 3679 sicut
3075 3629 3132 3680 et
3152 3641 3419 3697 regnum,
3444 3625 3561 3681 imo
3581 3626 3961 3698 praestantius

2306 3710 2492 3767 multo
2520 3728 2698 3784 quam
2724 3727 2994 3784 regnum,
3044 3729 3177 3768 cum
3209 3712 3397 3769 millia
3442 3714 3767 3786 approbent
3800 3714 3961 3770 testi-

2308 3799 2639 3855 moniorum
2667 3816 2679 3854 :
2705 3804 2909 3856 tamun
2933 3800 3067 3869 ista,
3093 3818 3222 3875 quae
3236 3818 3394 3858 nunc
3415 3801 3654 3874 pulsant
3669 3801 3958 3870 animum,

2307 3905 2482 3945 suum
2526 3888 2621 3944 hic
2669 3893 2946 3962 expetunt
2970 3889 3182 3946 locum.
3216 3889 3447 3947 Dictum
3477 3895 3568 3947 est
3588 3890 3773 3965 Moysi
3794 3908 3807 3948 :
3831 3894 3965 3948 Ecce

2305 3979 2570 4033 constitui
2600 3981 2652 4032 te
2672 3983 2847 4034 Deum
2864 3979 3175 4035 Pharaonis
3202 3981 3394 4049 (Exod.
3424 3998 3524 4046 vn,
3549 3983 3626 4049 1.)
3657 3980 3732 4037 Ut
3757 3981 3961 4054 utique

2304 4063 2364 4120 id
2405 4083 2517 4121 non
2552 4081 2651 4121 rex
2668 4070 2955 4133 terrenus,
2979 4083 3095 4122 non
3117 4066 3391 4138 quaelibet
3411 4070 3671 4140 potestas
3703 4072 3957 4134 terrena,

2306 4154 2407 4209 sed
2439 4154 2510 4211 de
2555 4156 2701 4211 rubo
2750 4158 3080 4228 protestans
3120 4172 3229 4212 vox
3257 4156 3387 4229 ipsa
3438 4154 3584 4213 dixit
3626 4156 3955 4226 Dominica,

2305 4259 2433 4314 quae
2476 4244 2569 4300 dat
2617 4246 2912 4317 imperium
2960 4246 3078 4313 regi
3103 4259 3220 4314 suo,
3272 4254 3433 4319 atque
3473 4245 3739 4301 sublimat
3785 4262 3959 4302 cornu

2307 4332 2512 4388 Christi
2538 4333 2586 4406 (1
2611 4335 2738 4404 Reg.
2764 4351 2825 4402 II,
2855 4335 2962 4401 10),
2993 4339 3050 4390 et
3070 4334 3272 4406 utique
3294 4337 3421 4397 sui;
3452 4352 3580 4407 quae
3605 4335 3664 4389 in
3689 4334 3956 4392 Psalmo:

2304 4423 2433 4495 Ego,
2479 4422 2691 4495 inquit,
2722 4422 2864 4491 dixi,
2896 4423 2979 4479 dii
3004 4425 3133 4480 estis
3162 4424 3330 4494 (Psal.
3365 4438 3553 4490 LXXXI,
3581 4424 3659 4494 6).
3696 4424 3829 4494 Ego,
3861 4424 3957 4481 in-

2306 4520 2472 4593 quit;
2499 4536 2613 4593 ego,
2649 4539 2765 4577 non
2798 4519 3047 4593 quilibet
3075 4518 3272 4589 homo,
3304 4530 3409 4594 ego
3439 4521 3580 4593 dixi,
3615 4538 3721 4595 ego
3753 4525 3955 4590 statui,

552 4596 1929 4691 qumvisimpossibilitatisaddicitegestas!quod
1943 4607 2196 4678 cogitare
2230 4627 2277 4691 ι)
2305 4610 2403 4681 qui
2435 4614 2493 4665 et
2520 4626 2623 4665 vos
2651 4609 2920 4665 homines
2939 4609 3126 4665 ereavi
3155 4627 3169 4678 ;
3195 4627 3300 4683 ego
3313 4609 3450 4679 dixi,
3478 4627 3598 4666 non
3626 4610 3874 4668 cuilibet
3896 4617 3960 4667 ut

552 4684 693 4757 quid
712 4686 1034 4758 puerilius?
1055 4687 1208 4759 quod
1232 4687 1422 4742 dicere
1443 4689 1582 4759 quid
1600 4696 1787 4762 potest
1804 4692 2044 4749 inveniri
2070 4714 2195 4768 per-

547 4774 775 4831 versius
790 4776 817 4830 ?
829 4777 900 4830 At
921 4775 1087 4831 nobis
1103 4775 1224 4831 haec
1237 4775 1394 4831 haud
1406 4776 1779 4850 interruptim
1793 4779 2189 4856 loquentibus,

620 4917 769 4985 (140)
800 4916 1114 4995 Construe:
1148 4919 1210 4972 In
1239 4933 1348 4995 quo
1362 4920 1611 4995 convenit
1628 4927 1690 4995 te
1712 4936 1826 4995 non
1849 4922 1977 4995 plus
2004 4926 2193 4995 [ονῃιί.

544 4989 678 5045 dare
708 4989 1100 5060 vocesiaf/licti,
1143 5005 1307 5058 quam
1331 4990 1498 5043 totius
1519 4991 1784 5060 Ecclesiae,
1819 4989 2037 5051 scilicet
2066 5014 2190 5052 om-

542 5061 710 5117 nium
743 5058 1025 5125 fidelium,
1058 5061 1438 5134 clamantium,
1471 5062 1627 5134 inter
1654 5058 1785 5134 quos
1814 5066 1979 5121 etiam
2006 5071 2067 5123 tu
2084 5069 2191 5124 cla-

541 5149 683 5210 mas,
717 5136 907 5210 contra
934 5134 988 5186 te
1012 5147 1110 5202 pro
1138 5132 1362 5201 afﬂicto,
1394 5140 1444 5187 et
1471 5132 1771 5190 dicentium
1792 5154 1810 5191 .·
1831 5137 2041 5210 Adjuva
2068 5156 2187 5209 nos,

544 5206 708 5268 Deus,
737 5208 848 5259 etc.

616 5276 766 5346 (141)
806 5275 1090 5329 Construe
1117 5290 1131 5329 :
1156 5274 1261 5342 Qui
1290 5276 1523 5332 nitentes
1563 5294 1675 5333 non
1714 5280 1891 5336 solum
1931 5298 2189 5338 conscen-

545 5345 692 5411 dere,
736 5345 828 5399 sed
871 5346 1104 5400 etiam...
1158 5347 1534 5404 transcendere
1570 5350 1730 5405 illam
1776 5368 1959 5408 arcem
2003 5356 2189 5410 chari-

546 5418 698 5493 tatis2
714 5431 837 5493 Aqua
861 5416 1021 5470 nulla
1049 5418 1224 5489 major
1250 5426 1347 5483 est,
1377 5418 1508 5475 dum
1528 5428 1811 5493 ponerent,
1845 5429 1953 5480 etc.

615 5487 764 5574 (142)
794 5488 1076 5574 Construe
1096 5487 1224 5570 {An
1262 5504 1379 5572 non
1400 5487 1710 5574 putandum
1741 5487 1937 5567 (illos),
1963 5497 2087 5574 _qui
2116 5499 2187 5553 ti-

539 5558 767 5640 mebant
782 5559 1058 5640 negligere
1082 5561 1224 5640 ipsos
1250 5558 1520 5640 inimicos,
1537 5558 1789 5640 deserere
1811 5558 1909 5621 nos
1924 5558 2185 5640 deferen-

540 5636 621 5687 tes
638 5629 1003 5709 eishonorem
1023 5629 1281 5709 debitum,
1307 5633 1429 5690 licet
1442 5636 1615 5692 multo
1639 5629 2187 5709 negligentius'quam

539 5701 776 5785 expedit,
803 5710 855 5762 et
884 5702 1120 5783 quotidie
1146 5705 1456 5767 invocantes
1485 5709 1548 5769 in
1593 5701 1873 5769 auxilium
1920 5719 1970 5772 et
1997 5701 2185 5791 defert-

2301 4699 2536 4770 diceret,
2572 4703 2637 4753 ut
2660 4698 2878 4754 valeret
2906 4704 3007 4754 aut
3039 4699 3295 4767 auderet,
3321 4700 3581 4756 concessi
3610 4717 3625 4768 ;
3659 4716 3693 4756 a
3718 4717 3820 4757 me
3848 4700 3957 4758 ho-

2301 4787 2491 4843 mines
2526 4787 2723 4857 creati,
2757 4805 2790 4844 a
2821 4805 2915 4844 me
2945 4787 3024 4844 dii
3054 4788 3198 4845 estis
3226 4789 3432 4858 vocati,
3468 4789 3621 4862 quod
3647 4788 3854 4862 utique
3879 4791 3957 4846 fa-

2299 4932 2509 4985 sionem
2524 4934 2549 4983 .9

2373 5003 2519 5078 (143)
2552 5002 2812 5078 Hugonis
2844 5002 2996 5078 regis
3020 5003 3262 5078 quaestio
3284 5003 3379 5078 hic.
3399 5003 3746 5078 proponitur
3770 5020 3782 5059 :
3810 5004 3952 5078 quid

2300 5072 2582 5149 nimirum
2600 5072 2980 5149 agendumfsi
2996 5072 3130 5147 quis
3143 5072 3541 5149 contraipsius
3557 5093 3805 5149 regnum
3823 5072 3955 5133 con-

2300 5149 2519 5218 surgat.
2551 5145 2892 5201 Ratberium
2933 5145 3064 5202 vero
3095 5151 3297 5203 contra
3325 5145 3712 5204 irisurrexisse
3742 5165 3949 5221 quere-

2298 5215 2492 5276 batur.
2516 5233 2649 5272 cum
2677 5217 2999 5275 Arnoldum
3039 5218 3318 5276 Baioariaa
3349 5220 3556 5276 ducem
3586 5219 3830 5276 Verona
3863 5238 3948 5276 re-

2342 5233 2492 5293 atur,
2516 5233 2649 5272 cum
2677 5233 2999 5275 amomum
3039 5233 3318 5293 1584031133
3349 5233 3556 5276 ducem
3596 5233 3830 5277 veronae
3863 5238 3948 5278 re-

2298 5287 2470 5344 cenit.

2394 5358 2516 5433 144)
2551 5360 2923 5433 Laboratores:
2966 5377 3216 5433 quorum
3268 5360 3365 5418 alii
3413 5366 3581 5419 erant
3626 5361 3801 5432 servi,
3852 5362 3949 5420 alii

2294 5427 2485 5506 liberi,
2499 5427 2909 5506 intelliguntur
2925 5427 3167 5506 plebeii;
3189 5435 3392 5506 milites
3413 5439 3606 5491 autem
3629 5427 3795 5506 regni
3811 5438 3953 5491 sunt

2293 5501 2402 5578 viri
2433 5501 2853 5578 nobiles.llinc
2880 5501 3086 5578 plebeiI
3119 5501 3162 5562 a'
3182 5504 3471 5563 militibus
3487 5501 3952 5578 dintinguuntur

2294 5571 2447 5651 libro
2477 5577 2768 5651 sequenti,
2801 5571 2965 5633 num.
2994 5577 3079 5634 13.
3101 5578 3304 5651 milites
3332 5584 3470 5651 vero
3492 5579 3651 5651 regni
3677 5571 3821 5635 dicti
3842 5578 3948 5651 viri

2294 5646 2538 5729 nobiles:
2562 5646 2701 5729 quia
2723 5648 2848 5729 fere
2879 5665 3083 5713 omnes
3113 5648 3421 5709 feudatarii
3449 5646 3571 5729 pro'
3586 5666 3766 5729 regno
3792 5650 3949 5713 mili-

2295 5720 2420 5779 tare
2449 5719 2759 5783 debebant.
