4054 6390
141 382 248 443 237

1044 377 1689 453 PRJELOQUIORUM
1734 382 1939 446 LIBRI
1981 384 2157 449 SEX.
2189 418 2267 433 --
2304 387 2452 449 LIB.
2499 388 2607 452 III.

3409 390 3531 455 238

144 529 258 571 cere
277 512 389 569 nisi
406 508 753 585 Deus,quod
779 513 1094 569 concedere
1115 513 1227 570 nisi
1257 514 1520 570 omnium
1547 519 1773 589 poterat
1799 520 1854 587 Α
1882 518 2059 588 modo,
2092 518 2306 592 inquit,
2332 521 2736 592 praedicabunt,
2765 525 2881 580 nisi
2907 525 3202 580 mittantur
3220 528 3245 578 ?
3272 525 3446 597 (Rom.
3468 542 3525 594 x,

140 602 428 668 Dominus,
460 601 726 673 ipsaque,
758 618 876 657 non
908 600 1110 669 altera,
1142 602 1273 674 ipsa
1301 603 1410 671 vis,
1447 603 1576 675 ipsa
1609 609 1769 677 pote-

140 690 394 762 stas,ipse
419 689 757 762 nutus,ipsa
776 691 1056 761 majestas
1076 708 1089 746 :
1112 692 1534 763 Speculatorem,
1555 691 1769 765 inquit,

137 780 248 836 dedi
271 787 321 835 te
346 778 537 834 domui
562 780 734 834 Israel
767 796 780 835 :
807 777 1023 851 aliique
1046 781 1108 851 [/2
1135 779 1415 853 alibique]
1443 799 1467 845 ;
1485 782 1565 837 Ad
1584 784 1770 838 omnia

138 885 244 943 qua!
268 870 486 924 mittam
513 876 564 924 te
592 869 701 923 ibis
722 868 932 940 (Ezech.
957 886 1042 935 ιιι,
1069 868 1203 937 17;)
1233 874 1285 924 et
1311 888 1330 926 :
1360 872 1489 926 Ecce
1508 873 1771 927 constitui

136 966 180 1015 te
202 957 351 1013 hodie
375 972 541 1029 super
568 960 755 1027 gentes
782 965 833 1012 et
861 973 1026 1030 super
1082 974 1271 1029 regna,
1320 962 1381 1014 ut
1437 960 1655 1027 evellas,
1712 965 1769 1015 et

138 1048 382 1114 desimus,
441 1053 498 1102 et
550 1045 850 1118 disperdas,
880 1050 932 1102 et
987 1047 1238 1119 dissipes,
1292 1056 1342 1104 et
1395 1048 1656 1119 a'diﬁces,
1714 1053 1768 1105 et

134 1139 325 1210 pientes
350 1137 572 1208 (Jerem.
594 1151 697 1201 vn,
730 1134 841 1207 10.)
874 1134 1121 1191 Pulchre
1149 1152 1282 1192 vero
1320 1153 1426 1192 nec
1457 1137 1764 1192 dissonum

138 1243 167 1281 a
192 1242 324 1282 novo
358 1242 372 1279 :
408 1225 771 1295 Quaecunque,
830 1223 987 1279 enim
1041 1223 1201 1293 dicit,
1263 1226 1565 1297 ligaveritis
1601 1241 1766 1297 super

136 1323 338 1384 terram,
369 1320 530 1369 erant
561 1313 739 1381 ligata
762 1320 813 1367 et
840 1313 898 1367 in
928 1313 1061 1369 caelo
1080 1331 1104 1377 ;
1133 1321 1186 1368 ct
1211 1328 1552 1387 quaecunque
1589 1314 1763 1370 solve-

136 1406 243 1460 ritis
268 1418 432 1474 super
460 1409 687 1468 terram,
746 1409 907 1457 erunt
962 1402 1136 1457 soluta
1165 1406 1217 1457 et
1267 1404 1327 1457 in
1357 1404 1493 1458 coelo
1549 1403 1759 1475 (Matth.

136 1509 272 1560 Lvm,
306 1492 370 1547 18
398 1491 438 1563 :)
473 1490 632 1563 quod
658 1496 714 1546 et
734 1507 802 1545 ex
823 1490 918 1546 his
942 1508 1095 1546 unus
1125 1508 1138 1547 :
1163 1491 1322 1559 Aliis,
1347 1491 1644 1563 inquiens,
1666 1508 1760 1547 su-

132 1599 238 1638 mus
262 1581 389 1638 odor
415 1581 612 1636 mortis
641 1580 699 1634 in
729 1587 976 1646 mortem,
1011 1580 1141 1635 aliis
1172 1580 1307 1637 odor
1336 1582 1471 1638 vitae
1502 1582 1560 1636 in
1590 1583 1761 1637 uitam

136 1674 198 1743 (ΙΙ
220 1670 331 1727 Cor.
365 1685 424 1736 ιι,
459 1668 600 1741 (16).
635 1667 769 1740 Ipsa
825 1667 1001 1724 etiam
1031 1668 1329 1740 Sapientia
1361 1687 1374 1725 :
1408 1671 1514 1725 Per
1538 1685 1627 1725 me
1655 1669 1755 1737 ait,

133 1775 265 1828 reges
286 1766 538 1830 regnant,
585 1764 638 1812 et
694 1755 998 1813 conditores
1057 1758 1238 1827 legum
1256 1759 1409 1830 justa
1463 1758 1759 1814 decernunt

136 1850 294 1920 (Prov.
319 1864 443 1912 vm,
482 1844 616 1915 15;)
648 1862 797 1917 quos
854 1845 1185 1902 conditores
1216 1847 1316 1903 98
1357 1846 1629 1919 intelligit
1674 1846 1754 1903 le-

135 1954 252 2009 gum
266 1936 375 1992 nisi
400 1939 756 1991 reseratores
776 1934 1211 2006 Scripturarum
1233 1934 1260 1989 ?
1283 1935 1382 2007 qui
1401 1941 1540 1991 tunc
1560 1936 1612 1990 vi
1620 1937 1754 1991 den-

135 2032 216 2082 tur
240 2025 333 2082 Dei
352 2024 512 2097 leges
544 2023 816 2090 condere,
841 2039 977 2078 cum
1008 2024 1248 2079 student
1265 2025 1513 2081 enodare
1541 2042 1554 2093 ;
1583 2024 1751 2096 quasi

135 2116 282 2172 nullae
310 2114 464 2172 enim
498 2116 643 2170 sunt
669 2110 968 2183 nescienti,
1011 2112 1162 2168 sicut
1191 2119 1247 2168 et
1274 2115 1642 2186 coinquinatis
1665 2115 1750 2170 nil

131 2205 367 2262 mundum
398 2204 519 2276 (Tit.
556 2219 597 2268 1,
630 2200 745 2272 15.)
776 2201 938 2265 Quod
972 2201 1022 2257 si
1054 2200 1161 2257 tibi
1194 2202 1311 2257 ista
1339 2203 1583 2258 forsitan
1629 2202 1749 2257 dis-

133 2295 301 2368 plicet,
333 2293 448 2350 alia
472 2290 653 2347 editio
684 2289 1048 2345 enucleatius
1079 2290 1295 2362 profert
1324 2306 1337 2344 :
1366 2297 1473 2347 Per
1521 2307 1626 2360 me,
1657 2290 1749 2345 in-

133 2384 333 2456 quiens,
364 2397 515 2453 reges
546 2382 802 2448 regnant,
835 2382 888 2433 et
912 2382 1155 2449 potentes
1184 2378 1429 2434 scribunt
1447 2380 1745 2451 justitiam,

135 2472 211 2528 cui
234 2470 481 2527 concinit
496 2470 628 2541 jam
660 2482 833 2523 carne
859 2467 1068 2535 velata,
1119 2468 1220 2524 sed
1252 2468 1383 2540 ipsa
1428 2468 1749 2540 eademque

133 2561 399 2634 Sapientia
429 2577 444 2616 :
478 2558 623 2625 Ideo,
656 2555 951 2628 inquiens,
1004 2558 1181 2613 omnis
1237 2558 1425 2612 scriba
1475 2557 1660 2612 doctus
1685 2558 1749 2612 in

134 2667 274 2722 regno
298 2651 563 2705 caelorum
605 2645 811 2701 similis
838 2653 916 2701 est
944 2645 1156 2701 homini
1199 2646 1611 2717 patrifamilias,
1653 2647 1750 2718 qui

135 2742 314 2812 profert
338 2738 401 2793 de
433 2739 688 2793 thesauro
726 2749 822 2789 suo
873 2749 1016 2789 nova
1065 2741 1114 2789 et
1164 2742 1346 2790 uetera
1370 2735 1574 2801 (Matth.
1623 2752 1745 2802 xm,

135 2831 238 2901 52.)
264 2830 389 2893 Qua
418 2832 475 2882 et
505 2824 644 2893 alio,
676 2824 777 2880 sed
809 2827 1005 2878 tamen
1038 2827 1095 2878 et
1126 2822 1420 2895 Evangelii
1442 2822 1587 2893 loco,
1622 2823 1745 2890 uni,

135 2919 254 2975 etin
277 2935 338 2973 eo
369 2914 638 2987 ejusdem
672 2912 897 2968 ordinis
918 2910 1214 2977 omnibus,
1246 2911 1358 2983 ipsi
1390 2916 1586 2967 tamen
1614 2929 1745 2984 spe-

94 3007 310 3063 ‘cialius
340 3023 353 3061 :
388 3004 525 3071 Tibi,
581 3001 793 3073 inquit,
853 2999 990 3055 dabo
1046 3000 1223 3055 claves
1276 3002 1435 3071 regni
1489 3001 1748 3056 cwlorum

137 3096 315 3165 (Hatth.
344 3111 457 3161 1m,
492 3092 601 3160 19;
634 3091 892 3160 itemque
923 3088 973 3144 si
1030 3088 1143 3144 dici
1176 3090 1263 3145 fas
1295 3089 1372 3144 sit
1428 3094 1588 3144 tanto
1621 3105 1769 3165 ma-q

133 3184 225 3256 jori
249 3180 608 3248 auctoritate,
634 3182 854 3251 quanto
902 3177 1028 3248 jam
1087 3177 1314 3233 devicta
1371 3176 1745 3245 mortalitate,

139 3273 463 3345 triumphata
479 3273 691 3337 morte,
710 3267 915 3323 induta
929 3265 1389 3334 immortalitate,
1404 3266 1747 3322 imminente
1776 3258 1818 3325 C

142 3362 462 3429 ascensione,
492 3361 734 3432 peracta
788 3355 1208 3412 resurrectione
1240 3371 1254 3410 :
1288 3360 1475 3421 Pasce,
1536 3355 1746 3427 inquit,

143 3468 239 3508 oves
260 3468 397 3509 meas
426 3452 608 3524 (Joan.
635 3463 746 3513 xxx,
766 3445 835 3502 l7
859 3448 898 3513 ;)
922 3462 1106 3511 meas,
1131 3444 1339 3516 inquit,
1364 3461 1525 3500 meas
1550 3462 1563 3512 ;
1588 3460 1750 3499 meas

140 3543 408 3609 creatione,
441 3555 606 3595 meas
637 3534 1053 3606 redemptione,
1080 3549 1241 3589 meas
1264 3534 1422 3603 jure,
1453 3549 1614 3588 meas
1632 3549 1746 3587 non

137 3636 264 3703 tuas,
294 3648 447 3687 meas
477 3645 598 3684 non
631 3623 870 3688 Tiberii,
906 3639 1068 3678 meas
1128 3638 1263 3685 non,
1302 3619 1551 3685 Claudii,
1586 3636 1748 3675 meas

139 3738 232 3777 non
257 3715 640 3780 Constantini,
673 3729 837 3769 meas
871 3728 988 3767 non
1021 3709 1354 3777 Theodosii,
1412 3726 1571 3764 meas
1631 3726 1745 3764 non

142 3809 379 3875 Mauritii,
399 3824 562 3863 meas
580 3820 698 3859 non
723 3789 1339 3869 Caroli.0mnibusque
1360 3796 1708 3869 generaliter
1730 3814 1743 3852 :

142 3899 361 3971 Accipite,
391 3896 627 3970 inquit;
642 3892 913 3963 Spiritum
939 3897 1227 3954 sanctum;
1253 3903 1484 3960 quorum
1524 3889 1747 3943 remisec

142 3990 244 4043 ritis
279 3989 354 4045 uel
379 3983 722 4043 retinueritis
746 3988 984 4052 peccata,
1016 3980 1241 4034 remissa
1275 3978 1355 4032 vel
1386 3980 1594 4032 retenta
1620 3984 1748 4032 sunt

141 4075 285 4142 (toan.
313 4094 400 4144 xx,
426 4074 502 4151 13‘
529 4074 570 4146 ;)
599 4076 657 4127 et
687 4088 700 4126 :
736 4073 937 4126 Euntes
967 4069 1030 4124 in
1086 4065 1357 4122 mundum
1407 4066 1743 4132 universum,

145 4163 401 4231 praedicate
428 4158 800 4229 Euangelium
826 4157 977 4213 omni
996 4165 1269 4211 creatura?
1288 4155 1500 4226 (Mare,
1521 4170 1636 4223 xvr,
1657 4153 1745 4225 15)

146 4248 276 4312 Quod
302 4251 681 4309 reminiscens
709 4246 807 4303 ille
827 4244 1122 4311 [scilicetS.
1148 4243 1396 4315 Pctrus,J
1429 4241 1524 4297 cui
1558 4241 1746 4313 primo

150 4342 190 4392 et
214 4340 262 4395 in
291 4357 395 4413 quo
416 4343 627 4398 cuncto
646 4341 735 4394 est
756 4338 1110 4408 praeceptum
1132 4331 1579 4405 praedicatorum
1600 4334 1746 4386 cata-

148 4423 294 4499 logo:
347 4430 608 4501 Praecipit
654 4425 808 4482 nobis
866 4425 1139 4480 Dominus
1195 4421 1496 4493 praedicare
1545 4420 1746 4491 populo

153 4518 264 4583 (Ad.
290 4536 341 4574 χ.
371 4521 438 4575 42
458 4519 494 4588 ;)
526 4521 901 4587 statutusque
929 4512 1009 4585 [id
1037 4520 1116 4567 est
1144 4509 1516 4575 constitutus]
1551 4524 1745 4564 coram

153 4605 469 4681 principibus
494 4612 555 4665 et
585 4603 1058 4694 magistratibus:
1091 4600 1338 4694 Qbedire,
1360 4597 1571 4694 inquit,
1595 4614 1748 4669 opor-
1781 4629 1827 4694 Β

154 4695 213 4747 let
234 4696 324 4753 Deo
344 4699 514 4769 magis
544 4712 710 4769 quam
738 4692 1050 4751 hominibus
1082 4690 1215 4762 (Aet.
1247 4707 1301 4757 ν,
1346 4687 1461 4759 29.)
1492 4688 1750 4760 Ejusque

156 4780 204 4836 in
227 4786 470 4855 passione
501 4777 724 4857 collega
753 4781 966 4839 Paulus
994 4780 1055 4836 in
1081 4778 1342 4852 Epistola
1367 4795 1380 4834 :
1406 4780 1511 4833 Pro
1535 4777 1750 4834 Christo

158 4869 386 4940 legatione
429 4868 724 4950 fungimur
751 4874 821 4947 (II
852 4871 972 4928 Cor.
1027 4887 1081 4939 γ,
1114 4868 1243 4940 20;)
1286 4872 1343 4924 et
1400 4865 1539 4922 alibi
1574 4884 1586 4922 :
1639 4868 1752 4935 Quo

217 5030 341 5105 (145)
364 5034 417 5091 Si
443 5035 721 5091 nimirum
754 5032 868 5105 duo
892 5030 1120 5086 diversa
1149 5031 1287 5105 sunt
1304 5027 1486 5105 puluis
1512 5034 1566 5083 et
1589 5028 1749 5105 cinis.

164 5097 554 5163 Construendus
585 5108 780 5161 autem
810 5102 905 5158 hic
935 5104 1127 5157 textus
1158 5100 1240 5155 sic
1275 5097 1754 5171 {Videqurntu-m

164 5172 241 5250 ille
264 5176 336 5246 (id
355 5183 438 5233 est
459 5183 579 5248 rex)
605 5178 703 5250 qui
729 5192 798 5231 ea:
811 5176 1052 5250 pulvere,
1078 5172 1299 5228 scilicet
1320 5169 1755 5250 homine,potuit

166 5244 315 5319 facere
328 5244 592 5319 angelum,
614 5244 682 5304 'id
709 5252 797 5303 est
811 5244 1186 5319 episcopum,
1210 5251 1262 5319 et
1285 5259 1354 5319 ex
1375 5244 1558 5297 cinere
1582 5245 1757 5313 potuit

169 5314 315 5396 {acere
339 5314 518 5390 Deum,
575 5314 715 5396 quod
772 5314 905 5396 iste:
930 5314 1064 5396 dicit
1089 5316 1406 5396 se_fect_'sse,
1466 5318 1753 5396 quantum,

169 5385 392 5466 inquam,
422 5396 466 5449 is
488 5385 788 5466 prai’fertur
814 5390 926 5466 illi,
946 5389 1005 5443 id
1037 5392 1126 5443 est
1145 5386 1260 5442 Deo
1282 5385 1517 5466 ipsi‘,qui
1547 5389 1757 5466 tantum

167 5456 403 5537 pulverem
424 5473 474 5521 et
488 5456 733 5521 'cine'rem
753 5463 930 5537 potuit
967 5475 1171 5537 creare,
1200 5456 1337 5530 quod
1369 5456 1758 5537 tantummodo

171 5530 352 5602 uidetur
375 5537 649 5593 concedere
675 5528 926 5591 Deo.Sibi
948 5528 1569 5602 nimirumreslribuit
1588 5545 1759 5602 posse

174 5599 329 5685 (acere
354 5607 723 5685 episcopus,“
750 5605 865 5665 Deo
882 5601 1288 5685 tantummodo
1306 5600 1537 5685 videtur
1556 5599 1758 5685 conce-

175 5669 302 5750 ἀπε,
331 5669 471 5760 ιιιὶοὰ
525 5669 819 5762 pulverem
848 5680 907 5740 et
949 5676 1226 5747 cinerem,
1277 5689 1377 5733 seu
1436 5671 1761 5748 hominem,

1880 607 1990 678 15.)
2021 610 2066 663 A
2097 625 2212 681 quo
2242 608 2580 678 mittuntur,
2613 627 2831 684 quaeso,
2863 612 2977 668 nisi
3026 614 3098 669 ab
3128 630 3193 669 eo
3222 614 3323 686 qui
3367 613 3526 669 dixe-

1878 701 2007 752 rat:
2044 701 2152 768 Ego
2179 699 2309 753 misi
2332 714 2419 754 vos
2455 704 2659 756 metere
2687 700 2828 772 quod
2872 718 2963 757 uos
3013 717 3125 756 non
3166 702 3528 758 seminastis?

1875 787 2063 850 (Joan.
2095 804 2172 851 IV,
2203 786 2315 858 38.)

1946 874 2034 929 35.
2088 874 2277 930 Habes
2319 875 2583 943 breviter,
2636 877 2738 933 sed
2792 877 3153 934 sufficienter
3208 878 3521 934 sacerdotii

1865 963 2006 1033 jura
2034 964 2106 1017 ab
2138 963 2265 1035 ipso
2295 964 2411 1019 Deo
2468 980 2570 1036 per
2611 965 2897 1038 Spiritum
2958 971 3229 1022 sanctum
3290 965 3517 1022 collata.

1873 1053 2071 1106 Cesset
2099 1068 2235 1123 ergo
2266 1052 2398 1122 quis
2428 1052 2617 1109 dicere
2659 1053 3009 1119 humanum,
3037 1055 3193 1126 quod
3221 1054 3520 1127 specialis-

1873 1139 2020 1195 sime
2043 1146 2131 1194 est
2159 1140 2261 1196 Dei
2292 1140 2511 1195 donum
2535 1160 2552 1205 ;
2584 1141 2814 1197 desinat
2840 1142 2949 1197 hac
2970 1143 3313 1199 auctoritate
3329 1143 3518 1198 victus

1871 1227 2138 1298 quilibet,
2171 1227 2279 1283 etsi
2301 1229 2590 1288 nesciens.
2630 1230 2816 1285 Deum
2846 1235 3042 1286 tamen
3075 1231 3515 1303 blasphemans,

1871 1315 2010 1371 dicit
2038 1316 2153 1372 Deo
2181 1317 2327 1385 ;Ego
2371 1318 2534 1372 illum
2563 1321 2613 1373 et
2671 1319 2833 1373 illum
2859 1320 2971 1389 feci
3021 1320 3175 1387 (Isai,
3220 1336 3335 1386 xxv,
3394 1319 3513 1389 13,)

1870 1421 1962 1470 ne,
1996 1405 2137 1460 dum
2161 1405 2276 1461 Deo
2300 1422 2361 1461 se
2385 1422 2687 1477 coaequare
2712 1406 2838 1461 vult
2864 1406 2925 1461 in
2958 1407 3175 1479 aliquo,
3207 1407 3515 1478 dejiciatur

1868 1510 2004 1548 cum
2036 1509 2122 1561 eo,
2157 1493 2258 1565 qui
2298 1493 2514 1549 solium
2546 1500 2750 1550 contra
2806 1512 2942 1551 eum
2967 1494 3152 1551 voluit
3202 1496 3423 1567 erigere
3453 1496 3512 1550 in

1868 1581 2032 1637 ccelo.
2065 1581 2413 1639 Creatricem
2444 1584 2601 1638 enim
2642 1588 2897 1640 creatam
2949 1583 3173 1640 nullam
3212 1599 3340 1639 esse
3371 1584 3511 1639 sub-

1866 1670 2144 1728 stantiam
2179 1671 2259 1727 ita
2283 1673 2507 1727 cunctis
2539 1678 2809 1729 tenemus
2838 1672 3181 1739 certissime,
3206 1676 3270 1727 ut
3297 1671 3345 1727 si
3378 1672 3512 1744 quis

1866 1759 2087 1833 aliquid
2146 1764 2308 1816 retur
2346 1760 2545 1833 procul
2602 1760 2839 1829 dubius,
2875 1760 2956 1815 nil
3015 1760 3274 1816 invenire
3311 1761 3414 1816 04
3444 1777 3511 1815 eo

1869 1854 2045 1921 queat
2073 1850 2362 1905 insanius.
2418 1849 2579 1913 Quod
2612 1850 2661 1905 si
2709 1850 3020 1922 episcopus
3078 1848 3407 1922 specialiter
3435 1849 3507 1903 ab

1863 1937 2102 1993 homine
2140 1943 2229 1992 est
2281 1939 2488 2006 factus,
2549 1954 2683 1993 cum
2730 1938 3076 2010 generaliter
3105 1938 3284 1994 aDe’o
3346 1941 3508 1993 totus

1860 2031 2090 2083 creatus
2111 2026 2189 2081 sit
2214 2026 2492 2093 mundus,
2511 2025 3014 2090 ridiculum.0uod
3040 2026 3089 2081 si
3118 2044 3232 2083 non
3253 2026 3505 2094 adorari,

1856 2115 2117 2172 venerari
2146 2120 2343 2170 tamen
2375 2115 2566 2170 adhuc
2588 2116 2895 2170 videantur
2923 2113 3259 2184 simulacra,
3284 2115 3506 2169 dictum

1858 2208 1946 2261 est
1975 2204 2132 2260 enim
2160 2203 2221 2258 in
2251 2201 2481 2258 Psalmo
2514 2219 2527 2257 :
2554 2202 2867 2260 Simulacra
2893 2206 3135 2272 gentium
3185 2219 3348 2275 opera
3386 2220 3506 2259 ma-

1857 2309 2033 2349 nuum
2063 2293 2369 2358 hominum,
2403 2292 2573 2364 (Psal.
2605 2308 2760 2361 cxm,
2791 2293 2825 2346 4
2853 2294 2892 2359 ;)
2924 2291 3108 2347 multo
3137 2297 3334 2347 autem
3373 2307 3505 2364 per-

1856 2382 2083 2438 versius
2112 2382 2329 2446 adhuc,
2353 2382 2513 2446 Deus,
2530 2381 2740 2452 inquit,
2756 2397 2876 2437 ossa
2896 2384 2947 2436 et
2970 2396 3192 2435 carnem
3216 2382 3308 2435 illi
3324 2380 3502 2443 dedit;

1856 2489 1992 2527 nam
2020 2479 2223 2528 caetera
2251 2485 2345 2540 ego
2373 2470 2596 2525 contuli.
2648 2469 2838 2524 Habes
2868 2467 2962 2524 hic
3020 2468 3505 2524 inaestimabiliter

1857 2560 2080 2616 homini
2113 2558 2486 2632 suppositum
2513 2562 2716 2613 Deum.
2750 2560 3043 2623 Quantum
3075 2556 3234 2613 enim
3265 2574 3334 2613 ea
3362 2557 3501 2613 cha-

1857 2649 2171 2704 rismatum
2203 2647 2462 2719 insignia
2490 2646 2777 2714 differant,
2811 2645 3027 2717 quibus
3056 2645 3231 2701 homo
3264 2649 3507 2702 vocatur

1857 2737 2124 2811 angelus,
2158 2736 2276 2791 imo
2307 2736 2481 2801 Deus,
2512 2735 2583 2790 ah
2616 2752 2685 2791 ea
2714 2733 3066 2802 conditione,
3110 2751 3228 2806 qua
3268 2738 3507 2791 vocatur

1856 2826 2048 2899 pulvis
2073 2830 2129 2881 et
2149 2825 2320 2892 cinis,
2345 2824 2515 2879 credo
2533 2824 2688 2896 quod
2710 2822 3150 2896 nullusignoret
3179 2823 3505 2879 rationalis.

1855 2915 2000 2969 Vide
2029 2930 2188 2986 ergo,
2222 2918 2512 2984 quantum
2564 2912 2659 2967 ille
2689 2912 2770 2982 [id
2797 2915 2875 2967 est
2904 2912 3047 2981 rex,]
3080 2911 3131 2967 si
3186 2915 3381 2967 tamen
3438 2928 3506 2967 eo

1857 3020 2055 3067 sensu,
2089 3002 2208 3056 imo
2260 3000 2495 3055 vesania
2524 3000 2640 3055 duo
2699 3004 2857 3066 sunt,
2900 2999 3222 3070 praefertur,
3279 2999 3379 3069 qui
3437 3016 3507 3054 ex

1856 3091 2093 3165 pulvere
2111 3088 2481 3161 angelum,ex
2502 3088 2692 3144 cinere
2710 3088 3091 3160 potuitDeum
3117 3087 3303 3142 facere
3323 3087 3504 3158 (quod

1858 3197 1922 3237 se
1953 3179 2093 3235 dicit
2123 3179 2231 3234 iste
2274 3176 2498 3244 fecisse,
2530 3176 2637 3246 illi,
2697 3176 2798 3248 qui
2828 3179 3058 3230 tantum
3116 3173 3417 3247 pulverem
3452 3179 3510 3230 et
3548 3212 3555 3221 -

1858 3269 2113 3325 cinerem
2139 3264 2716 3340 potuitcreare,quod
2727 3263 3135 3319 tantummodo
3154 3261 3503 3318 videturDeo

1859 3357 2171 3414 concedere
2216 3355 2411 3424 (Ι45;)
2438 3353 2593 3425 quod
2647 3352 2775 3424 ipso
2807 3351 3011 3408 auditu
3064 3349 3508 3406 intolerabiliter

1859 3448 2178 3505 obscenum
2211 3449 2267 3500 et
2325 3441 2560 3515 penitus
2620 3440 2980 3507 detestabile,
3013 3439 3148 3495 licet
3193 3455 3499 3511 nunquam

1858 3535 1977 3592 nisi
2002 3535 2113 3590 hac
2144 3538 2364 3599 nostra,
2397 3531 2542 3603 proh
2574 3530 2776 3586 nefas!
2826 3530 3050 3585 dictum
3098 3528 3188 3584 vel
3232 3528 3501 3583 auditum

1859 3625 2032 3680 fuerit
2053 3627 2217 3678 aetate
2243 3640 2255 3689 ;
2278 3625 2475 3676 tamen
2510 3619 2734 3675 aestimo
2761 3618 2992 3673 cuidam
3017 3635 3050 3673 a
3071 3617 3355 3690 propheta
3377 3616 3500 3672 dic-

1856 3719 1983 3770 tum
2005 3730 2132 3770 esse
2158 3730 2169 3767 :
2196 3712 2234 3767 0
2266 3718 2449 3781 pastor
2477 3713 2527 3764 et
2559 3708 2765 3764 idolum
2802 3708 3182 3780 derelinquens
3238 3712 3497 3779 gregem!

1856 3803 2141 3873 (Zach.x1,
2178 3800 2286 3871 17.)
2336 3800 2617 3854 Pastorem
2673 3814 2807 3853 eum
2867 3796 3090 3852 scilicet
3144 3795 3335 3852 usuali
3396 3812 3501 3867 pro

1855 3892 2047 3949 ofﬁcia
2075 3905 2288 3946 vocans
2309 3887 2535 3943 dicendi
2568 3903 2795 3959 genere,
2816 3885 3025 3941 idolum
3054 3902 3189 3941 vero
3215 3885 3368 3957 quod
3394 3884 3502 3939 hoc

1854 3981 1966 4037 sibi
1997 3981 2216 4035 donum
2247 3977 2329 4049 [id
2348 3985 2426 4032 est
2454 3976 2875 4047 episcopatum]
2900 3975 2972 4029 ab
2996 3973 3234 4029 homine
3254 3973 3503 4028 aestimet

1855 4070 2131 4127 collatum
2158 4086 2171 4137 ;
2199 4074 2258 4123 et
2286 4067 2416 4121 idco
2437 4064 2767 4134 derclinquit
2786 4078 3023 4132 gregem,
3048 4063 3107 4116 in
3131 4061 3497 4128 necessitate,

1855 4159 1995 4231 quia
2020 4157 2203 4213 nescit
2221 4155 2397 4227 quod,
2419 4153 2509 4209 vel
2531 4169 2692 4224 aquo
2710 4156 3092 4225 percepturus
3116 4150 3165 4205 si
3187 4149 3496 4221 prtemium

1855 4265 1959 4321 pro
1983 4245 2343 4309 defensione,
2368 4242 2595 4314 judicio
2624 4241 2813 4296 vietus
2834 4237 3195 4295 conscientias
3220 4261 3235 4304 ;
3267 4251 3504 4308 praeser-

1856 4337 1965 4393 tim
2013 4351 2148 4390 cum
2197 4338 2254 4388 et
2288 4331 2397 4386 hac
2425 4331 2762 4401 conjectura
2809 4328 3041 4383 credere
3086 4325 3273 4399 possit
3310 4323 3502 4398 putari

1858 4425 2080 4498 aliquid
2113 4438 2284 4495 posse
2315 4420 2441 4475 sine
2475 4421 2585 4475 Deo
2618 4418 2763 4474 ﬁeri.
2795 4418 2957 4474 Eheu
2989 4420 3186 4473 autem
3226 4414 3503 4471 intolera-

1856 4515 1992 4571 bilis
2022 4512 2230 4568 anima:
2262 4509 2519 4578 miseria,
2553 4507 2645 4564 sui
2696 4506 2929 4580 penitus
2960 4504 3247 4561 Creatoris
3306 4519 3502 4560 carere

1858 4602 2069 4660 notitia
2089 4601 2102 4656 1
2754 4666 2759 4669 _

1928 4693 2015 4747 24.
2051 4690 2166 4746 Nec
2208 4689 2423 4744 desunt
2482 4686 2721 4753 interea,
2780 4688 2848 4740 ut
2899 4684 2972 4740 ad
3031 4682 3349 4754 incmptum
3407 4697 3502 4736 re-

1860 4783 2056 4848 deam,
2086 4778 2260 4834 etiam
2294 4776 2353 4830 in
2384 4774 2679 4848 episcopio
2715 4790 3066 4842 corrosores,
3108 4771 3209 4843 qui
3239 4768 3503 4841 exemplo

1860 4887 2084 4938 eorum,
2117 4866 2219 4940 qui
2264 4882 2415 4921 anno
2448 4864 2597 4937 (146)
2644 4880 2679 4919 a
2730 4862 3019 4936 praeterito
3080 4860 3258 4917 altero
3316 4858 3504 4930 Thye-

1862 5047 2057 5088 creare
2088 5025 2341 5101 potuerit
2365 5041 2379 5093 ;
2407 5022 2547 5096 quod
2575 5024 2691 5094 ipso
2721 5021 2915 5077 auditu
2944 5018 3363 5076 intolerabiliter
3391 5013 3505 5070 obs-

1861 5100 2324 5173 cenumcst,etch.
2380 5166 2411 5173 γ’
2508 5165 2517 5173 _
2691 5164 2726 5173 __
2923 5165 2932 5173 .
3009 5163 3017 5173 ι

1935 5172 2083 5243 (146)
2117 5158 2600 5243 HiecRatherius
2654 5163 3316 5243 a_ltero_circiter‘anlno
3373 5158 3507 5243 ptiust

1865 5227 2033 5302 suam
2068 5227 2456 5313 captivitatem
2491 5237 2798 5313 scripsisse
2819 5235 3063 5313 videtur,
3087 5230 3145 5284 id
3166 5234 3255 5284 est
3260 5227 3502 5313 33.936.

1865 5300 2009 5373 Hinc
2039 5300 2218 5371 annus
2237 5329 2274 5367 a
2292 5310 2572 5383 praeterito
2602 5300 2743 5362 alter
2761 5307 2981 5383 indicat
3009 5317 3231 5383 annum
3259 5300 3387 5381 935,
3410 5300 3505 5354 cui

1867 5389 2103 5462 quidem
2138 5376 2444 5462 sequentia
2473 5382 2823 5461 congruunt.
2854 5376 3174 5462 Designant
3194 5376 3358 5462 enim
3373 5386 3508 5462 eam

1867 5443 2187 5516 multorum
2218 5443 2643 5509 Veronensium
2677 5443 3190 5519 conspirationem_
3226 5443 3506 5519 adversus

1867 5513 2169 5605 Ill—ligonem
2203 5524 2379 5605 Italiae
2409 5537 2622 5605 regem,
2658 5520 2716 5573 in
2744 5513 2861 5590 qua
2912 5518 3081 5601 multi
3119 5514 3293 5605 etiam
3326 5513 3506 5605 scale;

1869 5587 2088 5662 siastici
2122 5602 2287 5657 erant
2315 5587 2583 5664 impliciti
2611 5587 2624 5648 ξ
2656 5587 2947 5664 quercum
2975 5591 3386 5664 ineunteanno
3403 5587 3513 5664 735

1870 5659 2023 5738 male
2051 5670 2346 5743 cessisset,
2379 5659 2510 5736 aliis
2539 5659 2713 5743 atque
2745 5662 2875 5723 allis
2896 5663 3125 5737 occisis,
3161 5660 3282 5734 alii,
3319 5659 3419 5741 qui
3449 5673 3513 5725 se
