  <div class='ocr_page' id='page_1' title='image "/cluster/home/n/w/nwhite01/storage/ocr_20150623/136/umn.31951002477429o/134.png"; bbox 0 0 4054 6392; ppageno 0'>
   <div class='ocr_carea' id='block_1_1' title="bbox 172 388 311 457">
    <p class='ocr_par' dir='ltr' id='par_1_1' title="bbox 172 388 311 457">
     <span class='ocr_line' id='line_1_1' title="bbox 172 388 311 457; baseline -0.014 0"><span class='ocrx_word' id='word_1_1' title='bbox 172 388 311 457; x_wconf 70' lang='grc'><strong>283</strong></span> 
     </span>
    </p>
   </div>
   <div class='ocr_carea' id='block_1_2' title="bbox 1122 393 2681 471">
    <p class='ocr_par' dir='ltr' id='par_1_2' title="bbox 1122 393 2681 471">
     <span class='ocr_line' id='line_1_2' title="bbox 1122 393 2681 471; baseline 0.002 -13"><span class='ocrx_word' id='word_1_2' title='bbox 1122 395 1773 471; x_wconf 69' lang='lat' dir='ltr'><strong>PRIELOOUlORUM</strong></span> <span class='ocrx_word' id='word_1_3' title='bbox 1816 393 2025 463; x_wconf 82' lang='lat' dir='ltr'><strong>LIBRI</strong></span> <span class='ocrx_word' id='word_1_4' title='bbox 2069 393 2241 461; x_wconf 86' lang='lat' dir='ltr'><strong>SEX.</strong></span> <span class='ocrx_word' id='word_1_5' title='bbox 2272 428 2351 445; x_wconf 89' lang='lat'><strong>-—</strong></span> <span class='ocrx_word' id='word_1_6' title='bbox 2379 396 2528 461; x_wconf 87' lang='lat' dir='ltr'><strong>LIB.</strong></span> <span class='ocrx_word' id='word_1_7' title='bbox 2572 395 2681 461; x_wconf 80' lang='lat' dir='ltr'><strong>IV.</strong></span> 
     </span>
    </p>
   </div>
   <div class='ocr_carea' id='block_1_3' title="bbox 3484 397 3606 466">
    <p class='ocr_par' dir='ltr' id='par_1_3' title="bbox 3484 397 3606 466">
     <span class='ocr_line' id='line_1_3' title="bbox 3484 397 3606 466; baseline 0.016 -2"><span class='ocrx_word' id='word_1_8' title='bbox 3484 397 3606 466; x_wconf 72' lang='grc'><strong>254</strong></span> 
     </span>
    </p>
   </div>
   <div class='ocr_carea' id='block_1_4' title="bbox 180 526 3603 606">
    <p class='ocr_par' dir='ltr' id='par_1_4' title="bbox 180 526 3603 606">
     <span class='ocr_line' id='line_1_4' title="bbox 180 526 3603 606; baseline 0.002 -21"><span class='ocrx_word' id='word_1_9' title='bbox 180 543 301 585; x_wconf 87' lang='lat' dir='ltr'><strong>nec</strong></span> <span class='ocrx_word' id='word_1_10' title='bbox 330 527 533 587; x_wconf 89' lang='lat' dir='ltr'><strong>minus</strong></span> <span class='ocrx_word' id='word_1_11' title='bbox 560 526 763 587; x_wconf 87' lang='lat' dir='ltr'><strong>valens</strong></span> <span class='ocrx_word' id='word_1_12' title='bbox 791 528 1099 604; x_wconf 82' lang='lat' dir='ltr'><strong>propositi,</strong></span> <span class='ocrx_word' id='word_1_13' title='bbox 1121 533 1394 605; x_wconf 81' lang='lat' dir='ltr'><strong>pretio,ut</strong></span> <span class='ocrx_word' id='word_1_14' title='bbox 1424 533 1607 591; x_wconf 90' lang='lat' dir='ltr'><strong>moris</strong></span> <span class='ocrx_word' id='word_1_15' title='bbox 1624 534 1843 602; x_wconf 79' lang='lat' dir='ltr'><strong>e&#39;rat,il-</strong></span> <span class='ocrx_word' id='word_1_16' title='bbox 1873 534 1930 602; x_wconf 85' lang='grc' dir='ltr'><strong>Α</strong></span> <span class='ocrx_word' id='word_1_17' title='bbox 1958 530 2228 606; x_wconf 81' lang='lat' dir='ltr'><strong>legimus,</strong></span> <span class='ocrx_word' id='word_1_18' title='bbox 2263 532 2397 589; x_wconf 87' lang='lat' dir='ltr'><strong>cum</strong></span> <span class='ocrx_word' id='word_1_19' title='bbox 2444 529 2614 589; x_wconf 77' lang='lat' dir='ltr'><strong>Italia</strong></span> <span class='ocrx_word' id='word_1_20' title='bbox 2671 548 2705 588; x_wconf 89' lang='lat' dir='ltr'><strong>a</strong></span> <span class='ocrx_word' id='word_1_21' title='bbox 2764 532 3156 606; x_wconf 80' lang='lat' dir='ltr'><strong>[.angobardis</strong></span> <span class='ocrx_word' id='word_1_22' title='bbox 3214 534 3603 605; x_wconf 84' lang='lat' dir='ltr'><strong>invaderetur,</strong></span> 
     </span>
    </p>
   </div>
   <div class='ocr_carea' id='block_1_5' title="bbox 178 616 1842 696">
    <p class='ocr_par' dir='ltr' id='par_1_5' title="bbox 178 616 1842 696">
     <span class='ocr_line' id='line_1_5' title="bbox 178 616 1842 696; baseline 0.004 -23"><span class='ocrx_word' id='word_1_23' title='bbox 178 616 376 675; x_wconf 86' lang='lat' dir='ltr'><strong>lectas</strong></span> <span class='ocrx_word' id='word_1_24' title='bbox 404 617 657 691; x_wconf 88' lang='lat' dir='ltr'><strong>quadam</strong></span> <span class='ocrx_word' id='word_1_25' title='bbox 680 617 740 676; x_wconf 89' lang='lat' dir='ltr'><strong>in</strong></span> <span class='ocrx_word' id='word_1_26' title='bbox 766 619 996 676; x_wconf 79' lang='lat' dir='ltr'><strong>civitate</strong></span> <span class='ocrx_word' id='word_1_27' title='bbox 1017 619 1273 694; x_wconf 89' lang='lat' dir='ltr'><strong>hospitio</strong></span> <span class='ocrx_word' id='word_1_28' title='bbox 1296 621 1700 679; x_wconf 83' lang='lat' dir='ltr'><strong>introducebat</strong></span> <span class='ocrx_word' id='word_1_29' title='bbox 1723 618 1842 696; x_wconf 86' lang='lat' dir='ltr'><strong>pel-</strong></span> 
     </span>
    </p>
   </div>
   <div class='ocr_carea' id='block_1_6' title="bbox 1952 619 3605 699">
    <p class='ocr_par' dir='ltr' id='par_1_6' title="bbox 1952 619 3605 699">
     <span class='ocr_line' id='line_1_6' title="bbox 1952 619 3605 699; baseline 0.005 -22"><span class='ocrx_word' id='word_1_30' title='bbox 1952 622 2153 679; x_wconf 88' lang='lat' dir='ltr'><strong>relicto</strong></span> <span class='ocrx_word' id='word_1_31' title='bbox 2183 637 2356 697; x_wconf 84' lang='lat' dir='ltr'><strong>grege</strong></span> <span class='ocrx_word' id='word_1_32' title='bbox 2378 623 2447 677; x_wconf 89' lang='lat' dir='ltr'><strong>ad</strong></span> <span class='ocrx_word' id='word_1_33' title='bbox 2472 620 2808 678; x_wconf 86' lang='lat' dir='ltr'><strong>Mauritium</strong></span> <span class='ocrx_word' id='word_1_34' title='bbox 2834 619 3306 695; x_wconf 83' lang='lat' dir='ltr'><strong>(l99)transisse?</strong></span> <span class='ocrx_word' id='word_1_35' title='bbox 3326 624 3605 699; x_wconf 85' lang='lat' dir='ltr'><strong>Nunquid</strong></span> 
     </span>
    </p>
   </div>
   <div class='ocr_carea' id='block_1_7' title="bbox 178 703 3602 790">
    <p class='ocr_par' dir='ltr' id='par_1_7' title="bbox 178 703 3602 790">
     <span class='ocr_line' id='line_1_7' title="bbox 178 703 3602 790; baseline 0.003 -29"><span class='ocrx_word' id='word_1_36' title='bbox 178 703 374 775; x_wconf 80' lang='lat' dir='ltr'><strong>lices;</strong></span> <span class='ocrx_word' id='word_1_37' title='bbox 406 709 466 763; x_wconf 91' lang='lat' dir='ltr'><strong>et</strong></span> <span class='ocrx_word' id='word_1_38' title='bbox 493 721 631 763; x_wconf 91' lang='lat' dir='ltr'><strong>cum</strong></span> <span class='ocrx_word' id='word_1_39' title='bbox 660 707 796 764; x_wconf 90' lang='lat' dir='ltr'><strong>inde</strong></span> <span class='ocrx_word' id='word_1_40' title='bbox 824 708 1226 766; x_wconf 80' lang='lat' dir='ltr'><strong>diffamaretur</strong></span> <span class='ocrx_word' id='word_1_41' title='bbox 1252 709 1311 765; x_wconf 92' lang='lat' dir='ltr'><strong>in</strong></span> <span class='ocrx_word' id='word_1_42' title='bbox 1334 714 1588 779; x_wconf 88' lang='lat' dir='ltr'><strong>tantum,</strong></span> <span class='ocrx_word' id='word_1_43' title='bbox 1611 716 1674 766; x_wconf 92' lang='lat' dir='ltr'><strong>ut</strong></span> <span class='ocrx_word' id='word_1_44' title='bbox 1691 711 1845 785; x_wconf 81' lang='lat' dir='ltr'><strong>igni-</strong></span> <span class='ocrx_word' id='word_1_45' title='bbox 1944 712 2072 784; x_wconf 91' lang='lat' dir='ltr'><strong>jam</strong></span> <span class='ocrx_word' id='word_1_46' title='bbox 2105 712 2212 768; x_wconf 90' lang='lat' dir='ltr'><strong>iste</strong></span> <span class='ocrx_word' id='word_1_47' title='bbox 2241 710 2548 784; x_wconf 83' lang='lat' dir='ltr'><strong>paululum</strong></span> <span class='ocrx_word' id='word_1_48' title='bbox 2573 711 2700 783; x_wconf 90' lang='lat' dir='ltr'><strong>jam</strong></span> <span class='ocrx_word' id='word_1_49' title='bbox 2722 710 2913 766; x_wconf 90' lang='lat' dir='ltr'><strong>dictus</strong></span> <span class='ocrx_word' id='word_1_50' title='bbox 2934 712 3163 784; x_wconf 75' lang='lat' dir='ltr'><strong>[scilicet</strong></span> <span class='ocrx_word' id='word_1_51' title='bbox 3181 713 3602 790; x_wconf 84' lang='lat' dir='ltr'><strong>S.Gregorius],</strong></span> 
     </span>
    </p>
   </div>
   <div class='ocr_carea' id='block_1_8' title="bbox 179 794 1842 873">
    <p class='ocr_par' dir='ltr' id='par_1_8' title="bbox 179 794 1842 873">
     <span class='ocr_line' id='line_1_8' title="bbox 179 794 1842 873; baseline 0.003 -22"><span class='ocrx_word' id='word_1_52' title='bbox 179 794 307 852; x_wconf 83' lang='lat' dir='ltr'><strong>bus</strong></span> <span class='ocrx_word' id='word_1_53' title='bbox 336 796 464 851; x_wconf 88' lang='lat' dir='ltr'><strong>dari</strong></span> <span class='ocrx_word' id='word_1_54' title='bbox 495 797 705 853; x_wconf 86' lang='lat' dir='ltr'><strong>debere</strong></span> <span class='ocrx_word' id='word_1_55' title='bbox 735 795 1185 867; x_wconf 80' lang='lat' dir='ltr'><strong>acclamaretur;</strong></span> <span class='ocrx_word' id='word_1_56' title='bbox 1221 802 1384 854; x_wconf 90' lang='lat' dir='ltr'><strong>tanta</strong></span> <span class='ocrx_word' id='word_1_57' title='bbox 1414 798 1580 873; x_wconf 90' lang='lat' dir='ltr'><strong>copia</strong></span> <span class='ocrx_word' id='word_1_58' title='bbox 1609 817 1842 857; x_wconf 91' lang='lat' dir='ltr'><strong>conver-</strong></span> 
     </span>
    </p>
   </div>
   <div class='ocr_carea' id='block_1_9' title="bbox 182 885 1843 962">
    <p class='ocr_par' dir='ltr' id='par_1_9' title="bbox 182 885 1843 962">
     <span class='ocr_line' id='line_1_9' title="bbox 182 885 1843 962; baseline 0.004 -23"><span class='ocrx_word' id='word_1_59' title='bbox 182 899 397 940; x_wconf 74' lang='lat' dir='ltr'><strong>surum</strong></span> <span class='ocrx_word' id='word_1_60' title='bbox 428 886 713 942; x_wconf 86' lang='lat' dir='ltr'><strong>excedens</strong></span> <span class='ocrx_word' id='word_1_61' title='bbox 756 885 964 942; x_wconf 72' lang='lat' dir='ltr'><strong>saeculo</strong></span> <span class='ocrx_word' id='word_1_62' title='bbox 1005 886 1233 952; x_wconf 85' lang='lat' dir='ltr'><strong>claruit,</strong></span> <span class='ocrx_word' id='word_1_63' title='bbox 1265 891 1333 942; x_wconf 90' lang='lat' dir='ltr'><strong>ut</strong></span> <span class='ocrx_word' id='word_1_64' title='bbox 1359 886 1461 944; x_wconf 91' lang='lat' dir='ltr'><strong>illa</strong></span> <span class='ocrx_word' id='word_1_65' title='bbox 1493 888 1724 962; x_wconf 88' lang='lat' dir='ltr'><strong>populis</strong></span> <span class='ocrx_word' id='word_1_66' title='bbox 1755 906 1843 946; x_wconf 90' lang='lat' dir='ltr'><strong>re-</strong></span> 
     </span>
    </p>
   </div>
   <div class='ocr_carea' id='block_1_10' title="bbox 162 972 1843 1047">
    <p class='ocr_par' dir='ltr' id='par_1_10' title="bbox 162 972 1843 1047">
     <span class='ocr_line' id='line_1_10' title="bbox 162 972 1843 1047; baseline 0.004 -21"><span class='ocrx_word' id='word_1_67' title='bbox 162 972 520 1029; x_wconf 83' lang='lat' dir='ltr'><strong>-fertissima</strong></span> <span class='ocrx_word' id='word_1_68' title='bbox 550 973 910 1039; x_wconf 80' lang='lat' dir='ltr'><strong>Alexandria,</strong></span> <span class='ocrx_word' id='word_1_69' title='bbox 934 991 1061 1047; x_wconf 66' lang='lat' dir='ltr'><strong>qua:</strong></span> <span class='ocrx_word' id='word_1_70' title='bbox 1092 974 1275 1031; x_wconf 91' lang='lat' dir='ltr'><strong>ternis</strong></span> <span class='ocrx_word' id='word_1_71' title='bbox 1304 977 1457 1032; x_wconf 76' lang='lat'><strong>108</strong></span> <span class='ocrx_word' id='word_1_72' title='bbox 1489 994 1688 1033; x_wconf 76' lang='lat' dir='ltr'><strong>eorum</strong></span> <span class='ocrx_word' id='word_1_73' title='bbox 1713 978 1843 1033; x_wconf 89' lang='lat' dir='ltr'><strong>mil-</strong></span> 
     </span>
    </p>
   </div>
   <div class='ocr_carea' id='block_1_11' title="bbox 162 1059 1844 1133">
    <p class='ocr_par' dir='ltr' id='par_1_11' title="bbox 162 1059 1844 1133">
     <span class='ocr_line' id='line_1_11' title="bbox 162 1059 1844 1133; baseline 0.004 -16"><span class='ocrx_word' id='word_1_74' title='bbox 162 1059 351 1118; x_wconf 82' lang='lat' dir='ltr'><strong>-libus</strong></span> <span class='ocrx_word' id='word_1_75' title='bbox 379 1078 447 1118; x_wconf 89' lang='lat' dir='ltr'><strong>eo</strong></span> <span class='ocrx_word' id='word_1_76' title='bbox 478 1061 733 1118; x_wconf 85' lang='lat' dir='ltr'><strong>intrante</strong></span> <span class='ocrx_word' id='word_1_77' title='bbox 761 1063 1174 1133; x_wconf 86' lang='lat' dir='ltr'><strong>abundaverat,</strong></span> <span class='ocrx_word' id='word_1_78' title='bbox 1206 1065 1447 1120; x_wconf 85' lang='lat' dir='ltr'><strong>mertrix</strong></span> <span class='ocrx_word' id='word_1_79' title='bbox 1478 1083 1583 1122; x_wconf 88' lang='lat' dir='ltr'><strong>nec</strong></span> <span class='ocrx_word' id='word_1_80' title='bbox 1629 1084 1747 1123; x_wconf 91' lang='lat' dir='ltr'><strong>una</strong></span> <span class='ocrx_word' id='word_1_81' title='bbox 1778 1084 1844 1124; x_wconf 92' lang='lat' dir='ltr'><strong>eo</strong></span> 
     </span>
    </p>
   </div>
   <div class='ocr_carea' id='block_1_12' title="bbox 182 1150 1505 1209">
    <p class='ocr_par' dir='ltr' id='par_1_12' title="bbox 182 1150 1505 1209">
     <span class='ocr_line' id='line_1_12' title="bbox 182 1150 1505 1209; baseline 0.004 -4"><span class='ocrx_word' id='word_1_82' title='bbox 182 1150 534 1207; x_wconf 87' lang='lat' dir='ltr'><strong>discedente</strong></span> <span class='ocrx_word' id='word_1_83' title='bbox 563 1151 805 1207; x_wconf 86' lang='lat' dir='ltr'><strong>inveniri</strong></span> <span class='ocrx_word' id='word_1_84' title='bbox 837 1151 1072 1209; x_wconf 81' lang='lat' dir='ltr'><strong>valeret.</strong></span> <span class='ocrx_word' id='word_1_85' title='bbox 1502 1188 1505 1193; x_wconf 96' lang='lat'><strong><em>-</em></strong></span> 
     </span>
    </p>
   </div>
   <div class='ocr_carea' id='block_1_13' title="bbox 257 1239 1846 1320">
    <p class='ocr_par' dir='ltr' id='par_1_13' title="bbox 257 1239 1846 1320">
     <span class='ocr_line' id='line_1_13' title="bbox 257 1239 1846 1320; baseline 0.005 -26"><span class='ocrx_word' id='word_1_86' title='bbox 257 1241 318 1296; x_wconf 90' lang='lat'><strong>7.</strong></span> <span class='ocrx_word' id='word_1_87' title='bbox 352 1239 505 1305; x_wconf 87' lang='lat' dir='ltr'><strong>Quid</strong></span> <span class='ocrx_word' id='word_1_88' title='bbox 530 1240 749 1313; x_wconf 86' lang='lat' dir='ltr'><strong>inquis,</strong></span> <span class='ocrx_word' id='word_1_89' title='bbox 783 1244 840 1297; x_wconf 89' lang='lat' dir='ltr'><strong>et</strong></span> <span class='ocrx_word' id='word_1_90' title='bbox 868 1241 915 1296; x_wconf 89' lang='lat' dir='ltr'><strong>si</strong></span> <span class='ocrx_word' id='word_1_91' title='bbox 947 1241 1051 1297; x_wconf 82' lang='lat' dir='ltr'><strong>filii</strong></span> <span class='ocrx_word' id='word_1_92' title='bbox 1078 1243 1401 1315; x_wconf 87' lang='lat' dir='ltr'><strong>approbent</strong></span> <span class='ocrx_word' id='word_1_93' title='bbox 1430 1244 1624 1301; x_wconf 90' lang='lat' dir='ltr'><strong>scelus</strong></span> <span class='ocrx_word' id='word_1_94' title='bbox 1655 1246 1846 1320; x_wconf 81' lang='lat'>(198)?</span> 
     </span>
    </p>
   </div>
   <div class='ocr_carea' id='block_1_14' title="bbox 183 1329 1848 1406">
    <p class='ocr_par' dir='ltr' id='par_1_14' title="bbox 183 1329 1848 1406">
     <span class='ocr_line' id='line_1_14' title="bbox 183 1329 1848 1406; baseline 0.004 -22"><span class='ocrx_word' id='word_1_95' title='bbox 183 1329 312 1402; x_wconf 81' lang='lat' dir='ltr'><strong>Ego</strong></span> <span class='ocrx_word' id='word_1_96' title='bbox 342 1345 375 1384; x_wconf 92' lang='lat' dir='ltr'><strong>e</strong></span> <span class='ocrx_word' id='word_1_97' title='bbox 404 1330 654 1396; x_wconf 88' lang='lat' dir='ltr'><strong>diverso,</strong></span> <span class='ocrx_word' id='word_1_98' title='bbox 691 1330 824 1402; x_wconf 89' lang='lat' dir='ltr'><strong>quis</strong></span> <span class='ocrx_word' id='word_1_99' title='bbox 855 1330 982 1399; x_wconf 91' lang='lat' dir='ltr'><strong>hoc,</strong></span> <span class='ocrx_word' id='word_1_100' title='bbox 1015 1331 1165 1397; x_wconf 89' lang='lat' dir='ltr'><strong>dico,</strong></span> <span class='ocrx_word' id='word_1_101' title='bbox 1208 1333 1383 1400; x_wconf 91' lang='lat' dir='ltr'><strong>novit,</strong></span> <span class='ocrx_word' id='word_1_102' title='bbox 1438 1333 1551 1389; x_wconf 90' lang='lat' dir='ltr'><strong>nisi</strong></span> <span class='ocrx_word' id='word_1_103' title='bbox 1597 1335 1740 1406; x_wconf 88' lang='lat' dir='ltr'><strong>ipse,</strong></span> <span class='ocrx_word' id='word_1_104' title='bbox 1790 1340 1848 1391; x_wconf 91' lang='lat' dir='ltr'><strong>et</strong></span> 
     </span>
    </p>
   </div>
   <div class='ocr_carea' id='block_1_15' title="bbox 185 1417 1843 1491">
    <p class='ocr_par' dir='ltr' id='par_1_15' title="bbox 185 1417 1843 1491">
     <span class='ocr_line' id='line_1_15' title="bbox 185 1417 1843 1491; baseline 0.005 -18"><span class='ocrx_word' id='word_1_105' title='bbox 185 1417 350 1474; x_wconf 88' lang='lat' dir='ltr'><strong>Deus</strong></span> <span class='ocrx_word' id='word_1_106' title='bbox 372 1418 402 1473; x_wconf 84' lang='lat'><strong>‘?</strong></span> <span class='ocrx_word' id='word_1_107' title='bbox 429 1418 555 1474; x_wconf 92' lang='lat' dir='ltr'><strong>Non</strong></span> <span class='ocrx_word' id='word_1_108' title='bbox 585 1417 781 1491; x_wconf 84' lang='lat' dir='ltr'><strong>legisti</strong></span> <span class='ocrx_word' id='word_1_109' title='bbox 816 1436 829 1476; x_wconf 92' lang='lat'><strong>:</strong></span> <span class='ocrx_word' id='word_1_110' title='bbox 865 1419 999 1475; x_wconf 84' lang='lat' dir='ltr'><strong>Cum</strong></span> <span class='ocrx_word' id='word_1_111' title='bbox 1028 1424 1211 1476; x_wconf 87' lang='lat' dir='ltr'><strong>autem</strong></span> <span class='ocrx_word' id='word_1_112' title='bbox 1238 1421 1539 1479; x_wconf 77' lang='lat' dir='ltr'><strong>dormirent</strong></span> <span class='ocrx_word' id='word_1_113' title='bbox 1576 1425 1843 1491; x_wconf 81' lang='lat' dir='ltr'><strong>homines,</strong></span> 
     </span>
    </p>
   </div>
   <div class='ocr_carea' id='block_1_16' title="bbox 178 1507 1844 1579">
    <p class='ocr_par' dir='ltr' id='par_1_16' title="bbox 178 1507 1844 1579">
     <span class='ocr_line' id='line_1_16' title="bbox 178 1507 1844 1579; baseline 0.004 -17"><span class='ocrx_word' id='word_1_114' title='bbox 178 1508 343 1564; x_wconf 75' lang='lat' dir='ltr'><strong>venit</strong></span> <span class='ocrx_word' id='word_1_115' title='bbox 361 1507 701 1573; x_wconf 85' lang='lat' dir='ltr'><strong>inimicus,et</strong></span> <span class='ocrx_word' id='word_1_116' title='bbox 722 1510 1177 1579; x_wconf 84' lang='lat' dir='ltr'><strong>superseminavit</strong></span> <span class='ocrx_word' id='word_1_117' title='bbox 1196 1511 1418 1566; x_wconf 67' lang='lat' dir='ltr'><strong>zizania</strong></span> <span class='ocrx_word' id='word_1_118' title='bbox 1447 1512 1507 1566; x_wconf 86' lang='lat' dir='ltr'><strong>in</strong></span> <span class='ocrx_word' id='word_1_119' title='bbox 1536 1513 1710 1568; x_wconf 77' lang='lat' dir='ltr'><strong>medio</strong></span> <span class='ocrx_word' id='word_1_120' title='bbox 1743 1515 1844 1569; x_wconf 86' lang='lat' dir='ltr'><strong>tri-</strong></span> 
     </span>
    </p>
   </div>
   <div class='ocr_carea' id='block_1_17' title="bbox 188 1596 1846 1673">
    <p class='ocr_par' dir='ltr' id='par_1_17' title="bbox 188 1596 1846 1673">
     <span class='ocr_line' id='line_1_17' title="bbox 188 1596 1846 1673; baseline 0.004 -22"><span class='ocrx_word' id='word_1_121' title='bbox 188 1597 294 1651; x_wconf 83' lang='lat' dir='ltr'><strong>tici</strong></span> <span class='ocrx_word' id='word_1_122' title='bbox 319 1603 373 1652; x_wconf 85' lang='lat' dir='ltr'><strong>et</strong></span> <span class='ocrx_word' id='word_1_123' title='bbox 399 1596 541 1663; x_wconf 83' lang='lat' dir='ltr'><strong>abiit</strong></span> <span class='ocrx_word' id='word_1_124' title='bbox 569 1596 771 1668; x_wconf 83' lang='lat' dir='ltr'><strong>(Matth.</strong></span> <span class='ocrx_word' id='word_1_125' title='bbox 803 1614 927 1663; x_wconf 84' lang='lat' dir='ltr'><strong>xm,</strong></span> <span class='ocrx_word' id='word_1_126' title='bbox 957 1600 1046 1664; x_wconf 76' lang='lat'>25)</span> <span class='ocrx_word' id='word_1_127' title='bbox 1077 1615 1090 1653; x_wconf 90' lang='lat'><strong>:</strong></span> <span class='ocrx_word' id='word_1_128' title='bbox 1119 1601 1184 1653; x_wconf 91' lang='lat' dir='ltr'><strong>ut</strong></span> <span class='ocrx_word' id='word_1_129' title='bbox 1212 1598 1505 1673; x_wconf 83' lang='lat' dir='ltr'><strong>intelligas</strong></span> <span class='ocrx_word' id='word_1_130' title='bbox 1536 1618 1653 1657; x_wconf 92' lang='lat' dir='ltr'><strong>uno</strong></span> <span class='ocrx_word' id='word_1_131' title='bbox 1678 1602 1846 1658; x_wconf 88' lang='lat' dir='ltr'><strong>semi-</strong></span> 
     </span>
    </p>
   </div>
   <div class='ocr_carea' id='block_1_18' title="bbox 184 1684 1845 1764">
    <p class='ocr_par' dir='ltr' id='par_1_18' title="bbox 184 1684 1845 1764">
     <span class='ocr_line' id='line_1_18' title="bbox 184 1684 1845 1764; baseline 0.005 -25"><span class='ocrx_word' id='word_1_132' title='bbox 184 1688 373 1741; x_wconf 85' lang='lat' dir='ltr'><strong>nante</strong></span> <span class='ocrx_word' id='word_1_133' title='bbox 399 1684 580 1740; x_wconf 77' lang='lat' dir='ltr'><strong>verba</strong></span> <span class='ocrx_word' id='word_1_134' title='bbox 606 1684 898 1755; x_wconf 67' lang='lat' dir='ltr'><strong>doctrinae,</strong></span> <span class='ocrx_word' id='word_1_135' title='bbox 933 1685 1114 1742; x_wconf 90' lang='lat' dir='ltr'><strong>alium</strong></span> <span class='ocrx_word' id='word_1_136' title='bbox 1163 1703 1337 1759; x_wconf 89' lang='lat' dir='ltr'><strong>posse</strong></span> <span class='ocrx_word' id='word_1_137' title='bbox 1383 1689 1698 1763; x_wconf 88' lang='lat' dir='ltr'><strong>subrepere</strong></span> <span class='ocrx_word' id='word_1_138' title='bbox 1745 1691 1845 1764; x_wconf 86' lang='lat' dir='ltr'><strong>qui</strong></span> 
     </span>
    </p>
   </div>
   <div class='ocr_carea' id='block_1_19' title="bbox 186 1771 1844 1837">
    <p class='ocr_par' dir='ltr' id='par_1_19' title="bbox 186 1771 1844 1837">
     <span class='ocr_line' id='line_1_19' title="bbox 186 1771 1844 1837; baseline 0.004 -6"><span class='ocrx_word' id='word_1_139' title='bbox 186 1772 418 1832; x_wconf 87' lang='lat' dir='ltr'><strong>inserat</strong></span> <span class='ocrx_word' id='word_1_140' title='bbox 437 1788 636 1829; x_wconf 90' lang='lat' dir='ltr'><strong>semen</strong></span> <span class='ocrx_word' id='word_1_141' title='bbox 659 1771 900 1830; x_wconf 62' lang='lat' dir='ltr'><strong>luxuria?</strong></span> <span class='ocrx_word' id='word_1_142' title='bbox 923 1773 951 1829; x_wconf 88' lang='lat'><strong>?</strong></span> <span class='ocrx_word' id='word_1_143' title='bbox 969 1774 1245 1831; x_wconf 88' lang='lat' dir='ltr'><strong>Dicamus</strong></span> <span class='ocrx_word' id='word_1_144' title='bbox 1266 1781 1323 1831; x_wconf 91' lang='lat' dir='ltr'><strong>et</strong></span> <span class='ocrx_word' id='word_1_145' title='bbox 1351 1776 1540 1834; x_wconf 88' lang='lat' dir='ltr'><strong>aliud:</strong></span> <span class='ocrx_word' id='word_1_146' title='bbox 1565 1779 1844 1837; x_wconf 88' lang='lat' dir='ltr'><strong>Ebriosus</strong></span> 
     </span>
    </p>
   </div>
   <div class='ocr_carea' id='block_1_20' title="bbox 186 1861 1842 1942">
    <p class='ocr_par' dir='ltr' id='par_1_20' title="bbox 186 1861 1842 1942">
     <span class='ocr_line' id='line_1_20' title="bbox 186 1861 1842 1942; baseline 0.004 -23"><span class='ocrx_word' id='word_1_147' title='bbox 186 1861 477 1935; x_wconf 84' lang='lat' dir='ltr'><strong>inquiunt</strong></span> <span class='ocrx_word' id='word_1_148' title='bbox 505 1878 775 1930; x_wconf 87' lang='lat' dir='ltr'><strong>canones,</strong></span> <span class='ocrx_word' id='word_1_149' title='bbox 808 1864 1117 1937; x_wconf 90' lang='lat' dir='ltr'><strong>episcopus</strong></span> <span class='ocrx_word' id='word_1_150' title='bbox 1144 1868 1245 1921; x_wconf 89' lang='lat' dir='ltr'><strong>aut</strong></span> <span class='ocrx_word' id='word_1_151' title='bbox 1275 1865 1504 1923; x_wconf 84' lang='lat' dir='ltr'><strong>desinat</strong></span> <span class='ocrx_word' id='word_1_152' title='bbox 1535 1872 1638 1923; x_wconf 91' lang='lat' dir='ltr'><strong>aut</strong></span> <span class='ocrx_word' id='word_1_153' title='bbox 1666 1870 1842 1942; x_wconf 90' lang='lat' dir='ltr'><strong>depo-</strong></span> 
     </span>
    </p>
   </div>
   <div class='ocr_carea' id='block_1_21' title="bbox 190 1950 1843 2023">
    <p class='ocr_par' dir='ltr' id='par_1_21' title="bbox 190 1950 1843 2023">
     <span class='ocr_line' id='line_1_21' title="bbox 190 1950 1843 2023; baseline 0.004 -17"><span class='ocrx_word' id='word_1_154' title='bbox 190 1953 373 2006; x_wconf 87' lang='lat' dir='ltr'><strong>natur</strong></span> <span class='ocrx_word' id='word_1_155' title='bbox 425 1950 569 2021; x_wconf 88' lang='lat' dir='ltr'><strong>(ean,</strong></span> <span class='ocrx_word' id='word_1_156' title='bbox 603 1958 771 2022; x_wconf 87' lang='lat' dir='ltr'><strong>apost.</strong></span> <span class='ocrx_word' id='word_1_157' title='bbox 806 1951 917 2016; x_wconf 88' lang='grc'>42).</span> <span class='ocrx_word' id='word_1_158' title='bbox 979 1951 1049 2006; x_wconf 92' lang='lat' dir='ltr'><strong>Et</strong></span> <span class='ocrx_word' id='word_1_159' title='bbox 1100 1968 1250 2023; x_wconf 64' lang='lat' dir='ltr'><strong>saepe</strong></span> <span class='ocrx_word' id='word_1_160' title='bbox 1305 1952 1573 2009; x_wconf 88' lang='lat' dir='ltr'><strong>videmus</strong></span> <span class='ocrx_word' id='word_1_161' title='bbox 1626 1954 1843 2011; x_wconf 88' lang='lat' dir='ltr'><strong>multos</strong></span> 
     </span>
    </p>
   </div>
   <div class='ocr_carea' id='block_1_22' title="bbox 191 2037 1842 2113">
    <p class='ocr_par' dir='ltr' id='par_1_22' title="bbox 191 2037 1842 2113">
     <span class='ocr_line' id='line_1_22' title="bbox 191 2037 1842 2113; baseline 0.003 -18"><span class='ocrx_word' id='word_1_162' title='bbox 191 2039 464 2111; x_wconf 88' lang='lat' dir='ltr'><strong>ejusdem</strong></span> <span class='ocrx_word' id='word_1_163' title='bbox 500 2038 724 2095; x_wconf 89' lang='lat' dir='ltr'><strong>ordinis</strong></span> <span class='ocrx_word' id='word_1_164' title='bbox 754 2038 1096 2109; x_wconf 88' lang='lat' dir='ltr'><strong>hujusmodi</strong></span> <span class='ocrx_word' id='word_1_165' title='bbox 1124 2037 1263 2095; x_wconf 91' lang='lat' dir='ltr'><strong>vitio</strong></span> <span class='ocrx_word' id='word_1_166' title='bbox 1293 2041 1461 2113; x_wconf 90' lang='lat' dir='ltr'><strong>quasi</strong></span> <span class='ocrx_word' id='word_1_167' title='bbox 1502 2042 1842 2112; x_wconf 88' lang='lat' dir='ltr'><strong>servientes,</strong></span> 
     </span>
    </p>
   </div>
   <div class='ocr_carea' id='block_1_23' title="bbox 191 2127 1846 2204">
    <p class='ocr_par' dir='ltr' id='par_1_23' title="bbox 191 2127 1846 2204">
     <span class='ocr_line' id='line_1_23' title="bbox 191 2127 1846 2204; baseline 0.002 -20"><span class='ocrx_word' id='word_1_168' title='bbox 191 2145 334 2184; x_wconf 87' lang='lat' dir='ltr'><strong>cum</strong></span> <span class='ocrx_word' id='word_1_169' title='bbox 350 2127 588 2201; x_wconf 88' lang='lat' dir='ltr'><strong>penitus</strong></span> <span class='ocrx_word' id='word_1_170' title='bbox 600 2127 787 2200; x_wconf 90' lang='lat' dir='ltr'><strong>quaid</strong></span> <span class='ocrx_word' id='word_1_171' title='bbox 805 2127 1127 2184; x_wconf 88' lang='lat' dir='ltr'><strong>intentione</strong></span> <span class='ocrx_word' id='word_1_172' title='bbox 1152 2133 1328 2201; x_wconf 83' lang='lat' dir='ltr'><strong>agant</strong></span> <span class='ocrx_word' id='word_1_173' title='bbox 1359 2128 1548 2187; x_wconf 90' lang='lat' dir='ltr'><strong>simus</strong></span> <span class='ocrx_word' id='word_1_174' title='bbox 1577 2132 1846 2204; x_wconf 87' lang='lat' dir='ltr'><strong>ignoran-</strong></span> 
     </span>
    </p>
   </div>
   <div class='ocr_carea' id='block_1_24' title="bbox 188 2216 1844 2293">
    <p class='ocr_par' dir='ltr' id='par_1_24' title="bbox 188 2216 1844 2293">
     <span class='ocr_line' id='line_1_24' title="bbox 188 2216 1844 2293; baseline 0.003 -20"><span class='ocrx_word' id='word_1_175' title='bbox 188 2220 305 2273; x_wconf 85' lang='lat' dir='ltr'><strong>tes.</strong></span> <span class='ocrx_word' id='word_1_176' title='bbox 334 2216 532 2272; x_wconf 87' lang='lat' dir='ltr'><strong>Potest</strong></span> <span class='ocrx_word' id='word_1_177' title='bbox 556 2216 711 2271; x_wconf 88' lang='lat' dir='ltr'><strong>enim</strong></span> <span class='ocrx_word' id='word_1_178' title='bbox 731 2216 1208 2284; x_wconf 82' lang='lat' dir='ltr'><strong>ﬁeri,utebriosis</strong></span> <span class='ocrx_word' id='word_1_179' title='bbox 1230 2218 1399 2290; x_wconf 84' lang='lat' dir='ltr'><strong>quasi</strong></span> <span class='ocrx_word' id='word_1_180' title='bbox 1423 2219 1690 2276; x_wconf 88' lang='lat' dir='ltr'><strong>ebriosus</strong></span> <span class='ocrx_word' id='word_1_181' title='bbox 1711 2221 1844 2293; x_wconf 90' lang='lat' dir='ltr'><strong>quis</strong></span> 
     </span>
    </p>
   </div>
   <div class='ocr_carea' id='block_1_25' title="bbox 192 2303 1845 2378">
    <p class='ocr_par' dir='ltr' id='par_1_25' title="bbox 192 2303 1845 2378">
     <span class='ocr_line' id='line_1_25' title="bbox 192 2303 1845 2378; baseline 0.002 -16"><span class='ocrx_word' id='word_1_182' title='bbox 192 2305 526 2362; x_wconf 85' lang='lat' dir='ltr'><strong>secundum</strong></span> <span class='ocrx_word' id='word_1_183' title='bbox 552 2303 890 2378; x_wconf 85' lang='lat' dir='ltr'><strong>Apostolum</strong></span> <span class='ocrx_word' id='word_1_184' title='bbox 914 2305 1023 2361; x_wconf 91' lang='lat' dir='ltr'><strong>hoc</strong></span> <span class='ocrx_word' id='word_1_185' title='bbox 1043 2305 1219 2361; x_wconf 85' lang='lat' dir='ltr'><strong>faciat</strong></span> <span class='ocrx_word' id='word_1_186' title='bbox 1239 2309 1728 2375; x_wconf 88' lang='lat' dir='ltr'><strong>convescendo,ut</strong></span> <span class='ocrx_word' id='word_1_187' title='bbox 1746 2326 1845 2365; x_wconf 89' lang='lat' dir='ltr'><strong>eos</strong></span> 
     </span>
    </p>
   </div>
   <div class='ocr_carea' id='block_1_26' title="bbox 189 2393 1845 2466">
    <p class='ocr_par' dir='ltr' id='par_1_26' title="bbox 189 2393 1845 2466">
     <span class='ocr_line' id='line_1_26' title="bbox 189 2393 1845 2466; baseline 0.003 -16"><span class='ocrx_word' id='word_1_188' title='bbox 189 2393 343 2451; x_wconf 90' lang='lat' dir='ltr'><strong>lucri</strong></span> <span class='ocrx_word' id='word_1_189' title='bbox 366 2394 667 2460; x_wconf 86' lang='lat' dir='ltr'><strong>faciat,aut</strong></span> <span class='ocrx_word' id='word_1_190' title='bbox 688 2394 801 2449; x_wconf 86' lang='lat' dir='ltr'><strong>alio</strong></span> <span class='ocrx_word' id='word_1_191' title='bbox 832 2394 1027 2466; x_wconf 88' lang='lat' dir='ltr'><strong>aliquo</strong></span> <span class='ocrx_word' id='word_1_192' title='bbox 1049 2393 1183 2450; x_wconf 89' lang='lat' dir='ltr'><strong>licet</strong></span> <span class='ocrx_word' id='word_1_193' title='bbox 1212 2395 1457 2464; x_wconf 81' lang='lat' dir='ltr'><strong>occulto,</strong></span> <span class='ocrx_word' id='word_1_194' title='bbox 1476 2402 1667 2453; x_wconf 89' lang='lat' dir='ltr'><strong>tamen</strong></span> <span class='ocrx_word' id='word_1_195' title='bbox 1693 2399 1845 2455; x_wconf 91' lang='lat' dir='ltr'><strong>bono</strong></span> 
     </span>
    </p>
   </div>
   <div class='ocr_carea' id='block_1_27' title="bbox 193 2483 1846 2557">
    <p class='ocr_par' dir='ltr' id='par_1_27' title="bbox 193 2483 1846 2557">
     <span class='ocr_line' id='line_1_27' title="bbox 193 2483 1846 2557; baseline 0.003 -18"><span class='ocrx_word' id='word_1_196' title='bbox 193 2483 375 2540; x_wconf 74' lang='lat' dir='ltr'><strong>aﬁ&#39;ctu</strong></span> <span class='ocrx_word' id='word_1_197' title='bbox 407 2483 466 2538; x_wconf 90' lang='lat' dir='ltr'><strong>id</strong></span> <span class='ocrx_word' id='word_1_198' title='bbox 494 2483 981 2557; x_wconf 84' lang='lat' dir='ltr'><strong>agat.Rectumne</strong></span> <span class='ocrx_word' id='word_1_199' title='bbox 1009 2500 1145 2556; x_wconf 88' lang='lat' dir='ltr'><strong>ergo</strong></span> <span class='ocrx_word' id='word_1_200' title='bbox 1173 2500 1378 2540; x_wconf 84' lang='lat' dir='ltr'><strong>censes</strong></span> <span class='ocrx_word' id='word_1_201' title='bbox 1408 2486 1479 2541; x_wconf 92' lang='lat' dir='ltr'><strong>ob</strong></span> <span class='ocrx_word' id='word_1_202' title='bbox 1511 2486 1846 2544; x_wconf 89' lang='lat' dir='ltr'><strong>istiusmodi</strong></span> 
     </span>
    </p>
   </div>
   <div class='ocr_carea' id='block_1_28' title="bbox 190 2571 1844 2649">
    <p class='ocr_par' dir='ltr' id='par_1_28' title="bbox 190 2571 1844 2649">
     <span class='ocr_line' id='line_1_28' title="bbox 190 2571 1844 2649; baseline 0.002 -21"><span class='ocrx_word' id='word_1_203' title='bbox 190 2571 526 2640; x_wconf 87' lang='lat' dir='ltr'><strong>infamiam,</strong></span> <span class='ocrx_word' id='word_1_204' title='bbox 564 2573 786 2644; x_wconf 88' lang='lat' dir='ltr'><strong>absque</strong></span> <span class='ocrx_word' id='word_1_205' title='bbox 824 2572 1187 2628; x_wconf 78' lang='lat' dir='ltr'><strong>confessione</strong></span> <span class='ocrx_word' id='word_1_206' title='bbox 1207 2574 1442 2646; x_wconf 87' lang='lat' dir='ltr'><strong>propria</strong></span> <span class='ocrx_word' id='word_1_207' title='bbox 1470 2592 1604 2630; x_wconf 92' lang='lat' dir='ltr'><strong>eum</strong></span> <span class='ocrx_word' id='word_1_208' title='bbox 1635 2577 1844 2649; x_wconf 86' lang='lat' dir='ltr'><strong>deponi</strong></span> 
     </span>
    </p>
   </div>
   <div class='ocr_carea' id='block_1_29' title="bbox 180 2660 1846 2738">
    <p class='ocr_par' dir='ltr' id='par_1_29' title="bbox 180 2660 1846 2738">
     <span class='ocr_line' id='line_1_29' title="bbox 180 2660 1846 2738; baseline 0.003 -21"><span class='ocrx_word' id='word_1_209' title='bbox 180 2661 410 2718; x_wconf 87' lang='lat' dir='ltr'><strong>&#39;dehere</strong></span> <span class='ocrx_word' id='word_1_210' title='bbox 434 2662 508 2716; x_wconf 91' lang='lat' dir='ltr'><strong>ad</strong></span> <span class='ocrx_word' id='word_1_211' title='bbox 524 2661 681 2735; x_wconf 85' lang='lat' dir='ltr'><strong>vulgi</strong></span> <span class='ocrx_word' id='word_1_212' title='bbox 702 2660 1058 2717; x_wconf 88' lang='lat' dir='ltr'><strong>clamorem?</strong></span> <span class='ocrx_word' id='word_1_213' title='bbox 1076 2661 1399 2719; x_wconf 85' lang='lat' dir='ltr'><strong>Seditiones</strong></span> <span class='ocrx_word' id='word_1_214' title='bbox 1422 2669 1615 2720; x_wconf 87' lang='lat' dir='ltr'><strong>autem</strong></span> <span class='ocrx_word' id='word_1_215' title='bbox 1640 2667 1846 2738; x_wconf 60' lang='lat' dir='ltr'><strong>prada:</strong></span> 
     </span>
    </p>
   </div>
   <div class='ocr_carea' id='block_1_30' title="bbox 194 2748 1850 2826">
    <p class='ocr_par' dir='ltr' id='par_1_30' title="bbox 194 2748 1850 2826">
     <span class='ocr_line' id='line_1_30' title="bbox 194 2748 1850 2826; baseline 0.003 -19"><span class='ocrx_word' id='word_1_216' title='bbox 194 2755 256 2807; x_wconf 91' lang='lat' dir='ltr'><strong>et</strong></span> <span class='ocrx_word' id='word_1_217' title='bbox 275 2749 431 2806; x_wconf 85' lang='lat' dir='ltr'><strong>bella</strong></span> <span class='ocrx_word' id='word_1_218' title='bbox 443 2766 622 2822; x_wconf 90' lang='lat' dir='ltr'><strong>quam</strong></span> <span class='ocrx_word' id='word_1_219' title='bbox 645 2748 765 2806; x_wconf 90' lang='lat' dir='ltr'><strong>sint</strong></span> <span class='ocrx_word' id='word_1_220' title='bbox 786 2750 1218 2823; x_wconf 73' lang='lat' dir='ltr'><strong>gravia,praeter</strong></span> <span class='ocrx_word' id='word_1_221' title='bbox 1236 2749 1351 2807; x_wconf 88' lang='lat' dir='ltr'><strong>alia</strong></span> <span class='ocrx_word' id='word_1_222' title='bbox 1373 2751 1502 2824; x_wconf 90' lang='lat' dir='ltr'><strong>ipsa</strong></span> <span class='ocrx_word' id='word_1_223' title='bbox 1523 2756 1850 2826; x_wconf 89' lang='lat' dir='ltr'><strong>approbant</strong></span> 
     </span>
    </p>
   </div>
   <div class='ocr_carea' id='block_1_31' title="bbox 196 2837 1850 2916">
    <p class='ocr_par' dir='ltr' id='par_1_31' title="bbox 196 2837 1850 2916">
     <span class='ocr_line' id='line_1_31' title="bbox 196 2837 1850 2916; baseline 0.004 -21"><span class='ocrx_word' id='word_1_224' title='bbox 196 2838 538 2895; x_wconf 83' lang='lat' dir='ltr'><strong>homicidia.</strong></span> <span class='ocrx_word' id='word_1_225' title='bbox 586 2837 821 2894; x_wconf 88' lang='lat' dir='ltr'><strong>Dicente</strong></span> <span class='ocrx_word' id='word_1_226' title='bbox 865 2843 1058 2895; x_wconf 90' lang='lat' dir='ltr'><strong>autem</strong></span> <span class='ocrx_word' id='word_1_227' title='bbox 1090 2839 1335 2896; x_wconf 89' lang='lat' dir='ltr'><strong>Domino</strong></span> <span class='ocrx_word' id='word_1_228' title='bbox 1369 2857 1382 2896; x_wconf 92' lang='lat'><strong>:</strong></span> <span class='ocrx_word' id='word_1_229' title='bbox 1415 2843 1632 2899; x_wconf 79' lang='lat' dir='ltr'><strong>Necesse</strong></span> <span class='ocrx_word' id='word_1_230' title='bbox 1660 2856 1754 2916; x_wconf 89' lang='lat' dir='ltr'><strong>est,</strong></span> <span class='ocrx_word' id='word_1_231' title='bbox 1786 2850 1850 2901; x_wconf 86' lang='lat' dir='ltr'><strong>ut</strong></span> 
     </span>
    </p>
   </div>
   <div class='ocr_carea' id='block_1_32' title="bbox 196 2927 1848 3005">
    <p class='ocr_par' dir='ltr' id='par_1_32' title="bbox 196 2927 1848 3005">
     <span class='ocr_line' id='line_1_32' title="bbox 196 2927 1848 3005; baseline 0.003 -20"><span class='ocrx_word' id='word_1_232' title='bbox 196 2929 427 2986; x_wconf 81' lang='lat' dir='ltr'><strong>veniant</strong></span> <span class='ocrx_word' id='word_1_233' title='bbox 450 2927 711 2983; x_wconf 87' lang='lat' dir='ltr'><strong>scandala</strong></span> <span class='ocrx_word' id='word_1_234' title='bbox 741 2928 943 3000; x_wconf 90' lang='lat' dir='ltr'><strong>(Matth.</strong></span> <span class='ocrx_word' id='word_1_235' title='bbox 975 2945 1136 2995; x_wconf 83' lang='lat' dir='ltr'><strong>xvm,</strong></span> <span class='ocrx_word' id='word_1_236' title='bbox 1165 2929 1257 3002; x_wconf 84' lang='lat'><strong>37)</strong></span> <span class='ocrx_word' id='word_1_237' title='bbox 1285 2946 1298 2997; x_wconf 90' lang='lat'><strong>;</strong></span> <span class='ocrx_word' id='word_1_238' title='bbox 1326 2934 1383 2986; x_wconf 89' lang='lat' dir='ltr'><strong>et</strong></span> <span class='ocrx_word' id='word_1_239' title='bbox 1415 2947 1428 2986; x_wconf 90' lang='lat'><strong>:</strong></span> <span class='ocrx_word' id='word_1_240' title='bbox 1478 2932 1675 3000; x_wconf 80' lang='lat' dir='ltr'><strong>Surget</strong></span> <span class='ocrx_word' id='word_1_241' title='bbox 1717 2951 1848 3005; x_wconf 86' lang='lat' dir='ltr'><strong>gens</strong></span> 
     </span>
    </p>
   </div>
   <div class='ocr_carea' id='block_1_33' title="bbox 196 3017 1845 3093">
    <p class='ocr_par' dir='ltr' id='par_1_33' title="bbox 196 3017 1845 3093">
     <span class='ocr_line' id='line_1_33' title="bbox 196 3017 1845 3093; baseline 0.003 -20"><span class='ocrx_word' id='word_1_242' title='bbox 196 3024 389 3074; x_wconf 82' lang='lat' dir='ltr'><strong>contra</strong></span> <span class='ocrx_word' id='word_1_243' title='bbox 415 3020 652 3088; x_wconf 83' lang='lat' dir='ltr'><strong>gentem,</strong></span> <span class='ocrx_word' id='word_1_244' title='bbox 685 3025 735 3073; x_wconf 91' lang='lat' dir='ltr'><strong>et</strong></span> <span class='ocrx_word' id='word_1_245' title='bbox 762 3033 995 3089; x_wconf 81' lang='lat' dir='ltr'><strong>regnum</strong></span> <span class='ocrx_word' id='word_1_246' title='bbox 1022 3017 1280 3074; x_wconf 87' lang='lat' dir='ltr'><strong>adversus</strong></span> <span class='ocrx_word' id='word_1_247' title='bbox 1308 3036 1542 3093; x_wconf 87' lang='lat' dir='ltr'><strong>reynum</strong></span> <span class='ocrx_word' id='word_1_248' title='bbox 1563 3022 1714 3093; x_wconf 91' lang='lat' dir='ltr'><strong>(Luc.</strong></span> <span class='ocrx_word' id='word_1_249' title='bbox 1730 3040 1845 3092; x_wconf 72' lang='lat' dir='ltr'><strong>xxx,</strong></span> 
     </span>
    </p>
   </div>
   <div class='ocr_carea' id='block_1_34' title="bbox 200 3104 1844 3185">
    <p class='ocr_par' dir='ltr' id='par_1_34' title="bbox 200 3104 1844 3185">
     <span class='ocr_line' id='line_1_34' title="bbox 200 3104 1844 3185; baseline 0.004 -23"><span class='ocrx_word' id='word_1_250' title='bbox 200 3107 313 3175; x_wconf 77' lang='lat'><strong>10);</strong></span> <span class='ocrx_word' id='word_1_251' title='bbox 346 3109 405 3162; x_wconf 86' lang='lat' dir='ltr'><strong>et</strong></span> <span class='ocrx_word' id='word_1_252' title='bbox 432 3105 542 3162; x_wconf 92' lang='lat' dir='ltr'><strong>Job</strong></span> <span class='ocrx_word' id='word_1_253' title='bbox 575 3121 587 3161; x_wconf 93' lang='lat'><strong>:</strong></span> <span class='ocrx_word' id='word_1_254' title='bbox 619 3104 776 3161; x_wconf 85' lang='lat' dir='ltr'><strong>Nihil</strong></span> <span class='ocrx_word' id='word_1_255' title='bbox 802 3107 860 3161; x_wconf 88' lang='lat' dir='ltr'><strong>in</strong></span> <span class='ocrx_word' id='word_1_256' title='bbox 897 3115 1046 3163; x_wconf 86' lang='lat' dir='ltr'><strong>terra</strong></span> <span class='ocrx_word' id='word_1_257' title='bbox 1068 3109 1189 3163; x_wconf 84' lang='lat' dir='ltr'><strong>sine</strong></span> <span class='ocrx_word' id='word_1_258' title='bbox 1214 3124 1381 3163; x_wconf 85' lang='lat' dir='ltr'><strong>causa</strong></span> <span class='ocrx_word' id='word_1_259' title='bbox 1409 3111 1471 3180; x_wconf 80' lang='lat' dir='ltr'><strong>ﬁt</strong></span> <span class='ocrx_word' id='word_1_260' title='bbox 1501 3110 1622 3183; x_wconf 65' lang='grc' dir='ltr'><strong>μαι)</strong></span> <span class='ocrx_word' id='word_1_261' title='bbox 1651 3128 1708 3178; x_wconf 89' lang='lat' dir='ltr'><strong>v,</strong></span> <span class='ocrx_word' id='word_1_262' title='bbox 1738 3112 1794 3185; x_wconf 90' lang='lat'><strong>6)</strong></span> <span class='ocrx_word' id='word_1_263' title='bbox 1831 3130 1844 3169; x_wconf 89' lang='lat'>:</span> 
     </span>
    </p>
   </div>
   <div class='ocr_carea' id='block_1_35' title="bbox 199 3194 1850 3272">
    <p class='ocr_par' dir='ltr' id='par_1_35' title="bbox 199 3194 1850 3272">
     <span class='ocr_line' id='line_1_35' title="bbox 199 3194 1850 3272; baseline 0.003 -21"><span class='ocrx_word' id='word_1_264' title='bbox 199 3199 534 3269; x_wconf 82' lang='lat' dir='ltr'><strong>emergente</strong></span> <span class='ocrx_word' id='word_1_265' title='bbox 564 3194 879 3267; x_wconf 84' lang='lat' dir='ltr'><strong>cujuslibet</strong></span> <span class='ocrx_word' id='word_1_266' title='bbox 926 3195 1227 3252; x_wconf 88' lang='lat' dir='ltr'><strong>occasione</strong></span> <span class='ocrx_word' id='word_1_267' title='bbox 1278 3197 1377 3264; x_wconf 87' lang='lat' dir='ltr'><strong>rei,</strong></span> <span class='ocrx_word' id='word_1_268' title='bbox 1429 3200 1749 3272; x_wconf 86' lang='lat' dir='ltr'><strong>contingat,</strong></span> <span class='ocrx_word' id='word_1_269' title='bbox 1784 3205 1850 3257; x_wconf 90' lang='lat' dir='ltr'><strong>ut</strong></span> 
     </span>
    </p>
   </div>
   <div class='ocr_carea' id='block_1_36' title="bbox 1952 800 3604 872">
    <p class='ocr_par' dir='ltr' id='par_1_36' title="bbox 1952 800 3604 872">
     <span class='ocr_line' id='line_1_36' title="bbox 1952 800 3604 872; baseline 0.003 -16"><span class='ocrx_word' id='word_1_270' title='bbox 1952 817 2085 857; x_wconf 88' lang='lat' dir='ltr'><strong>cum</strong></span> <span class='ocrx_word' id='word_1_271' title='bbox 2104 800 2155 856; x_wconf 89' lang='lat' dir='ltr'><strong>ei</strong></span> <span class='ocrx_word' id='word_1_272' title='bbox 2175 800 2330 856; x_wconf 91' lang='lat' dir='ltr'><strong>idem</strong></span> <span class='ocrx_word' id='word_1_273' title='bbox 2352 803 2505 857; x_wconf 90' lang='lat' dir='ltr'><strong>esset</strong></span> <span class='ocrx_word' id='word_1_274' title='bbox 2527 803 2834 872; x_wconf 91' lang='lat' dir='ltr'><strong>suspectus</strong></span> <span class='ocrx_word' id='word_1_275' title='bbox 2854 801 3320 871; x_wconf 88' lang='lat' dir='ltr'><strong>Mauritius,cum</strong></span> <span class='ocrx_word' id='word_1_276' title='bbox 3344 808 3400 860; x_wconf 89' lang='lat' dir='ltr'><strong>et</strong></span> <span class='ocrx_word' id='word_1_277' title='bbox 3416 804 3604 861; x_wconf 85' lang='lat' dir='ltr'><strong>ﬁlium</strong></span> 
     </span>
    </p>
   </div>
   <div class='ocr_carea' id='block_1_37' title="bbox 1953 889 3604 965">
    <p class='ocr_par' dir='ltr' id='par_1_37' title="bbox 1953 889 3604 965">
     <span class='ocr_line' id='line_1_37' title="bbox 1953 889 3604 965; baseline 0.003 -21"><span class='ocrx_word' id='word_1_278' title='bbox 1953 889 2082 958; x_wconf 87' lang='lat' dir='ltr'><strong>ejus</strong></span> <span class='ocrx_word' id='word_1_279' title='bbox 2111 906 2142 945; x_wconf 90' lang='lat' dir='ltr'><strong>e</strong></span> <span class='ocrx_word' id='word_1_280' title='bbox 2174 906 2338 945; x_wconf 86' lang='lat' dir='ltr'><strong>sacro</strong></span> <span class='ocrx_word' id='word_1_281' title='bbox 2366 890 2523 945; x_wconf 75' lang='lat' dir='ltr'><strong>fonte</strong></span> <span class='ocrx_word' id='word_1_282' title='bbox 2552 889 2706 945; x_wconf 90' lang='lat' dir='ltr'><strong>idem</strong></span> <span class='ocrx_word' id='word_1_283' title='bbox 2741 890 3099 962; x_wconf 89' lang='lat' dir='ltr'><strong>suscepisset</strong></span> <span class='ocrx_word' id='word_1_284' title='bbox 3118 895 3604 965; x_wconf 85' lang='lat' dir='ltr'><strong>sanctus,etquo-</strong></span> 
     </span>
    </p>
   </div>
   <div class='ocr_carea' id='block_1_38' title="bbox 1954 977 3608 1053">
    <p class='ocr_par' dir='ltr' id='par_1_38' title="bbox 1954 977 3608 1053">
     <span class='ocr_line' id='line_1_38' title="bbox 1954 977 3608 1053; baseline 0.004 -21"><span class='ocrx_word' id='word_1_285' title='bbox 1954 977 2098 1034; x_wconf 89' lang='lat' dir='ltr'><strong>tidie</strong></span> <span class='ocrx_word' id='word_1_286' title='bbox 2131 977 2214 1032; x_wconf 92' lang='lat' dir='ltr'><strong>illi</strong></span> <span class='ocrx_word' id='word_1_287' title='bbox 2236 978 2391 1033; x_wconf 91' lang='lat' dir='ltr'><strong>idem</strong></span> <span class='ocrx_word' id='word_1_288' title='bbox 2415 979 3033 1051; x_wconf 76' lang='lat' dir='ltr'><strong>improperaret109,</strong></span> <span class='ocrx_word' id='word_1_289' title='bbox 3067 981 3221 1052; x_wconf 87' lang='lat' dir='ltr'><strong>quod</strong></span> <span class='ocrx_word' id='word_1_290' title='bbox 3244 998 3350 1036; x_wconf 89' lang='lat' dir='ltr'><strong>suo</strong></span> <span class='ocrx_word' id='word_1_291' title='bbox 3380 982 3608 1053; x_wconf 86' lang='lat' dir='ltr'><strong>adjuto-</strong></span> 
     </span>
    </p>
   </div>
   <div class='ocr_carea' id='block_1_39' title="bbox 1953 1065 3605 1140">
    <p class='ocr_par' dir='ltr' id='par_1_39' title="bbox 1953 1065 3605 1140">
     <span class='ocr_line' id='line_1_39' title="bbox 1953 1065 3605 1140; baseline 0.003 -19"><span class='ocrx_word' id='word_1_292' title='bbox 1953 1066 2059 1135; x_wconf 93' lang='lat' dir='ltr'><strong>rio,</strong></span> <span class='ocrx_word' id='word_1_293' title='bbox 2095 1065 2245 1122; x_wconf 82' lang='lat' dir='ltr'><strong>facto</strong></span> <span class='ocrx_word' id='word_1_294' title='bbox 2278 1072 2336 1122; x_wconf 90' lang='lat' dir='ltr'><strong>et</strong></span> <span class='ocrx_word' id='word_1_295' title='bbox 2364 1068 2592 1123; x_wconf 90' lang='lat' dir='ltr'><strong>decreto</strong></span> <span class='ocrx_word' id='word_1_296' title='bbox 2625 1065 3014 1139; x_wconf 85' lang='lat' dir='ltr'><strong>apostolatum</strong></span> <span class='ocrx_word' id='word_1_297' title='bbox 3048 1069 3249 1140; x_wconf 60' lang='lat' dir='ltr'><strong>prima;</strong></span> <span class='ocrx_word' id='word_1_298' title='bbox 3299 1069 3456 1126; x_wconf 85' lang='lat' dir='ltr'><strong>sedis</strong></span> <span class='ocrx_word' id='word_1_299' title='bbox 3514 1072 3605 1126; x_wconf 91' lang='lat' dir='ltr'><strong>in-</strong></span> 
     </span>
    </p>
   </div>
   <div class='ocr_carea' id='block_1_40' title="bbox 1955 1155 3603 1228">
    <p class='ocr_par' dir='ltr' id='par_1_40' title="bbox 1955 1155 3603 1228">
     <span class='ocr_line' id='line_1_40' title="bbox 1955 1155 3603 1228; baseline 0.004 -18"><span class='ocrx_word' id='word_1_300' title='bbox 1955 1155 2166 1228; x_wconf 87' lang='lat' dir='ltr'><strong>deptus</strong></span> <span class='ocrx_word' id='word_1_301' title='bbox 2189 1156 2550 1223; x_wconf 80' lang='lat' dir='ltr'><strong>fuisset,cum</strong></span> <span class='ocrx_word' id='word_1_302' title='bbox 2576 1156 2794 1213; x_wconf 90' lang='lat' dir='ltr'><strong>invitus</strong></span> <span class='ocrx_word' id='word_1_303' title='bbox 2815 1155 3143 1228; x_wconf 79' lang='lat' dir='ltr'><strong>fugisset,’et</strong></span> <span class='ocrx_word' id='word_1_304' title='bbox 3160 1158 3416 1214; x_wconf 88' lang='lat' dir='ltr'><strong>renitens</strong></span> <span class='ocrx_word' id='word_1_305' title='bbox 3436 1156 3603 1216; x_wconf 80' lang='lat' dir='ltr'><strong>illuni</strong></span> 
     </span>
    </p>
   </div>
   <div class='ocr_carea' id='block_1_41' title="bbox 1953 1243 3607 1319">
    <p class='ocr_par' dir='ltr' id='par_1_41' title="bbox 1953 1243 3607 1319">
     <span class='ocr_line' id='line_1_41' title="bbox 1953 1243 3607 1319; baseline 0.004 -22"><span class='ocrx_word' id='word_1_306' title='bbox 1953 1244 2035 1315; x_wconf 85' lang='lat' dir='ltr'><strong>[id</strong></span> <span class='ocrx_word' id='word_1_307' title='bbox 2063 1252 2142 1300; x_wconf 85' lang='lat' dir='ltr'><strong>est</strong></span> <span class='ocrx_word' id='word_1_308' title='bbox 2168 1243 2338 1300; x_wconf 91' lang='lat' dir='ltr'><strong>illum</strong></span> <span class='ocrx_word' id='word_1_309' title='bbox 2371 1243 2783 1318; x_wconf 89' lang='lat' dir='ltr'><strong>apostolatum,</strong></span> <span class='ocrx_word' id='word_1_310' title='bbox 2831 1260 2928 1300; x_wconf 89' lang='lat' dir='ltr'><strong>seu</strong></span> <span class='ocrx_word' id='word_1_311' title='bbox 2980 1245 3429 1319; x_wconf 85' lang='lat' dir='ltr'><strong>pontiﬁcatum],</strong></span> <span class='ocrx_word' id='word_1_312' title='bbox 3471 1247 3607 1304; x_wconf 90' lang='lat' dir='ltr'><strong>licet</strong></span> 
     </span>
    </p>
   </div>
   <div class='ocr_carea' id='block_1_42' title="bbox 1954 1331 3600 1405">
    <p class='ocr_par' dir='ltr' id='par_1_42' title="bbox 1954 1331 3600 1405">
     <span class='ocr_line' id='line_1_42' title="bbox 1954 1331 3600 1405; baseline 0.003 -18"><span class='ocrx_word' id='word_1_313' title='bbox 1954 1332 2371 1401; x_wconf 79' lang='lat' dir='ltr'><strong>consentiente,</strong></span> <span class='ocrx_word' id='word_1_314' title='bbox 2406 1333 2505 1388; x_wconf 87' lang='lat' dir='ltr'><strong>sed</strong></span> <span class='ocrx_word' id='word_1_315' title='bbox 2540 1337 2671 1405; x_wconf 91' lang='lat' dir='ltr'><strong>post</strong></span> <span class='ocrx_word' id='word_1_316' title='bbox 2702 1331 3019 1404; x_wconf 83' lang='lat' dir='ltr'><strong>poenitente</strong></span> <span class='ocrx_word' id='word_1_317' title='bbox 3056 1333 3259 1389; x_wconf 92' lang='lat' dir='ltr'><strong>eodem</strong></span> <span class='ocrx_word' id='word_1_318' title='bbox 3308 1335 3600 1405; x_wconf 89' lang='lat' dir='ltr'><strong>Mauritio,</strong></span> 
     </span>
    </p>
   </div>
   <div class='ocr_carea' id='block_1_43' title="bbox 1954 1421 3602 1494">
    <p class='ocr_par' dir='ltr' id='par_1_43' title="bbox 1954 1421 3602 1494">
     <span class='ocr_line' id='line_1_43' title="bbox 1954 1421 3602 1494; baseline 0.004 -18"><span class='ocrx_word' id='word_1_319' title='bbox 1954 1422 2199 1477; x_wconf 86' lang='lat' dir='ltr'><strong>sortitus</strong></span> <span class='ocrx_word' id='word_1_320' title='bbox 2223 1421 2447 1489; x_wconf 87' lang='lat' dir='ltr'><strong>fuisset,</strong></span> <span class='ocrx_word' id='word_1_321' title='bbox 2474 1421 2553 1476; x_wconf 79' lang='lat' dir='ltr'><strong>ita</strong></span> <span class='ocrx_word' id='word_1_322' title='bbox 2576 1422 2864 1494; x_wconf 86' lang='lat' dir='ltr'><strong>agendum</strong></span> <span class='ocrx_word' id='word_1_323' title='bbox 2890 1421 3162 1488; x_wconf 86' lang='lat' dir='ltr'><strong>decrevit,</strong></span> <span class='ocrx_word' id='word_1_324' title='bbox 3194 1426 3260 1477; x_wconf 91' lang='lat' dir='ltr'><strong>ut</strong></span> <span class='ocrx_word' id='word_1_325' title='bbox 3284 1423 3501 1481; x_wconf 88' lang='lat' dir='ltr'><strong>scilicet</strong></span> <span class='ocrx_word' id='word_1_326' title='bbox 3529 1426 3602 1482; x_wconf 90' lang='lat' dir='ltr'><strong>ob</strong></span> 
     </span>
    </p>
   </div>
   <div class='ocr_carea' id='block_1_44' title="bbox 1954 1508 3602 1588">
    <p class='ocr_par' dir='ltr' id='par_1_44' title="bbox 1954 1508 3602 1588">
     <span class='ocr_line' id='line_1_44' title="bbox 1954 1508 3602 1588; baseline 0.005 -24"><span class='ocrx_word' id='word_1_327' title='bbox 1954 1508 2390 1582; x_wconf 85' lang='lat' dir='ltr'><strong>improbitatem</strong></span> <span class='ocrx_word' id='word_1_328' title='bbox 2420 1509 2634 1566; x_wconf 89' lang='lat' dir='ltr'><strong>civium</strong></span> <span class='ocrx_word' id='word_1_329' title='bbox 2668 1514 2726 1565; x_wconf 90' lang='lat' dir='ltr'><strong>et</strong></span> <span class='ocrx_word' id='word_1_330' title='bbox 2756 1509 3152 1566; x_wconf 89' lang='lat' dir='ltr'><strong>incursionem</strong></span> <span class='ocrx_word' id='word_1_331' title='bbox 3177 1511 3602 1588; x_wconf 88' lang='lat' dir='ltr'><strong>hostium(200)</strong></span> 
     </span>
    </p>
   </div>
   <div class='ocr_carea' id='block_1_45' title="bbox 1951 1596 3603 1675">
    <p class='ocr_par' dir='ltr' id='par_1_45' title="bbox 1951 1596 3603 1675">
     <span class='ocr_line' id='line_1_45' title="bbox 1951 1596 3603 1675; baseline 0.003 -22"><span class='ocrx_word' id='word_1_332' title='bbox 1951 1598 2247 1654; x_wconf 85' lang='lat' dir='ltr'><strong>transiens</strong></span> <span class='ocrx_word' id='word_1_333' title='bbox 2298 1597 2889 1671; x_wconf 87' lang='lat' dir='ltr'><strong>Constantinopolim,</strong></span> <span class='ocrx_word' id='word_1_334' title='bbox 2967 1597 3323 1671; x_wconf 88' lang='lat' dir='ltr'><strong>relinqueret</strong></span> <span class='ocrx_word' id='word_1_335' title='bbox 3368 1596 3603 1675; x_wconf 78' lang='lat' dir='ltr'><strong>gregem</strong></span> 
     </span>
    </p>
   </div>
   <div class='ocr_carea' id='block_1_46' title="bbox 1955 1686 3604 1759">
    <p class='ocr_par' dir='ltr' id='par_1_46' title="bbox 1955 1686 3604 1759">
     <span class='ocr_line' id='line_1_46' title="bbox 1955 1686 3604 1759; baseline 0.003 -17"><span class='ocrx_word' id='word_1_336' title='bbox 1955 1686 2341 1743; x_wconf 89' lang='lat' dir='ltr'><strong>commissum</strong></span> <span class='ocrx_word' id='word_1_337' title='bbox 2362 1688 2390 1742; x_wconf 85' lang='lat'><strong>?</strong></span> <span class='ocrx_word' id='word_1_338' title='bbox 2445 1687 2863 1759; x_wconf 87' lang='lat' dir='ltr'><strong>Nunquidnam</strong></span> <span class='ocrx_word' id='word_1_339' title='bbox 2899 1690 2956 1742; x_wconf 90' lang='lat' dir='ltr'><strong>et</strong></span> <span class='ocrx_word' id='word_1_340' title='bbox 2984 1686 3485 1745; x_wconf 67' lang='lat' dir='ltr'><strong>excellentissiman</strong></span> <span class='ocrx_word' id='word_1_341' title='bbox 3514 1707 3604 1747; x_wconf 88' lang='lat' dir='ltr'><strong>re-</strong></span> 
     </span>
    </p>
   </div>
   <div class='ocr_carea' id='block_1_47' title="bbox 1954 1775 3606 1849">
    <p class='ocr_par' dir='ltr' id='par_1_47' title="bbox 1954 1775 3606 1849">
     <span class='ocr_line' id='line_1_47' title="bbox 1954 1775 3606 1849; baseline 0.002 -17"><span class='ocrx_word' id='word_1_342' title='bbox 1954 1777 2309 1833; x_wconf 88' lang='lat' dir='ltr'><strong>cordationis</strong></span> <span class='ocrx_word' id='word_1_343' title='bbox 2342 1781 2504 1849; x_wconf 91' lang='lat' dir='ltr'><strong>pater</strong></span> <span class='ocrx_word' id='word_1_344' title='bbox 2532 1775 2896 1849; x_wconf 88' lang='lat' dir='ltr'><strong>Augustinus</strong></span> <span class='ocrx_word' id='word_1_345' title='bbox 2928 1778 3107 1848; x_wconf 88' lang='lat' dir='ltr'><strong>(epist.</strong></span> <span class='ocrx_word' id='word_1_346' title='bbox 3139 1780 3290 1846; x_wconf 93' lang='lat'>228),</span> <span class='ocrx_word' id='word_1_347' title='bbox 3330 1779 3472 1834; x_wconf 89' lang='lat' dir='ltr'><strong>dum</strong></span> <span class='ocrx_word' id='word_1_348' title='bbox 3523 1780 3606 1836; x_wconf 89' lang='lat' dir='ltr'><strong>si-</strong></span> 
     </span>
    </p>
   </div>
   <div class='ocr_carea' id='block_1_48' title="bbox 1954 1865 3608 1940">
    <p class='ocr_par' dir='ltr' id='par_1_48' title="bbox 1954 1865 3608 1940">
     <span class='ocr_line' id='line_1_48' title="bbox 1954 1865 3608 1940; baseline 0.004 -20"><span class='ocrx_word' id='word_1_349' title='bbox 1954 1865 2111 1922; x_wconf 90' lang='lat' dir='ltr'><strong>milis</strong></span> <span class='ocrx_word' id='word_1_350' title='bbox 2139 1870 2369 1940; x_wconf 87' lang='lat' dir='ltr'><strong>urgeret</strong></span> <span class='ocrx_word' id='word_1_351' title='bbox 2399 1865 2567 1931; x_wconf 90' lang='lat' dir='ltr'><strong>ratio,</strong></span> <span class='ocrx_word' id='word_1_352' title='bbox 2584 1865 2666 1921; x_wconf 92' lang='lat' dir='ltr'><strong>ita</strong></span> <span class='ocrx_word' id='word_1_353' title='bbox 2696 1866 2988 1938; x_wconf 88' lang='lat' dir='ltr'><strong>agendum</strong></span> <span class='ocrx_word' id='word_1_354' title='bbox 3011 1866 3280 1935; x_wconf 88' lang='lat' dir='ltr'><strong>decrevit,</strong></span> <span class='ocrx_word' id='word_1_355' title='bbox 3300 1873 3401 1923; x_wconf 90' lang='lat' dir='ltr'><strong>aut</strong></span> <span class='ocrx_word' id='word_1_356' title='bbox 3420 1884 3608 1927; x_wconf 84' lang='lat' dir='ltr'><strong>exem-</strong></span> 
     </span>
    </p>
   </div>
   <div class='ocr_carea' id='block_1_49' title="bbox 1953 1953 3606 2029">
    <p class='ocr_par' dir='ltr' id='par_1_49' title="bbox 1953 1953 3606 2029">
     <span class='ocr_line' id='line_1_49' title="bbox 1953 1953 3606 2029; baseline 0.004 -21"><span class='ocrx_word' id='word_1_357' title='bbox 1953 1953 2049 2027; x_wconf 89' lang='lat' dir='ltr'><strong>plo</strong></span> <span class='ocrx_word' id='word_1_358' title='bbox 2101 1956 2452 2011; x_wconf 87' lang='lat' dir='ltr'><strong>monstravit</strong></span> <span class='ocrx_word' id='word_1_359' title='bbox 2482 1955 2540 2009; x_wconf 89' lang='lat' dir='ltr'><strong>in</strong></span> <span class='ocrx_word' id='word_1_360' title='bbox 2575 1953 2791 2009; x_wconf 85' lang='lat' dir='ltr'><strong>talibus</strong></span> <span class='ocrx_word' id='word_1_361' title='bbox 2813 1954 2841 2009; x_wconf 85' lang='lat'><strong><em>?</em></strong></span> <span class='ocrx_word' id='word_1_362' title='bbox 2890 1953 2991 2011; x_wconf 89' lang='lat' dir='ltr'><strong>Ille</strong></span> <span class='ocrx_word' id='word_1_363' title='bbox 3041 1959 3261 2024; x_wconf 90' lang='lat' dir='ltr'><strong>autem,</strong></span> <span class='ocrx_word' id='word_1_364' title='bbox 3296 1956 3394 2029; x_wconf 89' lang='lat' dir='ltr'><strong>qui</strong></span> <span class='ocrx_word' id='word_1_365' title='bbox 3426 1957 3606 2015; x_wconf 86' lang='lat' dir='ltr'><strong>inter-</strong></span> 
     </span>
    </p>
   </div>
   <div class='ocr_carea' id='block_1_50' title="bbox 1954 2042 3604 2115">
    <p class='ocr_par' dir='ltr' id='par_1_50' title="bbox 1954 2042 3604 2115">
     <span class='ocr_line' id='line_1_50' title="bbox 1954 2042 3604 2115; baseline 0.004 -17"><span class='ocrx_word' id='word_1_366' title='bbox 1954 2046 2191 2115; x_wconf 86' lang='lat' dir='ltr'><strong>rogatus</strong></span> <span class='ocrx_word' id='word_1_367' title='bbox 2225 2044 2297 2098; x_wconf 88' lang='lat' dir='ltr'><strong>ab</strong></span> <span class='ocrx_word' id='word_1_368' title='bbox 2328 2042 2599 2098; x_wconf 89' lang='lat' dir='ltr'><strong>hostibus</strong></span> <span class='ocrx_word' id='word_1_369' title='bbox 2629 2044 2700 2097; x_wconf 90' lang='lat' dir='ltr'><strong>de</strong></span> <span class='ocrx_word' id='word_1_370' title='bbox 2730 2043 2989 2109; x_wconf 88' lang='lat' dir='ltr'><strong>nomine,</strong></span> <span class='ocrx_word' id='word_1_371' title='bbox 3019 2045 3393 2115; x_wconf 90' lang='lat' dir='ltr'><strong>respondisse</strong></span> <span class='ocrx_word' id='word_1_372' title='bbox 3421 2048 3604 2104; x_wconf 84' lang='lat' dir='ltr'><strong>refer-</strong></span> 
     </span>
    </p>
   </div>
   <div class='ocr_carea' id='block_1_51' title="bbox 1952 2130 3606 2204">
    <p class='ocr_par' dir='ltr' id='par_1_51' title="bbox 1952 2130 3606 2204">
     <span class='ocr_line' id='line_1_51' title="bbox 1952 2130 3606 2204; baseline 0.004 -18"><span class='ocrx_word' id='word_1_373' title='bbox 1952 2136 2068 2198; x_wconf 90' lang='lat' dir='ltr'><strong>tur,</strong></span> <span class='ocrx_word' id='word_1_374' title='bbox 2104 2148 2334 2186; x_wconf 90' lang='lat' dir='ltr'><strong>servum</strong></span> <span class='ocrx_word' id='word_1_375' title='bbox 2386 2147 2448 2187; x_wconf 92' lang='lat' dir='ltr'><strong>se</strong></span> <span class='ocrx_word' id='word_1_376' title='bbox 2493 2131 2613 2185; x_wconf 86' lang='lat' dir='ltr'><strong>fore</strong></span> <span class='ocrx_word' id='word_1_377' title='bbox 2642 2130 2876 2199; x_wconf 91' lang='lat' dir='ltr'><strong>Christi,</strong></span> <span class='ocrx_word' id='word_1_378' title='bbox 2904 2131 3188 2204; x_wconf 87' lang='lat' dir='ltr'><strong>hosteque</strong></span> <span class='ocrx_word' id='word_1_379' title='bbox 3218 2140 3606 2192; x_wconf 89' lang='lat' dir='ltr'><strong>consonanter</strong></span> 
     </span>
    </p>
   </div>
   <div class='ocr_carea' id='block_1_52' title="bbox 1954 2218 3605 2294">
    <p class='ocr_par' dir='ltr' id='par_1_52' title="bbox 1954 2218 3605 2294">
     <span class='ocr_line' id='line_1_52' title="bbox 1954 2218 3605 2294; baseline 0.002 -19"><span class='ocrx_word' id='word_1_380' title='bbox 1954 2221 2360 2292; x_wconf 88' lang='lat' dir='ltr'><strong>respondente,</strong></span> <span class='ocrx_word' id='word_1_381' title='bbox 2396 2236 2457 2275; x_wconf 91' lang='lat' dir='ltr'><strong>se</strong></span> <span class='ocrx_word' id='word_1_382' title='bbox 2491 2218 2784 2292; x_wconf 87' lang='lat' dir='ltr'><strong>ﬂagellum</strong></span> <span class='ocrx_word' id='word_1_383' title='bbox 2811 2235 2941 2274; x_wconf 90' lang='lat' dir='ltr'><strong>esse</strong></span> <span class='ocrx_word' id='word_1_384' title='bbox 2970 2219 3208 2286; x_wconf 90' lang='lat' dir='ltr'><strong>Christi,</strong></span> <span class='ocrx_word' id='word_1_385' title='bbox 3234 2222 3345 2276; x_wconf 83' lang='lat' dir='ltr'><strong>fuit</strong></span> <span class='ocrx_word' id='word_1_386' title='bbox 3376 2239 3447 2278; x_wconf 90' lang='lat' dir='ltr'><strong>ne</strong></span> <span class='ocrx_word' id='word_1_387' title='bbox 3468 2224 3605 2294; x_wconf 85' lang='lat' dir='ltr'><strong>jure</strong></span> 
     </span>
    </p>
   </div>
   <div class='ocr_carea' id='block_1_53' title="bbox 1954 2306 3607 2381">
    <p class='ocr_par' dir='ltr' id='par_1_53' title="bbox 1954 2306 3607 2381">
     <span class='ocr_line' id='line_1_53' title="bbox 1954 2306 3607 2381; baseline 0.003 -19"><span class='ocrx_word' id='word_1_388' title='bbox 1954 2308 2346 2363; x_wconf 89' lang='lat' dir='ltr'><strong>damnandus.</strong></span> <span class='ocrx_word' id='word_1_389' title='bbox 2381 2308 2533 2380; x_wconf 88' lang='lat' dir='ltr'><strong>quod</strong></span> <span class='ocrx_word' id='word_1_390' title='bbox 2567 2308 2853 2363; x_wconf 89' lang='lat' dir='ltr'><strong>civitatem</strong></span> <span class='ocrx_word' id='word_1_391' title='bbox 2887 2306 3041 2362; x_wconf 87' lang='lat' dir='ltr'><strong>illico</strong></span> <span class='ocrx_word' id='word_1_392' title='bbox 3072 2307 3344 2365; x_wconf 89' lang='lat' dir='ltr'><strong>hostibus</strong></span> <span class='ocrx_word' id='word_1_393' title='bbox 3377 2310 3607 2381; x_wconf 88' lang='lat' dir='ltr'><strong>aperuit</strong></span> 
     </span>
    </p>
   </div>
   <div class='ocr_carea' id='block_1_54' title="bbox 1955 2396 3604 2472">
    <p class='ocr_par' dir='ltr' id='par_1_54' title="bbox 1955 2396 3604 2472">
     <span class='ocr_line' id='line_1_54' title="bbox 1955 2396 3604 2472; baseline 0.001 -20"><span class='ocrx_word' id='word_1_394' title='bbox 1955 2397 2676 2452; x_wconf 83' lang='lat' dir='ltr'><strong>intrantibus?Cunctosne</strong></span> <span class='ocrx_word' id='word_1_395' title='bbox 2698 2411 2835 2469; x_wconf 87' lang='lat' dir='ltr'><strong>ergo</strong></span> <span class='ocrx_word' id='word_1_396' title='bbox 2850 2396 3084 2466; x_wconf 86' lang='lat' dir='ltr'><strong>judicas</strong></span> <span class='ocrx_word' id='word_1_397' title='bbox 3102 2397 3604 2472; x_wconf 89' lang='lat' dir='ltr'><strong>deponendos,qui</strong></span> 
     </span>
    </p>
   </div>
   <div class='ocr_carea' id='block_1_55' title="bbox 1956 2484 3605 2559">
    <p class='ocr_par' dir='ltr' id='par_1_55' title="bbox 1956 2484 3605 2559">
     <span class='ocr_line' id='line_1_55' title="bbox 1956 2484 3605 2559; baseline 0.002 -18"><span class='ocrx_word' id='word_1_398' title='bbox 1956 2485 2198 2542; x_wconf 83' lang='lat' dir='ltr'><strong>rebelles</strong></span> <span class='ocrx_word' id='word_1_399' title='bbox 2220 2486 2457 2559; x_wconf 88' lang='lat' dir='ltr'><strong>regibus</strong></span> <span class='ocrx_word' id='word_1_400' title='bbox 2478 2485 2652 2551; x_wconf 82' lang='lat' dir='ltr'><strong>cives;</strong></span> <span class='ocrx_word' id='word_1_401' title='bbox 2675 2490 2732 2540; x_wconf 88' lang='lat' dir='ltr'><strong>et</strong></span> <span class='ocrx_word' id='word_1_402' title='bbox 2752 2484 2903 2540; x_wconf 87' lang='lat' dir='ltr'><strong>filios</strong></span> <span class='ocrx_word' id='word_1_403' title='bbox 2925 2502 3052 2540; x_wconf 91' lang='lat' dir='ltr'><strong>esse</strong></span> <span class='ocrx_word' id='word_1_404' title='bbox 3073 2485 3342 2554; x_wconf 88' lang='lat' dir='ltr'><strong>scientes,</strong></span> <span class='ocrx_word' id='word_1_405' title='bbox 3368 2504 3482 2543; x_wconf 91' lang='lat' dir='ltr'><strong>non</strong></span> <span class='ocrx_word' id='word_1_406' title='bbox 3505 2505 3605 2544; x_wconf 88' lang='lat' dir='ltr'><strong>eos</strong></span> 
     </span>
    </p>
   </div>
   <div class='ocr_carea' id='block_1_56' title="bbox 1956 2573 3606 2647">
    <p class='ocr_par' dir='ltr' id='par_1_56' title="bbox 1956 2573 3606 2647">
     <span class='ocr_line' id='line_1_56' title="bbox 1956 2573 3606 2647; baseline 0.002 -18"><span class='ocrx_word' id='word_1_407' title='bbox 1956 2579 2022 2630; x_wconf 88' lang='lat' dir='ltr'><strong>ut</strong></span> <span class='ocrx_word' id='word_1_408' title='bbox 2054 2575 2405 2647; x_wconf 84' lang='lat' dir='ltr'><strong>punirentur</strong></span> <span class='ocrx_word' id='word_1_409' title='bbox 2428 2573 2828 2646; x_wconf 90' lang='lat' dir='ltr'><strong>prodiderunt,</strong></span> <span class='ocrx_word' id='word_1_410' title='bbox 2854 2574 2953 2628; x_wconf 92' lang='lat' dir='ltr'><strong>sed</strong></span> <span class='ocrx_word' id='word_1_411' title='bbox 2985 2589 3016 2628; x_wconf 92' lang='lat' dir='ltr'><strong>e</strong></span> <span class='ocrx_word' id='word_1_412' title='bbox 3047 2578 3248 2629; x_wconf 89' lang='lat' dir='ltr'><strong>contra</strong></span> <span class='ocrx_word' id='word_1_413' title='bbox 3274 2574 3490 2632; x_wconf 88' lang='lat' dir='ltr'><strong>missas</strong></span> <span class='ocrx_word' id='word_1_414' title='bbox 3520 2577 3606 2632; x_wconf 89' lang='lat' dir='ltr'><strong>eis</strong></span> 
     </span>
    </p>
   </div>
   <div class='ocr_carea' id='block_1_57' title="bbox 1957 2661 3604 2735">
    <p class='ocr_par' dir='ltr' id='par_1_57' title="bbox 1957 2661 3604 2735">
     <span class='ocr_line' id='line_1_57' title="bbox 1957 2661 3604 2735; baseline 0.002 -17"><span class='ocrx_word' id='word_1_415' title='bbox 1957 2663 2397 2731; x_wconf 66' lang='lat' dir='ltr'><strong>teceruntﬁlios</strong></span> <span class='ocrx_word' id='word_1_416' title='bbox 2417 2679 2616 2719; x_wconf 89' lang='lat' dir='ltr'><strong>eorum</strong></span> <span class='ocrx_word' id='word_1_417' title='bbox 2641 2661 3102 2734; x_wconf 88' lang='lat' dir='ltr'><strong>baptizaverunt,</strong></span> <span class='ocrx_word' id='word_1_418' title='bbox 3127 2663 3604 2735; x_wconf 82' lang='lat' dir='ltr'><strong>praedicaverunt,</strong></span> 
     </span>
    </p>
   </div>
   <div class='ocr_carea' id='block_1_58' title="bbox 1957 2748 3608 2823">
    <p class='ocr_par' dir='ltr' id='par_1_58' title="bbox 1957 2748 3608 2823">
     <span class='ocr_line' id='line_1_58' title="bbox 1957 2748 3608 2823; baseline 0.001 -16"><span class='ocrx_word' id='word_1_419' title='bbox 1957 2752 2445 2819; x_wconf 88' lang='lat' dir='ltr'><strong>chrismaverunt,</strong></span> <span class='ocrx_word' id='word_1_420' title='bbox 2478 2750 2877 2823; x_wconf 72' lang='lat' dir='ltr'><strong>paenitentiam</strong></span> <span class='ocrx_word' id='word_1_421' title='bbox 2920 2748 3315 2821; x_wconf 87' lang='lat' dir='ltr'><strong>indulserunt,</strong></span> <span class='ocrx_word' id='word_1_422' title='bbox 3350 2753 3608 2810; x_wconf 90' lang='lat' dir='ltr'><strong>reconci-</strong></span> 
     </span>
    </p>
   </div>
   <div class='ocr_carea' id='block_1_59' title="bbox 1956 2839 2444 2897">
    <p class='ocr_par' dir='ltr' id='par_1_59' title="bbox 1956 2839 2444 2897">
     <span class='ocr_line' id='line_1_59' title="bbox 1956 2839 2444 2897; baseline 0 -1"><span class='ocrx_word' id='word_1_423' title='bbox 1956 2840 2247 2897; x_wconf 87' lang='lat' dir='ltr'><strong>liaverunt</strong></span> <span class='ocrx_word' id='word_1_424' title='bbox 2261 2842 2290 2896; x_wconf 87' lang='lat'><strong>?</strong></span> <span class='ocrx_word' id='word_1_425' title='bbox 2441 2839 2444 2843; x_wconf 70' lang='grc'><em>’</em></span> 
     </span>
    </p>
   </div>
   <div class='ocr_carea' id='block_1_60' title="bbox 2028 2928 3605 3002">
    <p class='ocr_par' dir='ltr' id='par_1_60' title="bbox 2028 2928 3605 3002">
     <span class='ocr_line' id='line_1_60' title="bbox 2028 2928 3605 3002; baseline 0.001 -16"><span class='ocrx_word' id='word_1_426' title='bbox 2028 2932 2082 2986; x_wconf 87' lang='grc'><strong>8.</strong></span> <span class='ocrx_word' id='word_1_427' title='bbox 2115 2931 2225 2986; x_wconf 88' lang='lat' dir='ltr'><strong>Sed</strong></span> <span class='ocrx_word' id='word_1_428' title='bbox 2260 2930 2407 2985; x_wconf 86' lang='lat' dir='ltr'><strong>forte</strong></span> <span class='ocrx_word' id='word_1_429' title='bbox 2436 2929 2566 2984; x_wconf 94' lang='lat' dir='ltr'><strong>ideo</strong></span> <span class='ocrx_word' id='word_1_430' title='bbox 2596 2932 2658 2984; x_wconf 90' lang='lat' dir='ltr'><strong>tu</strong></span> <span class='ocrx_word' id='word_1_431' title='bbox 2693 2928 2802 2984; x_wconf 91' lang='lat' dir='ltr'><strong>hoc</strong></span> <span class='ocrx_word' id='word_1_432' title='bbox 2850 2933 3003 2984; x_wconf 91' lang='lat' dir='ltr'><strong>recte</strong></span> <span class='ocrx_word' id='word_1_433' title='bbox 3059 2933 3115 2985; x_wconf 90' lang='lat' dir='ltr'><strong>te</strong></span> <span class='ocrx_word' id='word_1_434' title='bbox 3173 2933 3348 3002; x_wconf 87' lang='lat' dir='ltr'><strong>putas</strong></span> <span class='ocrx_word' id='word_1_435' title='bbox 3394 2930 3605 3002; x_wconf 87' lang='lat' dir='ltr'><strong>dicere,</strong></span> 
     </span>
    </p>
   </div>
   <div class='ocr_carea' id='block_1_61' title="bbox 1960 3016 3608 3092">
    <p class='ocr_par' dir='ltr' id='par_1_61' title="bbox 1960 3016 3608 3092">
     <span class='ocr_line' id='line_1_61' title="bbox 1960 3016 3608 3092; baseline 0.003 -20"><span class='ocrx_word' id='word_1_436' title='bbox 1960 3018 2059 3091; x_wconf 91' lang='lat' dir='ltr'><strong>qui</strong></span> <span class='ocrx_word' id='word_1_437' title='bbox 2093 3019 2441 3074; x_wconf 90' lang='lat' dir='ltr'><strong>sententiam</strong></span> <span class='ocrx_word' id='word_1_438' title='bbox 2486 3017 2690 3073; x_wconf 88' lang='lat' dir='ltr'><strong>recolis</strong></span> <span class='ocrx_word' id='word_1_439' title='bbox 2720 3017 2951 3072; x_wconf 90' lang='lat' dir='ltr'><strong>Domini</strong></span> <span class='ocrx_word' id='word_1_440' title='bbox 3011 3016 3259 3074; x_wconf 89' lang='lat' dir='ltr'><strong>dicentis</strong></span> <span class='ocrx_word' id='word_1_441' title='bbox 3293 3035 3306 3074; x_wconf 90' lang='lat'>:</span> <span class='ocrx_word' id='word_1_442' title='bbox 3340 3019 3403 3075; x_wconf 88' lang='lat' dir='ltr'><strong>Si</strong></span> <span class='ocrx_word' id='word_1_443' title='bbox 3447 3020 3608 3092; x_wconf 73' lang='lat' dir='ltr'><strong>offers</strong></span> 
     </span>
    </p>
   </div>
   <div class='ocr_carea' id='block_1_62' title="bbox 1956 3106 3609 3180">
    <p class='ocr_par' dir='ltr' id='par_1_62' title="bbox 1956 3106 3609 3180">
     <span class='ocr_line' id='line_1_62' title="bbox 1956 3106 3609 3180; baseline 0.002 -18"><span class='ocrx_word' id='word_1_444' title='bbox 1956 3124 2159 3163; x_wconf 76' lang='lat' dir='ltr'><strong>munus</strong></span> <span class='ocrx_word' id='word_1_445' title='bbox 2188 3114 2343 3162; x_wconf 89' lang='lat' dir='ltr'><strong>tuum</strong></span> <span class='ocrx_word' id='word_1_446' title='bbox 2369 3107 2438 3162; x_wconf 87' lang='lat' dir='ltr'><strong>ad</strong></span> <span class='ocrx_word' id='word_1_447' title='bbox 2467 3108 2663 3172; x_wconf 85' lang='lat' dir='ltr'><strong>altare,</strong></span> <span class='ocrx_word' id='word_1_448' title='bbox 2707 3110 2815 3163; x_wconf 87' lang='lat' dir='ltr'><strong>etc.</strong></span> <span class='ocrx_word' id='word_1_449' title='bbox 2849 3106 3054 3178; x_wconf 80' lang='lat' dir='ltr'><strong>(Matth.</strong></span> <span class='ocrx_word' id='word_1_450' title='bbox 3087 3123 3142 3175; x_wconf 91' lang='lat' dir='ltr'><strong>v,</strong></span> <span class='ocrx_word' id='word_1_451' title='bbox 3175 3108 3305 3176; x_wconf 88' lang='lat'>23);</span> <span class='ocrx_word' id='word_1_452' title='bbox 3360 3112 3417 3164; x_wconf 90' lang='lat' dir='ltr'><strong>et</strong></span> <span class='ocrx_word' id='word_1_453' title='bbox 3469 3110 3609 3180; x_wconf 84' lang='lat' dir='ltr'><strong>quia</strong></span> 
     </span>
    </p>
   </div>
   <div class='ocr_carea' id='block_1_63' title="bbox 1960 3193 3607 3268">
    <p class='ocr_par' dir='ltr' id='par_1_63' title="bbox 1960 3193 3607 3268">
     <span class='ocr_line' id='line_1_63' title="bbox 1960 3193 3607 3268; baseline 0.001 -17"><span class='ocrx_word' id='word_1_454' title='bbox 1960 3196 2111 3251; x_wconf 89' lang='lat' dir='ltr'><strong>sicut</strong></span> <span class='ocrx_word' id='word_1_455' title='bbox 2140 3213 2254 3251; x_wconf 89' lang='lat' dir='ltr'><strong>non</strong></span> <span class='ocrx_word' id='word_1_456' title='bbox 2288 3194 2511 3268; x_wconf 84' lang='lat' dir='ltr'><strong>proﬁcit</strong></span> <span class='ocrx_word' id='word_1_457' title='bbox 2542 3194 2600 3249; x_wconf 91' lang='lat' dir='ltr'><strong>in</strong></span> <span class='ocrx_word' id='word_1_458' title='bbox 2627 3193 2865 3249; x_wconf 83' lang='lat' dir='ltr'><strong>vulnere</strong></span> <span class='ocrx_word' id='word_1_459' title='bbox 2896 3194 3477 3263; x_wconf 88' lang='lat' dir='ltr'><strong>medicamentum,si</strong></span> <span class='ocrx_word' id='word_1_460' title='bbox 3509 3199 3607 3253; x_wconf 89' lang='lat' dir='ltr'><strong>ad-</strong></span> 
     </span>
    </p>
   </div>
   <div class='ocr_carea' id='block_1_64' title="bbox 199 3274 3603 3362">
    <p class='ocr_par' dir='ltr' id='par_1_64' title="bbox 199 3274 3603 3362">
     <span class='ocr_line' id='line_1_64' title="bbox 199 3274 3603 3362; baseline -0.001 -19"><span class='ocrx_word' id='word_1_461' title='bbox 199 3301 374 3358; x_wconf 68' lang='lat' dir='ltr'><strong>smpe,</strong></span> <span class='ocrx_word' id='word_1_462' title='bbox 407 3283 644 3356; x_wconf 87' lang='lat' dir='ltr'><strong>aliquod</strong></span> <span class='ocrx_word' id='word_1_463' title='bbox 676 3283 733 3338; x_wconf 91' lang='lat' dir='ltr'><strong>in</strong></span> <span class='ocrx_word' id='word_1_464' title='bbox 766 3284 995 3340; x_wconf 87' lang='lat' dir='ltr'><strong>civitate</strong></span> <span class='ocrx_word' id='word_1_465' title='bbox 1032 3284 1367 3352; x_wconf 89' lang='lat' dir='ltr'><strong>dissidium,</strong></span> <span class='ocrx_word' id='word_1_466' title='bbox 1425 3291 1526 3343; x_wconf 82' lang='lat' dir='ltr'><strong>aut</strong></span> <span class='ocrx_word' id='word_1_467' title='bbox 1582 3307 1616 3344; x_wconf 87' lang='lat' dir='ltr'><strong>a</strong></span> <span class='ocrx_word' id='word_1_468' title='bbox 1673 3305 1849 3362; x_wconf 89' lang='lat' dir='ltr'><strong>regno</strong></span> <span class='ocrx_word' id='word_1_469' title='bbox 1879 3274 1922 3341; x_wconf 85' lang='lat' dir='ltr'><strong>C</strong></span> <span class='ocrx_word' id='word_1_470' title='bbox 1960 3283 2075 3340; x_wconf 89' lang='lat' dir='ltr'><strong>huc</strong></span> <span class='ocrx_word' id='word_1_471' title='bbox 2106 3285 2323 3340; x_wconf 83' lang='lat' dir='ltr'><strong>ferrum</strong></span> <span class='ocrx_word' id='word_1_472' title='bbox 2354 3284 2413 3339; x_wconf 93' lang='lat' dir='ltr'><strong>in</strong></span> <span class='ocrx_word' id='word_1_473' title='bbox 2446 3301 2512 3340; x_wconf 93' lang='lat' dir='ltr'><strong>eo</strong></span> <span class='ocrx_word' id='word_1_474' title='bbox 2544 3283 2656 3351; x_wconf 90' lang='lat' dir='ltr'><strong>sit;</strong></span> <span class='ocrx_word' id='word_1_475' title='bbox 2688 3283 2769 3338; x_wconf 87' lang='lat' dir='ltr'><strong>ita</strong></span> <span class='ocrx_word' id='word_1_476' title='bbox 2801 3300 2913 3339; x_wconf 91' lang='lat' dir='ltr'><strong>non</strong></span> <span class='ocrx_word' id='word_1_477' title='bbox 2963 3283 3196 3356; x_wconf 80' lang='lat' dir='ltr'><strong>proficit</strong></span> <span class='ocrx_word' id='word_1_478' title='bbox 3242 3285 3603 3357; x_wconf 66' lang='lat' dir='ltr'><strong>paenitentia,</strong></span> 
     </span>
    </p>
   </div>
   <div class='ocr_carea' id='block_1_65' title="bbox 199 3372 1852 3449">
    <p class='ocr_par' dir='ltr' id='par_1_65' title="bbox 199 3372 1852 3449">
     <span class='ocr_line' id='line_1_65' title="bbox 199 3372 1852 3449; baseline 0.002 -18"><span class='ocrx_word' id='word_1_479' title='bbox 199 3373 543 3438; x_wconf 83' lang='lat' dir='ltr'><strong>divortium,</strong></span> <span class='ocrx_word' id='word_1_480' title='bbox 599 3374 741 3427; x_wconf 84' lang='lat' dir='ltr'><strong>fiant</strong></span> <span class='ocrx_word' id='word_1_481' title='bbox 795 3372 959 3429; x_wconf 90' lang='lat' dir='ltr'><strong>nulla</strong></span> <span class='ocrx_word' id='word_1_482' title='bbox 1000 3373 1449 3432; x_wconf 87' lang='lat' dir='ltr'><strong>homicidiorum</strong></span> <span class='ocrx_word' id='word_1_483' title='bbox 1482 3378 1542 3449; x_wconf 83' lang='grc' dir='ltr'><strong>[ι.</strong></span> <span class='ocrx_word' id='word_1_484' title='bbox 1571 3379 1852 3434; x_wconf 86' lang='lat' dir='ltr'><strong>nonnulla</strong></span> 
     </span>
    </p>
   </div>
   <div class='ocr_carea' id='block_1_66' title="bbox 201 3462 1850 3531">
    <p class='ocr_par' dir='ltr' id='par_1_66' title="bbox 201 3462 1850 3531">
     <span class='ocr_line' id='line_1_66' title="bbox 201 3462 1850 3531; baseline 0.003 -12"><span class='ocrx_word' id='word_1_485' title='bbox 201 3462 562 3531; x_wconf 86' lang='lat' dir='ltr'><strong>homicidia],</strong></span> <span class='ocrx_word' id='word_1_486' title='bbox 591 3478 794 3519; x_wconf 88' lang='lat' dir='ltr'><strong>omnes</strong></span> <span class='ocrx_word' id='word_1_487' title='bbox 838 3462 1033 3519; x_wconf 89' lang='lat' dir='ltr'><strong>dicant</strong></span> <span class='ocrx_word' id='word_1_488' title='bbox 1088 3463 1492 3521; x_wconf 87' lang='lat' dir='ltr'><strong>machinatum</strong></span> <span class='ocrx_word' id='word_1_489' title='bbox 1547 3465 1605 3522; x_wconf 92' lang='lat' dir='ltr'><strong>id</strong></span> <span class='ocrx_word' id='word_1_490' title='bbox 1661 3471 1850 3525; x_wconf 85' lang='lat' dir='ltr'><strong>totum</strong></span> 
     </span>
    </p>
   </div>
   <div class='ocr_carea' id='block_1_67' title="bbox 203 3551 1850 3628">
    <p class='ocr_par' dir='ltr' id='par_1_67' title="bbox 203 3551 1850 3628">
     <span class='ocr_line' id='line_1_67' title="bbox 203 3551 1850 3628; baseline 0.004 -21"><span class='ocrx_word' id='word_1_491' title='bbox 203 3552 384 3608; x_wconf 81' lang='lat' dir='ltr'><strong>fuisse</strong></span> <span class='ocrx_word' id='word_1_492' title='bbox 414 3551 775 3624; x_wconf 89' lang='lat' dir='ltr'><strong>episcopum.</strong></span> <span class='ocrx_word' id='word_1_493' title='bbox 810 3552 1097 3608; x_wconf 87' lang='lat' dir='ltr'><strong>Censesne</strong></span> <span class='ocrx_word' id='word_1_494' title='bbox 1145 3569 1303 3623; x_wconf 92' lang='lat' dir='ltr'><strong>eum,</strong></span> <span class='ocrx_word' id='word_1_495' title='bbox 1352 3553 1515 3610; x_wconf 90' lang='lat' dir='ltr'><strong>nulla</strong></span> <span class='ocrx_word' id='word_1_496' title='bbox 1557 3562 1850 3628; x_wconf 73' lang='lat' dir='ltr'><strong>praeeunte</strong></span> 
     </span>
    </p>
   </div>
   <div class='ocr_carea' id='block_1_68' title="bbox 199 3639 1849 3714">
    <p class='ocr_par' dir='ltr' id='par_1_68' title="bbox 199 3639 1849 3714">
     <span class='ocr_line' id='line_1_68' title="bbox 199 3639 1849 3714; baseline 0.004 -18"><span class='ocrx_word' id='word_1_497' title='bbox 199 3640 481 3697; x_wconf 86' lang='lat' dir='ltr'><strong>canonica</strong></span> <span class='ocrx_word' id='word_1_498' title='bbox 535 3639 983 3708; x_wconf 83' lang='lat' dir='ltr'><strong>examinatione,</strong></span> <span class='ocrx_word' id='word_1_499' title='bbox 1031 3643 1120 3696; x_wconf 90' lang='lat' dir='ltr'><strong>vel</strong></span> <span class='ocrx_word' id='word_1_500' title='bbox 1185 3642 1419 3714; x_wconf 88' lang='lat' dir='ltr'><strong>propria</strong></span> <span class='ocrx_word' id='word_1_501' title='bbox 1464 3644 1849 3712; x_wconf 76' lang='lat' dir='ltr'><strong>confessione,</strong></span> 
     </span>
    </p>
   </div>
   <div class='ocr_carea' id='block_1_69' title="bbox 198 3730 1849 3807">
    <p class='ocr_par' dir='ltr' id='par_1_69' title="bbox 198 3730 1849 3807">
     <span class='ocr_line' id='line_1_69' title="bbox 198 3730 1849 3807; baseline 0.002 -20"><span class='ocrx_word' id='word_1_502' title='bbox 198 3731 631 3804; x_wconf 89' lang='lat' dir='ltr'><strong>deponendum;</strong></span> <span class='ocrx_word' id='word_1_503' title='bbox 657 3734 758 3786; x_wconf 89' lang='lat' dir='ltr'><strong>aut</strong></span> <span class='ocrx_word' id='word_1_504' title='bbox 777 3731 930 3802; x_wconf 85' lang='lat' dir='ltr'><strong>quod</strong></span> <span class='ocrx_word' id='word_1_505' title='bbox 956 3730 1458 3788; x_wconf 79' lang='lat' dir='ltr'><strong>inconvenientius</strong></span> <span class='ocrx_word' id='word_1_506' title='bbox 1481 3732 1849 3807; x_wconf 90' lang='lat' dir='ltr'><strong>multo,inju-</strong></span> 
     </span>
    </p>
   </div>
   <div class='ocr_carea' id='block_1_70' title="bbox 198 3818 1850 3893">
    <p class='ocr_par' dir='ltr' id='par_1_70' title="bbox 198 3818 1850 3893">
     <span class='ocr_line' id='line_1_70' title="bbox 198 3818 1850 3893; baseline 0.002 -17"><span class='ocrx_word' id='word_1_507' title='bbox 198 3820 475 3876; x_wconf 88' lang='lat' dir='ltr'><strong>riandum</strong></span> <span class='ocrx_word' id='word_1_508' title='bbox 498 3820 571 3876; x_wconf 90' lang='lat' dir='ltr'><strong>ob</strong></span> <span class='ocrx_word' id='word_1_509' title='bbox 593 3818 1034 3887; x_wconf 87' lang='lat' dir='ltr'><strong>clamorem,illo</strong></span> <span class='ocrx_word' id='word_1_510' title='bbox 1057 3820 1178 3876; x_wconf 87' lang='lat' dir='ltr'><strong>solo</strong></span> <span class='ocrx_word' id='word_1_511' title='bbox 1201 3825 1753 3893; x_wconf 85' lang='lat' dir='ltr'><strong>negante,cunctoru</strong></span> <span class='ocrx_word' id='word_1_512' title='bbox 1764 3823 1850 3880; x_wconf 80' lang='lat' dir='ltr'><strong>In?</strong></span> 
     </span>
    </p>
   </div>
   <div class='ocr_carea' id='block_1_71' title="bbox 199 3908 1851 3985">
    <p class='ocr_par' dir='ltr' id='par_1_71' title="bbox 199 3908 1851 3985">
     <span class='ocr_line' id='line_1_71' title="bbox 199 3908 1851 3985; baseline 0.001 -19"><span class='ocrx_word' id='word_1_513' title='bbox 199 3910 349 3977; x_wconf 85' lang='lat' dir='ltr'><strong>Quid</strong></span> <span class='ocrx_word' id='word_1_514' title='bbox 382 3908 562 3978; x_wconf 89' lang='lat' dir='ltr'><strong>enim,</strong></span> <span class='ocrx_word' id='word_1_515' title='bbox 595 3909 644 3964; x_wconf 91' lang='lat' dir='ltr'><strong>si</strong></span> <span class='ocrx_word' id='word_1_516' title='bbox 670 3908 778 3965; x_wconf 91' lang='lat' dir='ltr'><strong>erit</strong></span> <span class='ocrx_word' id='word_1_517' title='bbox 810 3910 880 3963; x_wconf 88' lang='lat' dir='ltr'><strong>ab</strong></span> <span class='ocrx_word' id='word_1_518' title='bbox 911 3908 1251 3981; x_wconf 87' lang='lat' dir='ltr'><strong>hujusmodi</strong></span> <span class='ocrx_word' id='word_1_519' title='bbox 1283 3909 1567 3967; x_wconf 90' lang='lat' dir='ltr'><strong>immunis</strong></span> <span class='ocrx_word' id='word_1_520' title='bbox 1593 3911 1851 3985; x_wconf 85' lang='lat' dir='ltr'><strong>ﬂagitio?</strong></span> 
     </span>
    </p>
   </div>
   <div class='ocr_carea' id='block_1_72' title="bbox 201 3998 1850 4073">
    <p class='ocr_par' dir='ltr' id='par_1_72' title="bbox 201 3998 1850 4073">
     <span class='ocr_line' id='line_1_72' title="bbox 201 3998 1850 4073; baseline 0.002 -18"><span class='ocrx_word' id='word_1_521' title='bbox 201 3999 349 4055; x_wconf 85' lang='lat' dir='ltr'><strong>Nam</strong></span> <span class='ocrx_word' id='word_1_522' title='bbox 378 4002 443 4055; x_wconf 91' lang='lat' dir='ltr'><strong>tu</strong></span> <span class='ocrx_word' id='word_1_523' title='bbox 473 3998 630 4054; x_wconf 91' lang='lat' dir='ltr'><strong>unde</strong></span> <span class='ocrx_word' id='word_1_524' title='bbox 663 4015 776 4054; x_wconf 91' lang='lat' dir='ltr'><strong>non</strong></span> <span class='ocrx_word' id='word_1_525' title='bbox 808 4014 936 4055; x_wconf 87' lang='lat' dir='ltr'><strong>esse</strong></span> <span class='ocrx_word' id='word_1_526' title='bbox 968 3998 1178 4072; x_wconf 79' lang='lat' dir='ltr'><strong>[supple</strong></span> <span class='ocrx_word' id='word_1_527' title='bbox 1207 3999 1554 4072; x_wconf 90' lang='lat' dir='ltr'><strong>immunem]</strong></span> <span class='ocrx_word' id='word_1_528' title='bbox 1580 4001 1850 4073; x_wconf 85' lang='lat' dir='ltr'><strong>conjicis?</strong></span> 
     </span>
    </p>
   </div>
   <div class='ocr_carea' id='block_1_73' title="bbox 201 4080 1847 4163">
    <p class='ocr_par' dir='ltr' id='par_1_73' title="bbox 201 4080 1847 4163">
     <span class='ocr_line' id='line_1_73' title="bbox 201 4080 1847 4163; baseline 0.002 -20"><span class='ocrx_word' id='word_1_529' title='bbox 201 4087 346 4153; x_wconf 86' lang='lat' dir='ltr'><strong>Quia</strong></span> <span class='ocrx_word' id='word_1_530' title='bbox 376 4104 510 4144; x_wconf 88' lang='lat' dir='ltr'><strong>cum</strong></span> <span class='ocrx_word' id='word_1_531' title='bbox 551 4080 1045 4155; x_wconf 83' lang='lat' dir='ltr'><strong>malefactoribus,</strong></span> <span class='ocrx_word' id='word_1_532' title='bbox 1100 4087 1298 4160; x_wconf 91' lang='lat' dir='ltr'><strong>inquis</strong></span> <span class='ocrx_word' id='word_1_533' title='bbox 1350 4088 1502 4144; x_wconf 90' lang='lat' dir='ltr'><strong>inter</strong></span> <span class='ocrx_word' id='word_1_534' title='bbox 1557 4092 1847 4163; x_wconf 88' lang='lat' dir='ltr'><strong>agendum</strong></span> 
     </span>
    </p>
   </div>
   <div class='ocr_carea' id='block_1_74' title="bbox 201 4175 1846 4250">
    <p class='ocr_par' dir='ltr' id='par_1_74' title="bbox 201 4175 1846 4250">
     <span class='ocr_line' id='line_1_74' title="bbox 201 4175 1846 4250; baseline 0.002 -17"><span class='ocrx_word' id='word_1_535' title='bbox 201 4180 603 4243; x_wconf 88' lang='lat' dir='ltr'><strong>conversatus,</strong></span> <span class='ocrx_word' id='word_1_536' title='bbox 636 4193 767 4232; x_wconf 89' lang='lat' dir='ltr'><strong>cum</strong></span> <span class='ocrx_word' id='word_1_537' title='bbox 820 4175 965 4249; x_wconf 90' lang='lat' dir='ltr'><strong>ipsis</strong></span> <span class='ocrx_word' id='word_1_538' title='bbox 1018 4180 1105 4233; x_wconf 90' lang='lat' dir='ltr'><strong>est</strong></span> <span class='ocrx_word' id='word_1_539' title='bbox 1159 4177 1654 4250; x_wconf 88' lang='lat' dir='ltr'><strong>comprehensus;</strong></span> <span class='ocrx_word' id='word_1_540' title='bbox 1688 4180 1846 4237; x_wconf 89' lang='lat' dir='ltr'><strong>vide-</strong></span> 
     </span>
    </p>
   </div>
   <div class='ocr_carea' id='block_1_75' title="bbox 198 4264 1847 4339">
    <p class='ocr_par' dir='ltr' id='par_1_75' title="bbox 198 4264 1847 4339">
     <span class='ocr_line' id='line_1_75' title="bbox 198 4264 1847 4339; baseline 0.001 -18"><span class='ocrx_word' id='word_1_541' title='bbox 198 4265 335 4322; x_wconf 87' lang='lat' dir='ltr'><strong>licet</strong></span> <span class='ocrx_word' id='word_1_542' title='bbox 363 4282 481 4322; x_wconf 89' lang='lat' dir='ltr'><strong>non</strong></span> <span class='ocrx_word' id='word_1_543' title='bbox 513 4264 655 4339; x_wconf 92' lang='lat' dir='ltr'><strong>quid</strong></span> <span class='ocrx_word' id='word_1_544' title='bbox 684 4264 953 4335; x_wconf 89' lang='lat' dir='ltr'><strong>senserit,</strong></span> <span class='ocrx_word' id='word_1_545' title='bbox 985 4264 1085 4321; x_wconf 90' lang='lat' dir='ltr'><strong>sed</strong></span> <span class='ocrx_word' id='word_1_546' title='bbox 1108 4264 1209 4319; x_wconf 90' lang='lat' dir='ltr'><strong>ubi</strong></span> <span class='ocrx_word' id='word_1_547' title='bbox 1244 4265 1435 4334; x_wconf 84' lang='lat' dir='ltr'><strong>fuerit,</strong></span> <span class='ocrx_word' id='word_1_548' title='bbox 1469 4266 1847 4339; x_wconf 89' lang='lat' dir='ltr'><strong>cogitandum</strong></span> 
     </span>
    </p>
   </div>
   <div class='ocr_carea' id='block_1_76' title="bbox 202 4354 1844 4429">
    <p class='ocr_par' dir='ltr' id='par_1_76' title="bbox 202 4354 1844 4429">
     <span class='ocr_line' id='line_1_76' title="bbox 202 4354 1844 4429; baseline 0.001 -18"><span class='ocrx_word' id='word_1_549' title='bbox 202 4371 331 4411; x_wconf 89' lang='lat' dir='ltr'><strong>esse</strong></span> <span class='ocrx_word' id='word_1_550' title='bbox 351 4354 651 4427; x_wconf 87' lang='lat' dir='ltr'><strong>judicans;</strong></span> <span class='ocrx_word' id='word_1_551' title='bbox 673 4367 807 4410; x_wconf 89' lang='lat' dir='ltr'><strong>cum</strong></span> <span class='ocrx_word' id='word_1_552' title='bbox 828 4358 1064 4410; x_wconf 87' lang='lat' dir='ltr'><strong>econtra</strong></span> <span class='ocrx_word' id='word_1_553' title='bbox 1076 4354 1391 4410; x_wconf 83' lang='lat' dir='ltr'><strong>Dominum</strong></span> <span class='ocrx_word' id='word_1_554' title='bbox 1416 4371 1527 4411; x_wconf 90' lang='lat' dir='ltr'><strong>non</strong></span> <span class='ocrx_word' id='word_1_555' title='bbox 1559 4356 1629 4412; x_wconf 90' lang='lat' dir='ltr'><strong>de</strong></span> <span class='ocrx_word' id='word_1_556' title='bbox 1651 4373 1844 4429; x_wconf 88' lang='lat' dir='ltr'><strong>opere,</strong></span> 
     </span>
    </p>
   </div>
   <div class='ocr_carea' id='block_1_77' title="bbox 202 4442 1846 4515">
    <p class='ocr_par' dir='ltr' id='par_1_77' title="bbox 202 4442 1846 4515">
     <span class='ocr_line' id='line_1_77' title="bbox 202 4442 1846 4515; baseline 0 -14"><span class='ocrx_word' id='word_1_557' title='bbox 202 4444 302 4501; x_wconf 86' lang='lat' dir='ltr'><strong>sed</strong></span> <span class='ocrx_word' id='word_1_558' title='bbox 324 4445 397 4500; x_wconf 90' lang='lat' dir='ltr'><strong>de</strong></span> <span class='ocrx_word' id='word_1_559' title='bbox 416 4443 741 4500; x_wconf 90' lang='lat' dir='ltr'><strong>intentione</strong></span> <span class='ocrx_word' id='word_1_560' title='bbox 763 4442 1393 4515; x_wconf 87' lang='lat' dir='ltr'><strong>noverimusjudicare.</strong></span> <span class='ocrx_word' id='word_1_561' title='bbox 1427 4444 1574 4510; x_wconf 89' lang='lat' dir='ltr'><strong>Quid</strong></span> <span class='ocrx_word' id='word_1_562' title='bbox 1609 4446 1765 4500; x_wconf 90' lang='lat' dir='ltr'><strong>enim</strong></span> <span class='ocrx_word' id='word_1_563' title='bbox 1797 4446 1846 4502; x_wconf 90' lang='lat' dir='ltr'><strong>si</strong></span> 
     </span>
    </p>
   </div>
   <div class='ocr_carea' id='block_1_78' title="bbox 200 4531 1842 4608">
    <p class='ocr_par' dir='ltr' id='par_1_78' title="bbox 200 4531 1842 4608">
     <span class='ocr_line' id='line_1_78' title="bbox 200 4531 1842 4608; baseline 0.001 -19"><span class='ocrx_word' id='word_1_564' title='bbox 200 4532 311 4589; x_wconf 90' lang='lat' dir='ltr'><strong>hoc</strong></span> <span class='ocrx_word' id='word_1_565' title='bbox 335 4532 509 4602; x_wconf 90' lang='lat' dir='ltr'><strong>bona,</strong></span> <span class='ocrx_word' id='word_1_566' title='bbox 542 4532 682 4604; x_wconf 90' lang='lat' dir='ltr'><strong>quia</strong></span> <span class='ocrx_word' id='word_1_567' title='bbox 704 4532 886 4605; x_wconf 87' lang='lat' dir='ltr'><strong>justa,</strong></span> <span class='ocrx_word' id='word_1_568' title='bbox 921 4533 1037 4605; x_wconf 89' lang='lat' dir='ltr'><strong>egit</strong></span> <span class='ocrx_word' id='word_1_569' title='bbox 1064 4531 1384 4588; x_wconf 83' lang='lat' dir='ltr'><strong>intentione</strong></span> <span class='ocrx_word' id='word_1_570' title='bbox 1403 4532 1603 4590; x_wconf 84' lang='lat' dir='ltr'><strong>?Verbi</strong></span> <span class='ocrx_word' id='word_1_571' title='bbox 1637 4534 1842 4608; x_wconf 87' lang='lat' dir='ltr'><strong>gratia,</strong></span> 
     </span>
    </p>
   </div>
   <div class='ocr_carea' id='block_1_79' title="bbox 1961 3372 3605 3446">
    <p class='ocr_par' dir='ltr' id='par_1_79' title="bbox 1961 3372 3605 3446">
     <span class='ocr_line' id='line_1_79' title="bbox 1961 3372 3605 3446; baseline -0.001 -16"><span class='ocrx_word' id='word_1_572' title='bbox 1961 3374 2331 3430; x_wconf 87' lang='lat' dir='ltr'><strong>discordante</strong></span> <span class='ocrx_word' id='word_1_573' title='bbox 2361 3372 2643 3446; x_wconf 82' lang='lat' dir='ltr'><strong>proximo,</strong></span> <span class='ocrx_word' id='word_1_574' title='bbox 2678 3377 2899 3445; x_wconf 87' lang='lat' dir='ltr'><strong>quanto</strong></span> <span class='ocrx_word' id='word_1_575' title='bbox 2945 3372 3135 3446; x_wconf 88' lang='lat' dir='ltr'><strong>magis</strong></span> <span class='ocrx_word' id='word_1_576' title='bbox 3182 3372 3447 3443; x_wconf 92' lang='lat' dir='ltr'><strong>Domino,</strong></span> <span class='ocrx_word' id='word_1_577' title='bbox 3482 3374 3605 3432; x_wconf 88' lang='lat' dir='ltr'><strong>ani-</strong></span> 
     </span>
    </p>
   </div>
   <div class='ocr_carea' id='block_1_80' title="bbox 1959 3460 3610 3537">
    <p class='ocr_par' dir='ltr' id='par_1_80' title="bbox 1959 3460 3610 3537">
     <span class='ocr_line' id='line_1_80' title="bbox 1959 3460 3610 3537; baseline 0 -18"><span class='ocrx_word' id='word_1_578' title='bbox 1959 3480 2123 3519; x_wconf 89' lang='lat' dir='ltr'><strong>mum</strong></span> <span class='ocrx_word' id='word_1_579' title='bbox 2149 3464 2295 3537; x_wconf 82' lang='lat'>(201)</span> <span class='ocrx_word' id='word_1_580' title='bbox 2316 3460 2587 3519; x_wconf 87' lang='lat' dir='ltr'><strong>habentis</strong></span> <span class='ocrx_word' id='word_1_581' title='bbox 2604 3461 2859 3534; x_wconf 83' lang='lat' dir='ltr'><strong>[subaudi</strong></span> <span class='ocrx_word' id='word_1_582' title='bbox 2880 3462 3252 3534; x_wconf 88' lang='lat' dir='ltr'><strong>discordem].</strong></span> <span class='ocrx_word' id='word_1_583' title='bbox 3278 3479 3411 3517; x_wconf 90' lang='lat' dir='ltr'><strong>cum</strong></span> <span class='ocrx_word' id='word_1_584' title='bbox 3444 3463 3610 3536; x_wconf 91' lang='lat' dir='ltr'><strong>prin-</strong></span> 
     </span>
    </p>
   </div>
   <div class='ocr_carea' id='block_1_81' title="bbox 1958 3551 3612 3625">
    <p class='ocr_par' dir='ltr' id='par_1_81' title="bbox 1958 3551 3612 3625">
     <span class='ocr_line' id='line_1_81' title="bbox 1958 3551 3612 3625; baseline 0 -16"><span class='ocrx_word' id='word_1_585' title='bbox 1958 3551 2163 3625; x_wconf 88' lang='lat' dir='ltr'><strong>cipalis</strong></span> <span class='ocrx_word' id='word_1_586' title='bbox 2196 3552 2424 3608; x_wconf 90' lang='lat' dir='ltr'><strong>Domini</strong></span> <span class='ocrx_word' id='word_1_587' title='bbox 2448 3551 2733 3606; x_wconf 87' lang='lat' dir='ltr'><strong>habeatur</strong></span> <span class='ocrx_word' id='word_1_588' title='bbox 2763 3551 3052 3607; x_wconf 87' lang='lat' dir='ltr'><strong>sententia</strong></span> <span class='ocrx_word' id='word_1_589' title='bbox 3082 3551 3359 3608; x_wconf 90' lang='lat' dir='ltr'><strong>dicentis:</strong></span> <span class='ocrx_word' id='word_1_590' title='bbox 3380 3555 3507 3609; x_wconf 77' lang='lat' dir='ltr'><strong>&quot;Nisi</strong></span> <span class='ocrx_word' id='word_1_591' title='bbox 3529 3569 3612 3609; x_wconf 82' lang='lat' dir='ltr'><strong>re-</strong></span> 
     </span>
    </p>
   </div>
   <div class='ocr_carea' id='block_1_82' title="bbox 1957 3641 3612 3712">
    <p class='ocr_par' dir='ltr' id='par_1_82' title="bbox 1957 3641 3612 3712">
     <span class='ocr_line' id='line_1_82' title="bbox 1957 3641 3612 3712; baseline 0 -15"><span class='ocrx_word' id='word_1_592' title='bbox 1957 3643 2222 3697; x_wconf 87' lang='lat' dir='ltr'><strong>miseritis</strong></span> <span class='ocrx_word' id='word_1_593' title='bbox 2251 3641 2564 3696; x_wconf 84' lang='lat' dir='ltr'><strong>hominibus</strong></span> <span class='ocrx_word' id='word_1_594' title='bbox 2588 3648 2809 3712; x_wconf 85' lang='lat' dir='ltr'><strong>peccata</strong></span> <span class='ocrx_word' id='word_1_595' title='bbox 2837 3657 3045 3708; x_wconf 90' lang='lat' dir='ltr'><strong>eorum,</strong></span> <span class='ocrx_word' id='word_1_596' title='bbox 3072 3656 3172 3695; x_wconf 88' lang='lat' dir='ltr'><strong>nec</strong></span> <span class='ocrx_word' id='word_1_597' title='bbox 3217 3641 3387 3696; x_wconf 79' lang='lat' dir='ltr'><strong>Pater</strong></span> <span class='ocrx_word' id='word_1_598' title='bbox 3439 3648 3612 3697; x_wconf 82' lang='lat' dir='ltr'><strong>vester</strong></span> 
     </span>
    </p>
   </div>
   <div class='ocr_carea' id='block_1_83' title="bbox 1957 3729 3608 3803">
    <p class='ocr_par' dir='ltr' id='par_1_83' title="bbox 1957 3729 3608 3803">
     <span class='ocr_line' id='line_1_83' title="bbox 1957 3729 3608 3803; baseline 0.001 -18"><span class='ocrx_word' id='word_1_599' title='bbox 1957 3732 2199 3786; x_wconf 80' lang='lat' dir='ltr'><strong>remittet</strong></span> <span class='ocrx_word' id='word_1_600' title='bbox 2228 3731 2377 3787; x_wconf 84' lang='lat' dir='ltr'><strong>vobis</strong></span> <span class='ocrx_word' id='word_1_601' title='bbox 2406 3734 2626 3802; x_wconf 85' lang='lat' dir='ltr'><strong>peccata</strong></span> <span class='ocrx_word' id='word_1_602' title='bbox 2684 3737 2860 3785; x_wconf 86' lang='lat' dir='ltr'><strong>vestra</strong></span> <span class='ocrx_word' id='word_1_603' title='bbox 2913 3729 3117 3803; x_wconf 85' lang='lat' dir='ltr'><strong>(Matth.</strong></span> <span class='ocrx_word' id='word_1_604' title='bbox 3158 3746 3319 3795; x_wconf 84' lang='lat' dir='ltr'><strong>xvm,</strong></span> <span class='ocrx_word' id='word_1_605' title='bbox 3351 3730 3460 3799; x_wconf 90' lang='lat'><strong>35).</strong></span> <span class='ocrx_word' id='word_1_606' title='bbox 3496 3730 3608 3786; x_wconf 89' lang='lat' dir='ltr'><strong>Sed</strong></span> 
     </span>
    </p>
   </div>
   <div class='ocr_carea' id='block_1_84' title="bbox 1959 3818 3609 3892">
    <p class='ocr_par' dir='ltr' id='par_1_84' title="bbox 1959 3818 3609 3892">
     <span class='ocr_line' id='line_1_84' title="bbox 1959 3818 3609 3892; baseline 0.002 -22"><span class='ocrx_word' id='word_1_607' title='bbox 1959 3818 2091 3891; x_wconf 87' lang='lat' dir='ltr'><strong>quis</strong></span> <span class='ocrx_word' id='word_1_608' title='bbox 2123 3819 2193 3874; x_wconf 85' lang='lat' dir='ltr'><strong>ad</strong></span> <span class='ocrx_word' id='word_1_609' title='bbox 2226 3819 2345 3874; x_wconf 59' lang='lat' dir='ltr'><strong>hac</strong></span> <span class='ocrx_word' id='word_1_610' title='bbox 2378 3818 2729 3892; x_wconf 75' lang='lat' dir='ltr'><strong>[subauditur</strong></span> <span class='ocrx_word' id='word_1_611' title='bbox 2759 3819 3182 3891; x_wconf 87' lang='lat' dir='ltr'><strong>cognoscenda]</strong></span> <span class='ocrx_word' id='word_1_612' title='bbox 3215 3818 3609 3885; x_wconf 89' lang='lat' dir='ltr'><strong>idoneus,nisi</strong></span> 
     </span>
    </p>
   </div>
   <div class='ocr_carea' id='block_1_85' title="bbox 1957 3906 3609 3980">
    <p class='ocr_par' dir='ltr' id='par_1_85' title="bbox 1957 3906 3609 3980">
     <span class='ocr_line' id='line_1_85' title="bbox 1957 3906 3609 3980; baseline 0 -16"><span class='ocrx_word' id='word_1_613' title='bbox 1957 3908 2117 3964; x_wconf 92' lang='lat' dir='ltr'><strong>solus</strong></span> <span class='ocrx_word' id='word_1_614' title='bbox 2147 3907 2244 3963; x_wconf 90' lang='lat' dir='ltr'><strong>ille</strong></span> <span class='ocrx_word' id='word_1_615' title='bbox 2276 3908 2373 3980; x_wconf 93' lang='lat' dir='ltr'><strong>qui</strong></span> <span class='ocrx_word' id='word_1_616' title='bbox 2409 3907 2607 3963; x_wconf 90' lang='lat' dir='ltr'><strong>omnia</strong></span> <span class='ocrx_word' id='word_1_617' title='bbox 2649 3906 2808 3963; x_wconf 93' lang='lat' dir='ltr'><strong>novit</strong></span> <span class='ocrx_word' id='word_1_618' title='bbox 2853 3906 3053 3963; x_wconf 82' lang='lat' dir='ltr'><strong>Deus?</strong></span> <span class='ocrx_word' id='word_1_619' title='bbox 3100 3907 3401 3972; x_wconf 89' lang='lat' dir='ltr'><strong>Quomodo</strong></span> <span class='ocrx_word' id='word_1_620' title='bbox 3451 3907 3609 3964; x_wconf 89' lang='lat' dir='ltr'><strong>enim</strong></span> 
     </span>
    </p>
   </div>
   <div class='ocr_carea' id='block_1_86' title="bbox 1957 3994 3607 4065">
    <p class='ocr_par' dir='ltr' id='par_1_86' title="bbox 1957 3994 3607 4065">
     <span class='ocr_line' id='line_1_86' title="bbox 1957 3994 3607 4065; baseline -0.001 -13"><span class='ocrx_word' id='word_1_621' title='bbox 1957 3997 2092 4065; x_wconf 91' lang='lat' dir='ltr'><strong>scis,</strong></span> <span class='ocrx_word' id='word_1_622' title='bbox 2114 4001 2314 4052; x_wconf 89' lang='lat' dir='ltr'><strong>utrum</strong></span> <span class='ocrx_word' id='word_1_623' title='bbox 2345 3996 2452 4052; x_wconf 90' lang='lat' dir='ltr'><strong>etsi</strong></span> <span class='ocrx_word' id='word_1_624' title='bbox 2483 3995 2809 4051; x_wconf 90' lang='lat' dir='ltr'><strong>discordem</strong></span> <span class='ocrx_word' id='word_1_625' title='bbox 2833 3999 3048 4061; x_wconf 88' lang='lat' dir='ltr'><strong>actum,</strong></span> <span class='ocrx_word' id='word_1_626' title='bbox 3065 3995 3409 4051; x_wconf 88' lang='lat' dir='ltr'><strong>concordem</strong></span> <span class='ocrx_word' id='word_1_627' title='bbox 3433 3994 3607 4051; x_wconf 88' lang='lat' dir='ltr'><strong>alicui</strong></span> 
     </span>
    </p>
   </div>
   <div class='ocr_carea' id='block_1_87' title="bbox 1957 4082 3605 4158">
    <p class='ocr_par' dir='ltr' id='par_1_87' title="bbox 1957 4082 3605 4158">
     <span class='ocr_line' id='line_1_87' title="bbox 1957 4082 3605 4158; baseline -0.002 -16"><span class='ocrx_word' id='word_1_628' title='bbox 1957 4087 2091 4158; x_wconf 90' lang='lat' dir='ltr'><strong>quis</strong></span> <span class='ocrx_word' id='word_1_629' title='bbox 2121 4087 2331 4142; x_wconf 88' lang='lat' dir='ltr'><strong>haheat</strong></span> <span class='ocrx_word' id='word_1_630' title='bbox 2360 4085 2623 4140; x_wconf 90' lang='lat' dir='ltr'><strong>animum</strong></span> <span class='ocrx_word' id='word_1_631' title='bbox 2646 4084 2674 4139; x_wconf 86' lang='lat'><strong>?</strong></span> <span class='ocrx_word' id='word_1_632' title='bbox 2703 4085 2826 4139; x_wconf 85' lang='lat' dir='ltr'><strong>Non</strong></span> <span class='ocrx_word' id='word_1_633' title='bbox 2858 4082 3050 4155; x_wconf 88' lang='lat' dir='ltr'><strong>legisti</strong></span> <span class='ocrx_word' id='word_1_634' title='bbox 3085 4099 3099 4137; x_wconf 90' lang='lat'><strong>:</strong></span> <span class='ocrx_word' id='word_1_635' title='bbox 3131 4083 3193 4137; x_wconf 88' lang='lat' dir='ltr'><strong>Si</strong></span> <span class='ocrx_word' id='word_1_636' title='bbox 3236 4084 3362 4153; x_wconf 80' lang='lat' dir='ltr'><strong>ﬁeri</strong></span> <span class='ocrx_word' id='word_1_637' title='bbox 3407 4086 3605 4155; x_wconf 81' lang='lat' dir='ltr'><strong>potest,</strong></span> 
     </span>
    </p>
   </div>
   <div class='ocr_carea' id='block_1_88' title="bbox 1955 4170 3606 4245">
    <p class='ocr_par' dir='ltr' id='par_1_88' title="bbox 1955 4170 3606 4245">
     <span class='ocr_line' id='line_1_88' title="bbox 1955 4170 3606 4245; baseline -0.002 -14"><span class='ocrx_word' id='word_1_638' title='bbox 1955 4192 2081 4231; x_wconf 87' lang='lat' dir='ltr'><strong>cum</strong></span> <span class='ocrx_word' id='word_1_639' title='bbox 2109 4176 2362 4231; x_wconf 86' lang='lat' dir='ltr'><strong>omnibus</strong></span> <span class='ocrx_word' id='word_1_640' title='bbox 2387 4174 2699 4228; x_wconf 85' lang='lat' dir='ltr'><strong>hominibus</strong></span> <span class='ocrx_word' id='word_1_641' title='bbox 2722 4189 2914 4245; x_wconf 87' lang='lat' dir='ltr'><strong>pacem</strong></span> <span class='ocrx_word' id='word_1_642' title='bbox 2942 4171 3197 4226; x_wconf 87' lang='lat' dir='ltr'><strong>habentes</strong></span> <span class='ocrx_word' id='word_1_643' title='bbox 3215 4174 3240 4223; x_wconf 70' lang='lat'><strong>.9</strong></span> <span class='ocrx_word' id='word_1_644' title='bbox 3286 4170 3458 4243; x_wconf 84' lang='lat' dir='ltr'><strong>(Rom.</strong></span> <span class='ocrx_word' id='word_1_645' title='bbox 3499 4187 3606 4240; x_wconf 83' lang='lat' dir='ltr'><strong>xu,</strong></span> 
     </span>
    </p>
   </div>
   <div class='ocr_carea' id='block_1_89' title="bbox 1958 4260 3606 4336">
    <p class='ocr_par' dir='ltr' id='par_1_89' title="bbox 1958 4260 3606 4336">
     <span class='ocr_line' id='line_1_89' title="bbox 1958 4260 3606 4336; baseline -0.002 -16"><span class='ocrx_word' id='word_1_646' title='bbox 1958 4266 2068 4336; x_wconf 88' lang='grc'>18.)</span> <span class='ocrx_word' id='word_1_647' title='bbox 2102 4265 2227 4320; x_wconf 90' lang='lat' dir='ltr'><strong>Non</strong></span> <span class='ocrx_word' id='word_1_648' title='bbox 2258 4261 2474 4318; x_wconf 89' lang='lat' dir='ltr'><strong>audisti</strong></span> <span class='ocrx_word' id='word_1_649' title='bbox 2511 4278 2523 4316; x_wconf 93' lang='lat'>:</span> <span class='ocrx_word' id='word_1_650' title='bbox 2559 4263 2878 4333; x_wconf 77' lang='lat' dir='ltr'><strong>Quicunque</strong></span> <span class='ocrx_word' id='word_1_651' title='bbox 2931 4260 3186 4327; x_wconf 85' lang='lat' dir='ltr'><strong>voluerit,</strong></span> <span class='ocrx_word' id='word_1_652' title='bbox 3236 4262 3446 4315; x_wconf 86' lang='lat' dir='ltr'><strong>amicus</strong></span> <span class='ocrx_word' id='word_1_653' title='bbox 3493 4276 3606 4316; x_wconf 86' lang='lat' dir='ltr'><strong>esse</strong></span> 
     </span>
    </p>
   </div>
   <div class='ocr_carea' id='block_1_90' title="bbox 1955 4349 3606 4424">
    <p class='ocr_par' dir='ltr' id='par_1_90' title="bbox 1955 4349 3606 4424">
     <span class='ocr_line' id='line_1_90' title="bbox 1955 4349 3606 4424; baseline -0.002 -17"><span class='ocrx_word' id='word_1_654' title='bbox 1955 4352 2149 4409; x_wconf 63' lang='lat' dir='ltr'><strong>saeculi</strong></span> <span class='ocrx_word' id='word_1_655' title='bbox 2177 4352 2359 4424; x_wconf 85' lang='lat' dir='ltr'><strong>hujus,</strong></span> <span class='ocrx_word' id='word_1_656' title='bbox 2393 4352 2653 4405; x_wconf 83' lang='lat' dir='ltr'><strong>inimicus</strong></span> <span class='ocrx_word' id='word_1_657' title='bbox 2681 4350 2780 4405; x_wconf 85' lang='lat' dir='ltr'><strong>Dei</strong></span> <span class='ocrx_word' id='word_1_658' title='bbox 2807 4350 3207 4404; x_wconf 82' lang='lat' dir='ltr'><strong>constituitur?</strong></span> <span class='ocrx_word' id='word_1_659' title='bbox 3244 4351 3388 4420; x_wconf 87' lang='lat' dir='ltr'><strong>(Jac.</strong></span> <span class='ocrx_word' id='word_1_660' title='bbox 3418 4365 3495 4417; x_wconf 88' lang='lat' dir='ltr'><strong>Iv,</strong></span> <span class='ocrx_word' id='word_1_661' title='bbox 3524 4349 3606 4419; x_wconf 84' lang='grc'><strong>4.)</strong></span> 
     </span>
    </p>
   </div>
   <div class='ocr_carea' id='block_1_91' title="bbox 1954 4437 3604 4509">
    <p class='ocr_par' dir='ltr' id='par_1_91' title="bbox 1954 4437 3604 4509">
     <span class='ocr_line' id='line_1_91' title="bbox 1954 4437 3604 4509; baseline -0.001 -13"><span class='ocrx_word' id='word_1_662' title='bbox 1954 4440 2154 4497; x_wconf 89' lang='lat' dir='ltr'><strong>Nescis</strong></span> <span class='ocrx_word' id='word_1_663' title='bbox 2180 4441 2402 4495; x_wconf 91' lang='lat' dir='ltr'><strong>dictum</strong></span> <span class='ocrx_word' id='word_1_664' title='bbox 2435 4455 2562 4495; x_wconf 90' lang='lat' dir='ltr'><strong>esse</strong></span> <span class='ocrx_word' id='word_1_665' title='bbox 2594 4455 2607 4494; x_wconf 91' lang='lat'>:</span> <span class='ocrx_word' id='word_1_666' title='bbox 2638 4439 2744 4508; x_wconf 86' lang='lat' dir='ltr'><strong>Qui</strong></span> <span class='ocrx_word' id='word_1_667' title='bbox 2772 4437 3032 4493; x_wconf 69' lang='lat' dir='ltr'><strong>dixerunt</strong></span> <span class='ocrx_word' id='word_1_668' title='bbox 3054 4438 3224 4509; x_wconf 84' lang='lat' dir='ltr'><strong>patri,</strong></span> <span class='ocrx_word' id='word_1_669' title='bbox 3279 4438 3363 4492; x_wconf 84' lang='lat' dir='ltr'><strong>vel</strong></span> <span class='ocrx_word' id='word_1_670' title='bbox 3410 4439 3604 4507; x_wconf 84' lang='lat' dir='ltr'><strong>matri,</strong></span> 
     </span>
    </p>
   </div>
   <div class='ocr_carea' id='block_1_92' title="bbox 1952 4527 3608 4594">
    <p class='ocr_par' dir='ltr' id='par_1_92' title="bbox 1952 4527 3608 4594">
     <span class='ocr_line' id='line_1_92' title="bbox 1952 4527 3608 4594; baseline -0.002 -10"><span class='ocrx_word' id='word_1_671' title='bbox 1952 4546 2064 4584; x_wconf 86' lang='lat' dir='ltr'><strong>non</strong></span> <span class='ocrx_word' id='word_1_672' title='bbox 2095 4530 2343 4583; x_wconf 82' lang='lat' dir='ltr'><strong>novimus</strong></span> <span class='ocrx_word' id='word_1_673' title='bbox 2372 4544 2480 4594; x_wconf 79' lang='lat' dir='ltr'><strong>vos,</strong></span> <span class='ocrx_word' id='word_1_674' title='bbox 2513 4528 2605 4582; x_wconf 88' lang='lat' dir='ltr'><strong>isti</strong></span> <span class='ocrx_word' id='word_1_675' title='bbox 2634 4527 3004 4583; x_wconf 81' lang='lat' dir='ltr'><strong>custodierunt</strong></span> <span class='ocrx_word' id='word_1_676' title='bbox 3024 4533 3403 4583; x_wconf 73' lang='lat' dir='ltr'><strong>testamentum</strong></span> <span class='ocrx_word' id='word_1_677' title='bbox 3424 4529 3608 4582; x_wconf 81' lang='lat' dir='ltr'><strong>tuum?</strong></span> 
     </span>
    </p>
   </div>
   <div class='ocr_carea' id='block_1_93' title="bbox 199 4615 3600 4712">
    <p class='ocr_par' dir='ltr' id='par_1_93' title="bbox 199 4615 3600 4712">
     <span class='ocr_line' id='line_1_93' title="bbox 199 4615 3600 4712; baseline -0.002 -34"><span class='ocrx_word' id='word_1_678' title='bbox 199 4621 376 4678; x_wconf 88' lang='lat' dir='ltr'><strong>veluti</strong></span> <span class='ocrx_word' id='word_1_679' title='bbox 428 4621 713 4679; x_wconf 89' lang='lat' dir='ltr'><strong>Jeremias</strong></span> <span class='ocrx_word' id='word_1_680' title='bbox 769 4621 1051 4695; x_wconf 87' lang='lat' dir='ltr'><strong>propheta</strong></span> <span class='ocrx_word' id='word_1_681' title='bbox 1106 4621 1204 4694; x_wconf 90' lang='lat' dir='ltr'><strong>qui</strong></span> <span class='ocrx_word' id='word_1_682' title='bbox 1255 4638 1358 4695; x_wconf 91' lang='lat' dir='ltr'><strong>per</strong></span> <span class='ocrx_word' id='word_1_683' title='bbox 1378 4622 1748 4712; x_wconf 18' lang='lat' dir='ltr'><strong>Acharitatem,</strong></span> <span class='ocrx_word' id='word_1_684' title='bbox 1782 4627 1849 4681; x_wconf 92' lang='lat' dir='ltr'><strong>ut</strong></span> <span class='ocrx_word' id='word_1_685' title='bbox 1875 4646 1923 4712; x_wconf 84' lang='lat' dir='ltr'><strong>D</strong></span> <span class='ocrx_word' id='word_1_686' title='bbox 1954 4619 2132 4712; x_wconf 72' lang='lat' dir='ltr'><strong>(Deut.</strong></span> <span class='ocrx_word' id='word_1_687' title='bbox 2171 4634 2375 4712; x_wconf 64' lang='lat' dir='ltr'><strong>xxxiii,</strong></span> <span class='ocrx_word' id='word_1_688' title='bbox 2427 4617 2509 4689; x_wconf 88' lang='lat'><strong>9.)</strong></span> <span class='ocrx_word' id='word_1_689' title='bbox 2565 4616 2691 4712; x_wconf 81' lang='lat' dir='ltr'><strong>Non</strong></span> <span class='ocrx_word' id='word_1_690' title='bbox 2750 4615 2986 4712; x_wconf 38' lang='lat' dir='ltr'><strong>recolis.</strong></span> <span class='ocrx_word' id='word_1_691' title='bbox 3015 4616 3237 4712; x_wconf 75' lang='lat' dir='ltr'><strong>dictum</strong></span> <span class='ocrx_word' id='word_1_692' title='bbox 3294 4615 3600 4712; x_wconf 78' lang='lat' dir='ltr'><strong>Josaphat,</strong></span> 
     </span>
    </p>
   </div>
   <div class='ocr_carea' id='block_1_94' title="bbox 203 4704 3609 4787">
    <p class='ocr_par' dir='ltr' id='par_1_94' title="bbox 203 4704 3609 4787">
     <span class='ocr_line' id='line_1_94' title="bbox 203 4704 3609 4787; baseline -0.002 -20"><span class='ocrx_word' id='word_1_693' title='bbox 203 4710 343 4768; x_wconf 90' lang='lat' dir='ltr'><strong>dicit</strong></span> <span class='ocrx_word' id='word_1_694' title='bbox 360 4711 571 4768; x_wconf 86' lang='lat' dir='ltr'><strong>beatus</strong></span> <span class='ocrx_word' id='word_1_695' title='bbox 583 4710 914 4784; x_wconf 87' lang='lat' dir='ltr'><strong>Gregorius,</strong></span> <span class='ocrx_word' id='word_1_696' title='bbox 943 4710 1085 4767; x_wconf 89' lang='lat' dir='ltr'><strong>dum</strong></span> <span class='ocrx_word' id='word_1_697' title='bbox 1107 4710 1256 4767; x_wconf 85' lang='lat' dir='ltr'><strong>cives</strong></span> <span class='ocrx_word' id='word_1_698' title='bbox 1279 4712 1351 4767; x_wconf 88' lang='lat' dir='ltr'><strong>ab</strong></span> <span class='ocrx_word' id='word_1_699' title='bbox 1373 4710 1640 4785; x_wconf 88' lang='lat' dir='ltr'><strong>ingressu</strong></span> <span class='ocrx_word' id='word_1_700' title='bbox 1670 4716 1845 4787; x_wconf 70' lang='lat' dir='ltr'><strong>Egy-</strong></span> <span class='ocrx_word' id='word_1_701' title='bbox 1875 4704 1917 4712; x_wconf 70' lang='grc'><strong>’⁷</strong></span> <span class='ocrx_word' id='word_1_702' title='bbox 1954 4706 2094 4762; x_wconf 90' lang='lat' dir='ltr'><strong>dum</strong></span> <span class='ocrx_word' id='word_1_703' title='bbox 2126 4704 2484 4778; x_wconf 87' lang='lat' dir='ltr'><strong>adjutorium</strong></span> <span class='ocrx_word' id='word_1_704' title='bbox 2515 4705 2795 4779; x_wconf 71' lang='lat' dir='ltr'><strong>prazberet</strong></span> <span class='ocrx_word' id='word_1_705' title='bbox 2812 4704 3008 4761; x_wconf 83' lang='lat' dir='ltr'><strong>Achab</strong></span> <span class='ocrx_word' id='word_1_706' title='bbox 3034 4722 3046 4761; x_wconf 80' lang='grc' dir='ltr'>ε</span> <span class='ocrx_word' id='word_1_707' title='bbox 3070 4706 3243 4778; x_wconf 81' lang='lat' dir='ltr'><strong>Impia</strong></span> <span class='ocrx_word' id='word_1_708' title='bbox 3269 4706 3484 4778; x_wconf 69' lang='lat' dir='ltr'><strong>prazbes</strong></span> <span class='ocrx_word' id='word_1_709' title='bbox 3510 4722 3609 4761; x_wconf 88' lang='lat' dir='ltr'><strong>au-</strong></span> 
     </span>
    </p>
   </div>
   <div class='ocr_carea' id='block_1_95' title="bbox 201 4799 1847 4875">
    <p class='ocr_par' dir='ltr' id='par_1_95' title="bbox 201 4799 1847 4875">
     <span class='ocr_line' id='line_1_95' title="bbox 201 4799 1847 4875; baseline 0.002 -19"><span class='ocrx_word' id='word_1_710' title='bbox 201 4801 282 4875; x_wconf 89' lang='lat' dir='ltr'><strong>pti</strong></span> <span class='ocrx_word' id='word_1_711' title='bbox 320 4818 459 4861; x_wconf 76' lang='lat' dir='ltr'><strong>non,</strong></span> <span class='ocrx_word' id='word_1_712' title='bbox 499 4800 691 4874; x_wconf 90' lang='lat' dir='ltr'><strong>potuit</strong></span> <span class='ocrx_word' id='word_1_713' title='bbox 743 4800 1030 4868; x_wconf 89' lang='lat' dir='ltr'><strong>cohibere,</strong></span> <span class='ocrx_word' id='word_1_714' title='bbox 1093 4799 1321 4856; x_wconf 88' lang='lat' dir='ltr'><strong>studuit</strong></span> <span class='ocrx_word' id='word_1_715' title='bbox 1377 4799 1516 4856; x_wconf 89' lang='lat' dir='ltr'><strong>illuc</strong></span> <span class='ocrx_word' id='word_1_716' title='bbox 1572 4803 1847 4860; x_wconf 74' lang='lat' dir='ltr'><strong>cum&#39;eis</strong></span> 
     </span>
    </p>
   </div>
   <div class='ocr_carea' id='block_1_96' title="bbox 200 4889 1847 4965">
    <p class='ocr_par' dir='ltr' id='par_1_96' title="bbox 200 4889 1847 4965">
     <span class='ocr_line' id='line_1_96' title="bbox 200 4889 1847 4965; baseline 0.001 -18"><span class='ocrx_word' id='word_1_717' title='bbox 200 4893 259 4948; x_wconf 89' lang='lat' dir='ltr'><strong>et</strong></span> <span class='ocrx_word' id='word_1_718' title='bbox 286 4891 413 4964; x_wconf 90' lang='lat' dir='ltr'><strong>ipse</strong></span> <span class='ocrx_word' id='word_1_719' title='bbox 443 4890 812 4947; x_wconf 89' lang='lat' dir='ltr'><strong>descendere.</strong></span> <span class='ocrx_word' id='word_1_720' title='bbox 847 4889 915 4945; x_wconf 87' lang='lat' dir='ltr'><strong>Et</strong></span> <span class='ocrx_word' id='word_1_721' title='bbox 952 4904 1152 4946; x_wconf 90' lang='lat' dir='ltr'><strong>revera</strong></span> <span class='ocrx_word' id='word_1_722' title='bbox 1207 4905 1383 4962; x_wconf 89' lang='lat' dir='ltr'><strong>quem</strong></span> <span class='ocrx_word' id='word_1_723' title='bbox 1441 4890 1847 4965; x_wconf 89' lang='lat' dir='ltr'><strong>episcoporum</strong></span> 
     </span>
    </p>
   </div>
   <div class='ocr_carea' id='block_1_97' title="bbox 272 5067 1847 5140">
    <p class='ocr_par' dir='ltr' id='par_1_97' title="bbox 272 5067 1847 5140">
     <span class='ocr_line' id='line_1_97' title="bbox 272 5067 1847 5140; baseline 0.002 -16"><span class='ocrx_word' id='word_1_724' title='bbox 272 5070 419 5140; x_wconf 87' lang='grc'>(198)</span> <span class='ocrx_word' id='word_1_725' title='bbox 448 5069 514 5125; x_wconf 91' lang='lat' dir='ltr'><strong>Id</strong></span> <span class='ocrx_word' id='word_1_726' title='bbox 546 5072 635 5125; x_wconf 89' lang='lat' dir='ltr'><strong>est</strong></span> <span class='ocrx_word' id='word_1_727' title='bbox 669 5086 681 5124; x_wconf 88' lang='lat'><strong>:</strong></span> <span class='ocrx_word' id='word_1_728' title='bbox 718 5067 778 5123; x_wconf 90' lang='lat' dir='ltr'><strong>Si</strong></span> <span class='ocrx_word' id='word_1_729' title='bbox 804 5074 856 5140; x_wconf 86' lang='lat' dir='ltr'><strong>et</strong></span> <span class='ocrx_word' id='word_1_730' title='bbox 883 5068 991 5140; x_wconf 82' lang='lat' dir='ltr'><strong>ﬁlii</strong></span> <span class='ocrx_word' id='word_1_731' title='bbox 1018 5067 1316 5139; x_wconf 82' lang='lat' dir='ltr'><strong>approbent</strong></span> <span class='ocrx_word' id='word_1_732' title='bbox 1346 5068 1538 5136; x_wconf 78' lang='lat' dir='ltr'><strong>scelus,</strong></span> <span class='ocrx_word' id='word_1_733' title='bbox 1563 5068 1847 5127; x_wconf 90' lang='lat' dir='ltr'><strong>nimirum</strong></span> 
     </span>
    </p>
   </div>
   <div class='ocr_carea' id='block_1_98' title="bbox 202 5138 1850 5212">
    <p class='ocr_par' dir='ltr' id='par_1_98' title="bbox 202 5138 1850 5212">
     <span class='ocr_line' id='line_1_98' title="bbox 202 5138 1850 5212; baseline 0 -14"><span class='ocrx_word' id='word_1_734' title='bbox 202 5141 251 5198; x_wconf 85' lang='lat' dir='ltr'><strong>si</strong></span> <span class='ocrx_word' id='word_1_735' title='bbox 281 5142 338 5197; x_wconf 89' lang='lat' dir='ltr'><strong>in</strong></span> <span class='ocrx_word' id='word_1_736' title='bbox 372 5138 578 5198; x_wconf 88' lang='lat' dir='ltr'><strong>eodem</strong></span> <span class='ocrx_word' id='word_1_737' title='bbox 600 5140 814 5197; x_wconf 88' lang='lat' dir='ltr'><strong>scelere</strong></span> <span class='ocrx_word' id='word_1_738' title='bbox 836 5138 1244 5212; x_wconf 63' lang='lat' dir='ltr'><strong>involvuntur,</strong></span> <span class='ocrx_word' id='word_1_739' title='bbox 1263 5156 1376 5212; x_wconf 93' lang='lat' dir='ltr'><strong>quo</strong></span> <span class='ocrx_word' id='word_1_740' title='bbox 1403 5144 1565 5212; x_wconf 84' lang='lat' dir='ltr'><strong>pater</strong></span> <span class='ocrx_word' id='word_1_741' title='bbox 1586 5141 1850 5198; x_wconf 71' lang='lat' dir='ltr'><strong>diffama-</strong></span> 
     </span>
    </p>
   </div>
   <div class='ocr_carea' id='block_1_99' title="bbox 202 5209 1846 5287">
    <p class='ocr_par' dir='ltr' id='par_1_99' title="bbox 202 5209 1846 5287">
     <span class='ocr_line' id='line_1_99' title="bbox 202 5209 1846 5287; baseline 0 -18"><span class='ocrx_word' id='word_1_742' title='bbox 202 5212 656 5287; x_wconf 84' lang='lat' dir='ltr'><strong>tur.Respondet</strong></span> <span class='ocrx_word' id='word_1_743' title='bbox 671 5217 866 5287; x_wconf 84' lang='lat' dir='ltr'><strong>autem</strong></span> <span class='ocrx_word' id='word_1_744' title='bbox 885 5210 1135 5287; x_wconf 76' lang='lat' dir='ltr'><strong>ﬁliorum</strong></span> <span class='ocrx_word' id='word_1_745' title='bbox 1155 5209 1846 5287; x_wconf 79' lang='lat' dir='ltr'><strong>culpam_aliunde,_qnam</strong></span> 
     </span>
    </p>
   </div>
   <div class='ocr_carea' id='block_1_100' title="bbox 202 5282 1849 5358">
    <p class='ocr_par' dir='ltr' id='par_1_100' title="bbox 202 5282 1849 5358">
     <span class='ocr_line' id='line_1_100' title="bbox 202 5282 1849 5358; baseline -0.001 -16"><span class='ocrx_word' id='word_1_746' title='bbox 202 5303 269 5342; x_wconf 85' lang='lat' dir='ltr'><strong>ex</strong></span> <span class='ocrx_word' id='word_1_747' title='bbox 298 5282 461 5358; x_wconf 77' lang='lat' dir='ltr'><strong>patre</strong></span> <span class='ocrx_word' id='word_1_748' title='bbox 492 5300 667 5358; x_wconf 85' lang='lat' dir='ltr'><strong>posse</strong></span> <span class='ocrx_word' id='word_1_749' title='bbox 681 5284 964 5358; x_wconf 88' lang='lat' dir='ltr'><strong>originem</strong></span> <span class='ocrx_word' id='word_1_750' title='bbox 989 5282 1222 5358; x_wconf 75' lang='lat' dir='ltr'><strong>ducere,</strong></span> <span class='ocrx_word' id='word_1_751' title='bbox 1234 5300 1368 5338; x_wconf 85' lang='lat' dir='ltr'><strong>cum</strong></span> <span class='ocrx_word' id='word_1_752' title='bbox 1389 5282 1499 5339; x_wconf 92' lang='lat' dir='ltr'><strong>hoc</strong></span> <span class='ocrx_word' id='word_1_753' title='bbox 1522 5282 1849 5358; x_wconf 79' lang='lat' dir='ltr'><strong>seminante</strong></span> 
     </span>
    </p>
   </div>
   <div class='ocr_carea' id='block_1_101' title="bbox 199 5354 1849 5437">
    <p class='ocr_par' dir='ltr' id='par_1_101' title="bbox 199 5354 1849 5437">
     <span class='ocr_line' id='line_1_101' title="bbox 199 5354 1849 5437; baseline -0.001 -24"><span class='ocrx_word' id='word_1_754' title='bbox 199 5354 373 5413; x_wconf 87' lang='lat' dir='ltr'><strong>verba</strong></span> <span class='ocrx_word' id='word_1_755' title='bbox 401 5354 714 5437; x_wconf 53' lang='lat' dir='ltr'><strong>doctrinae,</strong></span> <span class='ocrx_word' id='word_1_756' title='bbox 729 5354 889 5437; x_wconf 70' lang='lat' dir='ltr'><strong>alius</strong></span> <span class='ocrx_word' id='word_1_757' title='bbox 918 5354 1107 5437; x_wconf 75' lang='lat' dir='ltr'><strong>possit</strong></span> <span class='ocrx_word' id='word_1_758' title='bbox 1135 5354 1466 5437; x_wconf 77' lang='lat' dir='ltr'><strong>subrepere,</strong></span> <span class='ocrx_word' id='word_1_759' title='bbox 1496 5354 1596 5437; x_wconf 75' lang='lat' dir='ltr'><strong>qui</strong></span> <span class='ocrx_word' id='word_1_760' title='bbox 1630 5356 1849 5412; x_wconf 91' lang='lat' dir='ltr'><strong>inserat</strong></span> 
     </span>
    </p>
   </div>
   <div class='ocr_carea' id='block_1_102' title="bbox 203 5426 1845 5509">
    <p class='ocr_par' dir='ltr' id='par_1_102' title="bbox 203 5426 1845 5509">
     <span class='ocr_line' id='line_1_102' title="bbox 203 5426 1845 5509; baseline 0 -25"><span class='ocrx_word' id='word_1_761' title='bbox 203 5427 823 5509; x_wconf 67' lang='lat' dir='ltr'><strong>s_emen_luxurize.Mox</strong></span> <span class='ocrx_word' id='word_1_762' title='bbox 852 5426 1153 5509; x_wconf 75' lang='lat' dir='ltr'><strong>legebatur</strong></span> <span class='ocrx_word' id='word_1_763' title='bbox 1171 5427 1285 5509; x_wconf 80' lang='lat' dir='ltr'><strong>nisi</strong></span> <span class='ocrx_word' id='word_1_764' title='bbox 1316 5426 1622 5509; x_wconf 60' lang='lat' dir='ltr'><strong>ipsamullo</strong></span> <span class='ocrx_word' id='word_1_765' title='bbox 1646 5444 1845 5509; x_wconf 80' lang='lat' dir='ltr'><strong>sensu.</strong></span> 
     </span>
    </p>
   </div>
   <div class='ocr_carea' id='block_1_103' title="bbox 202 5499 1850 5572">
    <p class='ocr_par' dir='ltr' id='par_1_103' title="bbox 202 5499 1850 5572">
     <span class='ocr_line' id='line_1_103' title="bbox 202 5499 1850 5572; baseline -0.001 -16"><span class='ocrx_word' id='word_1_766' title='bbox 202 5500 568 5557; x_wconf 87' lang='lat' dir='ltr'><strong>Correximus</strong></span> <span class='ocrx_word' id='word_1_767' title='bbox 598 5501 714 5554; x_wconf 86' lang='lat' dir='ltr'><strong>nisi</strong></span> <span class='ocrx_word' id='word_1_768' title='bbox 740 5502 874 5572; x_wconf 78' lang='lat' dir='ltr'><strong>ipse,</strong></span> <span class='ocrx_word' id='word_1_769' title='bbox 906 5499 963 5572; x_wconf 88' lang='lat' dir='ltr'><strong>id</strong></span> <span class='ocrx_word' id='word_1_770' title='bbox 995 5501 1096 5572; x_wconf 77' lang='lat' dir='ltr'><strong>est</strong></span> <span class='ocrx_word' id='word_1_771' title='bbox 1114 5502 1297 5570; x_wconf 89' lang='lat' dir='ltr'><strong>pater.</strong></span> <span class='ocrx_word' id='word_1_772' title='bbox 1331 5499 1850 5572; x_wconf 75' lang='lat' dir='ltr'><strong>1tem_emendavi-</strong></span> 
     </span>
    </p>
   </div>
   <div class='ocr_carea' id='block_1_104' title="bbox 202 5569 1713 5646">
    <p class='ocr_par' dir='ltr' id='par_1_104' title="bbox 202 5569 1713 5646">
     <span class='ocr_line' id='line_1_104' title="bbox 202 5569 1713 5646; baseline -0.002 -17"><span class='ocrx_word' id='word_1_773' title='bbox 202 5573 669 5646; x_wconf 17' lang='lat' dir='ltr'><strong>musgsubrepere,</strong></span> <span class='ocrx_word' id='word_1_774' title='bbox 700 5569 798 5646; x_wconf 79' lang='lat' dir='ltr'><strong>ubi</strong></span> <span class='ocrx_word' id='word_1_775' title='bbox 829 5570 991 5646; x_wconf 79' lang='lat' dir='ltr'><strong>male</strong></span> <span class='ocrx_word' id='word_1_776' title='bbox 1008 5569 1231 5646; x_wconf 81' lang='lat' dir='ltr'><strong>editum</strong></span> <span class='ocrx_word' id='word_1_777' title='bbox 1262 5574 1386 5646; x_wconf 81' lang='lat' dir='ltr'><strong>erat</strong></span> <span class='ocrx_word' id='word_1_778' title='bbox 1412 5570 1713 5643; x_wconf 86' lang='lat' dir='ltr'><strong>subripere.</strong></span> 
     </span>
    </p>
   </div>
   <div class='ocr_carea' id='block_1_105' title="bbox 271 5639 1847 5726">
    <p class='ocr_par' dir='ltr' id='par_1_105' title="bbox 271 5639 1847 5726">
     <span class='ocr_line' id='line_1_105' title="bbox 271 5639 1847 5726; baseline 0 -27"><span class='ocrx_word' id='word_1_779' title='bbox 271 5645 418 5726; x_wconf 54' lang='lat'><strong>(1953)</strong></span> <span class='ocrx_word' id='word_1_780' title='bbox 452 5639 662 5726; x_wconf 59' lang='lat' dir='ltr'><strong>Errare</strong></span> <span class='ocrx_word' id='word_1_781' title='bbox 689 5641 1065 5726; x_wconf 76' lang='lat' dir='ltr'><strong>chonologicp</strong></span> <span class='ocrx_word' id='word_1_782' title='bbox 1099 5644 1298 5726; x_wconf 45' lang='lat' dir='ltr'><strong>auctonr</strong></span> <span class='ocrx_word' id='word_1_783' title='bbox 1318 5639 1538 5726; x_wconf 67' lang='lat' dir='ltr'><strong>lapsus</strong></span> <span class='ocrx_word' id='word_1_784' title='bbox 1552 5639 1665 5726; x_wconf 64' lang='lat' dir='ltr'><strong>est.</strong></span> <span class='ocrx_word' id='word_1_785' title='bbox 1690 5643 1847 5726; x_wconf 71' lang='lat' dir='ltr'><strong>Cum</strong></span> 
     </span>
    </p>
   </div>
   <div class='ocr_carea' id='block_1_106' title="bbox 206 5712 1845 5789">
    <p class='ocr_par' dir='ltr' id='par_1_106' title="bbox 206 5712 1845 5789">
     <span class='ocr_line' id='line_1_106' title="bbox 206 5712 1845 5789; baseline -0.001 -16"><span class='ocrx_word' id='word_1_786' title='bbox 206 5712 357 5774; x_wconf 84' lang='lat' dir='ltr'><strong>enim</strong></span> <span class='ocrx_word' id='word_1_787' title='bbox 376 5712 547 5774; x_wconf 84' lang='lat' dir='ltr'><strong>Italia</strong></span> <span class='ocrx_word' id='word_1_788' title='bbox 566 5732 601 5773; x_wconf 87' lang='lat' dir='ltr'><strong>a</strong></span> <span class='ocrx_word' id='word_1_789' title='bbox 616 5712 1012 5789; x_wconf 78' lang='lat' dir='ltr'><strong>Langobardis</strong></span> <span class='ocrx_word' id='word_1_790' title='bbox 1024 5712 1226 5770; x_wconf 86' lang='lat' dir='ltr'><strong>invasa</strong></span> <span class='ocrx_word' id='word_1_791' title='bbox 1251 5712 1502 5782; x_wconf 80' lang='lat' dir='ltr'><strong>fuit,non</strong></span> <span class='ocrx_word' id='word_1_792' title='bbox 1517 5714 1845 5783; x_wconf 87' lang='lat' dir='ltr'><strong>Mauritius,</strong></span> 
     </span>
    </p>
   </div>
   <div class='ocr_carea' id='block_1_107' title="bbox 1953 4794 3605 4868">
    <p class='ocr_par' dir='ltr' id='par_1_107' title="bbox 1953 4794 3605 4868">
     <span class='ocr_line' id='line_1_107' title="bbox 1953 4794 3605 4868; baseline -0.001 -17"><span class='ocrx_word' id='word_1_793' title='bbox 1953 4797 2179 4863; x_wconf 74' lang='lat' dir='ltr'><strong>acilium,</strong></span> <span class='ocrx_word' id='word_1_794' title='bbox 2214 4798 2265 4851; x_wconf 84' lang='lat' dir='ltr'><strong>et</strong></span> <span class='ocrx_word' id='word_1_795' title='bbox 2294 4794 2380 4850; x_wconf 88' lang='lat' dir='ltr'><strong>his</strong></span> <span class='ocrx_word' id='word_1_796' title='bbox 2406 4796 2506 4868; x_wconf 87' lang='lat' dir='ltr'><strong>qui</strong></span> <span class='ocrx_word' id='word_1_797' title='bbox 2531 4795 2763 4851; x_wconf 86' lang='lat' dir='ltr'><strong>oderunt</strong></span> <span class='ocrx_word' id='word_1_798' title='bbox 2792 4796 2963 4850; x_wconf 87' lang='lat' dir='ltr'><strong>Deum</strong></span> <span class='ocrx_word' id='word_1_799' title='bbox 3012 4796 3264 4850; x_wconf 85' lang='lat' dir='ltr'><strong>amicitia</strong></span> <span class='ocrx_word' id='word_1_800' title='bbox 3304 4795 3560 4866; x_wconf 84' lang='lat' dir='ltr'><strong>jungeris</strong></span> <span class='ocrx_word' id='word_1_801' title='bbox 3580 4798 3605 4848; x_wconf 71' lang='grc' dir='ltr'><strong><em>Ρ</em></strong></span> 
     </span>
    </p>
   </div>
   <div class='ocr_carea' id='block_1_108' title="bbox 1957 4882 3607 4957">
    <p class='ocr_par' dir='ltr' id='par_1_108' title="bbox 1957 4882 3607 4957">
     <span class='ocr_line' id='line_1_108' title="bbox 1957 4882 3607 4957; baseline -0.001 -16"><span class='ocrx_word' id='word_1_802' title='bbox 1957 4886 2028 4956; x_wconf 91' lang='lat' dir='ltr'><strong>(II</strong></span> <span class='ocrx_word' id='word_1_803' title='bbox 2055 4885 2388 4954; x_wconf 84' lang='lat' dir='ltr'><strong>Paral.x1x,</strong></span> <span class='ocrx_word' id='word_1_804' title='bbox 2434 4887 2514 4952; x_wconf 88' lang='lat'><strong>2.)</strong></span> <span class='ocrx_word' id='word_1_805' title='bbox 2572 4885 2640 4940; x_wconf 90' lang='lat' dir='ltr'><strong>Et</strong></span> <span class='ocrx_word' id='word_1_806' title='bbox 2696 4884 2962 4957; x_wconf 90' lang='lat' dir='ltr'><strong>psalmus</strong></span> <span class='ocrx_word' id='word_1_807' title='bbox 3018 4884 3125 4940; x_wconf 89' lang='lat' dir='ltr'><strong>tibi</strong></span> <span class='ocrx_word' id='word_1_808' title='bbox 3181 4900 3298 4940; x_wconf 91' lang='lat' dir='ltr'><strong>non</strong></span> <span class='ocrx_word' id='word_1_809' title='bbox 3354 4882 3607 4939; x_wconf 89' lang='lat' dir='ltr'><strong>occurrit</strong></span> 
     </span>
    </p>
   </div>
   <div class='ocr_carea' id='block_1_109' title="bbox 1957 5058 3603 5135">
    <p class='ocr_par' dir='ltr' id='par_1_109' title="bbox 1957 5058 3603 5135">
     <span class='ocr_line' id='line_1_109' title="bbox 1957 5058 3603 5135; baseline -0.004 -14"><span class='ocrx_word' id='word_1_810' title='bbox 1957 5065 2057 5121; x_wconf 90' lang='lat' dir='ltr'><strong>sed</strong></span> <span class='ocrx_word' id='word_1_811' title='bbox 2083 5064 2354 5121; x_wconf 88' lang='lat' dir='ltr'><strong>Justinus</strong></span> <span class='ocrx_word' id='word_1_812' title='bbox 2384 5064 2434 5119; x_wconf 91' lang='grc' dir='ltr'>ΙΙ</span> <span class='ocrx_word' id='word_1_813' title='bbox 2465 5063 2809 5135; x_wconf 89' lang='lat' dir='ltr'><strong>imperabat.</strong></span> <span class='ocrx_word' id='word_1_814' title='bbox 2838 5062 3057 5135; x_wconf 82' lang='lat' dir='ltr'><strong>Exinde</strong></span> <span class='ocrx_word' id='word_1_815' title='bbox 3085 5077 3218 5135; x_wconf 70' lang='lat' dir='ltr'><strong>vero</strong></span> <span class='ocrx_word' id='word_1_816' title='bbox 3260 5058 3464 5135; x_wconf 77' lang='lat' dir='ltr'><strong>lapsus</strong></span> <span class='ocrx_word' id='word_1_817' title='bbox 3514 5058 3603 5135; x_wconf 91' lang='lat' dir='ltr'><strong>_vi-</strong></span> 
     </span>
    </p>
   </div>
   <div class='ocr_carea' id='block_1_110' title="bbox 1958 5130 3604 5262">
    <p class='ocr_par' dir='ltr' id='par_1_110' title="bbox 1958 5130 3604 5262">
     <span class='ocr_line' id='line_1_110' title="bbox 1958 5130 3604 5262; baseline -0.002 -71"><span class='ocrx_word' id='word_1_818' title='bbox 1958 5138 2145 5204; x_wconf 87' lang='lat' dir='ltr'><strong>detur,</strong></span> <span class='ocrx_word' id='word_1_819' title='bbox 2181 5135 2317 5262; x_wconf 70' lang='lat' dir='ltr'><strong>quia</strong></span> <span class='ocrx_word' id='word_1_820' title='bbox 2346 5135 2404 5190; x_wconf 90' lang='lat' dir='ltr'><strong>S.</strong></span> <span class='ocrx_word' id='word_1_821' title='bbox 2438 5130 2695 5208; x_wconf 77' lang='lat' dir='ltr'><strong>Gregorii</strong></span> <span class='ocrx_word' id='word_1_822' title='bbox 2726 5133 3056 5205; x_wconf 81' lang='lat' dir='ltr'><strong>exemplum</strong></span> <span class='ocrx_word' id='word_1_823' title='bbox 3085 5130 3389 5197; x_wconf 78' lang='lat' dir='ltr'><strong>allaturus,</strong></span> <span class='ocrx_word' id='word_1_824' title='bbox 3422 5130 3604 5202; x_wconf 87' lang='lat' dir='ltr'><strong>hujus</strong></span> 
     </span>
     <span class='ocr_line' id='line_1_111' title="bbox 1958 5206 3138 5262; baseline -0.005 0"><span class='ocrx_word' id='word_1_825' title='bbox 1958 5212 2124 5262; x_wconf 66' lang='lat' dir='ltr'><strong>aetate</strong></span> <span class='ocrx_word' id='word_1_826' title='bbox 2156 5208 2186 5262; x_wconf 66' lang='lat' dir='ltr'><strong>lt</strong></span> <span class='ocrx_word' id='word_1_827' title='bbox 2216 5206 2493 5262; x_wconf 87' lang='lat' dir='ltr'><strong>auritium</strong></span> <span class='ocrx_word' id='word_1_828' title='bbox 2529 5207 2850 5262; x_wconf 77' lang='lat' dir='ltr'><strong>imperasse</strong></span> <span class='ocrx_word' id='word_1_829' title='bbox 2886 5209 3138 5260; x_wconf 87' lang='lat' dir='ltr'><strong>noverat.</strong></span> 
     </span>
    </p>
   </div>
   <div class='ocr_carea' id='block_1_111' title="bbox 1958 5206 3138 5277">
    <p class='ocr_par' dir='ltr' id='par_1_111' title="bbox 1958 5206 3138 5277">
     <span class='ocr_line' id='line_1_112' title="bbox 1958 5206 3138 5277; baseline -0.005 -14"><span class='ocrx_word' id='word_1_830' title='bbox 1958 5212 2124 5264; x_wconf 65' lang='lat' dir='ltr'><strong>aetate</strong></span> <span class='ocrx_word' id='word_1_831' title='bbox 2156 5206 2493 5262; x_wconf 88' lang='lat' dir='ltr'><strong>Mauritium</strong></span> <span class='ocrx_word' id='word_1_832' title='bbox 2529 5206 2850 5277; x_wconf 79' lang='lat' dir='ltr'><strong>imperasse</strong></span> <span class='ocrx_word' id='word_1_833' title='bbox 2886 5209 3138 5260; x_wconf 88' lang='lat' dir='ltr'><strong>noverat.</strong></span> 
     </span>
    </p>
   </div>
   <div class='ocr_carea' id='block_1_112' title="bbox 2031 5272 3601 5352">
    <p class='ocr_par' dir='ltr' id='par_1_112' title="bbox 2031 5272 3601 5352">
     <span class='ocr_line' id='line_1_113' title="bbox 2031 5272 3601 5352; baseline -0.003 -19"><span class='ocrx_word' id='word_1_834' title='bbox 2031 5279 2176 5352; x_wconf 81' lang='lat'>(200)</span> <span class='ocrx_word' id='word_1_835' title='bbox 2200 5278 2576 5352; x_wconf 63' lang='lat' dir='ltr'><strong>Langobardi</strong></span> <span class='ocrx_word' id='word_1_836' title='bbox 2610 5272 2930 5352; x_wconf 30' lang='lat' dir='ltr'><strong>nunquam-</strong></span> <span class='ocrx_word' id='word_1_837' title='bbox 2943 5275 3315 5352; x_wconf 77' lang='lat' dir='ltr'><strong>occuparunt</strong></span> <span class='ocrx_word' id='word_1_838' title='bbox 3331 5272 3601 5352; x_wconf 60' lang='lat' dir='ltr'><strong>Romam,</strong></span> 
     </span>
    </p>
   </div>
   <div class='ocr_carea' id='block_1_113' title="bbox 1959 5343 3605 5423">
    <p class='ocr_par' dir='ltr' id='par_1_113' title="bbox 1959 5343 3605 5423">
     <span class='ocr_line' id='line_1_114' title="bbox 1959 5343 3605 5423; baseline -0.004 -16"><span class='ocrx_word' id='word_1_839' title='bbox 1959 5343 2063 5407; x_wconf 77' lang='lat' dir='ltr'><strong>nec</strong></span> <span class='ocrx_word' id='word_1_840' title='bbox 2093 5343 2446 5423; x_wconf 48' lang='lat' dir='ltr'><strong>SfGregorii</strong></span> <span class='ocrx_word' id='word_1_841' title='bbox 2476 5353 2736 5421; x_wconf 90' lang='lat' dir='ltr'><strong>tempore</strong></span> <span class='ocrx_word' id='word_1_842' title='bbox 2752 5343 2887 5402; x_wconf 66' lang='lat' dir='ltr'><strong>ulla</strong></span> <span class='ocrx_word' id='word_1_843' title='bbox 2915 5346 2975 5401; x_wconf 92' lang='lat' dir='ltr'><strong>in</strong></span> <span class='ocrx_word' id='word_1_844' title='bbox 3007 5343 3135 5401; x_wconf 81' lang='lat' dir='ltr'><strong>eam</strong></span> <span class='ocrx_word' id='word_1_845' title='bbox 3192 5343 3451 5400; x_wconf 89' lang='lat' dir='ltr'><strong>hostium</strong></span> <span class='ocrx_word' id='word_1_846' title='bbox 3511 5344 3605 5407; x_wconf 86' lang='lat' dir='ltr'><strong>in-</strong></span> 
     </span>
    </p>
   </div>
   <div class='ocr_carea' id='block_1_114' title="bbox 1958 5421 2445 5492">
    <p class='ocr_par' dir='ltr' id='par_1_114' title="bbox 1958 5421 2445 5492">
     <span class='ocr_line' id='line_1_115' title="bbox 1958 5421 2445 5492; baseline -0.01 -13"><span class='ocrx_word' id='word_1_847' title='bbox 1958 5422 2151 5479; x_wconf 89' lang='lat' dir='ltr'><strong>cursio</strong></span> <span class='ocrx_word' id='word_1_848' title='bbox 2183 5421 2445 5492; x_wconf 78' lang='lat' dir='ltr'><strong>contigit.</strong></span> 
     </span>
    </p>
   </div>
   <div class='ocr_carea' id='block_1_115' title="bbox 2027 5487 3609 5564">
    <p class='ocr_par' dir='ltr' id='par_1_115' title="bbox 2027 5487 3609 5564">
     <span class='ocr_line' id='line_1_116' title="bbox 2027 5487 3609 5564; baseline -0.002 -15"><span class='ocrx_word' id='word_1_849' title='bbox 2027 5487 2483 5564; x_wconf 64' lang='lat' dir='ltr'><strong>(2(l1)C()nstriie</strong></span> <span class='ocrx_word' id='word_1_850' title='bbox 2516 5508 2529 5546; x_wconf 90' lang='lat'>:</span> <span class='ocrx_word' id='word_1_851' title='bbox 2563 5507 2673 5545; x_wconf 88' lang='lat' dir='ltr'><strong>non</strong></span> <span class='ocrx_word' id='word_1_852' title='bbox 2713 5489 2934 5564; x_wconf 69' lang='lat' dir='ltr'><strong>pro/itit</strong></span> <span class='ocrx_word' id='word_1_853' title='bbox 2980 5488 3305 5560; x_wconf 76' lang='lat' dir='ltr'><strong>paznitentia</strong></span> <span class='ocrx_word' id='word_1_854' title='bbox 3362 5487 3609 5564; x_wconf 80' lang='lat' dir='ltr'><strong>habentis</strong></span> 
     </span>
    </p>
   </div>
   <div class='ocr_carea' id='block_1_116' title="bbox 1957 5560 3610 5636">
    <p class='ocr_par' dir='ltr' id='par_1_116' title="bbox 1957 5560 3610 5636">
     <span class='ocr_line' id='line_1_117' title="bbox 1957 5560 3610 5636; baseline -0.001 -16"><span class='ocrx_word' id='word_1_855' title='bbox 1957 5560 2203 5621; x_wconf 78' lang='lat' dir='ltr'><strong>animum</strong></span> <span class='ocrx_word' id='word_1_856' title='bbox 2232 5562 2567 5624; x_wconf 83' lang='lat' dir='ltr'><strong>discordem;</strong></span> <span class='ocrx_word' id='word_1_857' title='bbox 2599 5560 2776 5633; x_wconf 78' lang='lat' dir='ltr'><strong>quam</strong></span> <span class='ocrx_word' id='word_1_858' title='bbox 2795 5560 3080 5636; x_wconf 88' lang='lat' dir='ltr'><strong>_ultimam</strong></span> <span class='ocrx_word' id='word_1_859' title='bbox 3106 5576 3306 5617; x_wconf 86' lang='lat' dir='ltr'><strong>vocem</strong></span> <span class='ocrx_word' id='word_1_860' title='bbox 3336 5562 3610 5636; x_wconf 87' lang='lat' dir='ltr'><strong>supplen-</strong></span> 
     </span>
    </p>
   </div>
   <div class='ocr_carea' id='block_1_117' title="bbox 1959 5632 3289 5706">
    <p class='ocr_par' dir='ltr' id='par_1_117' title="bbox 1959 5632 3289 5706">
     <span class='ocr_line' id='line_1_118' title="bbox 1959 5632 3289 5706; baseline -0.004 -13"><span class='ocrx_word' id='word_1_861' title='bbox 1959 5637 2095 5696; x_wconf 86' lang='lat' dir='ltr'><strong>dam</strong></span> <span class='ocrx_word' id='word_1_862' title='bbox 2125 5638 2430 5694; x_wconf 82' lang='lat' dir='ltr'><strong>contextus</strong></span> <span class='ocrx_word' id='word_1_863' title='bbox 2461 5637 2519 5690; x_wconf 88' lang='lat' dir='ltr'><strong>et</strong></span> <span class='ocrx_word' id='word_1_864' title='bbox 2542 5632 2848 5706; x_wconf 85' lang='lat' dir='ltr'><strong>scquentia</strong></span> <span class='ocrx_word' id='word_1_865' title='bbox 2880 5636 3213 5691; x_wconf 89' lang='lat' dir='ltr'><strong>suaserunt.</strong></span> <span class='ocrx_word' id='word_1_866' title='bbox 3282 5652 3289 5661; x_wconf 68' lang='grc' dir='ltr'><strong><em>ε</em></strong></span> 
     </span>
    </p>
   </div>
  </div>
