4054 6372
498 374 618 434 267

1422 360 1794 427 RATHERII
1840 360 2083 422 EPISC.
2138 354 2426 418 VERON.
2475 358 2646 419 OPP.
2693 355 2893 421 PARS
2938 356 2988 421 Ι.

3799 352 3920 419 268

501 521 690 561 eorum
728 502 898 576 (Psal.
933 518 1123 570 vauI,
1157 501 1270 572 28),
1298 501 1440 556 dum
1488 496 1708 555 scilicet
1754 493 2013 567 maligna
2050 508 2146 547 vo-
2178 489 2233 557 Α
2262 491 2309 559 (1
2335 491 2481 546 Petr.
2508 506 2569 561 II,
2593 491 2672 561 9),
2697 496 2754 548 et
2782 492 2935 548 Petri
2963 491 3399 561 testimonium,
3413 494 3471 548 et
3495 490 3680 548 millia
3710 508 3926 564 appro-

501 593 701 649 luntas
743 607 946 647 eorum
985 589 1414 662 nequissimum
1453 586 1714 660 pervenit
1743 584 1815 640 ad
1857 584 2154 649 effectum,

501 687 567 737 ut
594 697 707 737 non
728 682 934 736 intrent
958 681 1019 734 in
1038 680 1318 751 justitiam
1344 678 1458 744 Dei,
1482 676 1579 731 sed
1610 675 1896 730 deleantur
1922 672 1989 726 de
2019 671 2155 725 libro

502 772 825 837 viventium,
857 773 906 824 et
963 785 1087 825 cum
1127 768 1298 839 justis
1348 782 1457 820 non
1509 765 1822 820 scribantur
1851 760 2007 834 (Ibid.
2041 759 2152 832 29).

504 860 766 931 Paupere
792 862 849 914 et
878 857 1104 913 dolente
1134 873 1167 911 a
1195 854 1383 911 salute
1405 852 1504 909 Dei
1530 854 1820 924 suscepto,
1844 854 1910 905 ut
1938 846 2159 921 magni-

504 949 637 1003 ficet
668 964 803 1003 eum
834 946 895 1001 in
924 945 1113 1011 laude,
1137 948 1192 999 et
1220 943 1421 999 laudet
1450 958 1660 997 nomen
1693 940 1821 1010 ejus
1852 939 1911 994 in
1936 936 2158 993 cantico

508 1036 665 1110 (Ibid.
697 1034 808 1103 34).
844 1032 1004 1089 Unde
1034 1048 1190 1104 ergo,
1225 1033 1289 1086 ut
1331 1030 1473 1100 dixi,
1506 1029 1608 1085 Dei
1641 1029 1789 1084 iram
1820 1028 2155 1099 provocant,

507 1124 620 1181 nisi
653 1124 803 1178 unde
823 1122 939 1178 Deo
964 1120 1233 1193 quamvis
1262 1118 1656 1176 secretissimo
1677 1116 1902 1173 consilii
1926 1115 2017 1171 sui
2044 1114 2160 1170 disc

506 1211 693 1285 posito
725 1211 1116 1283 permittente,
1140 1208 1336 1264 locum
1385 1207 1754 1279 accipientes,
1785 1205 1985 1261 omnia
2032 1220 2159 1277 quas

506 1303 612 1370 ira,
637 1297 1050 1372 cupiditas,ch
1072 1296 1348 1369 superbia
1373 1312 1575 1351 eorum
1597 1295 1797 1361 dictat,
1820 1296 2021 1366 agunt,
2057 1308 2161 1348 nec

507 1389 907 1465 permittentis
931 1386 1227 1458 justitiam
1258 1390 1544 1451 verentes,
1573 1401 1677 1439 nec
1708 1382 1983 1455 pietatem
2016 1398 2161 1453 pen-

509 1482 731 1547 santes,
752 1493 858 1532 nec
887 1474 1204 1546 ancipitem
1235 1473 1334 1529 Dei
1382 1471 1642 1545 gladium
1691 1474 2033 1536 metuentes,
2057 1485 2163 1524 nec

510 1569 844 1638 respectum
876 1580 1053 1636 super
1100 1562 1471 1618 afﬂictioncm
1518 1560 1868 1617 miserorum
1899 1558 2162 1614 conside-

512 1660 732 1721 rantes,
756 1657 1051 1727 postremo
1075 1667 1145 1706 ne
1167 1650 1251 1706 vel
1282 1650 1497 1706 suimet
1526 1648 1989 1706 consideratione
2020 1646 2164 1703 alio-

513 1761 646 1800 rum
681 1741 935 1799 miseriis
978 1738 1371 1807 condolentes,
1397 1755 1585 1811 neque
1634 1737 1953 1810 prophetici
2006 1735 2164 1791 illius

512 1830 852 1903 improperii
907 1828 1500 1899 reminiscentes,quo
1533 1827 1641 1883 sub
1673 1842 1924 1899 persona
1971 1824 2162 1897 impiae
2195 1860 2241 1925 B

515 1918 825 1994 Babylonis
883 1917 1100 1974 talibus
1158 1917 1441 1973 Dominus
1499 1916 1833 1987 exprobrat,
1896 1914 2096 1970 dicens
2148 1930 2162 1968 :

514 2011 694 2067 Iratus
721 2025 845 2065 sum
872 2023 1036 2079 super
1061 2007 1324 2078 pepulum
1356 2021 1570 2067 meum;
1599 2005 1968 2060 contaminari
1995 2005 2164 2057 haere-

513 2098 736 2154 ditatem
764 2112 961 2165 meam,
994 2100 1042 2151 et
1072 2094 1196 2150 dedi
1225 2110 1310 2150 eos
1354 2096 1411 2148 in
1442 2110 1610 2148 manu
1640 2098 1768 2155 tua;
1800 2110 1907 2149 non
1932 2094 2167 2164 posuisti

511 2189 592 2244 eis
620 2184 1044 2252 misericordias,
1076 2187 1125 2240 ct
1156 2183 1437 2239 recordata
1486 2199 1539 2239 es
1588 2184 1873 2238 nouissimi
1900 2183 1986 2236 tui
2013 2181 2162 2251 (Isai.

512 2293 683 2344 XLVII,
697 2275 773 2348 6);
792 2272 1247 2344 terribiliterque
1268 2277 1401 2345 post
1422 2270 1724 2344 aliquanta
1742 2269 2161 2326 concludentis:

520 2366 721 2433 Veniet,
744 2362 1038 2435 inquiens,
1063 2377 1227 2433 super
1256 2365 1307 2415 te
1335 2362 1564 2426 malum,
1598 2364 1648 2414 et
1679 2361 1883 2415 nescies
1906 2360 2054 2415 121
2082 2374 2167 2413 or-

514 2458 634 2510 tum
661 2454 808 2525 ejus;
839 2455 889 2506 et
917 2452 1094 2505 irruet
1130 2465 1295 2521 super
1322 2454 1374 2505 te
1401 2450 1711 2516 calamitas,
1742 2465 1908 2520 quam
1936 2464 2045 2504 non
2066 2463 2167 2519 po-

516 2544 647 2600 teris
669 2542 913 2613 expiare.
952 2541 1134 2597 Veniet
1180 2554 1346 2609 super
1392 2542 1444 2593 te
1497 2539 1740 2604 miseria,
1774 2554 1940 2609 quam
1993 2538 2167 2592 nescis

517 2632 668 2701 (Isai.
701 2646 874 2696 XLVII,
904 2629 980 2696 6),
1015 2631 1355 2699 cinteraque,
1403 2626 1618 2697 quibus
1675 2626 1891 2696 nescio,
1944 2632 2168 2697 utrum,

518 2719 663 2792 quid
696 2716 1013 2774 terribilius
1044 2718 1219 2789 queat
1246 2714 1539 2781 inveniri?

592 2807 678 2864 19.
703 2806 865 2872 Quod
897 2804 966 2873 si,
991 2809 1057 2860 ut
1103 2804 1175 2860 ad
1226 2803 1403 2859 David
1457 2804 1783 2871 redeamus,
1834 2820 2012 2859 more.
2048 2844 2062 2858 .
2099 2844 2113 2859 .
2149 2845 2164 2860 .

518 2894 905 2954 usitatissimo
949 2892 1310 2965 respondens
1339 2893 1755 2965 [reSpondeas],
1782 2909 2004 2965 magnae
2036 2893 2168 2966 qui-

518 2988 650 3043 dem
681 2981 970 3058 patientiae
1025 2980 1168 3038 illud
1230 2980 1558 3054 exemplum
1622 2981 1880 3053 [subaudi
1908 2981 2167 3054 Davidis]

519 3076 723 3145 fuisse,
757 3074 857 3130 sed
905 3072 1077 3128 hodie
1124 3071 1239 3127 ista
1288 3087 1402 3126 non
1453 3075 1812 3144 competere;
1847 3071 2165 3144 respondeo

518 3165 657 3238 quia
686 3162 874 3237 magis
906 3161 1076 3217 hodie
1106 3159 1384 3233 competit
1420 3158 1558 3216 talia
1597 3177 1774 3233 quam
1806 3164 1945 3215 tunc
1979 3178 1993 3216 :
2025 3164 2165 3216 tunc

2263 579 2407 635 bant
2453 580 2945 637 testimoniorum.
2989 582 3153 646 Quod
3203 582 3485 653 denique
3515 580 3922 637 testimonium

2264 667 2377 724 alio
2408 669 2692 726 festinans
2741 686 2957 743 ponere
3005 686 3121 725 non
3170 670 3740 743 proposueram,sed
3783 670 3926 744 quia

2265 774 2328 813 se
2349 758 2501 813 ultro
2523 759 2756 827 obtulit,
2782 758 2957 830 abjici
2979 759 3315 816 nullomodo
3338 759 3565 831 potuit:
3591 760 3795 815 forsan
3819 776 3925 816 nec

2267 845 2465 901 minus
2497 846 2641 903 alias
2670 847 2761 903 sui
2793 848 3230 920 opportunitate
3259 846 3497 904 valebit.
3872 838 3883 843 ⁷

2335 938 2424 989 20.
2456 934 2673 990 Verum
2716 939 2905 1006 potest
2950 934 3098 1004 ﬁeri,
3134 939 3197 990 ut
3226 952 3328 1007 per
3370 938 3559 990 totum
3593 934 3675 989 ita
3703 951 3767 991 se
3798 951 3928 991 rem

2268 1040 2383 1079 non
2414 1023 2648 1091 habere,
2678 1028 2740 1078 ut
2763 1023 2909 1079 dicis
2933 1022 3320 1091 inveniamus,
3350 1023 3400 1080 si
3428 1022 3928 1080 ventilemus‘dis-

2268 1111 2500 1169 cussius
2531 1112 2695 1185 (222).
2721 1112 2936 1169 Videor
2965 1113 3123 1168 enim
3170 1112 3318 1168 mihi
3349 1112 3567 1186 optime
3595 1112 3929 1187 intelligere

2268 1200 2409 1273 quid
2429 1202 2809 1257 desiderares.
2828 1202 3028 1274 Lupus
3044 1201 3199 1258 enim
3216 1219 3349 1257 cum
3368 1201 3450 1257 sis
3465 1202 3610 1274 ipse,
3627 1207 3929 1274 pastorem

2269 1288 2543 1345 timidum
2571 1307 2895 1363 canemque
2920 1296 3152 1346 mutum
3178 1291 3354 1347 velles
3382 1291 3662 1348 invenire.
3687 1292 3760 1347 Et
3790 1308 3929 1347 cum

2270 1377 2532 1435 Ecclesia:
2565 1379 2647 1434 sis
2679 1379 2951 1451 publicus
2997 1381 3213 1452 praedo,
3240 1381 3728 1437 contradictorem
3762 1380 3928 1437 inve-

2271 1468 2384 1524 niri
2415 1466 2591 1524 velles
2627 1467 2875 1524 nullum.
2909 1470 3039 1538 Sed,
3074 1487 3106 1524 o
3137 1468 3528 1542 importabilis
3559 1472 3827 1526 sarcina!
3875 1474 3934 1525 et

2272 1558 2371 1613 ubi
2403 1557 2514 1613 erit
2546 1576 2559 1613 :
2591 1559 2708 1613 Non
2736 1560 2914 1614 solum
2955 1561 3052 1630 qui
3085 1560 3320 1631 faciunt,
3353 1559 3445 1614 sed
3475 1560 3643 1615 etiam
3672 1562 3773 1631 qui
3799 1576 3930 1615 con-

2270 1652 2514 1703 sentiunt
2557 1649 2905 1718 facientibus,
2937 1648 3094 1719 digni
3120 1658 3249 1704 sunt
3285 1652 3498 1704 morte?
3527 1649 3700 1721 (Rom.
3736 1666 3779 1716 I,
3813 1651 3933 1718 32.)

2278 1736 2381 1792 Ubi
2410 1736 2562 1807 quod
2597 1736 2738 1792 dicit
2769 1737 2903 1792 alibi
2936 1737 3090 1793 idem
3123 1754 3134 1794 :
3171 1739 3488 1810 Quicunque
3518 1738 3756 1794 voluerit
3785 1740 3933 1793 ami-

2271 1843 2363 1881 cus
2417 1827 2607 1881 saeculi
2656 1826 2819 1897 hujus
2878 1842 3013 1894 esse,
3074 1828 3333 1883 inimicus
3384 1828 3484 1882 Dei
3532 1828 3937 1883 constituitur?

2275 1916 2415 1986 (Jac.
2446 1932 2520 1980 Iv,
2554 1915 2630 1985 4.)
2656 1914 2761 1970 Ubi
2795 1913 2936 1970 illud
2984 1914 3304 1971 Psalmista:
3329 1932 3342 1971 :
3370 1914 3432 1971 Si
3472 1915 3690 1971 videbas
3718 1918 3936 1987 furem,

2273 2003 2528 2058 currebas
2559 2020 2683 2058 cum
2711 2019 2770 2059 eo
2802 2004 2969 2075 (Psal.
2998 2021 3148 2071 xmx,
3175 2004 3283 2075 19),
3309 2004 3363 2059 id
3388 2008 3494 2072 est,
3520 2004 3940 2062 consentiebas

2275 2091 2366 2147 ei?
2392 2096 2547 2157 Hinc,
2577 2092 2731 2148 122
2762 2096 2827 2146 ut
2855 2092 3080 2164 opinor,
3117 2108 3295 2149 causa
3342 2092 3451 2148 fuit
3493 2094 3757 2160 dissidii;
3812 2094 3939 2150 haec

2277 2186 2435 2247 nota,
2460 2181 2615 2253 quod
2650 2180 2888 2253 ingeris,
2926 2180 3218 2249 criminis;
3253 2182 3409 2253 quod
3441 2180 3710 2238 videlicet
3742 2189 3803 2239 tu
3841 2200 3942 2240 res

2275 2286 2479 2325 omnes
2509 2267 2742 2325 volebas
2768 2274 2962 2325 tenere
2990 2268 3274 2338 Ecclesiae,
3298 2287 3431 2326 eum
3453 2287 3586 2326 vero
3609 2274 3758 2343 (223)
3782 2289 3944 2327 mera

2276 2358 2575 2415 cenarium
2620 2356 2865 2424 tui,non
2914 2362 3207 2430 pastorem
3264 2360 3459 2432 gregis
3516 2376 3643 2417 esse
3673 2360 3939 2429 Christi;

2275 2447 2500 2520 hocque
2531 2446 2641 2503 sibi
2673 2447 2981 2519 displicere
3012 2447 3206 2520 aliquo
3237 2449 3547 2505 resistendi
3582 2450 3944 2506 monstravit

2274 2553 2504 2609 genere,
2534 2553 2729 2609 regem
2761 2541 2815 2591 te
2847 2536 2973 2608 ipsa
3001 2536 3351 2610 etymologia
3393 2554 3612 2610 pensus
3644 2539 3743 2594 ubi
3777 2544 3942 2595 recte

2276 2642 2498 2698 ageres,
2545 2625 2732 2681 furem
2785 2625 2882 2680 ubi
2935 2625 3307 2699 sacrilegium
3358 2634 3723 2699 perpetrares
3755 2629 3936 2701 (224).

2274 2714 2557 2770 Caeterum
2588 2714 2877 2786 quidquid
2909 2714 3125 2770 factum
3169 2714 3265 2782 sit,
3299 2714 3586 2788 quidquid
3617 2733 3937 2790 perperam

2275 2802 2581 2877 contigerit
2603 2803 2706 2874 (ita
2734 2802 2891 2857 enim
2923 2819 3116 2859 sermo
3146 2808 3236 2860 est
3260 2804 3540 2878 agendus,
3570 2823 3676 2862 ceu
3703 2807 3935 2864 factum

2275 2892 2453 2949 fuerit
2480 2897 2536 2948 et
2566 2891 2893 2964 contigerit)
2917 2893 3072 2965 quod
3098 2909 3169 2948 ne
3197 2894 3299 2948 ﬁat
3325 2897 3382 2949 et
3411 2896 3731 2968 contingat,
3753 2896 3938 2953 inter-

2274 2981 2464 3037 dicere
2494 2980 2658 3036 labor
2684 2980 2778 3036 hic
2800 2985 2997 3037 noster
3012 2981 3310 3038 contendit
3336 2999 3349 3038 :
3376 2983 3784 3055 nunquidnam
3810 3003 3935 3042 non

2275 3070 2478 3126 debuit
2506 3074 2707 3125 auctor
2735 3070 2868 3125 facti
2895 3068 3119 3142 judicio
3150 3087 3442 3127 canonum
3473 3072 3636 3144 prius
3667 3073 3936 3146 legitime

2275 3158 2613 3226 examinari,
2636 3162 2693 3214 et
2718 3157 2768 3213 si
2796 3157 3058 3231 legaliter
3083 3158 3292 3217 fuisset
3310 3161 3628 3228 convictus,
3658 3161 3783 3235 ipse
3809 3180 3935 3219 sua:

517 3223 674 3311 enim
697 3223 857 3326 juste
887 3250 1101 3307 licebat
1138 3249 1363 3316 ulcisci,
1389 3249 1560 3305 modo
1606 3266 1713 3305 nec
1762 3248 1931 3305 irasci
1957 3249 2162 3321 (Matth.
2196 3223 2238 3291 α
2278 3247 2672 3304 damnationis
2713 3249 2900 3316 testis,
2925 3248 3108 3318 judex
3156 3254 3214 3305 et
3260 3266 3465 3306 censor
3510 3250 3775 3322 effectus,
3810 3269 3934 3307 non

518 3361 574 3409 v,
602 3346 715 3408 22).
741 3341 879 3407 Hoc,
914 3339 1109 3411 inquis
1145 3337 1314 3410 (221),
1340 3337 1468 3392 ideo
1517 3338 1657 3408 quia
1702 3337 1978 3394 dominus
2024 3356 2170 3396 suus

524 3431 734 3497 fuerat,
787 3428 924 3501 egit.
956 3427 1066 3493 Tu,
1099 3426 1366 3498 inquam,
1397 3425 1527 3481 ideo
1578 3425 1716 3497 quia
1761 3431 1963 3498 pastor
2008 3431 2167 3496 tuus,

521 3518 806 3591 propheta
834 3521 993 3581 tuus,
1026 3513 1269 3587 angelus
1297 3520 1457 3580 tuus,
1475 3514 1656 3584 judex
1679 3519 1836 3579 tuus,
1857 3515 2011 3571 Deus
2031 3521 2170 3575 tuus

522 3607 736 3673 fuerat,
758 3602 1194 3660 convcnientius
1214 3603 1471 3659 fecisses.
1494 3602 1709 3659 Verum
1740 3603 1791 3659 si
1820 3603 1997 3660 altius
2028 3605 2168 3677 quid

516 3696 577 3751 in
610 3691 952 3765 hujusmodi
1006 3692 1153 3749 facto
1191 3690 1333 3747 velis
1381 3690 1603 3761 rimari,
1628 3691 1776 3748 scias
1814 3692 1986 3749 David
2019 3699 2074 3749 te
2106 3693 2165 3749 in

515 3784 629 3840 isto
660 3783 912 3849 turbato,
940 3785 1005 3837 ut
1033 3780 1200 3849 dicis,
1232 3797 1407 3853 regno
1440 3780 1716 3851 injuriam
1746 3786 1909 3837 tuam
1941 3783 2163 3856 signifi-

514 3887 706 3939 casse;
729 3869 866 3926 Saul
889 3886 1019 3925 vero
1042 3873 1285 3924 unctum
1318 3867 1580 3941 quidem,
1605 3869 1706 3925 sed
1722 3869 1871 3940 justi
1896 3887 2162 3942 persecu-

507 3966 715 4030 torem,
748 3958 1195 4032 prcepositorum
1232 3957 1287 4012 in
1302 3956 1578 4023 Ecclesia,
1603 3958 1704 4014 sed
1738 3958 2160 4032 negligentium

507 4050 793 4108 ordinem.
814 4047 952 4105 Saul
997 4048 1194 4119 itaque
1222 4051 1434 4120 purgat
1478 4052 1737 4103 ventrem
1769 4049 1818 4120 (Ι
1844 4050 1973 4118 Reg.
2006 4067 2160 4119 xx1x,

505 4141 579 4209 4),
612 4156 747 4195 cum
780 4137 1027 4210 quilibet
1055 4154 1257 4194 eorum
1289 4138 1361 4193 de
1391 4154 1453 4193 se
1485 4135 1637 4193 male
1685 4136 1977 4209 opinionis
2006 4138 2161 4196 elicit

507 4229 768 4285 fetorem.
794 4226 959 4282 Dolet
982 4226 1158 4281 David
1189 4242 1251 4282 se
1273 4241 1435 4282 oram
1460 4224 1786 4299 chlamydis
1807 4228 1935 4298 ejus
1967 4228 2160 4283 absci-

506 4316 667 4372 disse
692 4315 873 4382 (Ibid.,
895 4315 1132 4387 6),quia
1158 4313 1327 4370 valde
1361 4314 1741 4370 metuendum
1791 4319 1881 4371 est
1922 4316 2163 4373 cuilibet

510 4446 524 4460 .
562 4447 574 4459 .
611 4446 625 4459 .
663 4446 674 4459 .
714 4445 726 4458 .
764 4445 776 4457 .
807 4402 1037 4457 etiamsi
1070 4403 1146 4457 sit
1176 4407 1231 4458 et
1258 4403 1384 4474 ipse
1413 4408 1622 4459 unctus
1653 4407 1717 4458 ut
1744 4403 1945 4472 David,
1979 4404 2066 4462 vel
2100 4407 2158 4461 in

508 4497 767 4547 extrema
797 4489 1017 4546 actione
1059 4489 1478 4562 reprehendere
1526 4491 1845 4563 quemlibet
1893 4493 2157 4551 Hebrmo-

2269 3339 2395 3410 jam
2426 3338 2805 3393 damnaretur
2834 3342 2899 3392 ut
2941 3338 3269 3410 episcopus,
3303 3339 3403 3394 sed
3434 3356 3523 3407 eo,
3555 3338 3600 3395 si
3638 3339 3718 3395 ita
3745 3356 3812 3395 se
3840 3340 3937 3396 lex

2277 3426 2536 3494 haberet,
2561 3426 2846 3499 deposito,
2867 3429 2923 3481 et
2945 3425 3057 3482 alio
3080 3426 3347 3483 Ecclesiae
3369 3428 3710 3496 substituto,
3732 3434 3791 3484 et
3819 3430 3937 3487 iste

2277 3533 2499 3589 pinnas,
2533 3516 2582 3571 si
2614 3514 2810 3582 velles,
2831 3516 2988 3587 juste
3021 3514 3206 3571 lueret
3234 3533 3337 3588 pro
3360 3517 3696 3585 commisso,
3720 3522 3778 3574 et
3805 3524 3933 3575 tam

2277 3602 2743 3662 sacratissimum
2763 3603 3155 3659 ministerium
3175 3621 3289 3661 non
3303 3604 3614 3661 violaretur
3628 3605 3685 3660 in
3705 3606 3928 3679 aliquo,

2274 3698 2331 3751 et
2360 3694 2615 3763 Ecclesia
2641 3698 2825 3749 mater
2856 3710 2957 3765 per
2982 3698 3099 3748 tam
3122 3693 3383 3750 diuturni
3408 3695 3689 3767 temporis
3711 3697 3928 3769 spatia,

2273 3787 2395 3839 tam
2427 3783 2611 3839 nimia
2646 3781 3043 3855 deperditione
3093 3799 3334 3839 suorum
3369 3782 3623 3839 ﬁliorum
3672 3802 3788 3840 non
3822 3802 3929 3841 su-

2274 3872 2516 3928 stineret
2546 3870 2923 3944 pra'judicia?
2953 3870 3061 3927 Ubi
3092 3871 3247 3926 enim
3278 3873 3449 3941 (225),
3480 3888 3629 3943 quos
3661 3890 3776 3928 uno
3810 3873 3932 3929 sal-

2271 3962 2387 4014 tem
2407 3956 2664 4032 paschali
2688 3961 2947 4029 tempore
2967 3958 3171 4014 eadem
3192 3957 3395 4015 debuit
3414 3975 3634 4031 parere,
3652 3959 3777 4030 filii,
3796 3961 3932 4034 ipsa

2269 4046 2465 4115 vidua,
2500 4051 2565 4102 ut
2605 4046 2686 4101 ita
2720 4046 2931 4113 dicam,
2983 4046 3111 4103 sine
3158 4048 3450 4103 consortio
3498 4054 3782 4121 tanquam
3816 4050 3926 4105 viri

2270 4135 2549 4192 existente
2573 4140 2758 4191 matre
2770 4135 2798 4190 ?
2815 4135 2877 4190 1n
2896 4135 3092 4191 animo
3109 4136 3333 4192 excedit
3348 4136 3602 4193 dictum:
3624 4139 3765 4207 Quos
3780 4140 3928 4195 Deus

2268 4226 2579 4298 conjuncit,
2610 4225 2767 4280 homo
2795 4242 2905 4281 non
2937 4229 3147 4296 s3paret
3196 4225 3401 4297 (Matth.
3443 4242 3556 4293 χιχ,
3582 4227 3667 4298 6);
3702 4244 3840 4282 cum
3870 4232 3931 4285 et

2268 4314 2327 4369 in
2380 4312 2774 4386 primordialis
2813 4315 2960 4385 (226)
3004 4313 3357 4387 virginitatis
3414 4316 3929 4374 commendatione

2269 4402 2442 4476 primi
2474 4401 2730 4457 hominis
2764 4403 3129 4475 prophetiam
3163 4419 3458 4476 exponens
3488 4405 3802 4477 Apostolus
3834 4407 3928 4462 di-

2268 4497 2358 4548 cat
2391 4508 2404 4547 :
2438 4491 2872 4558 Sacramentum,
2906 4492 3201 4565 inquiens,
3234 4495 3332 4549 hoc
3372 4511 3628 4566 magnum
3677 4500 3755 4551 est
3786 4514 3806 4551 :
3830 4513 3927 4569 ego

510 4596 663 4661 rum.
721 4578 933 4650 Regale
995 4582 1189 4634 autem
1251 4582 1515 4633 nostrum
1577 4595 1706 4634 esse
1772 4584 2157 4639 sacerdotium
2190 4592 2238 4658 D
2268 4591 2451 4637 autem
2483 4580 2600 4636 dico
2634 4582 2694 4635 in
2736 4580 2948 4636 Christo
2994 4586 3044 4637 et
3092 4584 3151 4636 in
3199 4583 3440 4637 Ecclesia
3470 4582 3685 4655 (Ephes.
3717 4601 3774 4652 v,
3805 4586 3922 4659 32).

584 4700 731 4784 (221)
760 4700 1047 4784 Copstrup
1077 4706 1133 4756 et
1150 4701 1419 4784 explica:
1446 4704 1568 4784 Iloc,
1602 4705 1806 4784 inquis,
1835 4707 1952 4765 ideo
1984 4708 2158 4764 David

510 4771 639 4846 egit,
673 4771 969 4846 qui_a_Saul
1001 4771 1263 4846 Dominus
1289 4790 1421 4828 suus
1449 4776 1649 4846 fuerat.

583 4845 731 4919 (222)
763 4843 824 4919 I_d
854 4848 956 4919 est
972 4844 1247 4919 exactius,
1284 4862 1385 4919 seu
1419 4843 1768 4919 diligentiori
1802 4851 2086 4907 examine.

588 4914 739 4989 (223)
771 4915 833 4970 In
865 4914 1117 4987 vulgatis
1158 4918 1492 4989 perturbato
1529 4914 1747 4987 vsensu,
1776 4924 1833 4975 et
1888 4924 2164 4979 mendose

510 4986 636 5045 cum
668 4986 789 5043 vero
826 4992 906 5043 tu.
940 4986 1098 5054 Eum,
1132 4986 1358 5061 scilicet
1378 4986 1758 5061 episcopum,
1794 5008 1891 5046 rex
1940 4994 2164 5049 volebat

515 5076 643 5117 esse
664 5077 779 5115 non
803 5064 1096 5132 pastorem
1117 5059 1310 5132 gregis
1333 5059 1565 5128 Christi,
1589 5059 1688 5116 sed
1714 5066 2160 5121 mercenarium.

515 5132 773 5204 Respicit
807 5131 1093 5204 ’Hugonis
1127 5131 1389 5197 factum,
1449 5134 1603 5204 quod
1666 5133 1724 5187 in
1782 5133 1948 5204 epist.
1982 5138 2036 5201 5,
2089 5138 2160 5193 ad

512 5203 947 5281 Joannem
982 5220 1145 5281 num.
1182 5204 1233 5263 4,
1259 5203 1605 5281 exprimitur
1634 5204 1717 5259 sic
1753 5203 1951 5281 illisit
1970 5208 2161 5281 (Hqu

515 5278 633 5342 rex)
663 5276 720 5328 in
767 5276 1026 5351 pitaeiolo
1074 5278 1668 5351 certamquantitatem
1715 5276 1993 5351 stipendii,
2024 5276 2164 5351 quod

515 5351 755 5423 tenerem
793 5346 857 5400 de
901 5347 1060 5423 rebus
1089 5346 1443 5423 Εςςιεδὶίιξλζιε
1470 5350 1683 5423 ezetcris
1715 5349 1937 5423 erigens
1976 5346 2159 5423 jusju-

512 5415 785 5489 randumL
801 5425 861 5470 ut
881 5416 1065 5471 diebus
1093 5418 1249 5473 illius
1278 5419 1492 5489 ﬁliique
1518 5419 1608 5472 sui
1636 5415 1874 5489 amplius
1903 5415 2013 5476 non
2043 5415 2160 5478 eici-

512 5502 713 5556 gerem.
745 5487 853 5556 Ego
894 5489 1201 5559 intelligens
1245 5487 1450 5561 quanta
1494 5487 1806 5546 absurdilas
1833 5492 1931 5548 hoc
1978 5510 2160 5550 conse-

514 5566 805 5636 queretur...
820 5574 931 5617 ηοη
958 5563 1228 5636 consensi-

585 5629 731 5716 (224)
760 5629 889 5692 Haec
918 5630 991 5693 ad
1021 5632 1360 5713 episcopum
1406 5632 1754 5708 referuntur,
1787 5635 1889 5713 qui
1918 5652 1985 5699 ea
2013 5637 2070 5699 in
2101 5657 2162 5704 re

2271 4724 2387 4781 non
2417 4706 2858 4781 consensit,_sed
2892 4706 3107 4781 restitit
3136 4707 3254 4781 regi
3282 4724 3295 4763 :
3324 4724 3545 4780 pensus,
3578 4708 3634 4764 id
3668 4713 3757 4765 est
3783 4726 3923 4766 cum

2262 4779 2607 4862 judicass‘et,
2640 4786 2688 4833 te
2732 4779 2849 4862 ipsa
2879 4779 3220 4862 etymologia
3244 4779 3425 4862 regem
3472 4782 3734 4862 essekubi
3777 4787 3926 4838 recte

2271 4850 2473 4926 ageres,
2507 4852 2688 4922 furem
2718 4850 2813 4926 ubi
2840 4852 3206 4926 sacrilegium
3213 4850 3575 4923 perpetrares.
3610 4852 3747 4926 Post
3776 4872 3922 4926 pau-

2272 4922 2358 4988 ca,
2392 4922 2655 4977 Caeterum
2703 4922 3067 4994 scripsimus,
3113 4922 3223 4979 ubi
3264 4922 3567 4997 perperam
3615 4922 3924 4998 legebatur

2272 4999 2515 5051 certum.

2367 5066 2488 5137 225)
2514 5064 2642 5150 Haec
2671 5067 2995 5150 ut‘sensu‘m
3022 5063 3636 5150 aliquemcongruum
3650 5068 3916 5150 reddant,

2274 5137 2356 5193 sic
2408 5136 2798 5213 construenda
2845 5136 3294 5213 videntur':_U_bi
3347 5136 3495 5194 enim
3550 5140 3919 5213 ﬁlii_(supple

2269 5212 2451 5281 erunt)
2480 5224 2608 5281 quos
2647 5224 2754 5262 uno
2800 5208 2993 5262 saltem
3020 5210 3267 5279 paschali
3295 5214 3533 5281 tempore
3551 5208 3557 5210 “
3575 5210 3765 5266 eadem
3788 5208 3915 5268 Ἐο-

2272 5279 2449 5335 clesia
2476 5279 2659 5334 debuit
2694 5296 2907 5353 parere,
2940 5281 3059 5351 ipsa
3088 5289 3257 5335 matre
3283 5279 3567 5353 existente,
3598 5291 3659 5339 ut
3707 5284 3790 5340 ita
3830 5284 3914 5340 di-

2268 5358 2703 5433 cam,.tanq.ua-m
2749 5350 2915 5433 vidua
2950 5350 3361 5433 sinenteomsortio
3393 5350 3609 5433 viri,
3660 5359 3752 5410 est
3777 5357 3916 5433 ‘epi-

2270 5423 2452 5498 scopi,
2486 5423 2657 5493 cujus
2688 5428 2809 5477 erat
2842 5422 3101 5498 paschali
3133 5427 3391 5496 tempore
3425 5424 3740 5498 baptizare.
3774 5422 3918 5485 Séri-

2270 5494 2499 5570 psimus
2530 5502 2812 5570 tanquam,
2845 5494 2942 5570 ubi
2978 5498 3102 5570 erat
3130 5494 3465 5570 quanquam.

2341 5566 2490 5641 (226)
2520 5565 2943 5641 Primordialem
2990 5565 3362 5641 uirginitatem
3402 5572 3571 5628 vocat
3616 5584 3753 5628 eum
3800 5574 3916 5629 sta-

2269 5638 2417 5715 tum,
2452 5638 2522 5701 de
2550 5654 2666 5719 quo
2693 5638 2752 5701 in
2785 5642 2942 5700 statu
2990 5638 3335 5702 innocentiae
3378 5645 3512 5704 ante
3558 5641 3917 5708 matrimonii
