4054 6400
500 382 613 441 271

1428 376 1798 439 ΒΑΊἮΕΗΙΙ
1844 376 2089 438 EPISC.
2135 372 2422 436 VERON.
2472 371 2643 435 OPP.
2690 373 2888 435 PARS
2931 374 2980 435 Ι.

3791 377 3913 437 272

497 514 765 583 ⁴δίδωθι-εξ,
798 512 919 568 haec
948 515 1163 569 cuneta
1183 511 1427 568 referam
1455 529 1468 579 ;
1502 509 1683 567 otiose
1708 525 1801 565 me
1829 509 1946 565 ista
1964 507 2149 582 praili-
2177 508 2233 583 Α
2261 507 2652 564 excusationis
2683 508 2792 564 sibi
2809 508 3123 565 obtendere
3141 507 3375 565 valeant
3386 506 3726 577 velum,nisi
3748 509 3915 582 quod

503 603 676 659 basse
708 606 867 676 puto,
897 601 958 656 in
990 605 1281 675 quantum
1329 604 1384 656 te
1429 598 2000 655 Christianissimum
2029 598 2149 654 fore

498 691 827 765 conspicio,
852 708 959 747 nec
988 690 1296 764 tyrannide
1325 688 1783 762 imperium,nec
1801 690 2148 760 potestatem

503 780 738 837 insania
775 780 1245 837 commutavisse.
1290 779 1506 835 Tantos
1554 777 1731 834 etiam
1773 777 1920 833 tales
1950 780 2151 833 etiam

507 869 749 926 maximi
792 869 1019 926 numeri
1070 853 1251 924 sciam
1301 867 1362 938 [l.
1417 867 1556 934 scio]
1590 867 1781 923 adhuc
1804 866 1863 922 in
1896 865 2153 922 Ecclesia

507 959 770 1016 dectores
794 957 1014 1025 haberi,
1049 959 1131 1024 ut,
1165 957 1239 1027 si,
1284 957 1440 1028 quod
1467 956 1639 1022 absit,
1685 997 1698 1010 .
1744 997 1758 1011 .
1804 997 1816 1011 .
1866 997 1878 1012 .
1929 998 1943 1011 .
1985 996 1998 1011 .
2040 954 2151 1009 im-

506 1046 806 1119 pellereris
838 1043 1360 1118 (232)hujusmodi,
1381 1045 1454 1099 ab
1484 1044 1577 1099 his
1604 1044 1749 1100 satis
1768 1043 2155 1100 valerescoer-

509 1136 645 1192 ceri.
668 1135 761 1189 Va:
786 1134 940 1190 enim
972 1133 1139 1206 ipsis,
1175 1133 1225 1188 si
1257 1137 1359 1188 aut
1387 1136 1463 1202 te,
1497 1132 1610 1188 Deo
1655 1132 2007 1204 posthabito,
2032 1135 2156 1187 tan-

506 1228 630 1280 tum
681 1224 946 1292 timeant,
1001 1239 1137 1278 cum
1186 1223 1451 1293 ejusdem
1496 1239 1614 1295 qua
1654 1221 1738 1277 illi
1780 1221 2149 1288 conditionis,

502 1314 770 1385 ejusdem
785 1313 867 1369 sis
886 1311 1163 1385 pulveris,
1179 1311 1443 1382 nihilque
1456 1311 1568 1367 nisi
1585 1310 2115 1384 permissuspossis
2135 1328 2149 1379 ;

499 1402 813 1476 potestatis
840 1405 1035 1458 autem
1068 1399 1411 1456 auctoritate
1432 1401 1505 1455 ab
1537 1399 1621 1455 eis
1654 1399 1749 1455 diu
1787 1399 2039 1455 multum
2061 1417 2155 1455 su-

504 1492 731 1566 pereris
758 1509 771 1546 :
808 1496 911 1546 aut
943 1491 1002 1546 in
1037 1494 1264 1545 tantum
1289 1490 1422 1544 odio
1445 1488 1828 1556 habent,eum
1849 1488 1931 1544 sis
1952 1505 2152 1545 eorum

509 1585 574 1635 tu
608 1580 752 1647 ovis,
787 1579 966 1635 ﬁlius.
1001 1578 1289 1647 defensor,
1307 1578 1643 1645 advocatus,
1664 1581 2152 1650 atquepatronus,

512 1674 573 1726 et
602 1668 847 1725 forsitan
880 1669 1057 1740 (quod
1090 1667 1281 1724 adhuc
1310 1666 1446 1722 licet
1473 1684 1541 1723 ex
1571 1666 1725 1723 malo
1755 1671 1843 1724 est
1872 1666 2018 1741 [233]
2040 1684 2158 1722 am-

516 1758 674 1831 plius
713 1762 890 1830 atque
937 1756 1239 1813 onerosius
1282 1755 1479 1828 aliquo
1509 1756 1593 1812 eis
1633 1756 1977 1813 sacramenti
2010 1758 2157 1830 (224)

2258 595 2529 653 videntur
2558 597 2796 653 omnino
2826 597 3052 670 seipsos
3099 597 3414 672 negligere,
3469 598 3611 654 dum
3644 598 3760 654 sibi
3792 615 3916 655 non

2259 685 2670 759 prospiciunt:
2724 687 2985 758 dumque
3030 690 3088 742 te
3133 686 3375 743 forsitan
3437 687 3742 760 proditum
3813 687 3918 754 iri,

2261 775 2736 847 quandoquidem
2760 775 2982 843 sinunt,
3015 775 3280 849 cupiunt,
3309 777 3660 849 semetipsos
3690 777 3921 833 interii.

2261 863 2470 919 ciunt?
2490 863 2709 936 Nempe
2740 863 2924 919 audeo
2957 864 3365 921 incunctanter
3385 865 3595 931 dicere,
3624 882 3731 921 nec
3760 865 3822 922 in
3850 881 3920 922 eo

2262 952 2406 1008 mihi
2435 950 2635 1008 videor
2663 968 2880 1022 errare,
2910 952 3052 1025 quia
3075 952 3274 1011 nullus
3305 953 3922 1023 consilium,consen-

2263 1058 2418 1109 sum,
2451 1040 2538 1097 vel
2568 1041 2637 1097 ad
2639 1041 3003 1113 jutoriumin
3031 1042 3371 1115 hujusmodi
3395 1042 3631 1101 labendi
3661 1043 3921 1102 crimine

2262 1130 2368 1186 tibi
2400 1131 2567 1198 valet,
2598 1130 2743 1200 vult,
2777 1136 2880 1188 aut
2920 1133 3097 1189 audet
3140 1132 3419 1201 tribuere,
3446 1132 3559 1190 nisi
3590 1133 3694 1206 qui
3725 1135 3920 1191 Deum

2263 1223 2367 1275 aut
2395 1236 2511 1275 non
2562 1220 2742 1285 novit,
2789 1225 2891 1277 aut
2920 1222 3173 1295 negavit,
3201 1225 3304 1278 aut
3330 1222 3483 1291 vitae,
3518 1221 3703 1296 regni,
3734 1226 3921 1296 atque

2259 1308 2500 1365 honoris
2548 1310 2655 1379 tui,
2704 1310 3009 1382 praesentis
3054 1310 3277 1367 scilicet
3314 1314 3371 1367 et
3400 1312 3605 1378 futuri,
3650 1311 3923 1384 proditor

2260 1413 2388 1453 esse
2416 1386 2571 1469 velit,
2607 1397 2689 1453 vel
2712 1397 2941 1455 etiamsi
2973 1399 3204 1455 nescius
3235 1399 3331 1469 sit,
3361 1404 3464 1456 aut
3492 1401 3617 1472 [aut
3632 1401 3916 1458 hicabun-

2261 1488 2374 1558 dat]
2404 1491 2861 1559 sacramentum,
2894 1489 3047 1560 quod
3080 1488 3185 1544 tibi
3211 1489 3362 1557 fecit,
3383 1497 3482 1545 aut
3503 1506 3616 1546 non
3633 1490 3921 1565 intelligit

2263 1580 2365 1632 aut
2392 1593 2508 1632 non
2534 1575 2754 1645 recolit,
2789 1578 2929 1633 dum
2979 1577 3125 1633 illud
3179 1582 3299 1635 tam
3326 1595 3599 1651 perverse
3622 1579 3879 1654 negligit
3904 1598 3919 1637 :

2263 1666 2557 1737 Intelligite
2606 1666 2738 1735 haec,
2780 1668 2882 1738 qui
2925 1667 3319 1723 obliviscimini
3376 1668 3568 1736 Deum,
3616 1670 3920 1744 nequando

2263 1756 2466 1826 rapiat,
2488 1764 2539 1811 et
2557 1772 2669 1811 non
2697 1757 2769 1812 sit
2788 1758 2886 1829 qui
2904 1758 3104 1830 eripiat
3126 1755 3299 1819 (Psal.
3333 1774 3484 1824 XLIX,
3507 1759 3623 1829 22).

510 1863 728 1921 genere
758 1847 1213 1903 confcederatus:
1250 1861 1381 1900 cum
1413 1844 1786 1901 veracissima
1816 1845 1915 1901 illa
1944 1847 2020 1900 sit
2040 1845 2159 1902 Cle-
2187 1881 2236 1946 Β
2333 1844 2421 1898 23.
2456 1844 2542 1899 Tu
2571 1861 2726 1911 vero,
2760 1846 2909 1902 bone
2942 1863 3061 1915 rex,
3092 1844 3595 1904 Christianissime
3616 1848 3924 1923 princeps,

511 1938 739 2007 mentis
770 1952 934 2009 papae
964 1934 1274 2002 sententia,
1316 1933 1453 2007 quia
1489 1936 1716 1991 Unicum
1746 1936 2022 2004 negligere
2049 1952 2161 1992 non

518 2032 706 2088 minus
747 2026 899 2082 I25
947 2029 1029 2080 est
1076 2041 1237 2095 quam
1291 2023 1481 2079 odisse.
1536 2024 1604 2079 Et
1648 2024 1987 2081 verissime:
2058 2026 2164 2094 Qui

517 2124 689 2188 enim,
722 2121 790 2173 ut
810 2116 891 2172 ait
914 2114 1267 2187 sapientium
1298 2114 1559 2185 quidam,
1578 2130 1894 2171 succurrere
1913 2117 2162 2187 perituro

514 2216 702 2285 potest,
728 2207 858 2263 dum
885 2221 993 2261 non
1023 2203 1538 2271 succurrit,occidit.
1554 2207 1649 2258 Vae
1667 2203 1842 2259 etiam
1865 2204 2057 2260 adhuc
2079 2204 2163 2262 eis

517 2297 789 2357 imminet
813 2293 1091 2358 deterius,
1114 2291 1164 2347 si
1194 2308 1329 2347 cum
1362 2290 1480 2347 sint
1508 2307 1684 2347 canes
1714 2292 1784 2348 ad
1799 2291 1908 2348 hoc
1930 2293 2162 2351 Domini

517 2384 813 2462 praepositi
825 2382 1183 2454 ovibus(Isai.
1201 2382 1612 2449 Lv1,10),uteas
1625 2379 1832 2436 latratu
1847 2381 2163 2454 aluporum

520 2474 837 2531 defendant
866 2486 1098 2542 semper
1125 2467 1462 2523 incursibus
1493 2468 1635 2523 adeo
1666 2468 2166 2537 obmutuerint,ut

521 2581 639 2621 non
671 2562 862 2618 solum
895 2560 1130 2616 easdem
1164 2556 1472 2612 defendere
1502 2558 1708 2628 [supple
1737 2557 2052 2630 negligant,
2080 2560 2165 2615 vel

520 2650 739 2723 aliquid
764 2648 992 2718 simile],
1007 2646 1106 2701 sed
1126 2644 1301 2701 etiam
1320 2661 1506 2699 unum
1529 2645 1675 2709 (235)
1691 2646 2011 2717 quemlibet
2029 2665 2164 2704 suo-

524 2757 680 2809 rum,
712 2737 847 2795 licet
875 2734 1127 2792 debilem
1152 2737 1209 2790 et
1236 2732 1526 2800 inutilem,
1559 2734 1988 2809 omnigenoque
2008 2737 2167 2811 aegri-

514 2829 800 2886 tudinum
833 2821 1563 2899 genereconfectum,nulli
1587 2823 1763 2879 etiam
1777 2825 1909 2881 usui
1932 2827 2167 2898 penitus

522 2923 749 2991 aptum,
778 2920 974 2972 tamen
1003 2928 1206 2970 eorum
1236 2917 1583 2979 consortem,
1615 2928 1820 2969 canem
1853 2931 2086 2988 quoque
2109 2921 2168 2975 et

520 3012 819 3082 pastorem
848 3006 1137 3069 vocatum,
1168 2999 1507 3074 permittant
1533 3018 1631 3057 ore
1657 3002 1896 3074 pessimi
1929 3008 1985 3060 et
2005 3004 2168 3062 inau-

522 3097 630 3155 diti
656 3094 887 3170 generis
912 3092 1141 3150 silentio
1162 3088 1561 3145 infelicissimo
1574 3107 1676 3162 per
1691 3093 2005 3163 quemdam
2018 3095 2068 3166 ej
2076 3111 2169 3151 us-

517 3189 654 3248 dem
685 3183 906 3243 ordinis
934 3183 1223 3248 obturato,
1256 3195 1453 3235 coram
1485 3179 1612 3236 suis
1643 3197 1678 3235 a
1698 3180 1957 3253 quolibet
1979 3187 2167 3240 stran-

2269 1933 2411 1988 dum
2443 1936 2498 1989 te
2526 1933 2745 1990 abistis
2771 1933 3066 1991 similibus
3088 1935 3545 2007 prudentissime
3577 1938 3803 1994 caveris
3832 1955 3925 1995 re—

2271 2026 2472 2094 spectu
2504 2022 2681 2090 illius,
2715 2040 2749 2078 a
2775 2040 2891 2095 quo
2924 2024 3184 2095 quotidie
3214 2025 3511 2098 prosperis
3542 2026 3614 2081 ad
3643 2031 3779 2083 vota
3795 2045 3930 2084 suc-

2270 2111 2533 2168 cessibus
2551 2110 2852 2179 attolleris,
2868 2113 3094 2170 debella
3105 2118 3237 2186 post
3248 2113 3370 2170 haec
3383 2114 3601 2184 hostes,
3636 2132 3926 2175 conserva

2271 2200 2443 2255 cives.
2475 2200 2704 2273 Accipe,
2735 2201 2784 2256 si
2817 2202 3052 2274 accipis,
3082 2203 3154 2257 ab
3184 2203 3511 2273 extraneis;
3544 2205 3620 2260 da
3667 2206 3790 2261 tuis
3821 2225 3834 2275 ;
3870 2211 3929 2263 et

2270 2292 2336 2344 ut
2366 2288 2610 2345 minaris
2631 2289 2712 2361 [id
2740 2294 2821 2346 est
2847 2290 3113 2362 emines],
3145 2295 3202 2348 et
3222 2308 3473 2364 quorum
3499 2293 3683 2350 uteris
3702 2296 3927 2368 saepius

2271 2378 2588 2450 obsequiis,
2619 2379 2929 2451 perpende.
2978 2380 3168 2436 Etiam
3199 2398 3412 2437 nomen
3444 2382 3593 2444 (237)
3627 2383 3689 2438 in
3721 2384 3926 2441 Graeco

2272 2466 2597 2539 ofﬁcialeif.
2631 2466 2916 2542 ofﬁcium]
2970 2473 3160 2536 tuum,
3189 2474 3247 2526 et
3289 2469 3442 2527 inter
3472 2472 3729 2528 Graecam
3764 2474 3926 2529 Lati-

2271 2572 2527 2628 numque
2554 2555 2700 2611 illud
2722 2556 3161 2629 interpretando
3190 2560 3345 2616 I26
3370 2560 3620 2618 formam
3643 2578 3927 2635 agnosce,

2272 2648 2329 2701 te
2359 2644 2641 2717 populum
2672 2650 2900 2718 portare
2932 2646 3172 2716 debere;
3201 2665 3314 2705 non
3341 2666 3624 2721 premere.
3656 2651 3795 2708 Esto
3823 2669 3927 2709 su-

2273 2734 2467 2807 perbis
2518 2738 2764 2802 erectus,
2814 2734 3142 2794 humilibus
3184 2753 3318 2794 vero
3367 2739 3724 2811 submissus,
3759 2741 3929 2799 mitis

2273 2824 2522 2891 cunctis,
2574 2823 2826 2881 aﬁ'abilis
2873 2825 3182 2897 universis,
3236 2827 3543 2898 discretus,
3577 2830 3924 2903 muniﬁcus,

2274 2913 2631 2982 moderatus,
2667 2913 2981 2986 potentiam
3013 2919 3251 2989 propter
3290 2916 3600 2974 utilitatem
3628 2920 3925 2992 cogitans,

2274 3006 2509 3075 propter
2519 3001 2559 3057 ti
2570 3018 2787 3058 morem
2800 3002 3355 3061 dissimulans.Audi
3370 3006 3716 3078 sapientiam
3728 3010 3929 3067 dicen-

2272 3096 2423 3147 tem:
2469 3091 2839 3148 Misericordia
2862 3096 2914 3148 et
2939 3094 3140 3149 veritas
3159 3094 3469 3151 custodiunt
3498 3112 3704 3166 regem.
3743 3102 3927 3155 Item-

2275 3197 2389 3254 que
2422 3197 2435 3236 :
2474 3182 2616 3237 Tolle
2645 3183 2981 3253 impietatem
3010 3182 3077 3238 de
3104 3182 3264 3240 corde
3293 3186 3458 3253 regis,
3489 3189 3543 3241 et
3570 3186 3930 3245 roborabitur

517 3275 706 3351 gulari
730 3292 745 3344 ;
772 3290 905 3330 cum
919 3269 1381 3328 veracissimesit
1409 3268 1633 3326 dictum
1658 3250 1978 3328 ili—causam
2005 3274 2161 3343 ejus-
2193 3250 2237 3317 θ
2272 3250 2563 3327 clementia
2591 3250 2818 3327 thronus
2846 3272 2960 3344 ejus
2981 3271 3162 3335 (Prov.
3190 3289 3289 3341 xx,
3319 3250 3567 3337 233).7Cui
3599 3273 3747 3332 illud
3780 3294 3928 3350 quo-

483 3431 503 3437 _
520 3368 654 3423 dem
687 3361 900 3435 negotii
925 3361 1051 3424 (236
1075 3376 1088 3416 :
1121 3359 1343 3415 Mortem
1372 3358 1681 3430 languenti,
1706 3360 1805 3431 qui
1840 3376 1966 3416 cum
1989 3363 2172 3432 potuit
2276 3375 2387 3432 que
2398 3359 3353 3435 vulgarevideturconcinere,quia
3373 3380 3489 3419 non
3507 3364 3678 3421 debet
3697 3365 3923 3425 habere

518 3471 632 3512 non
677 3452 925 3521 abstulit,
977 3450 1208 3519 inﬂixit.
1261 3447 1407 3502 Nam
1458 3446 1507 3503 si
1553 3450 1716 3503 tanta
1763 3448 2072 3522 hodieque,
2103 3454 2170 3507 ut

514 3545 640 3616 jam
676 3543 761 3615 [f.,
796 3540 946 3607 fuit].
996 3539 1338 3594 fervesceret
1366 3535 1582 3605 rabies,
1616 3552 1811 3593 nonne
1847 3539 2169 3595 debuerant

523 3634 637 3690 hac
685 3628 987 3688 occasione
1036 3642 1139 3699 pro
1184 3625 1380 3692 fratre,
1429 3625 1547 3680 imo
1591 3640 1695 3697 pro
1739 3625 1988 3695 Christo,
2030 3645 2167 3684 suas

523 3725 730 3796 sponte
761 3717 953 3793 gladio
984 3714 1323 3773 submittere
1352 3713 1645 3770 cervices?
1673 3715 1837 3771 Nunc
1868 3733 2000 3774 vero
2032 3732 2167 3775 cum

520 3816 643 3867 tam
694 3805 1163 3867 clementissimae
1220 3803 1413 3877 quivis
1450 3807 1718 3859 nostrum
1762 3804 1841 3860 sit
1885 3804 2166 3875 lenitatis,

522 3906 645 3958 tam
677 3896 1170 3957 obedientissimze
1195 3895 1311 3951 Deo
1339 3892 1679 3962 voluntatis,
1701 3898 1942 3967 tamque
1970 3896 2169 3953 affabi-

518 3990 761 4048 lissimaa
792 3987 1132 4045 hominibus
1160 3984 1562 4058 benignitatis,
1591 3984 2163 4059 utquibuslibetpre-

517 4085 756 4138 cantum
806 4077 1077 4152 precibus
1127 4074 1406 4141 liberalis,
1452 4074 1690 4129 ﬁrmum
1740 4075 1997 4146 praebere
2045 4093 2160 4132 non

514 4175 778 4228 moretur
806 4183 1136 4233 assensum,
1169 4164 1476 4238 magisque
1498 4163 1827 4236 ignorantia
1847 4182 2026 4235 quam
2044 4181 2162 4223 ma-

511 4259 640 4316 litia
667 4259 727 4314 in
778 4256 1115 4331 quempiam
1164 4258 1405 4327 proruat
1451 4252 1682 4326 lapsum
1721 4254 1955 4326 :.quod,
1998 4250 2156 4328 rogo,

515 4393 685 4449 detur
713 4392 1046 4458 dimisimus,
1079 4392 1137 4443 et
1166 4386 1494 4460 supplenda
1525 4385 1812 4460 particula
1839 4391 1912 4460 et,
1942 4386 2029 4442 vel
2062 4388 2158 4446 ubi

512 4464 635 4533 sic;
670 4480 800 4536 quos
827 4479 976 4517 nunc
1022 4456 1204 4515 Boreae
1242 4456 1594 4536 dimisimus,
1636 4456 1803 4536 θίγε]
1834 4459 1931 4536 ubi
1959 4466 2154 4536 (etrur-

513 4528 695 4590 chiani
723 4536 858 4589 satis
888 4542 1108 4588 strenue
1132 4531 1260 4585 novi
1288 4530 1621 4602 gubernare.
1657 4528 1759 4602 Hic
1790 4530 2028 4602 quidem
2048 4531 2158 4588 Ra-

2274 3452 2640 3522 potestatem,
2656 3450 2754 3521 qui
2769 3467 2886 3506 non
2903 3449 3079 3506 habet
3089 3451 3449 3524 patientiam.
3481 3452 3671 3527 Dilige
3697 3454 3922 3529 itaque,

2267 3538 2436 3609 juxta
2466 3539 2774 3610 cujusdam
2787 3539 3069 3610 sapientis
3097 3540 3319 3597 dictum
3343 3543 3787 3614 jure,bonos,et
3808 3547 3925 3602 mi-

2274 3644 2563 3684 serescere
2593 3626 2786 3684 malis.
2812 3629 2925 3685 Res
2951 3629 3127 3697 enim,
3165 3632 3489 3688 secundum
3520 3632 3761 3690 alterius
3794 3652 3926 3708 pro-

2275 3716 2814 3789 verbium,toptima
2837 3721 2947 3787 est,
2978 3735 3095 3774 non
3126 3718 3439 3777 sceleratos
3469 3722 3929 3796 exstirpare,sed‘

2275 3804 2510 3863 scelera.
2544 3805 2953 3879 Eleemosynas
2972 3824 3085 3864 non
3100 3807 3292 3866 solum
3309 3810 3564 3879 assidue,
3600 3816 3666 3868 ut
3685 3812 3921 3884 alii,sed

2275 3895 2660 3951 continuatim
2675 3894 2867 3952 facito.
2896 3896 3157 3953 Dicerem
3170 3899 3350 3955 etiam
3366 3899 3495 3968 tibi,
3511 3901 3613 3956 sed
3645 3900 3826 3960 timeo
3848 3921 3927 3962 ne

2273 3999 2619 4041 succenseas
2645 4002 2658 4053 ;
2691 3986 2792 4042 sed
2818 3989 3010 4041 tamen
3041 3986 3223 4045 facias
3239 4004 3442 4058 necne,
3460 4004 3574 4045 non
3588 3992 3926 4051 audecretii-

2270 4089 2418 4129 cere.
2449 4074 2665 4130 Vereor
2680 4076 2860 4145 enim,
2895 4077 3050 4148 quod
3065 4076 3124 4132 in
3151 4078 3458 4152 Evangelio
3473 4079 3670 4135 audivi
3690 4081 3916 4154 pridie:

2270 4163 2378 4232 Qui
2403 4180 2487 4220 me
2513 4164 2796 4221 erubuerit
2820 4173 3030 4223 etmeos
3062 4182 3355 4235 sermones,
3387 4172 3439 4224 et
3466 4168 3611 4225 hunc
3636 4171 3790 4241 ﬁlius
3818 4173 3922 4229 ho-

2264 4254 2435 4309 minis
2465 4253 2756 4321 erubescet,
2789 4271 2914 4311 cum
2936 4257 3146 4313 venerit
3171 4257 3233 4312 in
3262 4259 3445 4327 gloria
3472 4263 3643 4316 suaet
3662 4263 3849 4318 Patris
3867 4269 3927 4318 et

2334 4386 2841 4466 (:223‘Regescum
2873 4386 3260 4466 eligebantur.
3296 4397 3732 4448 sacramentum
3766 4411 3914 4466 prm-

2264 4459 2517 4535 stabant,
2551 4457 2666 4535 quo
2692 4458 2843 4514 inter
2871 4457 3000 4535 alia
3016 4459 3447 4535 pollicebantur
3475 4480 3537 4535 se
3578 4457 3923 4523 servaturos-

2262 4528 2539 4612 βρωθβὶωο
2560 4528 2731 4612 bona,
2754 4528 3039 4612 etc:-Vi\de
3072 4537 3263 4612 actum
3281 4532 3567 4612 Quidonis
3589 4537 3744 4610 regis
3755 4540 3913 4612 apud

511 4606 758 4693 tlierius,
805 4608 877 4693 uti
911 4599 1854 4693 Ii‘uglonemLuregemudemuleeat,
1902 4618 1970 4657 ea
2024 4619 2152 4674 quae
2183 4627 2231 4693 Β
2264 4600 2648 4693 Μυξξξρςξυφ
2678 4607 2820 4669 tom,
2842 4601 2913 4668 ΙΙ,
2946 4603 3374 4693 Rerumnltalic.
3396 4611 3548 4693 part.
3580 4625 3619 4693 ιτ

512 4670 798 4731 hactenus
828 4675 900 4730 ob
931 4670 1125 4746 illatas
1149 4671 1258 4727 sibi
1282 4670 1639 4746 calamitates
1662 4673 1718 4746 in
1741 4672 1934 4746 ipsum
1959 4670 2152 4746 regem

511 4746 888 4810 disseruerat,
917 4744 1167 4800 oratorio
1189 4743 1443 4815 quodam
1475 4743 1716 4799 artificio
1750 4743 1865 4799 non
1898 4745 1955 4799 in
1988 4743 2152 4801 eum-

509 4819 641 4874 dem
675 4834 868 4888 regem
901 4814 1439 4888 referendainnuit,
1461 4815 1636 4870 sedin
1659 4815 1912 4887 aliquem
1927 4833 2150 4888 eorum,

507 4906 639 4963 quos
674 4887 840 4955 nunc,
873 4888 1086 4963 innuit,
1114 4889 1317 4963 Borea},
1349 4887 1406 4940 id
1440 4890 1529 4942 est
1558 4887 1967 4963 Septentrioni,
1993 4887 2152 4944 dimi-

505 4960 696 5029 simus,
730 4965 781 5016 et
804 4961 1158 5016 tetrarchiam
1178 4960 1310 5013 satis
1331 4965 1547 5013 strenue
1568 4960 1695 5013 novi
1716 4960 2040 5029 gubernare.

578 5035 725 5101 (232)
757 5032 905 5088 Male
932 5031 990 5086 in
1023 5029 1180 5103 vulg.
1200 5030 1520 5103 impelleris.
1552 5030 1724 5103 Porro
1756 5030 2151 5102 supplendum

506 5105 806 5178 tyrannide
833 5101 1163 5178 et‘insa‘nia',
1191 5101 1275 5178 ita
1290 5105 1370 5178 _ut
1400 5118 1610 5157 sensus
1642 5101 1728 5178 sit
1747 5117 1774 5178 :A
1793 5101 1882 5155 tot
1907 5119 1986 5178 ac
2004 5103 2150 5178 tanti

504 5173 694 5232 adhuc
728 5182 865 5231 sunt
896 5176 953 5231 in
989 5174 1242 5230 Ecclesia
1272 5174 1556 5238 doctores,
1590 5180 1649 5227 ut
1675 5173 1728 5225 si
1756 5173 2050 5242 tyrannide
2088 5190 2151 5230 ac

505 5250 727 5304 insania
739 5247 1054 5320 hujusmodi
1065 5245 1443 5317 impellercris,
1479 5242 1619 5316 quod
1641 5244 1803 5311 absit,
1835 5244 1999 5300 abhis
2014 5247 2149 5315 satis

507 5320 711 5374 valeres
739 5321 991 5375 coerceri.

577 5392 721 5462 (233)
772 5391 917 5462 cum
967 5392 1036 5445 de
1077 5391 1414 5462 juramcnto
1459 5385 1751 5462 loquatur,
1784 5386 2019 5462 respicit
2050 5387 2150 5443 illa

504 5461 659 5534 apud
686 5461 886 5534 Matth.
923 5478 973 5516 c.
1004 5457 1825 5534 v,'ubiipostquamwghristus
1857 5457 2002 5534 dixit
2032 5476 2146 5534 non

496 5529 824 5603 jurandum
856 5532 1116 5599 omnino,
1144 5529 1526 5603 addidit’vers
1557 5530 1625 5584 37
1650 5529 2146 5603 :_Silauten_isermo

500 5601 693 5733 ociter,
726 5611 805 5734 es;
831 5612 945 5734 αςιέ
959 5620 1070 5663 non
1098 5620 1228 5679 non,
1264 5602 1413 5676 Quod
1440 5610 1623 5662 autem
1661 5601 1749 5661 his
1779 5601 2146 5663 abundantius

503 5691 559 5734 es
590 5692 661 5734 .a
688 5692 779 5733 ma
807 5691 836 5734 ο
864 5691 918 5734 es
950 5716 961 5734 .

503 5679 602 5751 est,
627 5692 661 5735 a
688 5679 836 5736 malo
864 5680 961 5736 est.

2331 4674 2481 4742 (235)
2509 4674 2581 4754 Se
2610 4674 2804 4745 ipsum
2838 4690 3064 4754 carcere
3087 4676 3369 4754 afﬂictum
3397 4674 3644 4747 indicat,
3671 4695 3779 4752 pro
3793 4698 3911 4754 quo

2264 4761 2435 4817 nemo
2462 4744 2870 4817 episcoporum
2904 4745 3317 4805 intercedebat.

2341 4816 2488 4893 (23$)
2501 4816 2767 4893 Aliquem
2783 4822 3194 4893 praepotentem
3227 4821 3567 4893 episcopum
3591 4822 3915 4893 innuit,qui

2272 4887 2569 4963 silentium
2601 4887 2731 4963 aliis
2761 4887 3070 4961 episcopis,
3099 4907 3170 4946 ne
3192 4887 3294 4963 pro
3311 4887 3913 4952 Ratheriointercede-

2271 4964 2415 5026 rent,
2443 4960 3099 5037 _im1)o_nebat.QonStriie
3111 4960 3241 5037 vero
3261 4981 3273 5018 :
3295 4966 3356 5021 Ut
3384 4981 3491 5021 non
3521 4966 3704 5021 solum
3734 4968 3910 5037 negli-

2261 5040 2393 5108 gant
2422 5030 2705 5102 defendere
2732 5032 2963 5108 easdem,
2996 5033 3089 5108 sed
3108 5036 3275 5108 etiam
3305 5053 3395 5092 ore
3415 5030 3906 5108 infelicissimoob-

2262 5106 2443 5182 turalo
2465 5120 2563 5182 per
2592 5104 2876 5182 quemdam
2901 5104 3145 5182 ejusdem
3172 5107 3384 5182 ordinis
3437 5104 3520 5182 (id
3551 5113 3640 5164 est
3681 5111 3905 5182 episco-

2260 5178 2424 5246 pum)
2455 5175 2675 5252 silentio
2722 5175 2935 5245 generis
2978 5179 3205 5248 pessimi
3231 5187 3282 5234 et
3312 5180 3559 5236 inauditi
3584 5175 3908 5252 permittant

2256 5261 2431 5324 unum
2447 5247 2736 5317 quemlibet
2752 5247 2997 5324 suorum.
3009 5291 3020 5302 .
3032 5291 3045 5315 ,
3058 5252 3400 5322 strangulari
3412 5269 3446 5308 a
3463 5247 3704 5324 quolibet
3718 5270 3906 5311 coram

2255 5319 2368 5373 suis
2399 5334 2417 5370 .'
2447 5333 2571 5373 eum
2598 5320 2957 5387 veracissime,
2991 5325 3099 5377 etc.

2328 5389 2472 5467 (23?)
2507 5389 2643 5467 Rex,
2696 5390 2887 5467 Graece
2922 5399 3143 5467 βᾳσιλεξς
3172 5393 3338 5466 quasi
3364 5403 3679 5464 6άσις.λαοῦ,
3736 5397 3903 5467 eam},

2256 5475 2356 5540 seu
2384 5461 2579 5540 planta
2624 5463 2836 5540 populi,
2867 5461 2980 5540 qui
3016 5461 3239 5540 scilicet
3285 5469 3568 5540 tanquam
3603 5461 3767 5525 basis
3799 5461 3903 5525 seu

2254 5529 2461 5613 planta
2484 5529 2765 5613 populum
2796 5529 2989 5613 portat
3001 5540 3058 5591 et
3071 5537 3340 5613 sustinet.
3357 5529 3516 5613 Hanc
3531 5541 3801 5613 eamdem
3815 5541 3903 5613 in;

2252 5602 2729 5690 terpretationem
2755 5602 2823 5662 ei
2844 5606 3037 5667 Graeco
3058 5608 3270 5690 videris
3291 5612 3446 5690 apud
3469 5612 3527 5675 Β.
3552 5602 3904 5689 θνρεοτίααὶ

2253 5673 2437 5736 libIIx
2468 5676 2527 5736 in
2555 5676 2664 5736 Job
2698 5693 2824 5757 cap.
2853 5695 2967 5753 xw,
3000 5697 3058 5739 n.
3091 5682 3184 5744 25.
