4054 6392
515 367 643 444 ὩἾθ

1452 383 1828 446 ΠΑΤΗΕΠῙῙ
1873 379 2116 446 EPISC.
2163 380 2450 446 VERUN.
2497 382 2674 448 OPP.
2719 383 2920 448 PARS
2964 380 3012 448 Ῑ.

513 531 630 595 “pro
663 517 816 577 natis
845 513 1477 593 interfectis;peenitens
1505 517 1726 576 scilicet
1754 534 1857 592 pro
1886 516 2157 588 excessis,
2187 517 2238 586 Α
2274 520 2340 574 ut
2367 503 2696 594 intelligant
2725 533 2788 577 se
2817 514 3074 577 amentia
3103 513 3217 594 agi,
3250 533 3363 576 non
3399 513 3573 576 corde
3597 513 3746 591 regi,
3781 513 3929 572 dum

525 611 790 668 moribus
821 610 879 667 in
909 609 1125 666 melius
1154 608 1547 677 commutatis,
1568 607 1747 664 armis
1761 608 2007 680 justitiaa
2041 625 2162 664 eor-

519 700 724 774 reptis,
757 718 874 758 non
915 700 1113 772 erigis,
1155 715 1428 772 processu
1480 697 1674 770 impia:
1724 697 2162 766 dominationis,

511 789 667 864 ipsis
698 790 874 847 etiam
904 788 1229 846 luminibus
1259 789 1519 858 orbatus,
1551 786 1610 842 in
1643 803 1934 843 carcerem
1984 788 2055 843 ab
2100 803 2166 842 eo

515 880 802 948 trudaris,
835 883 900 936 ut
924 877 1092 935 sicuti
1125 882 1368 933 Samson
1403 878 1551 950 (249)
1584 875 1680 932 ille
1713 876 1948 949 quidem
1984 875 2168 932 fortis-

525 971 736 1035 simus,
751 967 1016 1025 femineis
1035 965 1323 1022 illecebris
1353 969 1679 1030 enervatus,
1715 965 1786 1020 ad
1819 965 2036 1020 molam
2069 966 2167 1022 de-

515 1058 746 1132 ‘puteris
787 1057 978 1114 (ludio.
1030 1073 1144 1126 xw,
1195 1054 1404 1129 19-21),
1455 1055 1624 1126 cujus
1681 1054 1742 1108 in
1802 1069 1941 1126 gyro
2001 1051 2169 1125 impii

525 1147 830 1204 ambulant
860 1147 969 1202 (Ps.
1004 1162 1080 1209 x1,
1113 1143 1191 1215 9),
1221 1147 1463 1200 terrenae
1504 1148 1561 1198 et
1608 1141 1974 1215 inexplebilis
2015 1141 2171 1197 solli-

525 1235 824 1301 citudinis,
855 1234 966 1290 hoc
999 1233 1241 1300 est,visu
1271 1231 1658 1305 rationis,quo
1684 1236 1738 1288 te
1760 1231 1986 1305 tibique
2019 1249 2170 1288 com-

525 1325 742 1382 missos
769 1325 1056 1381 debueras
1085 1321 2030 1396 praevidere,adempto,carcerem
2059 1321 2171 1377 im-

525 1415 804 1490 providus
851 1413 1064 1470 subeas
1120 1416 1347 1467 aeternaa
1404 1409 1764 1484 perditionis.
1813 1408 1968 1464 Solet
2015 1407 2172 1464 enim

525 1503 872 1561 miserrimae
903 1501 1114 1558 animae
1145 1500 1202 1556 id
1236 1516 1386 1572 saepe
1415 1499 1766 1571 contingere,
1795 1501 1860 1554 ut
1889 1498 2030 1554 dum
2057 1497 2172 1553 vir-

525 1593 756 1652 tutibus
784 1589 1068 1666 paulatim
1115 1588 1372 1662 quotidie
1421 1587 1847 1654 deficientibus,
1897 1587 2174 1644 humeros

528 1683 744 1740 mentis
775 1681 847 1738 ad
878 1679 1270 1752 reparandum
1300 1677 1360 1734 in
1395 1676 1713 1750 pristinum
1743 1681 1846 1732 aut
1871 1681 2022 1732 certe
2053 1693 2173 1732 me-

523 1773 734 1830 liorem
781 1787 892 1826 non
941 1767 1145 1825 exierit
1193 1771 1449 1835 statum;
1484 1769 1780 1823 crescente
1822 1765 2059 1822 miseria
2102 1765 2172 1822 ad

520 1854 638 1918 ’boc
669 1859 958 1928 deveniat,
991 1863 1056 1914 ut
1085 1860 1364 1930 regnante
1393 1859 1628 1928 peccato
1660 1855 1718 1910 in
1770 1853 1998 1910 mortali
2047 1855 2174 1926 ejus

525 1966 766 2024 corpore
795 1951 969 2012 (Rom.
999 1965 1076 2014 vn,
1112 1949 1222 2014 12),
1253 1945 1336 2001 ita
1367 1945 1438 2000 ad
1471 1945 1860 2001 obediendum
1884 1944 2012 2015 ejus
2038 1944 2172 2000 sub-

523 2031 700 2096 datur
740 2036 1244 2111 concupiscentiis,
1278 2040 1343 2091 ut
1389 2034 1612 2090 lumine
1655 2034 1782 2106 ipso
1831 2050 2035 2089 carens
2083 2051 2174 2091 ra-

521 2121 724 2196 tionis,
757 2145 862 2184 nee
901 2130 1029 2184 acta
1075 2123 1309 2190 recolat,
1343 2140 1449 2180 nec
1497 2123 1722 2196 agenda
1767 2121 1975 2178 videat.
2011 2123 2173 2187 Quod

521 2209 600 2275 ne
629 2217 732 2274 tibi
765 2216 1084 2289 contingat,
1117 2213 1236 2270 illis
1272 2213 1350 2287 [id
1378 2220 1456 2270 est
1499 2210 2010 2284 concupiscentiis]
2062 2211 2174 2268 for-

524 2307 754 2364 tissime
784 2304 1165 2381 repugnando
1201 2321 1234 2358 a
1265 2302 1436 2358 corde
1467 2307 1567 2358 tuo
1597 2299 1816 2374 expelle
1848 2301 2170 2358 dmmonem

525 2398 677 2468 (250)
712 2415 725 2454 :
751 2396 965 2469 jugum
997 2391 1214 2450 Christi
1245 2407 1420 2449 suave
1449 2394 1506 2447 et
1533 2407 1680 2446 onus
1709 2389 1838 2461 ejus
1866 2389 1987 2446 leve
2007 2407 2172 2446 assu-

527 2502 716 2554 mens,
750 2485 1046 2556 subjectos
1075 2479 1314 2554 provido
1340 2478 1622 2552 regimine
1653 2479 1762 2534 sub
1793 2482 1849 2534 te
1885 2477 1968 2532 illi
2017 2479 2168 2534 mili-

525 2579 652 2630 tare
681 2591 797 2630 non
822 2576 1054 2628 tantum
1086 2569 1388 2644 praeceptis
1436 2585 1614 2641 quam
1643 2566 1924 2640 exemplis
1973 2568 2165 2637 facito,

522 2650 595 2720 ut
625 2663 750 2720 sine
780 2661 894 2718 ﬁne
925 2675 1166 2732 regnare
1199 2657 1476 2714 merearis
1499 2674 1630 2713 cum
1663 2657 1825 2729 ipsis.
1865 2658 1930 2713 Et
1961 2675 2052 2726 ne,
2076 2675 2168 2714 ro-

523 2737 619 2826 go,
654 2748 1309 2825 ﬂoccipendas,tametsi
1331 2765 1364 2803 a
1395 2764 1573 2820 puero
1603 2746 1895 2819 prolatum
1926 2751 2046 2803 tam
2074 2766 2166 2804 sa-

522 2831 710 2909 lubre,
762 2839 898 2896 licet
939 2838 1360 2912 permodicum,
1405 2837 1675 2910 superius
1727 2837 2164 2907 documentum,

522 2929 1021 3012 quandoquidem,
1085 2932 1152 2984 ut
1211 2927 1494 2983 hodierna
1557 2929 1757 2982 monet
1823 2925 2166 2984 solemuitas

519 3021 806 3096 (25l),ipsi
841 3019 955 3076 Deo
985 3015 1391 3074 testimonium
1421 3014 1714 3090 placuisse
1745 3015 1972 3072 noveris
1991 3015 2164 3074 etiam

517 3128 633 3168 non
663 3109 1052 3182 loquentium.

587 3201 680 3256 29.
707 3199 906 3272 Neque
937 3196 1206 3264 etiam,ut
1227 3196 1352 3268 jam
1385 3195 1494 3251 iter
1514 3211 1824 3268 carpamus
1843 3198 2160 3268 arreptum,

2275 625 2444 664 suam
2474 609 2732 666 voleutes
2757 608 3324 678 statuere,voluntati
3341 607 3445 665 Dei
3465 601 3546 664 nil
3563 607 3679 665 nisi
3691 608 3929 678 justum

2273 703 2331 754 et
2359 697 2576 754 bonum
2610 699 2862 754 amantis
2894 698 3286 772 dedignantur
3309 714 3372 755 se
3401 697 3648 754 subdere
3679 699 3934 768 [Rom.x,

2273 787 2351 856 3),
2384 802 2490 843 nec
2521 804 2620 843 cor
2650 788 2720 843 ad
2771 788 2828 843 id
2869 789 3052 844 Deum
3098 793 3340 856 vertere,
3377 787 3478 844 sed
3525 785 3934 842 adversarium

2275 877 2596 932 amentiam
2653 876 2900 949 implere
2944 877 3111 950 (252).
3165 876 3430 932 Secundo
3479 875 3588 931 hoc
3635 873 3769 930 ideo
3821 873 3937 930 dici

2275 981 2582 1038 agnoscas,
2615 981 2687 1020 ne
2721 964 2854 1038 quis
2885 969 3045 1020 tuam
3079 965 3212 1038 plus
3235 963 3618 1037 justotimeat
3647 963 3938 1030 iram,aut

2276 1053 2498 1110 ambiat
2528 1053 3024 1126 gratiam:Bonum
3051 1062 3128 1110 est
3157 1055 3309 1110 enim
3335 1069 3556 1126 sperare
3585 1054 3648 1108 in
3677 1053 3935 1120 Domino,

2277 1157 2438 1214 quam
2482 1159 2703 1214 sperare
2753 1145 2816 1198 in
2857 1144 3203 1215 principibus
3248 1143 3422 1212 (Psal.
3457 1159 3631 1210 cxvn,
3661 1140 3762 1214 9);
3795 1157 3936 1197 cum

2279 1231 2454 1287 etiam
2483 1232 2803 1288 maledictus
2833 1233 2905 1288 ab
2935 1231 3046 1288 alio
3078 1233 3306 1288 dicatur
3334 1231 3639 1304 propheta,
3659 1232 3758 1304 qui
3785 1247 3941 1304 spem

2274 1332 2438 1376 suam
2479 1323 2635 1394 ponit
2677 1323 2738 1378 in
2785 1321 3003 1378 homine
3053 1321 3183 1394 (Jer.
3231 1337 3372 1390 xvn,
3410 1321 3490 1394 5).
3521 1321 3790 1392 Itemque
3830 1337 3941 1392 per

2281 1408 2464 1466 alium
2521 1427 2534 1466 :
2586 1411 2698 1482 Ego
2746 1412 3008 1468 Dominus
3061 1411 3306 1483 formans
3377 1410 3554 1466 lucem
3622 1413 3674 1465 et
3744 1422 3940 1465 creatis

2281 1498 2548 1568 tenebras,
2580 1501 2792 1571 faciens
2827 1515 3022 1572 pacem
3067 1503 3120 1556 et
3164 1516 3359 1556 creatis
3403 1501 3618 1555 malum
3647 1499 3778 1568 (lea.
3808 1515 3938 1565 xcv,

2277 1587 2357 1660 7).
2425 1588 2680 1644 Dicendo
2745 1589 2900 1644 enim
2971 1605 2984 1644 :
3055 1589 3156 1645 Cor
3236 1590 3382 1660 regis
3448 1589 3510 1644 in
3580 1604 3756 1643 manu
3821 1587 3940 1656 Dei,

2282 1693 2601 1750 quocunque
2674 1678 2910 1734 voluerit
2975 1685 3147 1734 vertet
3203 1677 3345 1734 illud
3402 1677 3566 1750 (Prov
3593 1720 3606 1734 .
3667 1693 3768 1732 xx:
3793 1718 3808 1745 ,
3860 1676 3938 1744 4),

2281 1765 2405 1822 vult
2433 1783 2636 1823 omnes
2669 1781 2926 1836 monere,
2955 1770 3014 1824 te
3061 1765 3144 1822 nil
3174 1783 3348 1840 posse
3375 1767 3654 1839 perﬁcere
3697 1765 3941 1838 iratum,

2285 1854 2398 1912 nisi
2431 1857 2586 1928 quod
2619 1856 2745 1928 ipse
2777 1855 3244 1928 permiscrit;nee
3273 1855 3588 1912 concedere
3617 1855 3942 1930 placatum,

2285 1943 2399 2000 nisi
2427 1945 2582 2017 quod
2616 1945 2742 2018 ipse
2788 1945 3060 2002 voluerit.
3092 1945 3374 2010 Quocirca
3397 1961 3460 2002 se
3500 1943 3694 2022 solum
3715 1945 3939 2014 timeri,

2282 2050 2346 2090 se
2377 2033 2567 2091 solum
2601 2033 2927 2105 amari,sibi
2958 2034 3196 2090 omnino
3228 2033 3310 2090 nil
3342 2033 3505 2107 cupit
3533 2031 3813 2106 conferri,
3848 2050 3945 2091 ne-

2283 2121 2426 2179 dum
2452 2123 2710 2196 przeferri
2747 2141 2760 2179 :
2796 2125 2952 2196 quod
2985 2141 3103 2180 una
3150 2122 3500 2180 sententiola
3525 2121 3782 2180 breviter
3808 2123 3942 2196 pul-

2283 2211 2570 2270 cherrime
2617 2217 2706 2270 est
2753 2213 2826 2270 ab
2877 2211 3139 2286 apostolo
3189 2211 3726 2286 comprehensum:
3769 2213 3946 2270 Deum

2280 2303 2481 2371 timete,
2525 2317 2704 2374 regem
2731 2303 3084 2374 honoriﬁeate
3112 2303 3186 2372 (ΙΙ
3203 2303 3352 2358 Petr.
3388 2317 3451 2368 ιι,
3485 2301 3595 2375 17).
3637 2302 3718 2357 Ac
3767 2301 3817 2358 si
3851 2298 3942 2358 di-

2281 2395 2448 2447 catur
2479 2407 2492 2448 :
2527 2391 2842 2448 Dominum
2871 2391 3093 2460 timete,
3129 2391 3464 2447 ministrum
3491 2390 3798 2448 honorate.
3825 2391 3943 2448 Sed

2279 2496 2385 2536 cur
2417 2481 2700 2538 mutando
2731 2481 2973 2537 verbum
3007 2480 3193 2554 levigo
3219 2479 3441 2536 dictum
3461 2479 3490 2536 ?
3518 2480 3691 2536 Deum
3713 2481 3939 2550 timete,

2277 2585 2458 2642 regem
2487 2570 2841 2640 honoriﬁcate
2867 2569 3011 2624 dixit
3045 2585 3059 2624 :
3093 2585 3200 2625 nec
3229 2567 3618 2642 perfunctorie
3669 2569 3942 2642 quidem,

2279 2663 2343 2714 ut
2373 2663 2617 2716 autumo
2643 2677 2657 2724 ;
2689 2659 3010 2715 honoratus
3041 2658 3188 2731 (253)
3215 2657 3372 2714 enim
3395 2657 3642 2713 aliorum
3666 2657 3937 2714 reddaris

2277 2747 2712 2821 obsequiis,qui
2741 2764 2811 2802 ex
2839 2751 2894 2803 te
2921 2747 3186 2819 ejusdem
3217 2763 3280 2803 es
3309 2744 3932 2804 conditionis.Utenim

2277 2841 2482 2910 potens
2513 2854 2642 2894 esse
2673 2835 2888 2908 possis,
2921 2851 3037 2892 non
3082 2835 3141 2892 in
3171 2839 3248 2904 te,
3282 2835 3384 2892 sed
3433 2835 3494 2890 in
3543 2835 3928 2892 servientium

2275 2927 2550 2983 manibus
2581 2927 2760 2982 situm
2792 2925 3164 2982 voracissima
3193 2924 3422 2981 noveris
3453 2943 3467 2982 :
3503 2925 3656 2981 unde
3687 2928 3745 2980 et
3773 2941 3928 2998 quos

2273 3020 2478 3085 terres,
2511 3016 2637 3089 ipse
2677 3015 2809 3088 plus
2841 3015 3076 3072 metuis.
3109 3014 3298 3070 Metiri
3341 3019 3533 3071 autem
3567 3029 3694 3071 sese
3722 3031 3926 3088 quem-

2275 3122 2452 3180 quam
2481 3105 2642 3174 dicit,
2663 3110 2730 3161 ut
2759 3107 2821 3178 [ι.
2853 3105 3169 3178 quisnuam
3201 3104 3391 3172 debet,
3424 3104 3509 3176 ut]
3541 3103 3796 3160 Avienus
3838 3103 3926 3160 di-

2273 3195 2372 3262 cit,
2404 3195 2770 3268 propriisque
2791 3194 2984 3268 juvari
3015 3193 3312 3266 laudibus,
3343 3209 3448 3250 nec
3493 3193 3734 3250 alterius
3767 3193 3929 3252 bona

519 3283 627 3346 tibi
659 3267 856 3345 omnia
884 3287 1058 3343 licere
1087 3267 1256 3358 putes
1282 3285 1538 3358 exsequi,
1574 3267 1700 3356 qua;
1729 3267 2001 3340 voluntas
2031 3302 2168 3358 sug-
2199 3267 2242 3335 C
2281 3283 2448 3354 ferre,
2481 3267 2540 3340 id
2573 3288 2660 3338 est
2689 3267 3030 3356 computare
3061 3281 3194 3339 sibi.
3225 3281 3370 3338 Vide
3413 3297 3548 3356 ergo
3593 3286 3653 3338 ut
3705 3285 3763 3340 et
3803 3283 3929 3341 tuis

526 3377 676 3457 gerit
705 3375 882 3432 cordi.
913 3375 1058 3431 Cum
1081 3375 1240 3442 audi,
1273 3374 1412 3446 quia
1457 3390 1556 3429 cor
1585 3373 1737 3446 regis
1766 3372 1823 3427 in
1859 3391 2038 3429 manu
2069 3373 2170 3430 Dei

529 3465 713 3537 (Prov.
745 3481 861 3532 xxi,
896 3466 969 3531 1),
1001 3463 1154 3518 scias
1183 3462 1371 3518 tribus
1403 3466 1467 3517 ut
1496 3463 1844 3536 investigare
1876 3461 2170 3534 quivimus

529 3552 722 3610 modis
760 3551 868 3609 hoc
899 3569 1071 3624 posse
1100 3551 1366 3624 intelligi,
1400 3567 1646 3624 quorum
1681 3551 1838 3624 prior
1865 3551 1992 3618 tibi,
2025 3551 2170 3610 alter

527 3640 800 3714 subjecit,
825 3657 1076 3715 sequens
1092 3639 1439 3714 generaliter
1453 3639 1725 3712 congruit
1747 3641 2044 3707 omnibus,
2069 3643 2167 3714 qui

526 3736 583 3788 et
613 3729 843 3788 firmius
871 3729 1159 3786 tenendus
1189 3727 1497 3786 sollicitius
1535 3733 1624 3785 est
1650 3730 1990 3786 servandus.
2019 3731 2165 3788 Nam

523 3824 589 3875 ut
619 3819 690 3875 de
719 3817 906 3892 primo
933 3819 1200 3875 dicamus
1231 3817 1604 3880 tecum,scias
1620 3819 1971 3875 cortuumin
1986 3837 2165 3876 manu

519 3924 648 3965 esse
681 3906 779 3964 Dei
805 3925 816 3976 ;
851 3912 906 3964 et
937 3911 1077 3964 tunc
1108 3906 1338 3963 noveris
1366 3909 1500 3963 eum
1531 3905 1676 3962 illud
1727 3907 1993 3980 dirigere,
2029 3927 2163 3966 cum

515 3999 672 4071 quod
699 3996 1158 4072 praecipit,corde
1188 3995 1501 4069 percipere,
1525 4013 1696 4068 opere
1727 3997 2022 4054 studueris
2048 3999 2154 4056 im-

511 4087 690 4162 plere.
725 4086 832 4143 Cor
858 4093 1076 4155 autem,
1101 4103 1218 4142 non
1249 4083 1431 4152 illam,
1465 4103 1591 4158 quae
1623 4086 1734 4142 sub
1765 4087 1942 4143 costis
1967 4087 2158 4146 latens

509 4177 590 4234 ita
614 4175 958 4251 appellatur,
993 4175 1188 4232 carnis
1217 4174 1586 4248 particulam,
1611 4193 1678 4232 ex
1711 4192 1827 4248 qua
1874 4177 1980 4233 rivi
2023 4195 2154 4250 pro-

509 4267 645 4324 dere
677 4269 1001 4322 noscuntur
1026 4283 1328 4333 venarum,
1363 4264 1615 4320 dicimus
1641 4283 1654 4334 ;
1686 4266 1788 4321 sed
1821 4265 1984 4322 illam
2013 4267 2151 4335 vim,

511 4371 627 4428 qua
673 4353 1056 4428 cogitationes
1096 4355 1284 4423 ﬁunt;
1319 4371 1468 4426 quae,
1500 4359 1566 4409 ut
1613 4358 1669 4410 et
1716 4356 1968 4428 majores
2015 4373 2153 4412 sen-

510 4448 732 4510 serunt,
773 4447 830 4498 et
877 4459 1128 4516 magnus
1179 4460 1412 4515 quoque
1461 4443 1607 4499 dixit
1661 4445 1830 4500 Pater
1872 4445 2150 4519 Augusti-

509 4549 644 4598 nus,
682 4532 836 4588 133
867 4531 996 4588 ideo
1027 4530 1137 4587 hoc
1187 4531 1514 4604 appellatur
1543 4533 1796 4604 nomine,
1831 4535 1967 4607 quia
1997 4535 2152 4591 sicut

2279 3373 2599 3430 honoratur
2623 3372 2720 3429 ille
2746 3373 3018 3440 servitiis,
3049 3373 3220 3444 cujus
3250 3371 3556 3428 honoraris
3585 3371 3924 3446 praeceptis;

2279 3460 2603 3534 alienisque
2635 3466 2804 3518 utens
2833 3463 3024 3530 bonis,
3052 3461 3320 3535 ingratus
3349 3460 3609 3534 largitori
3651 3479 3730 3517 ne
3757 3463 3928 3518 exsti-

2279 3551 2436 3608 teris.
2470 3553 2617 3608 Nam
2647 3568 2783 3607 cum
2816 3551 2955 3607 alibi
3007 3551 3286 3607 dixisset:
3317 3550 3532 3606 Subditi
3569 3557 3732 3607 estote
3773 3555 3929 3608 omni

2277 3641 2535 3698 humanae
2562 3648 2835 3698 creaturae
2867 3640 3050 3714 (Ibid.,
3083 3639 3398 3709 13);statim
3427 3637 3627 3696 intulit
3658 3657 3671 3694 :
3700 3647 3934 3714 propter.

2275 3732 2446 3787 Deum
2464 3747 2484 3794 ;
2513 3730 2622 3786 hoc
2652 3735 2760 3798 est,
2795 3731 3074 3786 honorate
3103 3733 3360 3787 creatum
3408 3732 3644 3802 propter
3689 3731 3924 3788 Creato-

2276 3837 2420 3890 rem;
2445 3819 2766 3876 subdimini
2792 3820 2962 3886 facto,
2984 3835 3097 3876 non
3122 3818 3278 3890 facti,
3301 3811 3402 3875 sed
3423 3819 3660 3876 factoris
3679 3835 3918 3892 amore;

2273 3911 2387 3966 sive
2415 3911 2552 3982 regi,
2585 3909 2801 3981 inquit,
2837 3910 2994 3982 quasi
3035 3909 3378 3982 praecedenti
3422 3908 3628 3982 (Ibid.),
3663 3905 3922 3966 subaudi

2263 4003 2489 4072 propter
2511 4000 2683 4055 Deum
2714 4017 2732 4054 :
2761 3997 3028 4055 videlicet
3057 4002 3122 4054 ut
3171 4001 3469 4072 agnoscat,
3502 4001 3726 4071 quanta
3765 4015 3922 4057 reve-

2267 4089 2453 4145 rentia
2501 4088 2626 4162 ipse
2672 4089 2846 4145 debet
2881 4088 3135 4144 Creatori
3187 4089 3420 4161 subjici,
3452 4105 3587 4145 cum
3635 4093 3804 4146 tanta
3833 4090 3914 4146 illi

2263 4178 2624 4252 impenditur
2655 4195 2688 4234 a
2719 4182 2986 4234 creatura
3032 4178 3365 4234 conditione
3413 4177 3727 4234 consimili.
3763 4181 3916 4246 Quid

2262 4267 2376 4325 sibi
2403 4267 2581 4340 exigit
2612 4269 2672 4340 [ι.
2707 4267 2918 4340 exigat]
2951 4269 3110 4340 jure‘
3132 4267 3395 4324 omnium
3428 4267 3732 4336 Dominus,
3765 4270 3914 4328 dum

2257 4359 2424 4412 tanta
2452 4355 2678 4432 exigere
2707 4355 2934 4412 videtur
2963 4356 3294 4413 communis
3309 4361 3528 4412 natura;
3559 4358 3912 4415 aconi‘amu-

2257 4445 2330 4502 lis
2360 4463 2560 4503 servus
2581 4447 2609 4502 ‘I
2639 4447 2807 4502 Deum
2838 4448 3036 4516 timete,
3069 4462 3251 4519 regem
3280 4447 3652 4518 honoriﬁcate.
3681 4446 3911 4505 Timete

2257 4535 2644 4609 flagellantem
2703 4535 3040 4603 Dominum,
3093 4535 3472 4592 honoriﬁcate
3529 4534 3747 4608 ipsum,
3804 4549 3912 4610 per

507 4623 704 4678 motus
728 4637 843 4676 non
875 4621 1246 4710 cessat,unde
1277 4638 1404 4678 sese
1424 4620 1632 4694 pulsus
1649 4623 2149 4698 diii‘unditusque-
2179 4643 2224 4710 Β
2257 4627 2412 4699 quod
2445 4627 2710 4699 [Lquem]
2743 4625 2894 4681 abeo
2917 4623 3550 4698 corrigemini.Metuite
3564 4627 3902 4696 patronum,

505 4725 738 4781 quaque
765 4725 1046 4764 venarum
1077 4709 1137 4764 in
1169 4711 1360 4779 corde,
1392 4711 1474 4768 ita
1505 4729 1618 4768 non
1653 4713 2012 4786 quiescimus
2039 4713 2145 4770 alit-

503 4797 644 4871 quid
672 4797 977 4869 cogitando
1007 4815 1252 4855 versare.
1287 4799 1368 4854 Ex
1397 4804 1514 4856 toto
1547 4801 1744 4875 itaque
1798 4802 1908 4859 isto
1949 4804 2138 4874 corde,

497 4886 607 4944 hoc
637 4891 729 4944 est
756 4887 870 4944 ista
897 4887 952 4943 vi
983 4888 1192 4944 animae
1237 4889 1608 4962 praecipimur
1632 4891 1814 4946 Deum
1847 4889 2092 4964 diligere
2123 4908 2137 4948 :

494 4994 564 5034 ex
590 4977 722 5047 ista,
758 4976 1008 5050 denique
1037 4983 1318 5034 vocantur
1341 4981 1635 5048 excordes,
1669 4981 2140 5049 concordes,dis-

493 5069 715 5139 cordes,
730 5069 1024 5136 vecordes,
1045 5072 1104 5124 et
1133 5070 1425 5125 socordes.
1443 5070 1580 5125 Inde
1607 5069 1962 5142 quibusdam
1993 5071 2136 5127 dici-

489 5161 587 5213 tur
619 5174 632 5214 :
664 5157 906 5226 Reddite,
933 5159 1406 5230 prwvaricatores,
1452 5160 1522 5214 ad
1569 5175 1661 5215 cor
1707 5160 1834 5220 (13a.
1871 5175 2026 5228 ‘XLVI,
2059 5162 2132 5236 8),

559 5265 707 5338 (25οξ
737 5265 886 5338 Male
917 5265 975 5320 in
1005 5263 1164 5338 vulg.
1197 5267 1510 5322 Dominum.

2254 4715 2534 4772 honorate
2565 4716 2717 4788 quod
2746 4713 3158 4772 sustentamini
3198 4713 3496 4770 baculum.
3528 4713 3905 4772 Veneramini

2251 4810 2475 4878 patrem
2486 4821 2610 4872 ,nec
2623 4805 2718 4860 vili
2724 4805 2994 4878 pendetis
3007 4805 3108 4878 qui
3121 4821 3222 4861 vos
3237 4803 3432 4860 erudit
3449 4807 3770 4860 auctorem.
3793 4803 3901 4861 Pa-

2247 4899 2373 4951 vete
2404 4895 2476 4951 ad
2508 4910 2706 4951 vocem
2761 4893 3062 4968 genitoris,
3095 4910 3202 4951 nec
3247 4892 3536 4966 spernatis
3587 4908 3901 4966 personam

2247 4985 2482 5040 tutoris.
3234 5029 3244 5039 .

2316 5075 2404 5129 30.
2438 5073 2524 5130 Ita
2576 5073 2732 5130 enim
2782 5073 3040 5130 dicitur:
3096 5075 3198 5131 Cor
3245 5076 3388 5146 regis
3436 5075 3499 5129 in
3543 5089 3720 5130 manu
3774 5075 3893 5142 Dei,

2244 5179 2562 5236 quocunque
2588 5165 2822 5220 voluerit
2849 5171 3022 5221 vertet
3053 5164 3195 5220 illud
3225 5167 3406 5235 (Prov.
3440 5181 3558 5233 XXI,
3595 5165 3669 5232 1),
3692 5163 3892 5220 sicut:

2243 5287 2394 5326 anno
2442 5271 2567 5326 936.
2600 5271 2825 5327 Confer.
2866 5276 2986 5328 not.
3021 5273 3122 5328 102
3172 5275 3230 5328 et
3275 5273 3377 5328 189
3425 5271 3673 5343 hujusce
3719 5271 3887 5329 tomi.

563 5333 707 5405 (251)
739 5337 1067 5393 Solemnitas
1108 5333 1219 5392 non
1268 5338 1604 5408 loquentium
1652 5335 1870 5392 indic-at
1919 5337 2131 5394 festum

489 5412 825 5480 sanctorum
857 5409 1278 5480 Innocentium,
1316 5407 1430 5480 quo
1462 5407 1582 5463 haec
1613 5409 1831 5480 scripta
1873 5409 2126 5466 fuerunt.

490 5477 726 5532 Festum
759 5483 951 5535 autem
983 5479 1222 5536 indicati
1253 5477 1608 5535 celebratum
1641 5477 1792 5536 anno
1821 5483 1928 5536 935
1967 5497 2034 5536 ex
2065 5499 2130 5537 eo

483 5547 686 5624 liquet,
722 5549 858 5621 quia
888 5550 1064 5624 hunc,
1087 5551 1302 5624 librum
1334 5555 1535 5624 auctor
1571 5552 1825 5608 exaravit
1873 5553 2128 5624 profecto

483 5619 619 5696 post
627 5619 840 5696 librum
857 5623 1180 5678 secundum
1196 5623 1568 5680 lucubratum
1584 5639 1782 5696 mense
1803 5619 2126 5696 Septembri

481 5692 622 5750 anni
655 5693 1007 5764 eiusdem,et
1041 5699 1175 5751 ante
1199 5699 1542 5767 sequentem
1577 5692 2129 5769 scriptumincunte

2315 5345 2457 5405 (252)
2492 5343 2836 5416 Construe:
2899 5353 2958 5400 ut
3007 5345 3325 5414 intelligant
3380 5361 3436 5400 se
3491 5343 3743 5416 amentia
3799 5347 3892 5416 agi

2239 5430 2350 5487 non
2371 5414 2531 5487 corde
2558 5416 2814 5484 regi,.....
2842 5432 2942 5472 nec
2986 5417 3160 5471 Deum
3205 5424 3414 5473 vertere
3463 5430 3554 5472 cor
3583 5414 3652 5471 ad
3689 5415 3746 5471 id
3779 5414 3890 5487 (re-

2239 5485 2412 5559 spicit
2442 5485 2541 5542 illa
2568 5504 2694 5558 quae
2723 5491 2923 5559 postea
2951 5487 3178 5544 subdit:
3215 5488 3316 5544 Cor
3344 5489 3484 5559 regis
3511 5488 3571 5542 in
3601 5485 3892 5544 manu‘Dei

2237 5574 2554 5632 quocunque
2581 5559 2814 5615 voluerit
2837 5567 3004 5616 vertet
3035 5559 3632 5630 illud),sedamentiam
3658 5559 3890 5632 implere

2235 5645 2327 5686 cor
2354 5631 2733 5686 adversarium
2759 5632 2883 5687 Deo.

2309 5702 2454 5764 (253)
2485 5701 2678 5776 Vulg,
2713 5703 3047 5782 honerariis,
3081 5704 3380 5762 mendose.
