4054 6386
157 331 290 399 285
1116 342 1210 407 PR
1222 344 1763 420 ELOQUIORUM
1806 347 1820 410 J

1940 346 2018 411 ηπ
2064 345 2235 412 sax.
2268 381 2348 398 -—
2375 351 2522 415 LIB.
2568 352 2645 444 νε
3466 368 3589 438 286

163 470 323 547 gelio
356 473 506 544 (258)
550 472 870 534 Dominum
929 476 1099 551 (259.)
1131 478 1338 538 Verere
1396 485 1612 552 autem,
1671 498 1745 540 ne
1770 482 1820 539 si
1849 480 2229 578 Aiosontem
2268 483 2417 555 (Gen.
2478 505 2668 578 animi,
2726 492 2840 557 20.)
2898 497 3237 569 Agnoveris,
3298 501 3584 578 Egesippo

162 559 497 636 plusquam
530 569 869 639 perceptum
896 571 984 624 est
1007 585 1290 641 usurpare
1314 569 1479 640 velis,
1504 588 1700 645 pennas
1728 588 1830 644 pro
1939 573 2109 640 teste,
2141 589 2447 648 nunquam
2480 576 2610 636 illos
2651 559 2865 654 defore,
2900 559 3099 644 si'illis
3158 559 3434 651 credulus
3471 559 3584 653 ‘v‘o:

165 651 481 709 invasione
512 653 572 710 in
598 654 822 726 judicio
854 656 1014 714 luere
1036 658 1283 732 cogaris.
1312 660 1463 716 Audi
1493 660 1828 729 Dominum,

166 744 239 796 ut
268 740 449 797 etiam
476 743 650 815 juxta
678 743 931 801 litteram
960 746 1103 802 illud
1128 748 1398 821 accipias,
1432 749 1490 804 in
1521 749 1829 824 Evangelia

165 831 444 887 dixisse:
479 834 663 890 Nolite
719 843 973 890 sanctum
1028 835 1165 892 dare
1217 838 1444 894 canibus
1491 838 1693 911 (illatth.
1728 857 1828 907 vn,

164 919 248 992 6.)
280 920 436 976 Audi
486 923 760 978 eumdem
792 940 895 996 per
944 923 1133 998 legem
1187 925 1473 983 clamasse
1507 945 1518 982 :
1555 928 1829 1001 Quidquid

165 1010 403 1065 Domini
428 1011 678 1082 offertur,
710 1021 960 1068 sanctum
1004 1019 1317 1071 sanctorum
1374 1024 1471 1082 est,
1505 1024 1558 1072 et
1611 1016 1682 1072 ad
1701 1018 1826 1088 jus-

160 1101 415 1172 pertinet
442 1101 784 1157 sacerdotum
812 1104 996 1171 (Nam.
1028 1120 1187 1172 xvm,
1218 1104 1298 1176 9.)
1332 1106 1475 1160 Vide
1532 1122 1666 1178 ergo
1710 1106 1827 1162 sive

166 1193 261 1255 tu,
296 1188 419 1244 sive
441 1189 689 1262 quilibet
708 1191 885 1246 etiam
906 1208 1105 1248 eorum
1139 1194 1219 1265 [id
1243 1197 1322 1249 est
1339 1195 1730 1265 sacerdotum]
1757 1213 1828 1253 ne

170 1278 333 1349 quod
367 1277 592 1334 alendis
625 1277 899 1335 collatum
934 1285 1023 1336 est
1052 1283 1428 1354 pauperibus,
1470 1282 1592 1339 sive
1632 1301 1824 1340 sacer-

168 1365 417 1422 dotibus
446 1367 773 1439 pascendis,
805 1370 1029 1426 tribuas
1062 1371 1326 1428 canibus.

244 1455 337 1510 35.
362 1456 519 1510 Inter
546 1457 700 1513 132
728 1457 847 1512 hinc
875 1474 1112 1514 uxorem
1137 1458 1333 1532 dilige,
1366 1461 1826 1517 concubinarum

172 1544 473 1600 consortia
502 1544 654 1619 fuge.
688 1545 841 1602 Usus
872 1546 1112 1618 quidem
1166 1547 1379 1620 prioris
1436 1548 1536 1605 aevi
1568 1548 1676 1605 iste
1718 1550 1834 1622 fuit,

174 1649 285 1705 pro
317 1633 616 1705 paucitate
633 1634 939 1690 hominum
966 1653 978 1705 ;
1013 1637 1114 1692 sed
1139 1637 1440 1693 deficiente
1463 1638 1823 1708 necessitate,

176 1722 355 1778 debet
387 1739 621 1796 quoque
652 1727 707 1780 et
737 1725 891 1796 quod
916 1729 1152 1798 propter
1177 1727 1582 1784 necessitatem
1613 1728 1824 1801 agitur,

1939 658 2120 718 lueris
2149 679 2296 719 esse.
2330 665 2473 722 Vide
2504 685 2575 725 ne
2605 674 2739 727 cum
2769 671 2829 728 in
2860 674 3089 745 edictis,
3119 679 3405 752 epistolis,
3466 683 3586 741 sive

1940 749 2186 807 decretis
2216 754 2404 810 vocari
2435 757 2662 814 ambias
2693 761 2847 832 pius,
2880 763 2939 820 in
2967 765 3136 823 factis
3160 749 3446 842 appareas
3470 773 3583 828 im-

1938 837 2074 911 pius
2098 857 2112 907 ;
2146 846 2202 911 et
2226 846 2289 897 ut
2313 842 2533 917 aliquid
2557 847 2628 903 de
2654 850 3033 909 saecularibus
3054 837 3583 920 adhuc-audeamus

1936 930 2175 999 tangere
2209 947 2220 985 :
2254 932 2539 1002 Erubesce,
2598 936 2767 994 Sidon
2794 957 2813 994 :
2872 945 2957 996 azt
3010 946 3156 1000 enim
3214 964 3368 1005 mare
3425 953 3579 1023 (Isai.

1934 1031 2093 1087 χχιιι,
2125 1018 2201 1086 4.)
2230 1020 2639 1080 Animadverte
2668 1026 2866 1096 etiam,
2900 1047 3039 1104 rogo
3080 1034 3221 1105 quid
3277 1018 3451 1109 potea
3475 1041 3581 1097 tibi

1939 1103 2112 1173 dicat,
2144 1107 2419 1180 inquiens
2450 1111 2507 1166 in
2529 1117 2724 1187 satyra
2757 1134 2770 1172 :

2122 1230 2440 1304 Exspectata
2463 1235 2555 1304 diu
2587 1239 2803 1289 tandem
2828 1243 3107 1304 provincia
3129 1261 3247 1297 cum
3280 1253 3331 1300 te

2122 1293 2400 1379 itectore‘m
2429 1293 2883 1379 acciperet,.p0ﬁe
2930 1306 3023 1377 irae
3052 1293 3579 1379 frenata-nodumque

2124 1355 2266 1406 Pone
2299 1362 2351 1406 et
2379 1355 2629 1423 avaritiaz,
2663 1355 2916 1416 miserere
2942 1355 3551 1434 inbphiﬁ‘étidc'ibiiﬁin“.

1936 1467 2250 1538 sociorum,
2287 1472 2502 1545 inquit,
2537 1493 2649 1532 non
2675 1496 2995 1552 servorum,
3029 1502 3144 1541 non
3171 1490 3528 1559 sujectorum
3562 1513 3576 1552 :

1938 1557 2133 1614 Omnes
2187 1560 2346 1618 enim
2415 1564 2476 1619 in
2536 1565 2766 1635 Christo,
2854 1575 3182 1631 secundum
3235 1557 3579 1651 Apostolum

1935 1662 2111 1739 unum
2139 1665 2328 1739 sumus
2356 1653 2526 1725 (Rom.
2560 1672 2661 1725 xu,
2683 1658 2762 1731 5.)
2795 1659 2906 1715 Sed
2957 1664 3202 1721 studebo
3226 1668 3354 1739 jam
3384 1673 3441 1725 te
3496 1689 3581 1727 re-

1935 1732 2219 1807 linquere,
2254 1736 2325 1795 ne
2356 1739 2608 1815 alicujus
2639 1746 2856 1817 videar,
2902 1750 3048 1807 velle
3079 1770 3271 1811 mores
3319 1773 3577 1831 carpere.

177 1826 453 1882 cessare;
488 1813 809 1885 praisertim
842 1830 972 1869 eum
994 1814 1252 1871 sciamus
1282 1832 1495 1871 novum
1528 1816 1825 1873 hominem
1860 1860 1905 1925 Β
1934 1826 2118 1880 Simul
2148 1827 2325 1884 etiam
2357 1829 2442 1885 vel
2471 1848 2599 1888 sero
2621 1835 2802 1892 debeo
2833 1839 3194 1911 meminisse,
3248 1861 3341 1902 me
3381 1854 3583 1906 contra

177 1916 326 1925 ..Αη-
363 1905 641 1925 __-.--_L-
681 1901 902 1925 .I-IE..--
940 1903 1089 1925 ll-..“
1147 1922 1246 1925 _____
1301 1905 1361 1925 nr
1399 1905 1412 1925 \
1447 1904 1518 1925 lt!
1546 1906 1638 1925 ,3_1
1692 1924 1699 1925 ,
1726 1924 1731 1925 ,
1786 1912 1821 1925 ,n
1944 1912 1972 1925 η
2358 1919 2370 1925 -
2413 1920 2424 1925 -

174 1916 332 1957 nova
356 1905 649 1974 praecepta
676 1901 906 1959 dedisse
939 1903 1113 1975 (Joan.
1146 1922 1267 1972 xm,
1300 1905 1414 1977 34.)
1446 1904 1743 1963 Ministros
1773 1912 1827 1963 et

172 1989 543 2047 consiliarios
572 1989 678 2046 tibi
709 1989 854 2047 tales
873 1991 1041 2065 elige,
1071 1993 1167 2066 qui
1194 2011 1306 2050 non
1334 1997 1454 2062 tua,
1485 1995 1582 2051 sed
1614 1999 1670 2050 te
1702 2012 1826 2068 pro-

171 2078 392 2136 bentur
420 2078 705 2152 diligere;
738 2096 843 2136 nec
881 2083 1110 2137 tantum
1159 2082 1500 2157 morigeros,
1537 2090 1822 2157 quantum

173 2166 418 2237 amicos,
447 2167 507 2223 id
538 2172 627 2225 est
653 2168 859 2225 anima:
880 2171 1173 2238 custodes,
1198 2171 1299 2244 qui
1324 2176 1378 2228 te
1404 2172 1626 2229 scilicet
1646 2174 1823 2229 corri-

172 2258 343 2329 piant
362 2256 423 2311 in
439 2256 839 2313 misericordia
860 2264 915 2314 et
943 2257 1262 2331 increpant,
1286 2276 1475 2333 neque
1496 2260 1620 2317 oleo
1641 2262 1823 2318 noxiae

171 2345 261 2402 vel
292 2346 607 2402 mortiferae
665 2345 1018 2403 adulationis
1074 2355 1268 2422 caput,
1324 2349 1381 2405 id
1418 2354 1508 2406 est
1565 2356 1822 2408 mentem

170 2439 364 2504 tuam,
381 2435 773 2493 demulceant.
789 2436 934 2493 Cave
957 2437 1132 2493 etiam
1159 2438 1481 2495 delatorum
1502 2439 1820 2497 fallaciam:

171 2528 471 2582 memento
494 2525 728 2581 illorum
747 2525 948 2583 fraude
965 2525 1284 2583 multorum
1293 2528 1417 2599 jam
1432 2527 1822 2586 innocentiam

170 2614 357 2672 fuisse
387 2613 807 2688 praescriptam,
840 2631 871 2671 e
901 2615 1116 2688 quibus
1162 2622 1226 2672 ut
1254 2617 1340 2673 vel
1371 2635 1555 2673 unum
1580 2619 1822 2692 periculi

170 2718 354 2759 causa
383 2719 724 2772 memorem,
758 2704 910 2759 scias
965 2705 1185 2778 Joseph
1227 2722 1517 2762 carcerem
1571 2708 1824 2766 subiisse

243 2829 395 2903 (258)
451 2829 622 2903 Quem
677 2826 920 2903 (scilicet
993 2828 1479 2903 dispensatorem)
1531 2835 1671 2889 scias
1713 2850 1825 2891 esse

164 2900 482 2971 pontiﬁcem
538 2900 767 2989 Domino
841 2901 1069 2989 docente
1096 2900 1101 2901 “
1111 2906 1423 2972 patronum,
1457 2900 1587 2989 gnon
1648 2907 1821 2989 mini—

168 2979 386 3035 strum;
414 2987 579 3044 quem
605 2971 854 3027 eumdem
874 2971 1187 3044 pontiﬁcem
1215 2990 1345 3043 esse,
1374 2983 1524 3046 potes
1552 2976 1818 3046 invmtire,

1939 1912 2157 1971 flumen
2188 1933 2305 1972 non
2339 1919 2546 1976 debere
2576 1930 2796 1981 natare.

2002 2004 2090 2058 33.
2125 2004 2346 2078 Regina
2375 2009 2486 2064 es?
2532 2018 2741 2082 praeter
2769 2014 2916 2070 alias
2973 2017 3334 2092 innumeras,
3394 2026 3582 2084 multa

1932 2089 2108 2147 etiam
2140 2109 2268 2164 qua:
2300 2099 2359 2150 et
2388 2095 2493 2151 tibi
2514 2098 2643 2168 jam
2675 2103 2948 2172 superius
2989 2109 3184 2177 posita
3238 2089 3582 2185 competunt

1935 2179 2307 2249 documenta,
2340 2182 2522 2242 habes
2553 2203 2701 2259 quas
2732 2189 3001 2263 imiteris,
3040 2195 3318 2255 Helenam
3358 2203 3581 2260 scilicet

1930 2267 2298 2326 Constantini
2329 2278 2463 2344 post
2495 2275 2739 2332 Mariam
2773 2279 3010 2349 Christi,
3045 2284 3460 2358 Radegundem
3488 2309 3577 2349 re-

1932 2358 2131 2429 ginam
2164 2359 2381 2430 pariter
2410 2367 2465 2418 et
2493 2362 2803 2437 virginem,
2837 2368 3157 2428 Clodildem
3205 2375 3490 2448 Clodovei,
3523 2387 3582 2438 et

1931 2445 2229 2503 Placillam
2260 2449 2592 2508 Theodosii.
2620 2454 2736 2511 Has
2768 2457 2818 2511 si
2851 2458 3101 2517 volueris
3130 2462 3372 2533 imitari,
3405 2474 3462 2525 et
3477 2445 3578 2527 hic

1931 2541 2161 2608 sceptra
2189 2536 2433 2595 feliciter
2462 2542 2625 2613 regni
2658 2547 2984 2618 praesentis,
3015 2558 3070 2604 et
3128 2550 3268 2620 illic,
3303 2556 3402 2611 ubi
3447 2559 3575 2629 jam

1930 2623 2040 2679 illae
2071 2634 2516 2697 praecesserunt,
2548 2632 2598 2687 si
2632 2638 2826 2689 tamen
2854 2637 3020 2709 sequi
3072 2656 3189 2695 non
3220 2642 3574 2716 dedigneris,

1931 2712 2267 2772 felicissime
2296 2718 2557 2776 obtinere
2589 2722 2827 2793 praemia
2856 2725 3073 2783 valebis
3105 2730 3263 2803 regni
3305 2734 3575 2793 coalestis.

1928 2839 1980 2894 si
1998 2839 2158 2964 llegis,
2220 2842 2401 2912 ipsum
2450 2859 2657 2916 quoque
2687 2848 2980 2926 Dominum
3033 2851 3240 2910 dixisse
3298 2859 3357 2912 in
3395 2858 3576 2916 Evan-

1932 2925 1994 2964 ae
2021 2926 2092 2964 ιο.

1965 2925 2092 2965 αιτο.

1931 2927 2153 3052 θθῖῗὲρ)
2177 2981 2371 3057 Vulg.,
2404 3001 2709 3058 perperam
2739 2991 2979 3047 Domini.

171 3127 3576 3173 Ἦ

1163 3262 1570 3349 INCIPIT
1631 3265 1957 3351 LIBER
2018 3268 2577 3381 QUINTUS.

1675 3424 2083 3437 ———_

241 3510 445 3569 Mirari
473 3510 621 3568 forte
653 3508 907 3582 aliquem
939 3508 1258 3584 contingat,
1290 3526 1425 3567 cum
1457 3510 1697 3584 tricipiti
1727 3529 1818 3568 vo-
1848 3516 1891 3584 C
1926 3515 2013 3588 [f.,
2044 3517 2314 3591 perferet]
2343 3520 2691 3592 periculum,
2725 3543 2795 3582 ex
2824 3544 2939 3599 quo
2964 3530 3331 3592 Gubernator
3358 3539 3577 3595 cuncti-

169 3600 466 3658 luminum
486 3598 659 3657 lintre
680 3598 985 3671 contiguos
1000 3599 1479 3672 proposuerimus
1498 3605 1677 3657 aestus
1697 3606 1820 3657 ten-

170 3694 290 3749 tare
319 3690 468 3755 ($30)
494 3705 612 3762 qua
633 3688 703 3744 de
729 3704 788 3743 re
816 3691 938 3743 tam
961 3688 1217 3743 enormis
1251 3687 1310 3742 in
1344 3688 1473 3756 isto,
1508 3706 1682 3761 quem
1703 3689 1818 3746 Deo

171 3781 425 3838 donante
454 3777 976 3844 transnatavimus,
999 3778 1152 3833 139
1185 3777 1554 3851 granditatis,
1579 3777 1820 3834 subieri-

172 3887 305 3927 mus
337 3868 640 3934 carabum,
674 3865 928 3939 impares
959 3864 1045 3922 vel
1076 3867 1147 3922 de
1179 3866 1402 3923 caiteris
1430 3866 1649 3923 ﬁnibus
1679 3884 1817 3923 con-

174 3960 449 4017 cedentes
478 3955 727 4013 carinas.
758 3955 865 4011 Sed
898 3954 1124 4012 noverit
1161 3960 1369 4028 praeter
1398 3954 1677 4028 temporis
1726 3956 1816 4012 in-

174 4045 638 4124 congruentiam,
670 4044 845 4102 etiam
878 4062 1155 4101 aurarum
1176 4044 1429 4101 maxime
1460 4045 1519 4100 id
1550 4050 1818 4118 expostu-

174 4139 325 4197 lasse
353 4135 1032 4204 inconsonantiam;dum
1053 4152 1170 4191 non
1192 4151 1376 4191 unum
1402 4139 1503 4190 aut
1524 4134 1671 4191 duos
1694 4139 1818 4191 tan-

176 4225 503 4296 tummodo,
535 4224 635 4281 sed
664 4222 988 4296 perplures,
1023 4222 1125 4296 qui
1153 4223 1418 4279 infractis
1479 4222 1817 4279 cautissime

177 4314 435 4390 scopulis
465 4317 682 4371 rectam
712 4329 815 4386 per
852 4329 1085 4384 aequora
1140 4312 1493 4368 deducerent
1546 4312 1812 4385 puppim,

177 4422 268 4463 res
287 4403 628 4479 depoposcit
646 4399 968 4459 naucleros.
985 4401 1130 4500 Nam
1148 4401 1289 4457 dum
1311 4401 1593 4500 gauderet
1613 4400 1815 4500 pelago

178 4512 239 4554 se
254 4496 382 4568 jam
411 4496 739 4566 exemptam
770 4491 953 4547 nostri
983 4491 1182 4547 carina
1238 4490 1547 4560 sermonis,
1580 4490 1818 4546 brachia

175 4601 412 4643 rursum
435 4580 780 4654 fluctifragis
801 4581 1115 4637 concodere
1132 4580 1308 4636 remis
1340 4579 1603 4652 proxima
1623 4596 1818 4636 mone-

174 4676 272 4734 bat
300 4671 645 4747 Charybdis.
676 4672 831 4727 Adco
861 4670 955 4726 his
988 4676 1174 4726 totum
1206 4668 1640 4726 calamitatibus
1668 4686 1816 4741 opus

176 4764 393 4823 exstitit
413 4761 849 4835 tempestivum,
870 4764 933 4816 ut
958 4759 1173 4815 mirum
1200 4776 1316 4817 non
1338 4758 1648 4833 pertulisse
1671 4776 1817 4815 nauo

177 4855 447 4929 fragium,
480 4852 583 4909 sei
626 4850 819 4924 potius
847 4848 1099 4907 evasisse
1134 4849 1327 4906 vivum
1359 4849 1431 4923 (si
1461 4853 1658 4905 tamen
1690 4866 1816 4922 per-

177 4943 440 5014 evaserit)
471 4945 739 4998 nostrum
770 4939 939 4995 nobis
978 4938 1247 4995 videatur
1303 4938 1667 5037 nauclerum.
1702 4938 1812 5037 Sed

178 5030 585 5108 aggrediamur
605 5031 754 5102 jam,
786 5028 1014 5127 Christ-0
1036 5028 1290 5101 auspice,
1315 5032 1371 5084 et
1399 5027 1536 5083 hinc
1565 5027 1814 5127 aequoris

177 5122 408 5181 tametsi
465 5118 835 5195 inaequalem,
895 5117 1187 5174 enimvero
1252 5135 1356 5173 nec
1414 5117 1813 5190 permodicum

180 5214 394 5271 sinum.
458 5210 724 5269 Forsitan
777 5209 935 5265 enim
1007 5211 1064 5264 et
1119 5207 1217 5264 hic
1273 5207 1509 5280 aliquod
1574 5205 1817 5280 pertulit

249 5340 396 5403 (260)
425 5335 721 5416 (laudere
745 5333 940 5416 inquit
967 5349 1071 5405 pro
1102 5349 1290 5416 auare,
1351 5333 1437 5416 vel
1495 5349 1640 5416 cu_r._
1669 5338 1815 5416 Con-

182 5402 380 5468 strue:
434 5402 671 5489 tricipiti
728 5402 1074 5489 voluminum
1109 5402 1306 5489 :lintre,
1366 5405 1424 5489 id
1482 5412 1570 5461 est
1618 5406 1815 5489 tribus

181 5482 468 5556 prioribus
499 5478 690 5561 libris,
706 5479 1482 5561 preposuerim.tcntarczestus
1501 5478 1814 5561 contiguos;

179 5548 308 5628 forte
334 5553 614 5624 contingat
635 5548 885 5628 aliquem
899 5550 1121 5628 mirari,
1143 5565 1252 5621 qua
1279 5548 1343 5605 de
1364 5565 1441 5616 re,
1456 5565 1578 5628 .seu
1602 5566 1725 5628 cur,
1758 5551 1814 5628 in

182 5621 275 5685 isto
303 5634 419 5683 tam
445 5621 685 5682 enormis
712 5621 1040 5694 granditatis
1070 5629 1222 5688 aestu,
1258 5636 1411 5694 quem
1444 5622 1548 5677 Deo
1579 5621 1817 5678 donante

1927 3610 2133 3676 potens
2146 3608 2408 3665 omnium
2431 3614 2707 3670 carabum
2723 3614 2931 3674 liberet
2955 3627 3222 3679 nostrum
3244 3642 3257 3681 :
3278 3628 3434 3683 unde
3450 3628 3576 3700 plu-

1928 3692 2129 3761 rimos,
2162 3696 2302 3752 dum
2334 3698 2631 3771 placidum
2664 3705 2857 3763 adhuc
2904 3711 3200 3768 modicum
3259 3715 3401 3787 quid
3450 3692 3575 3774 stat

1927 3797 2110 3850 mare,
2142 3785 2487 3844 advocantes
2544 3793 2753 3861 socios,
2813 3813 3138 3868 precemur,
3173 3807 3237 3856 ut
3278 3785 3573 3878 accipiant

1927 3869 1987 3924 in
2017 3873 2277 3930 modicos
2308 3875 2396 3948 [[2,
2422 3877 2792 3955 immodicos]
2822 3885 3156 3961 dueantque
3189 3907 3293 3963 per
3337 3911 3570 3957 aequora

1925 3975 2141 4031 remos,
2175 3963 2347 4021 citius
2377 3971 2574 4039 Optata
2604 3976 2670 4025 ut
2690 3975 2893 4045 tangat
2924 3974 3119 4033 littora
3169 3980 3331 4049 ratis,
3365 3984 3567 4040 morti-

1924 4048 2037 4106 bus
2069 4060 2402 4125 exemptum
2447 4060 2664 4116 nostris
2691 4065 3092 4133 spectantibus
3122 4069 3422 4125 nauticum
3447 4073 3570 4128 red-

1925 4137 2072 4195 dens
2102 4141 2326 4199 amicis.
2363 4145 2462 4200 Eia
2492 4145 2708 4219 igitur!
2738 4156 2794 4205 et
2826 4168 3038 4208 novum
3072 4155 3147 4210 da
3195 4156 3371 4227 Deus,
3403 4160 3567 4215 auxi-

1924 4226 2092 4296 lium,
2126 4235 2300 4303 atque
2333 4234 2550 4290 animis
2583 4234 2821 4294 illabere
2879 4242 3096 4297 nostris
3126 4244 3206 4315 [id
3263 4226 3364 4303 est,
3390 4264 3566 4320 praes-

1922 4320 2076 4385 tans,
2102 4336 2173 4374 ne
2202 4322 2334 4392 etc.]
2371 4340 2442 4379 ne
2471 4341 2504 4379 a
2536 4328 2589 4381 te
2621 4326 2679 4381 in
2710 4326 2905 4400 aliquo
2951 4331 3141 4388 deviet
3183 4336 3368 4391 nostri
3404 4337 3569 4395 callis

1924 4412 2209 4478 praestans
2241 4413 2550 4469 sermonis.

1993 4498 2047 4551 2.
2081 4497 2400 4572 Episcopus
2427 4519 2488 4558 es
2510 4502 2538 4557 ?
2568 4503 2790 4561 Nomen
2824 4508 3041 4579 ipsum,
3080 4528 3238 4586 rogo,
3270 4519 3327 4571 te
3365 4518 3569 4573 admo-

1925 4590 2078 4655 neat,
2112 4588 2369 4644 oflicium
2413 4591 2653 4663 doceat;
2715 4596 2968 4669 dignitas
3025 4605 3190 4659 tanta
3240 4607 3565 4674 conveniat,

1924 4673 2170 4747 antiqua
2206 4682 2516 4751 perpende,
2561 4686 2871 4756 praesentia
2918 4705 3220 4762 compone.
3254 4673 3571 4754 Consider'a

1925 4779 2100 4835 quam
2127 4765 2313 4823 altum
2344 4772 2501 4842 quod
2531 4778 2728 4843 gestas
2759 4777 3128 4849 vocabulum,
3190 4799 3364 4855 quam
3426 4802 3567 4842 san-

1923 4858 2105 4921 etum,
2139 4873 2315 4928 quam
2349 4859 2426 4914 sit
2453 4866 2774 4919 vetustum.
2815 4867 3063 4924 Attende
3114 4877 3283 4927 tuum
3335 4873 3396 4928 in
3426 4874 3569 4930 Abel

1925 4944 2274 5002 sacrificium
2306 4956 2609 5021 acceptum
2659 4953 2810 5023 (Gen,
2846 4971 2922 5024 tv,
2956 4959 3036 5025 4,)
3096 4960 3448 5017 munditiam
3506 4963 3565 5017 in

1922 5032 2118 5089 Enoch
2141 5038 2304 5092 tuam
2336 5038 2681 5096 translatam
2707 5042 2858 5113 (Gen.
2877 5062 2932 5114 ν,
2966 5047 3081 5115 24,)
3113 5052 3170 5103 te
3200 5049 3257 5103 in
3292 5049 3410 5104 Noe
3432 5067 3566 5122 pro-

1924 5125 2054 5193 pter
2075 5123 2370 5193 justitiam
2399 5134 2756 5185 reservatum
2784 5132 2934 5203 (Gen.
2966 5151 3043 5200 vr,
3076 5135 3156 5204 8.)
3208 5137 3416 5191 Arcam
3473 5138 3565 5193 in-

1922 5209 2119 5285 telligo
2141 5204 2457 5272 Ecclesium
2481 5218 2661 5288 (Ibid.,
2693 5221 2804 5288 14,)
2828 5221 3151 5279 animantia
3170 5225 3317 5295 (261)
3340 5225 3567 5284 diverse

1924 5340 2408 5416 transnatavimus,
2444 5341 2833 5416 scilicetlihro
2859 5349 3083 5416 quarto,
3114 5348 3444 5406 subierimus
3474 5369 3564 5408 ca.-

1924 5409 2139 5495 rabmn,
2172 5410 2229 5465 id
2257 5417 2346 5495 est
2376 5430 2610 5495 parvam
2639 5409 2916 5495 cimbam,
2948 5419 3031 5473 vet
3052 5409 3275 5476 carinas
3303 5422 3565 5495 impares,

1922 5481 2263 5567 concedentes
2292 5483 2357 5567 de
2381 5481 2596 5540 caeteris
2622 5487 2845 5567 ﬁnibus.
2883 5481 2909 5567 ι’
2943 5563 2951 5567 _
3126 5500 3131 5505 ‘

1996 5555 2149 5637 (261‘).
2171 5553 2460 5637 Construe.
2489 5573 2501 5611 :
2532 5553 2842 5637 animantia
2870 5559 3115 5635 intelligo
3139 5580 3339 5637 genera
3392 5567 3566 5629 homi-

1926 5640 2060 5679 num
2088 5625 2298 5681 diverse
2325 5626 2592 5683 distincta
2619 5630 2919 5705 affectibus.
