4054 6378
492 356 498 365 ’
510 348 624 414 287

1432 342 1814 410 RATHEBII
1859 342 2102 408 EPISC.
2144 341 2431 407 VERON.
2477 340 2653 408 OPP.
2699 341 2898 408 PARS
2941 342 2992 408 Ῑ.

3797 339 3920 406 288

495 488 787 550 distincta
815 484 1122 547 affectibus
1142 478 1450 542 hominum
1476 495 1688 556 genera
1720 475 1870 555 (Gen.
1901 495 2018 550 XIX,
2039 479 2151 555 22,)
2167 477 2234 546 ,Α
2262 477 2379 535 ista
2391 476 2851 551 duocongruunt
2869 475 3061 537 ordini
3074 476 3351 538 maxime.
3378 492 3558 555 quam
3588 475 3918 554 pontiﬁcali

492 582 775 639 'dilivium
808 578 1100 635 mundum
1130 574 1286 651 (Gen.
1333 590 1430 640 v11,
1463 574 1541 644 7,)
1573 575 1631 627 et
1685 568 1896 643 evigila
1952 575 2155 626 contra

508 671 904 745 naufragium.
940 667 1000 724 Si
1031 666 1264 740 quando
1292 664 1465 719 datur
1493 659 2061 733 tranquillitas,cave
2082 677 2153 716 ne

492 762 789 833 subrepat
815 753 1384 826 ebrietas.Perpende
1416 750 1837 806 Melchisedech
1870 748 2153 806 obtulisse

507 866 720 923 panem
745 853 804 905 et
833 847 1033 902 vinum
1066 844 1193 900 Gen.
1216 859 1329 909 xw,
1363 841 1479 907 48,)
1507 845 1564 896 et
1593 838 1785 911 regale
1816 843 1984 894 tuum
2006 839 2151 910 figu-

508 954 673 995 rasse
702 935 1106 993 sacerdotium.
1138 930 1433 987 Abraham
1474 929 1585 984 fide
1617 928 1768 992 (Gen.
1800 944 1890 982 xv.
1923 927 2003 993 6,)
2033 944 2151 998 qua

504 1026 672 1092 vivis,
706 1025 754 1080 si
782 1029 976 1080 tamen
999 1022 1162 1093 justo
1188 1020 1354 1087 vivis,
1380 1017 1631 1090 placuit;
1665 1021 1721 1072 et
1751 1017 2046 1081 sacerdos,
2087 1019 2151 1070 ut

504 1122 570 1173 tu
601 1130 848 1188 quoque,
890 1112 937 1168 si
970 1116 1165 1167 tamen
1197 1126 1258 1165 es
1301 1109 1471 1181 quod
1513 1107 1747 1176 diceris,
1807 1105 1932 1160 fuit.
1988 1105 2148 1160 Isaac

504 1222 638 1262 cum
663 1204 921 1260 Rebecca
949 1199 1091 1273 quid
1124 1198 1237 1253 nisi
1269 1196 1552 1254 Dominus
1581 1200 1640 1251 et
1666 1193 1926 1251 Ecclesia
1945 1194 2142 1261 ?(Gen.

490 1310 651 1361 xxrv,
677 1293 790 1354 67.)
823 1290 1085 1361 Denique
1114 1292 1171 1343 et
1197 1287 1321 1359 ipse
1348 1289 1661 1357 postquam
1683 1286 1772 1339 est
1800 1283 1938 1355 quia
1964 1282 2148 1337 voluit

504 1382 759 1450 oblatus,
779 1380 1048 1437 victimas
1070 1392 1220 1449 saepe
1243 1374 1472 1438 obtulit,
1492 1390 1725 1446 gregem
1750 1372 1923 1444 pavit,
1939 1375 2146 1443 puteos

490 1472 668 1539 fodit,
700 1486 852 1542 quos
871 1465 1183 1538 allophylis
1204 1462 1586 1535 implentibus
1625 1461 1773 1518 alios
1803 1476 2037 1516 rursum
2061 1461 2144 1515 fo-

494 1561 637 1617 dere
666 1576 784 1615 non
815 1554 1183 1625 distulit,sibi
1203 1550 1968 1620 laborans,teiustruens,ut
1985 1549 2145 1604 victi-

498 1650 619 1705 mis
636 1644 983 1713 assiduis,id
997 1640 1560 1708 mamortilicatione
1581 1637 2146 1695 carnisetcontritio-

496 1755 577 1795 ne
597 1733 1178 1805 cordis,-Dominol)eo
1190 1734 1245 1786 te
1260 1731 1455 1802 ipsum
1468 1726 1793 1801 quotidiein
1809 1744 1911 1783 ara
1932 1726 2144 1783 mentis

494 1827 731 1884 alteras.
754 1821 1159 1879 Sacerdotium
1181 1818 1486 1916 tuum
1514 1834 1547 1872 a
1567 1834 1680 1916 quo
1702 1815 2142 1916 illudﬁaccepisti
2166 1849 2218 1916 γε

501 1912 879 1973 commendes
896 1911 1071 1976 140,
1088 1912 1293 1982 puteos
1309 1906 1570 1972 effodias,
1596 1905 1703 1960 hoc
1723 1908 1814 1960 est
1832 1904 2141 1975 Scripturm

496 2004 700 2062 abdita
735 2003 810 2060 ab
839 2000 976 2056 imis
1014 1997 1423 2072 mysteriorum
1481 1995 1756 2059 educens,
1817 1993 2142 2049 rationibus

499 2094 705 2152 ovibus
732 2091 940 2149 offeras
967 2089 1106 2155 tuis,
1136 2103 1209 2142 ne
1240 2083 1579 2159 ignorantiae
1609 2100 1708 2140 eas
1755 2086 1956 2141 enecet
1986 2082 2137 2138 sitis.

489 2183 674 2241 Jacob
704 2183 880 2253 caput
905 2179 964 2234 in
994 2176 1186 2250 lapide
1213 2191 1454 2248 ponens,
1479 2174 1873 2245 eumdemque
1893 2172 2022 2228 fuso
2047 2173 2141 2228 de-

490 2288 674 2346 super
724 2270 849 2327 oleo
904 2268 964 2323 in
1012 2265 1256 2323 titulum
1302 2263 1532 2337 erigens
1585 2263 1737 2337 (Gen.
1790 2279 1982 2329 xxvnl,
2027 2263 2136 2329 18,)

493 2378 689 2420 nonne
708 2358 825 2417 tibi
850 2355 1287 2414 evidentissime
1315 2354 1490 2425 (262,)
1522 2351 1748 2424 pandit,
1777 2367 1953 2422 super
1972 2350 2137 2406 Chri-

489 2456 652 2509 stum
678 2452 858 2521 caput
894 2445 1133 2510 mentis,
1186 2459 1319 2498 cum
1351 2459 1385 2497 a
1442 2440 1825 2497 saecularibus
1880 2440 2136 2497 vacando

493 2539 779 2598 dormites
802 2536 961 2592 curis
1001 2531 1093 2589 vel
1151 2532 1378 2587 actibus
1435 2547 1538 2602 per
1589 2528 2137 2601 contemplationem

493 2630 704 2686 debere
724 2640 961 2699 ponere,
974 2625 1039 2678 ut
1056 2621 1399 2693 angelorum
1417 2635 1724 2675 ascensum
1755 2619 2037 2675 descensu
2047 2635 2137 2674 m-

493 2734 611 2791 que
638 2712 918 2771 mercaris
975 2710 1331 2782 conspicere,
1363 2709 1421 2763 id
1454 2711 1561 2776 est,
1608 2708 1708 2763 ubi
1766 2724 1895 2764 sese
1943 2707 2139 2763 divina

494 2805 671 2864 caelos
702 2819 879 2875 super
927 2798 1196 2856 attollant
1224 2796 1459 2869 eloquia
1491 2814 1503 2852 :
1539 2796 1636 2853 ubi
1682 2813 1816 2853 vero
1872 2797 2037 2854 vobis
2070 2797 2132 2869 [l.

492 2894 685 2967 nobis]
707 2909 820 2965 quo
844 2895 1141 2962 utcunque
1169 2887 1297 2959 capi
1329 2887 1556 2959 possint
1601 2886 2133 2954 condescendendo,

495 2985 663 3058 quasi
686 2983 756 3039 ad
787 2984 1056 3038 nostrum
1075 2977 1446 3043 concordent,
1471 2974 1719 3031 humilia
1739 2975 2137 3032 debereintel-

2261 568 2631 626 excellentiae.
2664 568 2881 642 Joseph
2913 586 3047 626 vero
3075 569 3278 627 tunica
3303 569 3505 627 talaria
3545 574 3603 625 et
3643 566 3919 642 polimita

2246 660 2401 732 quid
2435 658 2547 715 nisi
2576 659 2663 714 tui
2693 658 3000 715 sacerdotii
3032 660 3303 734 designat
3332 659 3587 732 insignia
3606 659 3634 714 ?
3659 658 3693 715 J
3702 658 3776 714 ob
3807 673 3914 731 pro

2261 749 2397 805 filiis
2426 754 2626 804 octavo
2657 748 2750 804 die
2770 748 3123 805 sacrificium
3147 750 3417 818 oil‘erens,
3443 749 3646 821 eisque
3677 746 3919 804 benedi-

2259 839 2440 895 cendo
2463 837 2837 894 sanctiﬁcans
2859 838 3030 893 dictis
3051 842 3108 894 et
3126 838 3319 905 factis,
3334 855 3507 911 quem
3530 836 3913 911 potissimum

2258 945 2437 1001 quam
2467 931 2523 983 te
2552 927 2795 982 instruit
2816 927 2845 982 ?
2866 928 3100 1000 Moyses
3119 944 3252 982 vero
3274 927 3398 999 ipse
3419 943 3565 999 pene
3585 930 3749 982 totus
3770 930 3913 981 tuus

2257 1017 2521 1073 noscitur
2550 1033 2697 1072 esse.
2731 1015 2888 1071 Nihil
2926 1017 3083 1071 enim
3140 1016 3201 1071 in
3231 1016 3423 1073 verbis
3452 1015 3751 1090 gestisque
3781 1015 3914 1086 ejus

2256 1106 2512 1162 invenire
2537 1105 2772 1178 poteris,
2806 1105 2983 1177 quod,
3017 1106 3067 1161 si
3127 1106 3275 1161 bene
3322 1104 3639 1179 intelligas,
3673 1109 3779 1161 aut
3836 1104 3910 1160 ad

2246 1196 2508 1252 litteram
2540 1200 2640 1250 aut
2670 1195 2741 1250 ad
2773 1211 3014 1252 sensum
3048 1211 3165 1250 non
3214 1193 3435 1249 imitari
3474 1194 3726 1266 cogaris.
3759 1193 3909 1257 Quid

2254 1287 2324 1341 de
2344 1288 2533 1341 Aaron
2564 1285 2807 1357 ejusque
2839 1283 2994 1354 filiis,
3028 1284 3229 1353 .losue,
3261 1285 3531 1355 Samson,
3571 1288 3752 1357 atque
3781 1299 3910 1339 om-

2254 1373 2430 1430 nibus
2462 1372 2636 1430 Israel
2662 1372 2988 1444 judicibus,
3013 1372 3282 1429 Samuele
3300 1389 3535 1446 quoque
3564 1371 3666 1429 illo
3698 1373 3912 1428 oratio-

2251 1464 2427 1519 nibus
2454 1462 2784 1535 impetrato,
2818 1463 2878 1517 in
2896 1462 3113 1535 templo
3135 1462 3314 1519 etiam
3339 1462 3578 1531 nutrito,
3603 1462 3912 1519 omnibus-

2251 1569 2365 1624 que
2390 1551 2793 1608 ecclesiasticie
2825 1550 3144 1607 functionis
3175 1550 3388 1607 insulis
3417 1551 3723 1625 insignito,
3770 1567 3909 1606 cum

2248 1647 2418 1697 actus
2444 1657 2727 1714 personae,
2743 1640 2872 1712 ipsa
2890 1640 3065 1696 etiam
3089 1640 3441 1697 officiorium
3457 1639 3910 1710 vocabula,tuas

2248 1747 2462 1797 mores,
2491 1735 2594 1785 tua
2605 1730 2766 1801 jura,
2799 1730 2887 1784 tui
2917 1730 3225 1786 sacerdotii
3279 1730 3614 1802 praedicent,
3656 1729 3910 1785 instru-

2250 1825 2370 1888 ant,
2402 1824 2460 1876 et
2484 1820 2750 1893 pandant
2770 1818 3027 1892 insignia
3047 1818 3075 1873 ?
3094 1818 3415 1875 Veniamus
3438 1819 3509 1875 ad
3530 1818 3715 1875 David
3732 1816 3911 1875 illum

2250 1907 2689 1965 sanctissimum
2717 1912 2929 1975 vatem,
2954 1907 3429 1979 potentissimum
3454 1924 3676 1981 regem,
3704 1906 3911 1965 fortis-

2251 1997 2469 2054 simum
2490 1996 2829 2053 bellatorem
2856 2014 2870 2064 ;
2895 1995 3395 2069 pugnatissimum
3418 1998 3505 2068 [[2,
3532 1996 3913 2070 pugnacissi-

2250 2086 2435 2159 mum]
2468 2086 2738 2154 militem,
2768 2088 2914 2141 141
2957 2085 3436 2157 acceptissimum
3466 2085 3584 2141 Deo
3629 2085 3911 2142 sacerdo-

2251 2179 2386 2232 tem.
2419 2176 2568 2240 Quid
2599 2174 2658 2230 in
2688 2174 2962 2230 omnibus
2994 2191 3124 2246 quae
3155 2174 3226 2230 de
3255 2174 3384 2247 ipso
3444 2174 3728 2254 leguntur
3770 2174 3908 2243 erit,

2249 2265 2361 2321 nisi
2389 2269 2443 2320 te
2473 2268 2572 2320 aut
2596 2263 2979 2336 spiritualiter
3008 2269 3111 2319 aut
3140 2263 3442 2321 moraliter
3468 2263 3645 2321 etiam
3674 2263 3738 2320 iu
3782 2264 3906 2336 his,

2248 2371 2375 2427 quae
2407 2352 2729 2409 secundum
2763 2351 3019 2408 litteram
3054 2350 3540 2425 reprehensibilia
3595 2351 3905 2421 videntur,

2247 2443 2385 2516 quid
2417 2459 2618 2515 ageres
2647 2441 2888 2497 docuit?
2920 2441 3177 2513 Denique
3203 2441 3361 2514 pavit
3390 2457 3651 2515 gregem,
3682 2457 3905 2497 ursum

2246 2531 2455 2588 occidit
2486 2535 2542 2587 et
2572 2530 2823 2598 leonem,
2849 2530 2969 2586 ictu
3001 2528 3185 2602 lapilli
3223 2529 3535 2602 prostravit
3589 2529 3902 2603 gigantem

2245 2623 2290 2693 (Ι
2318 2622 2442 2692 Reg.
2473 2636 2666 2685 xxxnv,
2698 2618 2815 2692 49,)
2846 2623 3018 2674 cantu
3052 2617 3315 2690 psalterii
3349 2617 3636 2691 mitigavit
3672 2619 3905 2675 daemo-

2246 2726 2379 2767 nem
2413 2714 2462 2779 (Ι
2492 2712 2614 2781 Reg.
2647 2726 2758 2777 xw,
2789 2710 2903 2777 23,)
2934 2707 3174 2764 inimico
3215 2706 3475 2781 pepercit
3507 2707 3553 2781 (Ι
3577 2708 3706 2779 Reg.
3734 2724 3903 2776 XXIV,

2243 2801 2278 2854 7
2307 2817 2320 2868 ;
2351 2814 2503 2868 xxvx,
2536 2799 2615 2871 9,)
2675 2797 2863 2853 ﬁlium
2922 2797 3072 2869 fugit
3101 2797 3174 2870 (II
3205 2798 3338 2870 Reg.
3399 2814 3491 2867 xv,
3518 2797 3638 2869 411,)
3694 2813 3903 2853 coram

2245 2905 2379 2944 arca
2406 2887 2640 2943 Domini
2680 2885 2913 2943 saltavit
2938 2888 3012 2950 (II
3040 2888 3165 2956 Reg.
3193 2903 3269 2953 v1,
3303 2886 3430 2959 44;)
3459 2884 3602 2958 quid
3656 2885 3719 2941 in
3764 2886 3904 2941 uni-

2242 2977 2424 3037 versis
2453 2977 2547 3034 his
2577 2975 2875 3033 moraliter
2904 2974 3402 3047 spiritualiterque
3432 2974 3695 3048 acceptis
3720 2973 3902 3031 intel-

490 3074 690 3148 ligere,
722 3071 912 3144 ipsam
944 3067 1195 3140 denique
1223 3069 1447 3138 petram
1479 3063 1603 3121 oleo
1635 3063 2049 3121 misericordia:
2079 3069 2136 3121 et
2238 3067 2397 3142 ligis,
2430 3066 2545 3123 nisi
2572 3067 2827 3139 pastoris
2849 3063 3228 3123 ecclesiastici
3260 3063 3666 3122 fortitudinem
3706 3064 3901 3122 nudae

491 3158 914 3235 compassionis
946 3158 1209 3213 fraterne:
1267 3153 1708 3226 superfundere,
1743 3154 1899 3226 quod
1955 3159 2043 3209 est
2070 3157 2136 3209 ut
2168 3221 2205 3235 η
2245 3157 2417 3224 ciam,
2450 3156 2780 3212 orationum
2811 3154 3227 3220 emolumenta,
3259 3152 3623 3227 patientiam,
3675 3154 3900 3210 exerci-

491 3221 722 3324 semper
742 3245 1138 3322 superexaltes
1160 3242 1619 3301 misericordiam
1646 3243 1869 3315 judicio
1901 3245 2034 3308 (Jac.
2068 3260 2131 3310 η,
2163 3221 2206 3289 C
2245 3246 2442 3318 tiaque
2471 3243 2653 3301 divini
2683 3243 2897 3313 cultus,
2930 3246 3223 3316 postremo
3261 3247 3428 3299 rectae
3459 3242 3900 3315 praedicationis

494 3343 598 3410 10),
631 3344 697 3396 ut
725 3338 992 3395 eamdem
1022 3340 1079 3391 et
1125 3334 1251 3406 ipse
1309 3332 1588 3405 consequi
1650 3332 1929 3388 merearis
1959 3350 1993 3388 a
2022 3333 2134 3388 Do-

492 3429 674 3496 mino,
705 3427 1016 3499 ipsumque
1046 3422 1345 3478 Christum
1377 3425 1614 3477 actuum
1658 3423 1894 3476 tuorum
1936 3424 2132 3493 caput,

490 3519 553 3574 id
582 3519 692 3589 est,
725 3514 959 3571 initium
990 3517 1048 3568 et
1076 3511 1277 3577 ﬁnem,
1298 3514 1356 3566 et
1385 3511 1569 3565 totius
1592 3509 1788 3583 gloriae
1811 3514 1923 3566 tuae
1948 3527 2132 3582 spem,

492 3601 1052 3673 ooronam,titulum,
1078 3598 1326 3656 etveluti
1347 3598 1656 3670 cujusdam
1674 3616 1851 3672 super
1872 3616 2132 3673 aggeres,

494 3692 685 3751 sibilis
716 3693 802 3764 [[2,
836 3688 1070 3760 nobilis]
1101 3686 1252 3743 arcis
1282 3703 1410 3743 esse
1468 3686 1681 3743 debere
1742 3687 1993 3760 insigne,
2024 3688 2134 3743 hoc

495 3801 613 3852 ess,
641 3786 707 3837 ut
734 3779 966 3837 sobrius
997 3794 1238 3833 manens
1267 3776 1565 3843 fratribus,
1600 3780 1791 3831 mente
1822 3780 2015 3832 autem
2038 3793 2135 3833 ex-

495 3874 708 3930 cedens
737 3870 871 3937 Deo,
904 3868 952 3923 si
986 3867 1125 3940 quid
1156 3865 1445 3939 gloriaris,
1480 3865 1541 3920 in
1574 3865 1820 3921 Domino
1870 3865 2135 3938 glorieris

495 3964 541 4036 (Ι
570 3962 690 4019 Cor.
723 3977 761 4029 ι,
793 3960 906 4021 31.)
940 3956 1205 4029 Denique
1225 3956 1402 4012 Jacob
1436 3955 1675 4010 fratrem
1718 3954 2132 4027 supplantavit,

493 4066 698 4125 greges
716 4048 891 4122 pavit,
913 4063 1121 4103 uxores
1141 4046 1289 4101 duas
1319 4054 1588 4117 (quarum
1623 4045 1809 4115 major
1831 4044 2010 4116 lippa,
2033 4043 2134 4100 sed

492 4140 777 4208 fecunda;
809 4138 1002 4194 minor
1019 4135 1247 4192 venusti
1268 4138 1563 4208 aspectus,
1587 4133 1686 4188 sed
1713 4132 2011 4189 infecundi
2028 4133 2139 4188 fuit

494 4232 832 4303 conceptue)
860 4226 1028 4283 duxit
1060 4243 1073 4281 :
1108 4241 1283 4297 quem
1314 4223 1376 4278 in
1408 4223 1502 4278 his
1552 4221 1806 4277 maxime
1860 4221 2135 4278 omnibus

493 4319 608 4376 nisi
637 4323 693 4374 te
724 4316 967 4373 docuit?
992 4315 1140 4378 (263)
1174 4312 1274 4385 qui
1305 4310 1521 4368 diaboli
1578 4310 1826 4368 astutias
1866 4310 2137 4384 prudenti

494 4407 821 4483 provisione
852 4404 1113 4460 illudcre.
1139 4401 1337 4458 activze
1358 4400 1486 4457 vitae
1509 4417 1611 4472 per
1638 4399 1910 4457 exercitia
1940 4406 2135 4474 pasto-

492 4498 634 4554 ralis
664 4493 1074 4553 sollicitudinis
1104 4492 1312 4547 uberes
1334 4506 1576 4562 operum
1593 4489 1745 4545 fetus
1768 4490 2137 4563 gignere,per

2242 3339 2300 3391 et
2326 3335 2456 3390 vitae
2489 3333 2791 3390 schemata
2819 3332 3240 3390 sacerdotalis?
3270 3332 3547 3389 Salomon
3567 3349 3900 3406 omnesque

2242 3440 2408 3498 reges
2438 3424 2603 3480 Judae
2633 3426 2691 3478 et
2716 3422 2970 3491 Israelis,
2995 3422 3272 3479 omnibus
3293 3422 3419 3479 suis
3449 3421 3621 3479 bonis
3642 3423 3899 3491 actibus,

2241 3513 2372 3587 ipsa
2430 3529 2662 3585 quoque
2718 3512 3014 3581 unctione,
3048 3528 3246 3584 quem,
3300 3510 3415 3567 nisi
3448 3515 3529 3579 te,
3588 3512 3904 3568 docuerint

2243 3602 2538 3658 maxime?
2568 3600 2888 3674 Prophetas
2915 3600 3057 3673 quid
3089 3616 3236 3673 opus
3265 3605 3356 3657 est
3398 3601 3723 3670 decurrere,
3754 3616 3898 3657 cum

2241 3691 2556 3765 prophetas
2613 3689 2852 3758 imitari,
2887 3689 3203 3763 pr0phetas
3245 3704 3549 3762 exponere,
3608 3685 3901 3762 propheta

2242 3783 2367 3854 ipse
2393 3795 2625 3853 quoque
2652 3779 2867 3835 debeas
2896 3795 3024 3834 esse
3042 3778 3070 3833 ?
3128 3778 3450 3851 Siquidem,
3483 3781 3736 3834 testante
3782 3783 3899 3835 Do-

2243 3870 2425 3937 mino,
2459 3886 2608 3925 nova
2636 3872 2694 3925 et
2721 3871 2916 3923 vetera
2945 3866 3015 3922 de
3033 3866 3309 3923 thesauro
3341 3865 3537 3923 cordis
3558 3867 3734 3925 debes
3764 3883 3902 3940 pro-

2242 3959 2390 4015 ferre
2420 3959 2625 4025 (Matth.
2660 3972 2783 4024 xm,
2815 3956 2929 4029 55.)
2961 3956 3426 4013 Machabaeorum
3468 3955 3561 4012 ala
3611 3955 3716 4012 illa
3772 3956 3895 4012 for-

2240 4048 2471 4105 tissima
2500 4048 2560 4103 in
2592 4046 2867 4103 omnibus
2898 4044 3111 4118 prieliis
3135 4045 3628 4118 victoriarumque
3648 4062 3896 4118 proven-

2241 4137 2421 4204 tibus,
2455 4136 2597 4208 quid
2623 4135 2737 4190 nisi
2772 4139 2935 4191 tuam
2965 4139 3169 4190 contra
3196 4133 3458 4190 visibiles
3484 4138 3541 4190 et
3567 4133 3896 4191 invisibiles

2242 4226 2439 4282 hostes
2460 4224 2862 4297 quotidianam
2884 4222 3183 4291 orationis,
3198 4222 3893 4296 praedicationis,pimqne

2243 4313 2596 4388 operationis
2626 4312 2904 4386 praedicat
2932 4329 3216 4386 pugnam,
3274 4312 3708 4385 triumphisque
3759 4329 3895 4386 pro-

2244 4404 2423 4460 mittit
2456 4403 2731 4477 plamam,
2765 4402 3149 4474 braviumque
3200 4406 3334 4474 post
3383 4401 3733 4459 victoriam?
3761 4402 3896 4459 Haec

2245 4493 2482 4566 quidem
2515 4493 2586 4548 de
2613 4490 2811 4561 veteri,
2845 4495 2912 4547 ut
2940 4490 3347 4565 antiquitatem
3380 4491 3465 4548 tui
3485 4507 3772 4565 agnoscas
3798 4494 3896 4547 at-

496 4584 878 4642 intcntionem
909 4599 1041 4638 vero
1073 4581 1331 4636 aethereos
1371 4578 1877 4651 contemplationis
1926 4596 2134 4653 specu»
2165 4594 2212 4659 Β
2245 4600 2358 4656 que
2382 4581 2755 4654 amplecteris
2788 4580 3120 4639 ministerii.

496 4673 677 4731 lativa
705 4688 935 4743 semper
958 4673 1070 4728 Deo
1100 4671 1276 4726 debes
1306 4684 1433 4742 qua:
1464 4672 1603 4724 sunt
1659 4670 1989 4741 quaerendo,
2043 4687 2133 4726 sa-

497 4762 731 4837 piendo,
758 4759 847 4816 vel
873 4761 1121 4817 amando
1152 4759 1450 4816 inhaerere.
1491 4757 1646 4814 Nulli
1704 4759 1862 4815 enim
1918 4760 2136 4832 pariter

568 4878 716 4945 (262)
749 4876 934 4941 Quam
990 4874 1296 4947 prolixaet
1353 4874 1601 4947 obscura
1656 4872 1777 4929 haec
1835 4874 2131 4947 periodus.

497 4952 783 5008 Construe
816 4965 827 5003 :
861 4963 972 5002 non
992 4945 1068 5002 ne
1091 4945 1289 5018 pandit
1314 4946 1416 5000 tibi
1434 4945 1856 5009 euidentissime}
1889 4951 1981 5014 (te)
2012 4964 2136 5004 cum

495 5020 731 5081 vocando
760 5020 1024 5076 dormitas
1054 5035 1087 5073 a
1114 5019 1262 5073 curis
1285 5018 1369 5073 vel
1399 5018 1608 5072 actibus
1644 5018 2021 5074 saecularibus
2049 5020 2137 5075 de-

497 5097 620 5152 bere
642 5110 744 5167 per
770 5090 1278 5167 cmztemplationem
1300 5105 1500 5167 ponere
1525 5095 1686 5161 caput
1730 5091 1954 5167 mentis_
1974 5106 2138 5162 super

500 5160 793 5231 Christum,
824 5171 885 5219 ut
910 5160 1174 5219 merearis
1200 5163 1501 5233 conspicere
1529 5160 1812 5216 ascensum
1840 5169 1895 5217 et
1921 5160 2134 5218 descen-

496 5254 617 5295 sum
647 5237 987 5308 angelorum,
1021 5234 1077 5290 id
1104 5237 1206 5308 est,
1237 5232 1553 5308 ubzdiviua
1597 5233 1819 5308 eloquia
1847 5248 1960 5308 sese
1979 5235 2136 5308 attol-

500 5311 616 5365 lant
644 5303 808 5380 super
829 5308 984 5363 caelos
1015 5306 1153 5380 :ubi
1179 5320 1302 5380 vero
1330 5305 1448 5362 haec
1475 5303 1937 5380 condescendendo
1958 5306 2137 5372 nobis,

534 5397 602 5436 uo
631 5375 905 5451 utcunque
934 5379 1057 5449 capi
1080 5375 1601 5451 possint,iquasiad
1626 5386 1869 5451 nostrum
1916 5392 2137 5451 concor-

534 5398 602 5436 ΠΟ
631 5398 905 5451 utcunque
934 5398 1057 5449 capt
1080 5398 1308 5448 posszm,
1339 5398 1499 5449 quasi
1529 5398 1601 5430 (ιιι
1626 5398 1869 5432 Ίιυδινωη
1916 5398 2137 5433 σοησον-

498 5398 648 5517 deut,
682 5454 732 5505 te
760 5450 952 5505 debere
978 5450 1283 5520 intelligere
1311 5449 1575 5512 humilia,
1607 5456 1658 5502 et
1684 5447 1917 5519 denique
1945 5448 2140 5505 debere

498 5520 953 5595 superinfundere
1008 5521 1177 5590 ipsam
1224 5525 1439 5595 petram
1494 5521 1609 5576 oleo
1656 5520 2050 5577 misericordia)
2087 5526 2140 5578 et

497 5592 1181 5721 coinpassionieralernzc
1195 5592 1387 5665 {quod
1406 5599 1483 5647 est
1511 5599 1571 5647 ut
1597 5607 1809 5663 semper
1825 5594 2141 5663 superexal~

500 5674 575 5721 tes
603 5666 887 5721 misericor
924 5665 1037 5721 iam
1067 5665 1288 5721 iudicio.
1321 5672 1383 5720 ut
1411 5673 1461 5721 et
1489 5664 1609 5721 ipsa
1656 5666 1917 5720 merearis
1957 5681 2140 5721 consc-

500 5674 575 5724 tes
603 5664 1037 5723 misericordiam
1058 5664 1288 5738 judicio,
1321 5672 1383 5720 ut
1411 5673 1461 5721 et
1489 5664 1609 5736 ipsa
1656 5666 1917 5720 merearis
1957 5681 2140 5721 consc-

2313 4673 2371 4728 3.
2410 4676 2472 4727 In
2503 4684 2651 4728 novo
2683 4674 2880 4728 autem
2901 4670 3274 4727 Testamento
3297 4686 3424 4742 qua:
3443 4669 3647 4743 lingua
3675 4668 3893 4739 dicere,

2241 4761 2374 4836 quis
2386 4761 2715 4818 intellectus
2727 4760 3411 4833 sufﬂcitcapcrc,quanta
3422 4760 3775 4816 documenta
3784 4760 3893 4816 tibi

2242 4880 2339 4953 qui
2365 4877 2607 4934 eamdem
2635 4894 2669 4932 α.
2716 4877 2945 4933 Domino
2974 4893 2993 4931 :
3025 4878 3321 4953 ipsumque
3368 4875 3675 4953 Cbristum_
3702 4875 3895 4953 debere

2243 4948 2359 5008 esse
2384 4953 2546 5021 caput
2571 4957 2794 5004 actuum
2824 4956 3064 5013 tuorum,
3105 4948 3163 5004 id
3192 4948 3273 5004 est
3302 4950 3532 5021 initium
3559 4955 3613 5021 et
3638 4948 3895 5019 linem,et

2242 5038 2408 5094 spem,
2440 5019 2717 5087 coronam,
2749 5021 2997 5086 titulum,
3026 5022 3319 5094 etinsigne
3336 5020 3513 5094 totius
3558 5019 3759 5094 gloria
3786 5024 3894 5076 tua

2244 5092 2416 5150 ueluti
2443 5109 2607 5164 super
2630 5108 2850 5164 aggeres
2896 5092 3186 5165 cujusdam
3216 5093 3414 5148 nobilis
3472 5093 3638 5162 arcis,
3670 5093 3769 5148 hoc
3817 5100 3897 5149 est

2245 5174 2307 5222 ut
2335 5165 2548 5220 sobrius
2576 5180 2823 5220 manens.
2858 5167 2966 5220 etc.

2316 5237 2470 5305 (363)
2518 5235 2848 5309 Construe:
2880 5237 2996 5309 iqui
3045 5235 3304 5307 prudenti
3359 5233 3894 5309 prmvisioue'ﬂdebes

2247 5309 2480 5364 illudere
2509 5309 2745 5363 astutias
2773 5307 3003 5373 diabbli,
3031 5324 3130 5380 per
3158 5307 3427 5364 exercitia
3465 5308 3763 5380 pastoralis
3789 5308 3896 5363 sol-

2247 5381 2556 5437 licitudinis
2580 5381 2710 5436 vita:
2735 5381 2929 5437 activae
2956 5379 3112 5436 debes
3139 5382 3365 5450 gignere
3391 5379 3531 5453 fetus
3558 5379 3748 5453 uberes
3771 5395 3896 5453 pope-

2246 5470 2394 5520 rum,
2421 5469 2520 5524 per
2549 5453 2911 5508 intentionem
2952 5468 3074 5509 vero
3115 5451 3398 5510 aetherem
3427 5451 3896 5524 eonlemplationis

2246 5523 2457 5597 semper
2480 5524 2637 5580 debes
2666 5525 2936 5580 iuha’rere
2964 5525 3068 5580 Deo
3125 5524 3443 5596 qua’rendo;
3497 5524 3781 5597 sapientia,
3815 5523 3896 5579 vel

2248 5597 2481 5654 amando
2512 5612 2636 5670 quae
2664 5604 2791 5654 sunt
2819 5597 3169 5669 speculativa.
