4054 6386
139 365 265 428 289

1100 365 1742 440 PRIELOQUIORUM
1789 363 1993 426 LIBRI
2040 345 2323 427 sax.'—
2353 368 2495 429 LIB.
2543 369 2613 430 v.

3439 380 3559 443 290

147 502 484 572 suppetunt
507 500 765 559 vivendi?
793 501 898 560 Hic
919 502 1151 569 melius,
1171 505 1236 559 ut
1262 519 1408 568 reor,
1439 506 1494 558 te
1514 499 1797 574 alloquor,
1828 499 1882 566 Α
1913 500 2067 571 quod
2100 500 2360 558 triticum
2392 507 2609 576 erogat,
2640 505 2742 578 qui
2773 506 3007 579 penitus
3025 513 3084 565 et
3111 511 3254 583 quid
3285 513 3362 569 sit
3403 514 3557 570 triti-

147 589 703 661 tuiequeindustria:
722 595 911 648 totum
923 591 1253 649 committo.
1264 592 1535 648 Scrutare
1547 589 1797 661 Scripta~

144 694 264 744 res,
294 677 482 735 divini
512 678 730 753 eloquii
760 679 942 737 libras
965 680 1208 749 revolve,
1243 679 1538 752 apostolos
1581 678 1795 750 aspice,

143 770 443 839 martyres
458 767 610 835 vide,
631 768 994 827 confessores
1013 770 1265 838 attende,
1280 769 1439 841 ipsas
1460 768 1656 835 etiam,
1672 783 1798 839 quas

143 872 281 912 cum
315 856 535 914 saeculo
561 860 619 914 et
640 875 845 915 sexum
865 859 1149 927 vicerunt,
1172 859 1428 931 virgines
1445 861 1674 914 contem
1682 855 1801 928 pla-

147 963 230 1002 re.
266 945 641 1004 Instauratos
671 948 996 1005 secundum
1026 948 1136 1005 Job
1166 952 1369 1005 contra
1412 950 1469 1004 te
1499 950 1584 1003 tot
1619 948 1798 1001 testes

145 1035 282 1107 (Job.
310 1052 371 1103 χ,
406 1036 496 1107 17)
544 1035 642 1092 Dei
690 1037 1015 1109 perpende;
1049 1053 1252 1109 pacem
1303 1052 1441 1092 cum
1498 1035 1613 1103 his,
1656 1034 1798 1091 dum

144 1123 533 1181 conmbulant
562 1125 631 1181 in
657 1126 770 1182 ista
799 1126 1104 1199 praesentis
1132 1126 1359 1182 itineris
1388 1126 1502 1195 via,
1526 1128 1583 1181 et
1604 1123 1712 1179 tibi
1744 1128 1802 1180 et

144 1213 233 1270 eis
262 1213 585 1273 consulens
615 1214 943 1284 conciliare,
977 1218 1034 1271 et
1071 1213 1202 1271 aliis
1224 1214 1287 1288 [l.
1318 1214 1484 1285 alios]
1521 1217 1587 1269 ut
1634 1212 1800 1271 simi-

145 1300 281 1358 liter
316 1306 498 1376 agant
542 1304 717 1360 stude
762 1304 969 1360 docere
991 1321 1006 1373 ;
1031 1320 1221 1376 usque
1253 1303 1410 1360 enim
1441 1303 1612 1361 aliter
1641 1303 1799 1376 quod

148 1389 367 1448 diceris
398 1392 719 1449 mereberis
746 1409 895 1450 esse.

216 1481 270 1536 4.
292 1480 563 1554 Denique
593 1480 823 1553 pondus
854 1481 1013 1554 quod
1030 1485 1089 1537 te
1120 1481 1333 1555 premit
1351 1479 1804 1553 aspicisto,onus

149 1570 309 1642 quod
356 1569 515 1626 ferre
556 1568 770 1626 videris
802 1586 1022 1643 pensa;
1054 1573 1110 1626 et
1146 1570 1199 1626 si
1229 1571 1355 1641 jam
1401 1570 1594 1626 bonus
1641 1586 1722 1634 es,
1749 1569 1801 1625 si

149 1662 413 1726 sanctus,
447 1658 499 1714 si
522 1660 745 1730 justus,
779 1659 831 1715 si
876 1676 977 1733 per
1007 1664 1221 1715 cuncta
1276 1658 1802 1732 irreprehensibilis

149 1751 413 1804 attamen
443 1748 752 1805 considera
774 1753 931 1815 tuos,
959 1748 1065 1804 tibi
1119 1748 1467 1805 commissos
1525 1748 1757 1804 attende
1786 1766 1801 1815 ;

151 1840 352 1938 utrum
383 1841 444 1938 et
562 1836 711 1938 tales
738 1837 859 1894 sint
888 1837 1132 1894 sollicite
1154 1838 1410 1938 provide.
1429 1837 1627 1938 N‘eque
1641 1836 1801 1893 enim
1827 1872 1877 1938 Β

152 1924 313 1983 solus
346 1929 415 1982 ut
438 1925 560 1995 alii,
576 1926 679 1983 sed
699 1943 836 1983 cum
868 1931 989 1983 toto
1007 1943 1183 2000 grege
1205 1927 1444 1984 Domino
1465 1926 1647 1983 habes
1661 1943 1803 1999 pm-

152 2013 397 2083 sentari,
426 2031 529 2071 nec
561 2019 627 2071 ut
656 2016 891 2082 referas,
925 2020 1099 2088 prout
1145 2015 1399 2089 gessisti,
1431 2018 1661 2071 tantum
1714 2015 1802 2071 tui

154 2104 392 2177 propria
409 2104 670 2177 corporis
691 2109 856 2178 gesta
876 2106 949 2177 (II
976 2106 1097 2162 Cor.
1129 2122 1184 2173 v,
1207 2107 1319 2173 10),
1353 2106 1455 2161 sed
1483 2104 1664 2161 totius
1699 2104 1803 2160 tibi

154 2193 493 2250 commissae-
505 2192 709 2267 plebis.
731 2194 793 2249 Si
815 2199 1031 2261 autem,
1057 2197 1122 2250 ut
1141 2193 1328 2250 levius
1344 2195 1609 2267 graviora
1623 2192 1804 2251 silens

154 2282 368 2351 dicam,
403 2285 467 2338 te
518 2284 858 2355 prmeentari
912 2283 1212 2356 contingat
1267 2282 1482 2355 solum,
1510 2284 1611 2339 ubi
1671 2299 1808 2354 euge

154 2375 323 2427 tuum
354 2369 558 2443 (264)?
587 2373 712 2438 Quo
763 2390 836 2428 ne
881 2389 1102 2439 careas,
1142 2371 1387 2429 sollicite
1453 2372 1805 2429 clamantem

154 2460 291 2516 audi
319 2464 378 2517 et
408 2459 819 2517 consiliantem
848 2461 1157 2534 Sapientiae
1192 2462 1409 2518 librum
1428 2461 1456 2517 ?
1478 2463 1593 2518 Fili
1629 2462 1711 2516 mi
1732 2463 1804 2526 si,

152 2549 505 2622 spoponderis
528 2566 630 2623 pro
657 2552 832 2608 amico
860 2554 975 2619 tuo,
1007 2552 1251 2624 deﬁxisti
1280 2551 1425 2623 apud
1481 2559 1808 2607 extraneum

152 2655 383 2695 manum
408 2644 582 2696 titan.
604 2642 711 2696 Fac
724 2656 855 2709 ergo
880 2641 1021 2713 quod
1048 2641 1154 2697 tibi
1186 2641 1327 2697 utile
1357 2645 1467 2707 est,
1480 2645 1531 2698 et
1561 2642 1803 2712 temetip-

155 2745 291 2784 sum.
329 2728 527 2798 libera,
575 2731 710 2803 quia
758 2729 1009 2787 incidisti
1054 2731 1117 2786 in
1158 2747 1358 2786 manus
1404 2731 1652 2802 proximi
1700 2732 1802 2787 tui.

156 2819 433 2888 Πίσωνι,
463 2820 688 2891 festuca,
728 2821 931 2875 suscita
977 2822 1219 2876 amicum
1262 2824 1437 2886 tuum,
1468 2836 1539 2875 ne
1592 2820 1806 2876 dedetis

154 2923 417 2963 somnum
444 2911 623 2976 tutan,
644 2916 699 2964 et
724 2924 831 2964 non
861 2908 1154 2965 domitent
1175 2909 1461 2981 palpebrae
1478 2913 1594 2966 tum
1621 2908 1801 2983 (Prov.

154 3013 233 3063 γι,
264 2996 409 3065 1ι4).
442 2997 613 3064 Audi,
645 3000 703 3053 et
747 3013 851 3069 per
897 2997 1251 3054 Ezechielem
1302 2997 1410 3053 tibi
1452 2997 1807 3055 clamantem

158 3085 470 3143 Dominum
494 3103 509 3143 :
535 3086 939 3159 Speculatorem
968 3088 1131 3144 I42
1153 3096 1204 3144 te
1240 3086 1365 3143 dedi
1408 3088 1598 3144 domui
1637 3087 1805 3144 Israel

155 3175 371 3245 (Ezech.
413 3191 497 3244 m,
531 3176 617 3244 17,
657 3180 766 3232 etc.
809 3193 823 3232 :
861 3177 933 3232 de
964 3180 1020 3233 te
1052 3178 1111 3231 in
1142 3178 1348 3233 eodem
1380 3176 1529 3233 libro
1561 3177 1803 3250 (quibus

158 3263 239 3319 nil
270 3261 713 3324 comminatius)
737 3263 1055 3321 Jeremiam
1081 3280 1311 3337 quoque
1350 3269 1803 3337 conquerentem
1833 3240 1877 3309 θ

158 3352 216 3408 in
266 3352 523 3409 Threnis
551 3369 566 3410 :
597 3354 831 3410 Parvuli
852 3356 1136 3426 petierunt
1160 3370 1382 3426 panem,
1415 3371 1514 3410 nec
1541 3362 1661 3411 erat
1712 3355 1810 3427 qui

155 3444 443 3513 frangeret
488 3444 569 3499 eis
608 3443 819 3516 (Thren.
852 3460 930 3508 1v,
960 3444 1035 3506 4).
1072 3442 1502 3516 ἰὼῳθινεθῖαθὶαι
1554 3446 1609 3499 te
1660 3442 1807 3499 illud

158 3531 366 3589 saltem
396 3531 486 3589 vel
508 3532 720 3605 judicii
754 3533 1290 3589 tonitruum:Serve
1314 3534 1477 3600 male,
1509 3532 1805 3606 inquiens,

157 3629 213 3678 et
228 3622 417 3696 piger,
450 3638 624 3695 quare
642 3638 757 3678 non
780 3621 977 3678 dedisti
991 3622 1280 3693 pecuniam
1310 3638 1490 3677 meam
1525 3622 1596 3677 ad
1651 3640 1806 3678 men-

154 3726 290 3779 sam,
321 3715 379 3767 et
395 3726 494 3781 ego
516 3714 738 3768 veniens
766 3713 952 3785 utique
977 3728 1103 3766 cum
1131 3728 1298 3767 usura
1324 3712 1619 3783 exegissem
1647 3712 1809 3768 illam

159 3800 305 3872 (Luc.
327 3816 446 3867 aut,
467 3799 582 3861 23‘).
615 3801 685 3856 Et
708 3800 828 3857 haec
854 3799 1093 3873 quidem
1123 3800 1498 3873 torpentibus
1536 3805 1595 3856 et
1649 3801 1803 3858 desi-

161 3889 365 3947 dioeis.

224 3980 281 4034 5.
309 3978 461 4043 Quid
517 3984 651 4036 vero
705 3983 985 4053 putamus
1026 3978 1145 4037 illis
1174 3996 1409 4036 manere
1437 3979 1800 4053 improperii,

160 4066 258 4139 qui
286 4084 427 4123 cum
458 4066 683 4124 nullam
700 4068 975 4125 doctrinae
1006 4069 1333 4142 acceperint
1361 4068 1805 4141 pecuniam,im-

151 4154 429 4228 pudentis.
473 4160 533 4215 et
573 4158 758 4215 fronte
800 4159 1011 4215 canino
1058 4159 1131 4215 de
1173 4175 1291 4215 non
1322 4175 1598 4216 concesso
1629 4160 1805 4233 quasi

1907 604 2040 643 cum
2076 588 2334 661 ignorat?
2356 591 2499 648 Hinc
2529 610 2760 651 mecum
2790 597 2957 653 valde
2990 603 3207 667 metuo,
3230 617 3302 657 ne
3327 604 3551 659 contin-

1906 681 2006 750 gat
2038 678 2276 734 audire:
2309 680 2511 747 Amice,
2544 683 2614 738 ad
2638 685 2780 755 quid
2808 689 3023 754 venisti,
3039 698 3136 744 aut
3162 692 3420 761 quomodo
3450 692 3556 748 huc

1907 767 2153 822 introisti
2197 768 2399 827 (Matth.
2446 788 2585 842 xxu,
2620 773 2754 841 12)?
2780 791 2894 847 quo
2944 777 3091 833 ostio
3114 778 3140 832 '?
3161 796 3279 851 qua
3311 781 3497 851 janua
3526 782 3554 836 ?

1909 854 2127 926 quibus
2157 856 2427 913 meritis?
2457 876 2573 930 qua
2604 865 2987 936 przerogativa
3008 866 3035 920 '?
3070 866 3283 924 virtute
3303 869 3330 923 ?
3351 886 3424 924 an
3466 888 3555 926 sa-

1908 942 2171 1015 pientia?
2202 962 2274 1000 an
2333 947 2641 1004 doctrina?
2667 950 2753 1005 An
2814 952 2959 1007 forte
2990 954 3159 1025 (265),
3202 958 3311 1013 etsi
3369 958 3556 1014 defuit

1911 1032 2339 1103 praedicationis
2369 1036 2575 1106 gratia,
2595 1041 3026 1096 commendavit
3047 1047 3101 1098 te
3122 1043 3248 1099 vita:
3281 1045 3559 1104 innocen-

1907 1120 1993 1175 tia
2010 1121 2037 1175 ’ἶ
2053 1121 2253 1176 Nonne
2270 1123 2506 1195 praedixi
2539 1125 2663 1192 tibi,
2681 1129 2833 1198 quod
2866 1129 3047 1202 etipsi
3065 1132 3555 1193 carnalibusocu-

1906 1207 1981 1264 lis
2010 1224 2247 1266 cernere
2274 1210 2536 1282 potuisti,
2570 1213 2768 1270 dicens
2803 1234 2815 1272 :
2846 1216 3104 1290 Nunquid
3148 1227 3325 1292 potest
3378 1239 3558 1284 cacus

1906 1313 2113 1355 caecum
2137 1297 2329 1356 ducere
2346 1304 2374 1354 ?
2402 1317 2582 1357 nonne
2610 1305 2767 1359 ambo
2796 1306 2856 1360 in
2884 1312 3098 1376 foveam
3155 1310 3358 1369 cadunt
3396 1316 3553 1383 (Luc.

1907 1404 1989 1454 v1,
2016 1388 2110 1456 39)
2129 1388 2156 1442 ’ἶ
2189 1388 2337 1452 Quid
2359 1389 2464 1444 tibi
2492 1392 2780 1460 convenit,
2807 1396 2963 1465 quod
2994 1414 3109 1453 non
3138 1401 3381 1470 potuisti
3427 1407 3553 1460 ten-

1909 1475 2073 1531 tare?
2094 1475 2236 1547 quid
2261 1481 2375 1533 tam
2398 1495 2710 1536 onerosum
2736 1481 2937 1539 tollere
2956 1485 3192 1558 jugum,
3212 1489 3310 1561 qui
3325 1495 3557 1563 portare

1911 1581 2016 1621 nec
2049 1570 2279 1637 poteras
2314 1567 2739 1641 temetipsum?
2770 1572 2835 1626 Et
2864 1573 2965 1643 qui
2999 1577 3108 1630 tua:
3133 1581 3326 1634 tenere
3358 1582 3554 1639 mode-

1911 1657 2140 1710 rauima
2170 1671 2286 1710 non
2316 1672 2559 1714 noveras
2589 1658 2739 1727 vitae,
2760 1661 2946 1732 judex
2986 1663 3110 1719 ﬁeri
3165 1667 3372 1740 utquid
3430 1687 3558 1727 am-

1911 1743 2046 1799 bisti
2074 1742 2325 1800 alienae?
2354 1746 2652 1809 Quomodo
2682 1749 2937 1806 suadere
2977 1751 3081 1808 tibi
3139 1753 3383 1828 Sapiens
3441 1776 3567 1816 non'

1910 1833 2100 1905 potuit
2125 1832 2242 1900 ille,
2268 1834 2370 1906 qui
2401 1834 2578 1891 dixit:
2612 1838 2685 1893 De
2715 1854 2793 1906 re,
2825 1855 2952 1911 quae
2980 1839 3051 1896 ad
3078 1846 3131 1899 te
3159 1860 3269 1901 non
3294 1850 3557 1918 pertinet,

1910 1937 1978 1976 ne
2005 1922 2273 1978 sollicitus
2298 1924 2517 1994 fueris?
2546 1924 2672 1993 Ubi,
2707 1943 2866 1999 rogo,
2892 1946 3064 1987 aures
3094 1931 3561 2009 babebas,quan-

1911 2011 1985 2065 do
2017 2010 2316 2081 dicebatur
2349 2028 2363 2067 :
2396 2013 2611 2069 Alliam
2636 2024 2686 2070 te
2715 2033 2783 2071 ne
2812 2020 3099 2088 quaesieris
3129 2022 3317 2091 (Eccli.
3332 2028 3561 2095 111,22)?

1912 2099 2011 2154 ubi
2045 2116 2159 2154 non
2191 2098 2383 2157 solum
2416 2101 2545 2170 tibi,
2579 2104 2679 2158 sed
2706 2110 2762 2159 et
2790 2106 3086 2175 omnibus,
3112 2110 3211 2181 qui
3261 2114 3372 2169 sub
3418 2116 3558 2172 cmlo

1914 2191 2052 2244 sunt
2102 2189 2408 2259 sapientia,
2467 2207 2754 2260 sermone,
2814 2200 2871 2249 et
2920 2195 3151 2266 virtute,
3202 2203 3404 2272 utpote
3453 2204 3559 2261 Dei

1914 2276 2222 2349 colloquiis
2252 2283 2486 2335 assueto
2516 2281 2685 2353 (260),
2720 2282 3098 2341 indicibiliter
3146 2292 3561 2361 praestantiori,

1914 2366 2139 2422 dictum
2188 2366 2445 2439 legebas,
2479 2368 2632 2425 ultra
2672 2369 2824 2428 vires
2864 2377 2997 2430 tuas
3027 2391 3155 2433 esse
3202 2380 3498 2452 negetium
3529 2384 3558 2438 ‘l'

1915 2456 2214 2520 Quomodo
2235 2456 2339 2511 tibi
2371 2458 2586 2524 sonuit,
2620 2462 2913 2531 quomodo
2936 2480 3051 2521 non
3082 2468 3415 2539 commovit,
3439 2489 3557 2528 non

1914 2545 2145 2611 terruit,
2180 2562 2292 2602 non
2316 2547 2390 2602 ab
2422 2546 2671 2621 inccepto
2703 2552 2989 2608 revocavit
3026 2555 3425 2629 evangelicum
3481 2561 3561 2616 il-

1914 2632 2017 2690 lud
2053 2651 2066 2689 :
2098 2635 2325 2692 Succede
2374 2637 2554 2704 illam,
2598 2646 2658 2694 ut
2701 2640 2833 2711 quid
2879 2644 3050 2698 etiam
3092 2652 3300 2702 terram
3336 2659 3565 2723 occupat

1916 2723 2065 2796 (Luc.
2098 2741 2217 2792 xm,
2237 2726 2293 2797 7)
2313 2724 2342 2778 ’ἶ
2372 2725 2519 2791 Quid
2567 2726 2637 2782 de
2666 2732 2723 2783 te
2768 2729 3086 2801 cogitabas,
3122 2750 3256 2791 cum
3286 2753 3379 2793 me
3422 2754 3563 2795 cons

1915 2816 2257 2884 querentem
2287 2814 2567 2871 audiebas
2593 2831 2605 2872 ε
2637 2817 2887 2874 Tenentes
2917 2820 3094 2890 legem
3120 2826 3438 2883 nescierunt
3472 2845 3561 2885 me

1913 2903 2045 2970 (lcr.
2074 2919 2137 2969 ιι,
2176 2904 2230 2971 8)
2270 2902 2297 2955 ?
2329 2902 2597 2961 Psalmus
2642 2906 2783 2978 quid
2837 2907 2942 2963 tibi
2984 2912 3267 2970 suadebat
3314 2915 3514 2975 dicens
3539 2936 3561 2974 :

1912 2992 2230 3047 Nescierunt
2255 3008 2426 3063 neque
2454 2994 2865 3065 intellexerunt,
2888 2998 2945 3052 in
2977 3002 3214 3057 tenebris
3252 3004 3559 3078 ambulant;

1911 3080 2273 3135 movebuntur
2300 3084 2486 3136 omnia
2503 3083 2865 3153 fundamenta
2894 3089 3242 3160 terrae(Psal.
3262 3096 3513 3168 Lxxx1,5)
3530 3095 3558 3150 ?

1913 3169 1982 3226 Et
2012 3168 2112 3241 qui
2143 3172 2199 3226 te
2221 3170 2307 3242 [/.,
2341 3170 2480 3241 quid
2504 3170 2627 3239 tibi,
2662 3175 2711 3227 et
2739 3173 2974 3231 subaudi
3016 3175 3263 3253 irretito]
3308 3181 3561 3239 diversis

1912 3258 2071 3315 vitiis
2099 3263 2157 3315 et
2185 3259 2558 3332 passionibus
2592 3261 2803 3317 terreni
2851 3264 3111 3336 corporis
3156 3267 3229 3323 ob
3278 3268 3557 3341 ignorati.

1914 3348 2078 3417 tiam,
2112 3365 2227 3421 qua
2250 3366 2364 3404 non
2396 3349 2591 3406 solum
2619 3349 2764 3407 alios
2794 3352 2963 3422 ferre,
2997 3355 3097 3410 sed
3130 3358 3186 3412 te
3218 3374 3449 3433 quoque
3494 3363 3557 3420 in

1916 3436 2207 3496 soliditate
2238 3455 2467 3495 morum
2510 3457 2625 3496 non
2673 3457 2915 3499 noveras
2956 3446 3271 3516 continere,
3305 3450 3563 3529 desuper

1914 3527 2102 3599 posito
2123 3528 2228 3583 tibi
2256 3529 2437 3586 totius
2463 3530 2679 3587 domus
2704 3531 2805 3588 Dei
2843 3549 3035 3604 onere,
3069 3540 3348 3600 censebas
3398 3527 3559 3605 ιλιι

1915 3617 2268 3690 contingere,
2296 3618 2409 3675 nisi
2421 3624 2710 3677 commoto
2732 3622 3114 3682 fundamento
3139 3646 3414 3691 casurum
3428 3636 3557 3695 sine

1915 3707 2091 3765 dubio
2122 3713 2179 3764 et
2206 3708 2285 3775 id,
2319 3709 2474 3780 quod
2496 3715 2619 3766 erat
2648 3713 3223 3783 superszdiﬁcatum?

1981 3800 2036 3852 6.
2068 3799 2202 3854 Haec
2228 3816 2360 3855 vero
2391 3816 2526 3856 cum
2556 3801 2616 3857 in
2636 3804 3227 3877 semetipsisnimium
3242 3814 3458 3885 gravia,
3492 3815 3559 3872 in

1912 3889 2347 3960 comparatione
2374 3890 2706 3963 graviorum
2736 3893 3044 3951 videantur
3076 3896 3244 3967 levia,
3264 3902 3395 3974 ipsa
3419 3921 3555 3977 grea-

1911 3978 2070 4034 viora
2101 3979 2313 4052 partim
2336 3984 2661 4053 tangentes,
2679 3999 2793 4038 non
2824 3988 2997 4056 prout
3017 3992 3156 4043 sunt
3175 3991 3414 4048 omnino
3426 4010 3561 4065 pne-

1910 4068 2161 4125 ferentes
2214 4067 2528 4140 (siquidem
2586 4074 2643 4126 et
2695 4070 3029 4129 facundiam
3096 4083 3376 4147 superant
3431 4097 3548 4137 non

1910 4157 2082 4212 modo
2098 4158 2485 4225 nostram,sed
2509 4162 2566 4213 et
2586 4157 3138 4230 loquacissimorum
3152 4166 3559 4236 quorumlibet:

154 4262 429 4303 concesso
445 4245 773 4320 gloriantur
792 4248 1031 4317 talento;
1047 4248 1147 4321 qui
1171 4249 1392 4320 passim
1406 4254 1801 4322 prorumpunt
1906 4246 2373 4316 existimationem)
2398 4246 2539 4318 quid
2561 4247 2652 4303 his
2675 4253 2951 4320 putamus
2984 4267 3218 4309 manere
3246 4258 3547 4328 tormenti,

151 4340 412 4408 pastores
443 4336 657 4406 vocari,
690 4354 825 4394 cum
851 4336 1045 4393 nullas
1072 4337 1199 4393 vita
1227 4354 1475 4410 pascuae
1508 4338 1795 4409 noverint,

151 4429 204 4480 et
231 4424 668 4497 dispensatores
682 4426 995 4482 Dominicze
1013 4426 1194 4483 videri
1212 4426 1414 4483 volunt
1429 4428 1793 4498 substantias,

152 4530 293 4587 quos
317 4519 550 4572 constat
580 4515 785 4572 inediae
827 4519 988 4588 peste
1038 4516 1343 4573 laborare?
1374 4517 1525 4583 Quid
1570 4522 1789 4585 autem,

1906 4335 2007 4409 qui
2038 4352 2153 4391 non
2180 4334 2370 4391 solum
2396 4352 2651 4408 pascere,
2683 4337 2914 4394 etiamsi
2950 4340 3022 4395 ad
3078 4340 3188 4397 hoc
3237 4344 3549 4403 videantur

1903 4424 2119 4494 idonei,
2145 4441 2378 4498 gregem
2404 4424 2515 4481 sibi
2548 4426 2854 4500 negligunt
2882 4429 3266 4488 commissum
3292 4451 3305 4502 ;
3339 4436 3441 4491 sed
3470 4437 3545 4493 ad

1902 4513 2193 4570 insaniam
2224 4531 2454 4587 quoque
2484 4515 2630 4572 tanti
2663 4517 2818 4588 quod
2865 4523 3098 4591 gestant
3144 4523 3421 4593 nominis,
3454 4542 3561 4583 se--

153 4619 366 4675 quaeea,
387 4605 724 4677 erogat,qui
749 4604 893 4661 nihil
915 4605 1164 4678 accipit?
1210 4605 1311 4677 qui
1344 4606 1461 4675 dat,
1488 4606 1587 4678 qui
1644 4607 1791 4663 nihil
1820 4616 1868 4681 Β
1903 4603 2182 4675 metipsos
2211 4619 2380 4676 agere
2412 4620 2528 4659 non
2559 4605 2838 4662 desinunt
2854 4610 3226 4685 perabrupta
3242 4613 3542 4685 vitiorum;

151 4691 349 4759 habet?
367 4693 512 4766 quid
530 4692 847 4762 ministrat,
872 4694 973 4767 qui
994 4692 1269 4751 erunibus
1290 4695 1541 4769 indiget?
1558 4696 1791 4752 Dicente
1900 4693 2001 4765 qui
2034 4692 2189 4750 ludis
2219 4692 2617 4763 saecularibus,
2651 4681 2977 4767 venatibus,
3001 4704 3058 4756 et
3088 4681 3546 4778 illecebrosisju;

153 4787 342 4839 autem
364 4783 785 4855 patrefamilias
812 4801 825 4841 :
846 4786 1015 4840 Pasce
1042 4799 1162 4841 oves
1187 4801 1336 4841 meas
1356 4788 1661 4855 (Jban.xx1,
1678 4788 1791 4857 17),

155 4872 321 4939 unde,
355 4888 517 4947 rogo,
552 4890 650 4929 eas
680 4874 891 4946 pascit,
926 4873 1026 4946 qui
1055 4873 1185 4945 ipsa
1213 4875 1405 4930 adhuc
1432 4891 1648 4947 pascua
1687 4892 1790 4930 nec

150 4960 269 5034 ipse
296 4961 563 5018 invenit?
583 4961 728 5019 Cum
757 4967 954 5020 autem
979 4962 1167 5019 ﬁdelis
1190 4964 1397 5019 debeat
1411 4964 1531 5020 fore
1552 4964 1788 5036 dispen-

153 5055 303 5106 sator
344 5054 403 5107 et
451 5051 731 5124 prudens;
764 5068 938 5125 quem
969 5052 1257 5108 Dominus
1300 5069 1475 5125 super
1505 5053 1789 5109 familiam

152 5156 313 5196 suam
343 5139 668 5211 constituit,
692 5145 758 5198 ut
778 5142 876 5198 det
894 5140 978 5197 illi
1001 5141 1061 5196 in
1092 5145 1352 5214 tempore
1367 5142 1542 5198 tritici
1560 5159 1792 5198 mensu-

154 5245 271 5286 ram
293 5228 446 5292 (Luc.
469 5246 570 5299 xu,
595 5230 718 5300 i2);
752 5230 892 5304 quid
925 5231 1229 5304 dispensat
1277 5231 1378 5304 qui
1398 5232 1480 5288 'ab
1511 5248 1597 5300 eo,
1631 5232 1786 5304 quod

154 5316 474 5392 dispensari
500 5320 694 5389 debet,
726 5319 850 5393 ipse
872 5320 1116 5392 jejunus
1140 5324 1198 5376 et
1243 5320 1462 5377 stultus
1514 5320 1791 5378 laborat?

216 5444 359 5517 (264)
389 5447 544 5514 Euge
570 5447 747 5517 tuum,
777 5442 933 5517 idem
965 5447 1057 5517 est
1090 5443 1511 5517 acpbenedictio
1543 5449 1599 5500 et
1636 5462 1786 5517 prae-

154 5513 327 5589 mium
341 5513 552 5573 ’tuum.
570 5514 945 5589 Respicitilla
966 5513 1179 5571 Christi
1192 5517 1264 5571 ad
1288 5534 1519 5573 servum
1532 5513 1783 5577 ﬁdelem:

151 5582 310 5662 Euge!
340 5604 495 5662 seme
546 5582 760 5662 bone'et
806 5587 1004 5660 ﬁdelis,
1037 5589 1190 5644 intra
1218 5589 1279 5645 in
1305 5589 1573 5662 gaudium
1607 5590 1788 5650 Domi-

152 5660 210 5720 ni
225 5660 311 5716 tui
335 5661 499 5731 (Luc.
521 5675 640 5729 xxx,
671 5660 780 5731 23).

215 5730 361 5816 (265)
394 5730 594 5814 Vulg"
626 5733 699 5798 de
722 5730 882 5812 forte,
915 5730 1114 5798 minus
1138 5731 1306 5795 bene.

1900 4783 2051 4855 giter
2078 4786 2440 4856 occupantur
2470 4785 2737 4858 aucupiis
2765 4805 2778 4856 ;
2804 4789 2906 4861 qui

2084 4936 2371 4987 Teutonico
2401 4938 2503 4988 ritu
2534 4938 2670 4989 soliti
2701 4943 2947 5005 torquere
2978 4944 3190 4993 cateias.

2857 5005 3022 5068 (Vino.
3054 5006 3256 5056 J‘Eueitl.
3290 5020 3374 5056 vn.
3410 5006 3538 5073 141.)

1899 5144 2134 5198 sanctas
2146 5141 2380 5215 penitus
2398 5144 2499 5201 des
2508 5138 2875 5203 uescuntscri
2881 5152 3102 5220 pturas;
3120 5148 3215 5220 qui
3233 5149 3345 5205 Deo
3359 5149 3536 5220 exuti,

1897 5231 2120 5286 mundo
2138 5232 2497 5306 induti,ipsis
2510 5234 2676 5291 laicis
2689 5254 2802 5293 non
2818 5237 3292 5293 timentvestibus
3316 5240 3540 5297 indusi-

1896 5312 2004 5367 arii
2018 5313 2166 5379 Quid
2179 5329 2312 5370 vero
2325 5315 2395 5371 de
2406 5316 2569 5372 laicis
2583 5333 3065 5389 conqueror,cum
3081 5316 3322 5376 viderim
3337 5338 3543 5393 persee-

1966 5439 2115 5520 (266)
2146 5438 2769 5520 Legendumyidetur,
2803 5443 2869 5499 ut
2915 5457 3142 5520 sensus,
3162 5444 3321 5520 satis
3367 5451 3542 5520 aptus

1897 5507 2012 5590 sit:
2045 5514 2105 5590 ut
2133 5507 2256 5583 pote
2280 5511 2383 5590 Dei
2404 5512 2689 5590 colloquiis
2738 5507 2963 5590 assueti,
2997 5507 3374 5590 indicibili‘ter,
3398 5507 3539 5590 prm-

1894 5582 2185 5655 stantiores
2218 5598 2240 5644 ;
2287 5582 2383 5655 qui
2427 5583 2631 5639 scilicet
2677 5584 2775 5640 sub
2829 5584 2958 5642 ctelo
3001 5594 3130 5643 sunt
3183 5582 3543 5651 indicibiliter

1889 5654 2309 5740 praesentiores
2347 5655 2652 5740 sapientia,
2686 5672 2953 5731 sermone,
3000 5666 3053 5718 et
3091 5660 3313 5734 virtute,
3362 5672 3547 5740 utpote

1895 5725 2095 5789 assueti
2122 5725 2406 5805 colloquiis
2421 5725 2543 5788 Dei.
