4054 6412
444 364 452 368 ’
469 399 588 458 299

1391 395 1764 458 HATHEBII
1809 395 2052 456 EPISG.
2097 392 2386 459 VERON.
2434 393 2606 456 UPP.
2656 395 2854 456 PARS
2899 392 2948 454 Ι.

3757 394 3876 458 300

472 531 980 601 modooccasione,
1009 531 1091 587 ita
1108 547 1222 587 non
1236 529 1412 584 unius
1429 529 1858 594 tantummodo,
1880 527 1979 584 sed
1999 527 2114 600 ple-
2139 527 2198 596 Α
2225 526 2385 596 Jesu,
2420 527 2518 599 qui
2551 526 3012 600 persecutionem
3055 543 3170 582 non
3217 527 3438 600 patitur
3483 543 3589 600 pro
3638 526 3872 584 Christo

473 637 723 692 rumque
754 619 1076 676 multorum
1105 618 1328 674 eveniat
1379 617 1734 690 probatione.
1789 617 1904 672 Nec
1953 616 2108 672 enim

473 709 691 765 frustra
719 715 852 766 ante
873 710 1119 782 januam
1142 707 1336 763 divitis
1353 707 1542 778 jacuit
1573 707 1843 774 Lazarus,
1873 706 1969 762 sed
2023 711 2106 774 ut,

469 798 623 853 unde
653 797 752 854 ille
783 799 1207 862 excercebatur,
1239 795 1348 851 iste
1381 795 1778 862 damnaretur;
1813 794 1930 863 ille,
1973 793 2113 866 quia

468 887 788 960 indigebat;
823 887 950 954 iste,
983 885 1120 958 quia
1151 901 1265 940 non
1316 883 1632 940 tribuebat.
1682 885 1828 940 Nam
1886 901 2019 940 cum
2049 882 2110 938 in

468 976 698 1049 psalmo
728 975 1006 1032 Dominus
1038 973 1210 1029 dicat:
1241 973 1478 1028 Probavi
1507 977 1558 1028 te
1587 973 1660 1028 ad
1692 989 1862 1045 aquas
1895 977 2110 1028 eontra-

470 1065 726 1122 dictionis
758 1065 922 1128 (Psal.
959 1081 1122 1128 mxx,
1150 1065 1228 1131 8);
1275 1062 1396 1130 ubi,
1448 1077 1608 1136 rogo,
1655 1062 1874 1134 vigoris
1921 1061 2030 1117 zeli
2059 1065 2116 1117 et

472 1151 832 1208 fortitudinis
861 1150 1172 1223 pastoralis
1225 1151 1541 1210 monstrari
1590 1155 1781 1222 potest
1810 1149 1896 1205 vel
1943 1151 2116 1206 debet

471 1240 735 1306 intentio,
768 1239 882 1296 nisi
914 1240 1014 1295 ubi
1047 1256 1162 1295 non
1193 1255 1575 1310 quaecunque,
1609 1239 1710 1294 sed
1743 1239 2001 1295 maxima
2027 1242 2116 1294 est

475 1328 886 1386 contradictio?
915 1329 985 1384 Et
1015 1345 1146 1384 cum
1181 1344 1296 1382 non
1328 1333 1655 1395 coronetur,
1690 1327 1800 1383 nisi
1831 1327 1928 1400 qui
1969 1327 2115 1401 legi-

473 1419 614 1475 time
641 1417 946 1474 certaverit
991 1417 1065 1479 (II
1094 1419 1226 1474 Tim.
1289 1435 1353 1485 Il,
1400 1418 1478 1483 5),
1528 1417 1706 1483 unde,
1763 1433 1976 1489 quaeso,
2029 1433 2119 1472 co-

476 1525 677 1563 ronam
713 1509 813 1562 aut
845 1509 1038 1577 sperat
1068 1509 1168 1560 aut
1199 1505 1460 1576 requirit,
1495 1504 1590 1576 qui
1635 1505 1978 1560 imminente
2029 1505 2116 1559 fu-

477 1596 643 1669 giens
670 1595 840 1665 bello,
870 1611 1160 1666 nusquam
1194 1594 1505 1666 pugnavit?
1557 1594 1700 1658 Quid
1737 1595 1924 1649 enim?
1968 1595 2036 1650 Et
2067 1595 2114 1648 si

477 1685 722 1741 obtineri
757 1701 870 1738 non
899 1687 1087 1756 potest
1117 1682 1376 1748 victoria,
1409 1683 1694 1738 debentne
1710 1683 1782 1738 ob
1803 1684 1856 1738 id
1889 1701 2120 1756 semper

477 1775 748 1830 hostibus
773 1773 946 1828 tribui
981 1771 1172 1845 terga?
1201 1771 1402 1828 Nonne
1423 1773 1690 1828 confosso
1723 1789 1972 1846 persaepe
2005 1773 2117 1828 mi-

477 1863 598 1931 lite;
635 1861 855 1935 prolem
887 1863 1014 1933 ejus
1046 1866 1476 1917 remuneratam
1505 1861 1758 1917 vidimus
1791 1879 1892 1934 pro
1934 1863 2116 1934 patris

479 1952 742 2018 audacia,
799 1951 1145 2017 constantia,
1200 1949 1285 2005 vel
1349 1951 1680 2008 devotione?
1725 1951 1931 2006 Nostra
1983 1969 2118 2008 vero

477 2058 612 2098 cum
643 2041 812 2114 longe
843 2039 957 2095 alia
985 2039 1060 2094 sit
1082 2056 1297 2112 pugna,
1333 2040 1596 2112 graviora
1613 2045 1818 2096 suntet
1839 2041 2116 2112 pericula;

479 2130 770 2202 siquidem
805 2129 1031 2201 fugiens
1050 2128 1108 2182 in
1132 2133 1410 2184 aeternum
1433 2129 1698 2197 morilur;
1731 2129 1944 2204 cadens
1963 2147 2114 2198 vero,

477 2223 708 2275 tantum
741 2237 811 2274 ne
841 2217 1072 2274 deficiat
1101 2218 1330 2274 devotio
1352 2217 1520 2284 (301),
1547 2235 1660 2272 non
1689 2218 1878 2273 solum
1913 2237 2120 2275 rursus

476 2309 741 2382 erigitur,
775 2307 876 2363 sed
901 2305 1074 2362 etiam
1108 2323 1210 2377 pro
1242 2305 1458 2374 inLuria
1485 2306 1542 2360 in
1575 2311 1856 2362 aeternum
1889 2325 2123 2364 corona-

475 2401 593 2466 tur;
617 2397 899 2452 obtinenti
931 2395 1188 2468 [subaudi
1241 2395 1565 2464 victoriam]
1621 2413 1752 2450 vero
1803 2397 2001 2452 eadem
2045 2396 2123 2452 sit

477 2503 692 2543 corona
721 2485 875 2558 quod
909 2488 1164 2550 scutum,
1225 2483 1378 2555 quod
1427 2499 1608 2551 arma,
1662 2485 1816 2556 quod
1858 2485 2116 2555 victoria,

475 2575 588 2631 hoc
617 2579 706 2630 est
732 2574 886 2629 Deus
917 2573 1042 2645 ipso
1071 2572 1286 2640 omnia,
1323 2572 1420 2644 qui
1449 2573 1700 2646 protegit
1728 2591 1876 2646 quos
1895 2575 2118 2646 incitat,

479 2667 718 2719 coronat
745 2679 892 2735 quos
923 2661 1190 2734 protegit,
1215 2661 1386 2734 erigit
1417 2679 1562 2734 quos
1593 2663 1798 2718 cadere
1828 2663 1988 2732 sinit,
2031 2681 2119 2720 re-

479 2756 751 2808 munerat
780 2767 926 2823 quos
956 2749 1202 2806 victores
1230 2767 1357 2806 esse
1388 2750 1668 2806 concedit.
1717 2752 2020 2824 Siquidem
2060 2753 2118 2810 in

477 2841 593 2898 ista
623 2856 736 2895 non
768 2839 920 2894 alius
948 2855 1146 2910 pugna
1177 2838 1291 2894 nisi
1322 2838 1446 2911 ipse
1477 2857 1612 2894 cum
1633 2840 1961 2897 adversario
1983 2859 2122 2914 prte-

478 2929 676 2986 liatur.
709 2929 840 3001 Ipse
871 2927 1129 2996 dimicat,
1162 2927 1617 3000 ipseobsidetur,
1637 2929 1758 3001 ipse
1779 2929 2120 3002 includitur,

477 3020 603 3092 ipse
635 3017 874 3086 assistit,
909 3017 1034 3090 ipse
1065 3033 1371 3076 murorum
1417 3022 1581 3090 septa
1621 3019 1898 3088 defendit;
1952 3025 2010 3075 et
2037 3021 2122 3076 vi-

477 3109 662 3165 ctoria
693 3106 860 3162 nobis
883 3107 1052 3175 cedit,
1086 3105 1254 3162 nobis
1287 3105 1618 3178 ascribitur,
1652 3107 1819 3164 nobis
1864 3107 2120 3181 imputa-

477 3203 594 3253 tur.
627 3197 923 3262 Quid'tam
957 3195 1188 3252 desides
1237 3194 1558 3267 quemlibet
1607 3197 1876 3252 convenit
1921 3215 2122 3271 gerere

2215 616 2376 684 Jesu;
2412 622 2642 672 recusat
2672 616 2870 683 etiam,
2907 621 2970 670 ut
2993 620 3130 672 ante
3146 633 3254 672 nos
3275 617 3499 672 dictum
3523 621 3633 685 est,
3665 617 3874 674 essein

2220 721 2480 776 corpore,
2512 705 2612 776 qui
2636 722 2750 760 non
2781 703 2906 760 vult
2935 704 3135 760 odium
3167 705 3372 760 mundi
3405 705 3698 762 sustinere
3735 724 3874 762 cum

2221 797 2428 864 capite.
2460 793 2585 848 Non
2614 793 2821 864 audeo,
2845 792 3065 864 inquis:
3083 792 3481 866 periculosum
3496 799 3585 850 est
3605 793 3872 851 hodie....

2221 882 2288 936 Et
2318 881 2618 938 Dominus:
2649 882 2726 936 De
2753 898 2846 938 ore
2873 885 2966 938 tuo
2995 889 3044 936 te
3061 881 3272 953 judico,
3292 899 3441 946 serve
3457 899 3692 955 nequam
3718 884 3874 945 (Luc.

2220 987 2332 1039 XIX,
2365 972 2475 1032 22).
2510 970 2806 1042 Abjurasti
2837 969 2995 1026 enim
3029 970 3324 1040 militiam,
3359 971 3406 1026 si
3435 972 3744 1043 perdidisti
3776 991 3879 1028 au-

2222 1059 2470 1115 daciam.
2504 1059 2577 1114 Ut
2598 1060 2738 1132 quid
2768 1075 2904 1132 ergo
2936 1077 3102 1115 arma
3133 1059 3475 1132 sumpsisti?
3505 1065 3570 1116 ut
3591 1061 3732 1134 quid
3768 1061 3880 1116 mi-

2223 1147 2359 1203 litiae
2391 1165 2602 1204 nomen
2632 1149 2876 1204 dedisti?
2905 1154 3103 1221 pastor
3130 1148 3319 1204 vocari
3346 1153 3408 1204 ut
3439 1149 3579 1222 quid
3609 1149 3876 1218 ambisti,

2224 1237 2321 1310 qui
2345 1237 2482 1310 lupo
2503 1238 2769 1294 veniente
2800 1237 2998 1312 fugere
3015 1237 3662 1294 deliberasti?Baculum
3692 1255 3880 1311 quare

2225 1326 2448 1399 cepisti,
2483 1326 2532 1382 si
2556 1343 2855 1382 occurrere
2886 1326 3144 1400 periculo
3175 1327 3457 1382 timuisti?
3475 1328 3534 1383 Si
3564 1328 3879 1392 defendere

2225 1432 2340 1471 non
2373 1416 2630 1471 audebas
2652 1431 2908 1488 gregem,
2939 1421 3002 1470 ut
3027 1416 3168 1488 quid
3186 1416 3492 1489 sumpsisti
3516 1417 3880 1474 mercedem?

2228 1504 2338 1560 Lac
2371 1521 2488 1576 qua
2514 1504 2700 1559 fronte
2712 1503 2968 1560 comedis
2982 1505 3195 1577 gregis,
3219 1505 3318 1576 qui
3343 1509 3544 1561 contra
3560 1505 3748 1562 furem
3773 1511 3882 1561 aut

2226 1611 2422 1647 vocem
2454 1594 2610 1661 dare,
2645 1597 2742 1648 aut
2775 1592 3254 1664 patremfamilias
3285 1593 3552 1662 excitare,
3577 1599 3680 1650 aut
3703 1613 3880 1653 canes

2227 1681 2503 1754 instigare
2533 1682 2826 1754 pavescis?
2851 1682 3022 1738 Lanis
3054 1699 3232 1754 quare
3255 1683 3514 1738 indueris
3532 1683 3754 1752 ovium,
3773 1686 3881 1756 qui

2229 1772 2288 1827 in
2321 1775 2548 1826 tantum
2575 1771 2855 1827 formidas
2886 1771 3060 1827 etiam
3082 1771 3314 1826 haedum
3335 1771 3502 1844 agnis
3525 1773 3880 1843 admistum,

2229 1861 2443 1916 nedum
2469 1861 2808 1916 frementem
2849 1865 3188 1916 contemnas
3241 1859 3465 1917 leonem
3500 1862 3586 1917 vel
3641 1865 3882 1920 ursum?

2230 1949 2538 2005 Pecuniam
2573 1967 2760 2005 meam
2794 1966 2974 2022 quare
2997 1950 3324 2023 sumpsisti,
3347 1953 3398 2007 si
3429 1951 3578 2008 hanc
3610 1969 3880 2026 erogare,

2229 2056 2363 2095 cum
2396 2039 2598 2104 scires,
2631 2039 2909 2094 timuisti?
2939 2040 3007 2094 Et
3033 2039 3131 2112 qui
3165 2045 3218 2096 te
3250 2044 3452 2096 contra
3483 2058 3575 2097 me
3619 2046 3746 2098 tam
3773 2061 3881 2099 au-

2230 2129 2448 2184 daciter
2461 2128 2956 2202 erigis,quomodo
2983 2132 3102 2184 tam
3128 2129 3590 2203 meticuloseipsi
3611 2135 3880 2205 te,quem

2231 2219 2342 2274 sub
2373 2217 2620 2291 pedibus
2646 2221 2834 2286 teneo,
2873 2217 3146 2289 subjicis?
3177 2218 3598 2288 Perlculosum,
3650 2220 3881 2294 inquis,

2229 2323 2378 2362 esse.
2413 2348 2426 2361 .
2464 2350 2476 2362 .
2513 2349 2526 2361 .
2563 2349 2574 2362 .
2612 2307 2952 2378 Tempestas
2969 2324 3104 2379 ergo
3135 2308 3302 2363 estin
3334 2308 3502 2377 mari,
3531 2309 3581 2364 si
3595 2309 3889 2382 pericula-

2231 2397 2366 2450 ritct
2395 2395 2588 2451 navis?
2617 2394 2759 2460 Quid
2783 2413 2916 2468 ergo
2935 2413 3104 2470 agere
3121 2395 3234 2452 vis?
3250 2397 3510 2453 Monstra
3522 2415 3592 2453 cu
3605 2416 3632 2452 r
3647 2415 3882 2455 remum

2231 2483 2574 2556 sumpseris,
2607 2501 2681 2539 an
2717 2489 2781 2540 ut
2810 2488 3002 2556 caput,
3024 2485 3575 2560 moriturc,ingeras
3593 2486 3884 2544 sentinis‘?

2230 2574 2409 2630 Exere
2437 2573 2633 2646 potius
2654 2573 2826 2642 vires,
2847 2573 3624 2640 fortiterdimica,instanter
3649 2576 3886 2650 naviga:

2231 2667 2440 2735 praesto
2470 2667 2559 2718 est
2587 2666 2810 2735 portus,
2835 2663 2993 2734 jacet
3023 2662 3082 2717 in
3109 2663 3262 2731 navi,
3283 2662 3417 2719 licet
3431 2663 3737 2721 dormiens
3751 2665 3887 2733 tibi,

2231 2751 2324 2808 cui
2356 2751 2637 2808 obediunt
2662 2768 2820 2807 mare
2851 2755 2908 2808 et
2931 2751 3084 2807 venti
3117 2751 3336 2815 (Matth.
3368 2769 3487 2822 vm,
3521 2755 3632 2816 27).

2304 2843 2388 2896 15.
2418 2841 2629 2909 Metuo,
2665 2840 2771 2908 ais,
2822 2841 3100 2897 offensam
3153 2842 3401 2899 senioris
3431 2843 3511 2914 [id
3557 2850 3636 2900 est
3678 2844 3882 2918 regis]:

2231 2931 2477 2986 Econtra
2505 2928 2836 3002 Apostolus:
2871 2931 3002 3000 Ego,
3035 2930 3245 3004 inquit,
3279 2933 3330 2987 si
3361 2931 3539 2987 adhuc
3563 2932 3888 2990 hominibus

2225 3019 2516 3092 placerem,
2553 3019 2765 3076 Christi
2791 3035 2978 3075 servus
2998 3035 3109 3076 non
3137 3037 3306 3076 essem
3332 3020 3475 3090 (Gal.
3509 3039 3547 3090 ι,
3586 3023 3695 3086 10).
3733 3023 3889 3088 Quid

2231 3108 2387 3164 enim
2417 3107 2522 3162 tibi
2570 3107 2740 3164 [aciet
2786 3108 3009 3164 oﬂ‘ensa
3058 3109 3334 3176 senioris?
3380 3111 3887 3181 Commutabitur,

2231 3199 2376 3254 forte
2406 3199 2628 3254 auferet
2641 3215 2936 3254 concessa.
2964 3199 3128 3254 Forte
3143 3203 3329 3255 totum
3361 3199 3469 3256 hoc
3486 3200 3594 3256 rite
3617 3201 3890 3272 timeres,

478 3287 728 3352 animos,
761 3303 894 3341 cum
919 3285 1083 3341 aDeo
1107 3288 1398 3340 certamen
1431 3286 1708 3356 ejus,non
1732 3270 2000 3357 ejus,sed
2025 3289 2120 3344 Dei
2151 3270 2194 3338 C
2237 3287 2284 3344 si
2318 3304 2432 3342 non
2467 3287 2823 3360 promissum
2854 3287 3102 3345 dicentis
3131 3287 3395 3346 haberes:
3441 3289 3679 3346 Gaudete
3704 3295 3758 3347 et
3786 3307 3884 3348 ea:-

481 3376 577 3443 sit,
613 3379 678 3430 ut
705 3375 882 3430 etiam
909 3373 1299 3445 nec‘cogitare
1328 3373 1623 3444 quomodo
1655 3379 1756 3430 aut
1787 3375 1926 3446 quid
1966 3375 2123 3449 loqui

482 3465 689 3520 debeat
708 3462 918 3532 (Matth.
953 3479 1008 3532 ιι,
1040 3463 1153 3529 49),
1187 3476 1558 3532 nequaquam
1595 3462 1873 3535 indigeat;
1897 3469 2126 3521 tantum

484 3570 556 3609 ne
589 3551 836 3620 devotio,
869 3555 935 3606 ut
964 3548 1102 3618 dixi,
1136 3548 1432 3621 qualequi
1463 3549 1620 3618 velit,
1673 3551 1932 3609 deﬁciat?
1980 3553 2128 3622 Quid

490 3642 780 3714 trepidare
809 3639 1061 3712 aliquem
1091 3639 1376 3706 convenit,
1405 3655 1534 3694 cum
1569 3639 1723 3694 idem
1753 3640 1879 3714 ipse
1907 3643 2005 3716 qui
2039 3662 2128 3701 re-

492 3733 846 3796 muneratur,
881 3728 1005 3800 ipse
1037 3727 1115 3783 sit
1143 3731 1200 3782 et
1228 3731 1535 3800 protector,
1554 3729 1679 3802 ipse
1700 3731 1950 3804 denique
1963 3738 2017 3790 et
2031 3753 2130 3807 pu-

490 3817 724 3894 gnator?
751 3818 919 3886 Nam,
948 3816 1005 3872 in
1031 3821 1260 3872 tantum
1288 3833 1422 3872 cum
1455 3835 1706 3892 pugnas,
1759 3822 1942 3890 adest;
1993 3841 2126 3880 cum

489 3909 754 3975 dimicas,
789 3922 1042 3979 praesens
1072 3911 1179 3974 est;
1209 3912 1273 3960 ut
1303 3905 1500 3980 etlam,
1534 3909 1674 3964 dum
1699 3911 1926 3982 putaris
1953 3912 2130 3984 feriri,

484 3998 600 4066 ille,
634 4015 748 4053 non
782 4001 866 4065 tu,
900 3995 1161 4052 feriatur:
1195 3996 1241 4052 si
1276 3997 1508 4068 quidem
1541 3997 1625 4054 ita
1666 3999 1838 4056 hodie
1886 4003 2124 4072 audisti,

483 4105 617 4144 cum
648 4091 704 4144 et
729 4085 852 4141 heri
884 4085 1146 4160 legisses:
1173 4086 1278 4154 Qui
1313 4088 1490 4159 tangit
1507 4104 1616 4156 vos,
1649 4091 1812 4160 quasi
1826 4092 1922 4162 qui
1949 4095 2126 4162 tangit

475 4178 754 4250 pupillam
781 4175 926 4231 oculi
952 4175 1060 4232 mei
1089 4176 1269 4240 (Zach.
1305 4193 1364 4243 ιι,
1399 4177 1481 4241 8);
1513 4181 1586 4232 et:
1645 4178 1754 4246 Qui
1784 4195 1872 4235 vos
1919 4183 2126 4252 spernit

481 4283 568 4324 me
595 4267 804 4338 spernit
833 4265 982 4327 (Luc.
1016 4283 1072 4333 x,
1107 4266 1214 4328 16).
1455 4271 1465 4283 ’
1678 4316 1685 4325 ,

555 4356 709 4412 152
739 4357 822 4409 14.
861 4356 946 4411 Me
977 4370 1112 4426 ergo
1146 4353 1493 4410 lenocineris
1524 4355 1698 4422 hosti,
1725 4356 1770 4412 si
1792 4358 1876 4412 vis
1901 4357 2125 4431 placere

483 4444 844 4519 imperatori;
878 4460 981 4498 nec
1011 4443 1167 4498 enim
1199 4459 1333 4498 eum
1349 4445 1566 4516 poteris
1588 4447 1926 4518 promereri,
1951 4450 2000 4504 si
2023 4455 2124 4508 ate

482 4537 662 4590 istum
697 4531 954 4588 nolueris
971 4531 1226 4603 separari
1261 4533 1638 4607 [l.superari].
1670 4534 1838 4592 Nullo
1856 4540 2012 4594 enim
2034 4557 2124 4596 ex-

2235 3379 2460 3443 sultate;
2487 3393 2607 3433 ecce
2637 3378 2785 3433 enim
2827 3393 3026 3433 merces
3060 3385 3232 3434 vestra
3277 3379 3454 3434 multa
3497 3387 3578 3435 est
3640 3381 3702 3434 in
3748 3381 3886 3437 caelo

2237 3467 2446 3539 (Matth.
2479 3467 2649 3537 v,12;;
2677 3471 2733 3522 et
2763 3467 2809 3522 si
2845 3485 2960 3522 non
2990 3467 3211 3522 dictum
3241 3467 3312 3522 ab
3357 3466 3635 3540 Apostolo
3676 3469 3883 3527 scires:

2239 3561 2344 3628 Qui
2370 3567 2446 3614 est
2469 3558 2565 3630 qui
2596 3556 2740 3616 vobis
2766 3564 2976 3624 noceat,
3001 3573 3050 3612 si
3081 3557 3209 3611 boni
3249 3557 3596 3612 aemulatores
3629 3557 3887 3630 fueritis?

2237 3647 2328 3704 sed
2355 3655 2406 3703 et
2435 3649 2490 3702 si
2509 3645 2640 3718 quid
2669 3646 2927 3718 patimini
2950 3653 3168 3718 propter
3188 3647 3489 3718 justitiam,
3523 3647 3691 3709 beati;
3717 3649 3885 3705 timo-

2236 3755 2354 3793 rem
2382 3741 2566 3792 autem
2604 3751 2792 3790 eorum
2819 3751 2888 3791 ne
2916 3736 3215 3791 timueritis
3243 3735 3292 3797 (I
3325 3737 3445 3792 Pet.
3496 3753 3582 3807 ιιι,
3619 3737 3728 3802 13).
3784 3738 3884 3793 Ti-

2237 3843 2366 3882 meo
2396 3825 2528 3898 plus
2557 3823 2802 3898 aliquid,
2836 3824 3052 3896 inquis.
3085 3824 3264 3891 Quid?
3284 3824 3450 3890 Mori,
3479 3825 3586 3882 ais:
3613 3826 3768 3898 quod
3793 3831 3889 3884 est

2236 3915 2446 3972 dicere:
2471 3917 2578 3970 Leo
2606 3915 2666 3970 in
2695 3915 2813 3970 via.
2849 3915 2907 3970 in
2937 3915 3122 3970 medio
3170 3915 3500 3984 platearum
3538 3915 3888 3974 occidendus

2235 4023 2362 4062 sum
2389 4008 2584 4074 (Prov.
2616 4021 2754 4071 xxn,
2784 4005 2892 4074 13).
2925 4004 3032 4060 Sed
3067 4004 3202 4060 audi
3235 4003 3569 4060 Dominum:
3613 4005 3888 4074 Capillus

2237 4095 2303 4152 de
2330 4096 2520 4163 capite
2552 4099 2742 4150 cestro
2771 4109 2883 4150 non
2907 4093 3118 4162 peribit
3148 4091 3300 4153 (Luc.
3327 4110 3442 4162 χιιι,
3479 4095 3588 4157 10).
3640 4095 3792 4150 Audi
3825 4101 3890 4152 et

2233 4185 2394 4242 illius
2425 4183 2690 4256 ejusdem
2719 4199 2835 4255 quo
2871 4183 3128 4256 iungeris
3157 4182 3378 4239 ordinis
3411 4198 3667 4249 servum,
3699 4182 3762 4239 id
3789 4189 3888 4242 est

2235 4273 2555 4348 saepissime
2583 4272 2679 4329 hic
2709 4272 2962 4328 inditum
2994 4271 3412 4345 Augustinum:
3447 4272 3628 4338 Time,
3661 4272 3880 4345 inquit,

2233 4366 2407 4430 mori,
2438 4365 2492 4418 si
2520 4367 2679 4432 poles
2704 4377 2816 4418 non
2835 4361 3008 4418 mori.
3039 4361 3189 4417 Audi
3219 4365 3276 4418 et
3306 4361 3509 4419 alium:
3545 4364 3668 4434 Qui
3702 4373 3882 4420 natus

2229 4471 2305 4510 ea:
2335 4453 2566 4510 homine
2589 4461 2671 4508 est
2694 4457 2748 4507 et
2771 4450 2924 4508 153
2955 4457 3281 4508 moritur-us
3308 4451 3602 4507 erit.Audi
3639 4455 3698 4508 et
3723 4453 3884 4526 Apo-

2231 4541 2474 4600 stolum:
2508 4545 2624 4611 Ego
2651 4556 2765 4596 non
2793 4541 2980 4596 solum
2993 4539 3250 4611 alligari,
3272 4541 3451 4596 etiam
3469 4541 3620 4596 mori
3631 4548 3887 4610 paratus

482 4627 668 4695 cepto,
697 4621 908 4676 dicitur
937 4622 1008 4676 ab
1037 4621 1332 4693 Apostolo:
1363 4621 1578 4691 Omnes,
1611 4626 1708 4696 qui
1731 4627 1822 4696 pie
1839 4627 2026 4684 volunt
2047 4630 2124 4684 vi-
2153 4645 2197 4710 ι)
2226 4649 2353 4688 sum
2374 4647 2478 4702 pro
2507 4630 2732 4688 Christo
2758 4631 2891 4686 Iesu
2909 4635 3064 4696 (Act.
3095 4647 3208 4698 xm,
3243 4631 3352 4693 13).
3404 4630 3553 4685 Audi
3584 4634 3644 4686 et
3669 4647 3884 4702 quem-

479 4727 604 4768 vere
632 4711 692 4765 in
721 4710 932 4766 Christo
959 4713 1112 4777 Jesu,
1128 4711 1554 4780 persecutionem
1571 4715 1856 4784 patientur
1876 4718 1946 4778 (Il
1981 4718 2114 4774 Tim.

479 4799 706 4867 11542).
748 4795 992 4853 Videtur
1037 4813 1173 4870 ergo
1224 4797 1378 4855 nolle
1426 4799 1518 4872 pie
1563 4800 1750 4856 vivere
1801 4801 1861 4858 in
1893 4803 2122 4862 Christo

477 5014 608 5072 aliis
630 5011 832 5070 multis
849 5011 1138 5086 episcopis
1159 5012 1690 5086 accidit,utnotavit
1708 5015 1878 5072 etiam
1897 5033 2120 5076 coazvus

477 5092 680 5142 auctor
706 5087 840 5140 Atto
860 5084 1182 5159 episcopus
1230 5084 1614 5159 Verceliensis
1646 5085 1748 5159 lib.
1783 5105 1798 5142 ι
1847 5089 1922 5144 De
1953 5107 2116 5159 pres-

474 5159 637 5233 su_ris_
662 5155 922 5214 Ecclesiae
951 5155 1092 5211 tom}
1121 5155 1144 5210 Ι
1177 5155 1466 5233 Spicilegii
1496 5155 1800 5233 Acheriani
1850 5155 1979 5233 pag.
2013 5165 2118 5220 418

476 5229 585 5284 col.
613 5231 664 5284 2.
702 5234 840 5299 Quae
869 5245 1024 5283 enim
1048 5243 1205 5282 mors
1235 5228 1296 5282 in
1325 5233 1429 5284 hoc
1451 5231 1726 5300 prcesenti
1751 5228 1960 5290 screqu
1988 5250 2118 5292 cru-

473 5303 658 5357 delior
671 5317 789 5355 esse
816 5300 1048 5368 poterit,
1078 5316 1246 5370 quam
1293 5315 1423 5354 cum
1453 5308 1706 5367 pastores
1753 5305 2018 5362 Ecclesia
2043 5309 2116 5364 ab

475 5374 670 5427 ovibus
687 5376 1159 5439 sepurantur,aut
1170 5373 1403 5426 carceri
1415 5374 1898 5441 includuntur,vel
1907 5381 2118 5435 exsilio

418 5445 1056 5518 pelluntur,eorumque
1067 5458 1319 5519 corpora
1332 5445 1589 5513 penuriis
1603 5455 2116 5519 atteruntur,men-

471 5529 556 5576 tes
569 5533 645 5570 au
655 5523 760 5591 teni
770 5529 1019 5591 moerere
1031 5515 1390 5583 afﬁciuntur.
1420 5522 1503 5572 De
1530 5534 1591 5572 se
1607 5515 1995 5591 suspirant,de
2005 5523 2115 5580 sibi

467 5586 784 5646 conmissis
801 5586 890 5656 eju
904 5585 1025 5664 [an]
1035 5591 1378 5664 .prmsentia
1392 5585 2110 5664 patiuntursuppliéiaJu-

467 5672 712 5732 turuque
735 5676 770 5712 α
800 5660 1164 5729 carniﬁcibus
1189 5663 1630 5729 promittuntur,
1673 5675 1954 5733 ρ.ι’νιιυί³ηι
1983 5660 2108 5723 tua-

455 5736 640 5806 jores,
667 5733 1050 5806 consolatores
1079 5733 1149 5786 ab
1184 5733 1318 5806 ipsis
1347 5733 1658 5806 tolluntur,
1698 5738 2112 5804 exprobrantes

467 5803 551 5866 τοι
564 5803 1070 5878 terrentesjugiter
1081 5803 1895 5868 assistunt.ConierendaSunt
1907 5807 2108 5886 etiam,

2228 4722 2362 4776 dam
2396 4721 2467 4776 ad
2499 4720 2583 4775 tui
2630 4718 3039 4775 verecundiam
3088 4719 3413 4776 ethnicum:
3472 4720 3879 4792 Tolerabilior,

2230 4809 2443 4882 inquit,
2475 4818 2556 4865 est
2582 4809 2680 4882 qui
2707 4811 2863 4866 mori
2875 4811 3070 4882 jubet,
3119 4825 3292 4882 quam
3332 4811 3430 4882 qui
3459 4811 3610 4867 male
3660 4811 3876 4870 vivere.

2229 5024 2536 5098 quaeidem
2571 5025 2749 5081 tradit
2778 5041 2910 5098 pag.
2943 5027 3066 5098 405,
3119 5023 3220 5081 ubi
3251 5024 3556 5098 episcopos
3603 5025 3730 5082 sine
3773 5025 3876 5084 de-

2229 5095 2490 5222 fessione
2521 5095 2828 5154 damnatos
2853 5095 3132 5170 queritur,
3154 5095 3670 5154 Ratiieriicausam
3701 5114 3878 5171 agere

2229 5185 2353 5222 v1_e
2387 5186 2471 5222 ur.

2225 5168 2471 5224 videtur.

2295 5241 2441 5303 (301)
2476 5243 2617 5295 Cum
2645 5241 2722 5322 de
2751 5241 3155 5322 episcoporum
3182 5255 3385 5322 pugna
3411 5239 3702 5322 loquatur,
3751 5246 3872 5322 tres

2225 5311 2240 5363 i
2250 5328 2352 5394 pso
2361 5329 2420 5366 ru
2433 5312 2724 5394 rqspecies
2781 5311 3874 5394 isoting’u‘i‘t,ugientium,cadentium,et

2223 5383 2612 5438 obtinentium
2639 5383 2960 5440 victoriam:
2997 5383 3171 5438 Primi
3193 5383 3568 5452 damnantur;
3595 5385 3872 5442 cadentes

2223 5460 2438 5522 autem,
2472 5455 2572 5528 qui
2602 5455 2882 5528 nimirum
2915 5472 3117 5528 casum
3151 5454 3407 5528 aliquem
3458 5457 3767 5513 adversum
3809 5457 3872 5514 in

2221 5541 2294 5600 e_a_
2317 5527 2534 5600 pugna,
2568 5543 2672 5583 seu
2702 5527 2759 5600 in
2785 5527 3188 5600 persecutione
3205 5527 3530 5600 patiuntur,
3559 5536 3782 5586 tantum
3798 5545 3870 5586 ne

2217 5596 2298 5670 (id
2323 5596 2429 5652 est
2449 5596 2876 5670 dummodo'in
2915 5598 3019 5666 eis)
3053 5615 3164 5654 non
3205 5596 3437 5670 deﬁciat
3485 5599 3711 5656 devotio
3743 5602 3870 5662 (seu

2222 5668 2408 5742 fervor
2430 5668 2794 5742 episcopalis)
2824 5687 2925 5742 pro
2956 5671 3171 5742 injuria
3201 5668 3568 5726 coronantur.
3607 5672 3871 5732 Victores

2215 5737 2400 5798 Deum
2432 5737 2758 5816 ipsum-pro
2789 5737 3032 5818 praemio
3055 5747 3112 5801 et
3141 5759 3357 5802 corona
3398 5751 3864 5820 consequentur.
