4054 6412
168 375 277 442 305

1102 370 1749 450 PRELOQUIORUM
1793 366 2001 436 LIBRI
2045 374 2214 437 SEX.
2251 408 2326 422 --
2352 373 2498 439 LIB.
2544 374 2617 439 V.

3440 372 3558 445 306

172 527 287 587 age,
316 508 488 568 stude
531 505 751 585 aliquid
794 525 965 586 agere
1013 509 1233 569 caeteris
1288 509 1623 579 sublimius,
1683 508 1801 565 imo
1827 505 1886 575 Α
1915 508 2203 580 attollant,
2236 509 2590 569 industriam
2630 516 2920 586 reparant,
2951 510 3101 571 vires
3133 518 3389 585 exerant,
3423 532 3560 573 con-

170 600 444 657 humilius
476 604 532 656 et
550 601 884 673 perfectius,
918 600 1107 657 sciens
1133 600 1489 674 ponderibus
1519 604 1574 656 te
1603 599 1799 671 subja-

168 708 289 749 cere.
308 690 561 748 duobus.
593 689 970 762 Compelleris
995 691 1153 746 enim
1184 690 1470 746 monacho
1503 706 1629 761 quae
1661 691 1803 744 sunt

167 779 445 845 monachi,
473 778 742 852 episcopo
763 779 1002 835 reddere
1031 797 1158 851 quae
1178 783 1318 835 sunt
1348 777 1624 851 episcopi.
1656 777 1803 831 Vide

166 886 230 926 ne
258 869 360 924 tibi
385 868 633 924 suadere
655 868 868 941 aliquis
887 868 1074 924 valeat
1094 868 1263 924 illum
1291 885 1549 942 unquam
1576 872 1803 923 mutare

166 958 441 1025 habitum,
495 957 725 1012 etiamsi
775 957 882 1012 hoc
937 957 1259 1029 approbare
1302 973 1369 1012 ex
1425 956 1801 1029 antiquorum

166 1045 433 1119 exemplis
451 1045 590 1101 velit
608 1046 1107 1118 Patrum,excepto
1123 1062 1258 1101 eum
1280 1051 1353 1101 ad
1377 1045 1519 1101 illud
1537 1044 1802 1101 divinum

165 1135 381 1197 accedis
411 1133 989 1206 ministerium,qnod
1030 1134 1142 1190 sibi
1173 1134 1475 1207 pr0prium
1505 1134 1682 1207 exigit
1710 1150 1802 1189 or-

166 1224 693 1281 uamentum.Tunc
723 1239 955 1296 quoque
972 1240 1105 1279 eum
1125 1240 1240 1280 non
1263 1228 1526 1296 gestetur
1541 1239 1802 1295 corpore,

167 1332 271 1371 non
302 1314 536 1370 recedat
580 1330 615 1369 a
659 1313 849 1369 corde.
896 1313 1047 1368 Audi
1088 1312 1429 1384 Apostolum
1464 1312 1750 1367 dicentem
1786 1329 1799 1366 :

163 1403 417 1460 Habentes
446 1403 875 1471 damnationem,
910 1404 1041 1475 quia
1068 1404 1307 1474 primam
1362 1401 1524 1474 ﬁdem
1583 1402 1804 1456 irritam

161 1497 391 1566 fecerunt
417 1494 465 1566 (1
506 1494 639 1548 Tim.
700 1509 757 1559 v,
815 1493 922 1555 12).
976 1491 1226 1563 Jejuniis
1284 1491 1482 1562 itaque
1537 1490 1802 1546 refectio-

165 1600 306 1650 nem,
373 1581 743 1637 orationibus
837 1580 1096 1653 corporis
1183 1579 1646 1649 delectationem,
1716 1578 1801 1634 ia-

165 1669 363 1744 erymis
416 1676 686 1742 tempera
739 1667 935 1725 saeculi
1009 1669 1466 1742 jucunditatem.
1529 1668 1691 1734 Quod
1750 1668 1800 1723 si

164 1760 389 1816 forsitan
423 1762 768 1831 assumptus
799 1776 868 1813 ex
899 1758 1268 1829 abbate,aut,
1294 1762 1359 1813 ut
1388 1756 1623 1823 assolet,
1657 1757 1799 1813 duo-

1912 601 2190 657 stantiam
2220 603 2542 671 resumant,
2575 600 2708 671 ﬁde,
2743 620 2844 675 spe
2873 607 2934 660 et
2962 603 3244 661 eharitate
3274 605 3334 660 in
3377 611 3559 663 Deum

1912 689 2283 758 recalescant,
2317 689 2497 746 invita
2524 694 2581 746 et
2610 692 2882 761 obsecra;
2917 709 3022 748 nec
3052 693 3160 749 hoc
3211 695 3382 751 verbo
3430 700 3562 750 tan-

1911 780 2237 847 tummodo,
2271 780 2456 835 multo
2488 781 2675 853 magis
2717 782 2994 853 operibus
3042 783 3148 838 tibi
3199 785 3425 839 noveris
3464 801 3559 839 ex-

1913 868 2299 940 sequendum.
2330 868 2481 924 Vera
2511 874 2599 924 est
2622 869 2778 924 enim
2811 870 3018 926 Leonis
3048 874 3209 944 papae
3250 873 3557 942 sententia,

1914 957 2054 1029 quia
2081 956 2362 1012 validiora
2390 961 2529 1013 sunt
2558 958 2822 1031 exempla
2868 975 3047 1031 quam
3093 962 3288 1026 verba,
3341 966 3397 1017 et
3426 961 3559 1033 plus

1913 1051 2002 1101 est
2050 1062 2220 1118 opere
2268 1046 2472 1101 docere
2513 1063 2689 1118 quam
2732 1064 2888 1104 voce.
2921 1048 3377 1106 Necessitatibus
3418 1068 3559 1123 quo-

1914 1150 2027 1206 que
2059 1150 2261 1189 eorum
2292 1133 2352 1188 in
2382 1134 2802 1206 temporalibus
2832 1135 3072 1193 sedulus
3102 1138 3385 1195 adesto.Si
3417 1140 3559 1212 quid

1914 1222 2197 1278 fruudasti
2230 1221 2524 1294 praelatus,
2558 1228 2821 1280 restaura
2849 1225 3176 1298 episcopus.
3223 1228 3281 1283 Si
3315 1228 3455 1301 quid
3488 1231 3561 1285 de

1913 1314 1969 1366 te
1992 1310 2207 1378 minus,
2234 1310 2415 1366 abbas
2455 1311 2597 1366 dum
2623 1328 2801 1380 esses,
2835 1314 3157 1371 recordaris
3183 1315 3383 1386 fuisse,
3418 1335 3561 1389 pon-

1913 1399 2051 1455 tifex
2081 1416 2151 1455 ne
2176 1399 2429 1455 verearis
2450 1416 2815 1472 componere.

1984 1492 2073 1543 22.
2109 1488 2224 1543 Noe
2254 1486 2365 1544 hoc
2411 1504 2589 1560 agens
2636 1491 2909 1559 verearis,
2960 1508 3032 1547 ne
3078 1493 3210 1564 quis
3254 1497 3312 1549 te
3361 1512 3559 1566 pecca-

1913 1580 2123 1646 torem,
2154 1581 2212 1633 te
2241 1576 2383 1633 olim
2411 1576 2621 1634 dixerit
2646 1578 2941 1636 exstltisse
2973 1581 3388 1639 fraudatorem.
3419 1585 3562 1642 Vide

1912 1670 2144 1722 tantum
2176 1684 2247 1724 ne
2273 1666 2501 1724 Christo
2545 1668 2984 1740 opprobriosus,
3018 1687 3090 1726 ne
3120 1672 3236 1728 Deo
3266 1672 3559 1742 horridus,

1915 1771 1986 1810 ne
2037 1755 2281 1829 Spiritui
2326 1760 2527 1813 sancto
2578 1774 2784 1829 pareas
2843 1760 3255 1817 exsecrandus.
3309 1761 3425 1817 Hoc
3474 1763 3559 1834 ﬁt,

163 1849 263 1905 bus
293 1853 394 1923 aut
423 1852 585 1904 certe
642 1846 911 1920 pluribus
960 1848 1088 1915 jam
1140 1845 1423 1919 praefuisti
1474 1846 1620 1902 I57
1677 1862 1800 1901 mo-
1831 1876 1883 1943 Β
1913 1844 1963 1900 si
1993 1861 2098 1900 nec
2126 1847 2420 1917 praeterita
2448 1845 2646 1913 diluis,
2682 1863 2787 1902 nec
2818 1849 3128 1920 praesentia
3156 1849 3563 1909 emendatione

164 1938 459 2004 nasteriis;
526 1953 709 2009 pensa
782 1953 909 2009 qua:
967 1953 1146 1992 causa
1209 1935 1550 2008 hujusmodi
1630 1934 1805 1991 fuerit

163 2026 591 2099 demutationis.
652 2025 765 2081 Nec
822 2024 949 2092 tibi,
1026 2041 1244 2097 quaeso,
1296 2040 1525 2096 parcas,
1576 2040 1690 2079 non
1747 2027 1804 2079 te

162 2115 426 2187 decipias,
477 2117 711 2169 non-te
770 2112 990 2186 palpas,
1052 2130 1166 2168 non
1227 2111 1331 2167 tibi
1389 2112 1544 2183 quod
1586 2111 1803 2184 optime

164 2203 303 2260 nosti
331 2202 476 2259 velis
506 2201 711 2259 celare.
764 2200 937 2257 Nulla
981 2201 1138 2257 enim
1188 2201 1343 2273 apud
1377 2200 1580 2269 Deum,
1628 2204 1694 2256 ut
1724 2200 1806 2255 ait

160 2292 539 2365 Augustinus,
568 2290 1050 2360 latebra,etiamsi
1078 2286 1251 2362 plena
1281 2289 1359 2345 sit
1390 2289 1802 2346 abscondentis

144 2379 407 2453 perfidia.
442 2379 646 2452 Neque
673 2379 802 2435 ideo
835 2377 931 2434 ille
961 2394 1076 2434 non
1109 2378 1287 2444 novit,
1322 2377 1372 2434 si
1414 2382 1479 2433 tu
1527 2382 1583 2434 te
1613 2379 1802 2452 fingas

163 2470 417 2542 ignorare
451 2486 465 2524 :
505 2468 647 2541 quin
674 2468 869 2541 potius
897 2470 963 2522 tu
999 2466 1299 2523 humiliter
1329 2482 1599 2538 agnosce,
1635 2465 1684 2522 si
1714 2466 1800 2521 vis

162 2562 220 2613 ut
244 2557 338 2614 ille
388 2557 681 2632 ignoscat.
717 2556 913 2612 Prima
959 2560 1049 2611 est
1078 2572 1230 2623 vero,
1283 2561 1349 2612 ut
1388 2555 1467 2610 ait
1495 2554 1802 2628 gentilium

163 2647 415 2720 quidam,
444 2645 616 2714 ultio,
669 2646 822 2718 quod
874 2662 936 2701 se
985 2644 1186 2717 judice
1225 2661 1437 2701 nocens
1485 2643 1804 2700 absolvitur

156 2752 341 2805 nemo.
400 2734 608 2807 Cogita
641 2733 839 2806 igitur,
873 2736 1070 2788 utrum
1105 2733 1198 2788 his
1228 2733 1453 2804 [scilicet
1510 2738 1802 2789 monaste-

164 2824 275 2896 riis]
306 2825 413 2883 ritc
440 2822 769 2897 praefueris.
819 2822 980 2886 Quod
1032 2821 1079 2878 si
1134 2821 1443 2890 inveneris,
1486 2820 1615 2876 dole
1649 2822 1815 2893 quod.

163 2930 268 2969 non
305 2910 810 2985 perseveraveris;
852 2909 943 2967 sin
1001 2910 1223 2978 minus,
1282 2910 1460 2965 etiam
1516 2911 1597 2975 ob,
1638 2910 1695 2965 id
1744 2910 1803 2964 in

164 3001 310 3059 omni
342 3002 457 3058 vita
513 2999 837 3074 quotidiani
890 2990 1014 3054 non
1065 2998 1337 3077 desinant
1383 2998 1657 3071 gemitus.
1691 3002 1803 3053 Me-

165 3096 345 3149 mento
404 3095 497 3146 tot
546 3094 600 3145 te
655 3089 957 3161 subjacere
1008 3087 1388 3160 ponderibus,
1437 3092 1580 3159 quot
1611 3088 1806 3159 praefe-

165 3179 332 3237 cturis
376 3177 669 3235 infulatus
716 3176 977 3250 largitori
1033 3176 1271 3248 indigne
1301 3175 1394 3232 his
1435 3177 1602 3231 utens
1632 3175 1804 3231 exsti-

1913 1933 2261 2006 eomponis:
2314 1935 2455 2006 quin
2508 1935 2706 2007 potius
2764 1952 2899 1992 eum
2960 1937 3030 1993 de
3080 1940 3137 1992 te
3187 1937 3296 1995 hoc
3325 1939 3559 2010 dicitur,

1910 2022 2101 2094 gaude
2129 2022 2432 2078 humiliter
2460 2024 2519 2078 in
2550 2023 2688 2090 Deo,
2722 2025 2771 2080 si
2819 2025 2926 2080 tibi
2975 2026 3127 2082 158
3176 2044 3311 2083 eum
3341 2031 3561 2086 ceteris

1909 2128 2040 2167 vere
2070 2110 2298 2167 dicatur
2329 2129 2341 2169 :
2373 2114 2573 2168 Fuislis
2596 2114 2895 2185 aliquando
2951 2116 3209 2187 tenebrw,
3268 2135 3417 2174 nunc
3453 2137 3560 2175 au-

1910 2203 2017 2255 tem
2075 2200 2175 2255 lue
2212 2202 2280 2267 in
2336 2202 2625 2263 Domino;,
2660 2206 2714 2257 et
2762 2203 2874 2258 haec
2928 2205 3148 2275 quidem
3201 2208 3408 2277 fuistis,
3467 2208 3559 2265 sed

1911 2289 2088 2344 abluti
2116 2290 2261 2357 estis,
2284 2291 2617 2361 sanctiﬁcali
2641 2293 2769 2349 estis
2819 2292 2986 2354 (ICor.
3020 2310 3096 2359 v1,
3148 2295 3258 2365 11).
3316 2295 3375 2351 Si
3424 2298 3558 2368 quis

1909 2378 2107 2448 itaque
2133 2377 2421 2442 detrahat,
2454 2377 2823 2451 obloquatur,
2864 2380 3171 2437 maledicat
3218 2382 3557 2457 factumque

1907 2466 2226 2539 vituperet;
2259 2466 2364 2522 tibi
2396 2466 2567 2523 firma
2594 2483 2749 2539 spes,
2783 2468 3036 2525 solidum
3082 2471 3373 2539 refugium
3405 2473 3464 2528 in
3488 2474 3558 2529 il-

1910 2554 2026 2610 lius
2057 2555 2135 2611 sit
2163 2555 2399 2622 auxilio,
2433 2556 2525 2611 cui
2584 2574 2617 2612 a
2669 2557 2955 2630 Propheta
3012 2563 3102 2615 est
3152 2560 3415 2618 dictum:
3449 2564 3557 2618 Μα-

1911 2644 2141 2700 ledicent
2189 2645 2299 2710 illi,
2354 2652 2404 2701 et
2452 2649 2512 2701 tu
2571 2646 2846 2702 benedices
2903 2647 3072 2708 (Psal.
3132 2665 3302 2717 exvu,
3335 2651 3426 2712 28)
3451 2670 3474 2716 ;
3504 2655 3562 2707 et

1911 2732 2140 2805 erigens
2171 2734 2386 2788 mentie
2445 2735 2627 2790 aciem
2684 2734 3080 2792 indesinenter
3128 2737 3360 2794 clama:
3394 2739 3562 2810 Aufer

1911 2838 1946 2876 a
1973 2838 2061 2878 me
2106 2823 2456 2894 opprobrium
2502 2828 2553 2879 et
2591 2828 2957 2896 contemptum
2991 2827 3164 2899 (Psal.
3221 2844 3412 2896 exvui,
3445 2829 3559 2896 22),

1913 2927 2028 2966 non
2050 2909 2251 2982 utique
2281 2913 2658 2984 opprobrium
2690 2912 2997 2969 hominum
3038 2916 3193 2986 quod
3226 2917 3561 2988 pertransit,

1913 2999 2108 3071 potius
2152 3004 2341 3069 tuum,
2394 3002 2550 3072 quod
2580 3002 2628 3057 si
2677 3001 2771 3057 hic
2803 3018 2920 3058 non
2951 3003 3185 3070 desinit,
3236 3004 3355 3061 illic
3386 3006 3563 3062 finem

1914 3104 2029 3142 non
2079 3089 2316 3145 invenit.
2365 3089 2578 3145 Vereor
2624 3090 2804 3156 enim,
2857 3107 2929 3146 ne
2983 3092 3124 3146 dum
3177 3096 3473 3149 transacta
3498 3099 3563 3149 ut

1915 3179 2054 3233 sunt
2082 3176 2260 3250 digna
2278 3177 3031 3249 opprobriojudieas,etiam
3055 3180 3361 3251 praesentia
3386 3182 3565 3255 digna

166 3268 275 3325 tisti
296 3269 591 3342 ingratus;
615 3248 876 3338 dumque
929 3265 1202 3338 prodesse
1235 3264 1483 3320 debuisti
1515 3264 1810 3337 pluribus,
1836 3248 1879 3313 C
1918 3248 2275 3337 contemptui
2306 3248 2568 3337 deputes.
2595 3266 2757 3330 Quod
2791 3267 2873 3335 ﬁt,
2915 3267 2965 3323 si
3011 3248 3072 3324 et
3110 3272 3406 3326 transacta
3443 3248 3563 3327 cor-

166 3358 352 3432 paucis
373 3361 479 3414 aut
500 3356 744 3413 forsitan
769 3353 946 3410 nullis
963 3371 1140 3410 causa
1162 3353 1412 3426 alicujus
1436 3353 1593 3409 fuisti
1624 3354 1809 3426 profc-

167 3454 303 3505 ctus:
336 3447 455 3505 imo
488 3446 587 3502 his
617 3443 933 3511 destitutis,
966 3443 1038 3499 ad
1072 3442 1215 3499 alios
1247 3444 1496 3499 subinde
1523 3443 1805 3517 migrans,

169 3536 510 3610 nullumque
541 3551 648 3591 nec
674 3535 745 3590 de
765 3533 857 3589 his
882 3549 984 3588 nec
1008 3533 1078 3588 de
1101 3532 1385 3604 illis,quin
1404 3533 1581 3589 etiam
1616 3549 1717 3588 nec
1740 3534 1810 3588 de

168 3627 339 3701 teipso
370 3626 444 3684 ad
479 3625 760 3699 horreum
792 3621 1106 3678 Dominica
1138 3639 1282 3677 areae
1310 3622 1564 3677 fructum
1602 3610 1810 3695 appor-

168 3719 310 3787 tans,
338 3714 501 3789 quod
535 3712 793 3769 debuisti
821 3710 1156 3785 manipulos
1188 3710 1355 3778 ferre,
1373 3715 1459 3766 tot
1487 3711 1734 3784 exigeris
1753 3711 1809 3766 in

164 3804 372 3879 judicio
405 3817 775 3875 componere.

231 3895 318 3950 21.
351 3894 464 3963 Fac
499 3891 715 3964 itaque,
749 3891 891 3946 dum
922 3889 1112 3945 adhuc
1163 3889 1287 3944 dies
1337 3893 1441 3957 est,
1491 3889 1647 3967 quod
1678 3906 1813 3962 sug-

171 3998 316 4055 gero.
373 3982 536 4038 Dum
596 3979 787 4035 adhuc
843 3981 1011 4034 vacat
1069 3981 1302 4050 tempus
1355 3977 1618 4045 sationis,
1672 3978 1815 4033 dum

175 4071 351 4128 adhuc
381 4086 727 4127 oeconomus
777 4072 1004 4142 spectat
1035 4067 1115 4138 [id
1171 4075 1247 4122 est
1305 4067 1639 4140 exspectat],
1674 4067 1816 4122 dum

175 4165 360 4217 custos
399 4177 550 4217 areze
596 4158 853 4225 triturat,
903 4155 1131 4230 paleam
1179 4173 1293 4211 non
1347 4156 1545 4224 exerit,
1578 4154 1818 4211 ventila-

176 4248 337 4305 brum
383 4267 505 4306 non
532 4247 756 4320 arripit,
813 4247 954 4302 dum
1002 4245 1194 4320 adhuc
1244 4262 1358 4300 non
1403 4244 1689 4314 ventilat;
1735 4244 1818 4300 la-

176 4337 327 4407 bora,
380 4354 533 4404 sere,
582 4316 888 4410 congrega,
936 4316 1131 4390 nullas
1179 4334 1408 4390 dederis
1459 4333 1653 4402 ferias,
1688 4332 1821 4389 nul-

178 4425 292 4482 lum
322 4427 426 4484 tibi
460 4425 808 4503 colludium,
839 4423 1064 4480 nullam
1098 4439 1363 4496 pausam,
1400 4422 1627 4478 nullum
1675 4427 1822 4478 tem-

182 4533 281 4591 pus
311 4515 623 4589 indnlgeas
653 4513 1180 4571 vacationi.lnsiste
1201 4511 1556 4569 omnimodis
1589 4511 1819 4580 sationi,

1916 3354 2188 3427 riguntur
2218 3354 2491 3426 segniter,
2534 3358 2591 3409 et
2639 3356 2951 3426 praesentia
3000 3362 3341 3413 exercentur
3387 3358 3566 3431 negli-

1918 3448 2138 3515 genter.
2172 3442 2334 3499 Illam
2366 3442 2544 3498 etiam
2566 3443 2719 3499 Sarze
2769 3444 3089 3501 orationem
3145 3446 3216 3502 ad
3240 3449 3399 3502 tuam
3432 3464 3564 3518 pro-

1920 3532 2006 3588 fer
2053 3532 2411 3588 utilitatem:
2492 3534 2640 3600 Peto,
2712 3532 3005 3605 inquiens,
3060 3534 3308 3601 Domine,
3395 3543 3457 3591 ut
3502 3535 3567 3592 de

1920 3623 2136 3676 vinculo
2167 3623 2457 3693 improprii
2488 3622 2650 3693 hujus
2687 3622 2931 3678 absolvas
2964 3639 3072 3687 me.
3103 3631 3202 3678 aut
3237 3631 3380 3680 certe
3406 3624 3567 3681 desu-

1915 3727 2018 3782 per
2047 3716 2252 3766 terram
2274 3710 2484 3781 ’eripias
2530 3728 2619 3765 me
2667 3711 2809 3781 (Tob.
2855 3728 2938 3779 III,
2998 3712 3109 3778 l5),
3164 3729 3280 3768 non
3330 3712 3568 3786 quidem

1924 3798 2389 3855 substantialiter
2433 3803 2565 3855 ante
2609 3803 2844 3871 tempus
2892 3800 3369 3871 praedestinatum
3410 3802 3570 3857 aufe-

1926 3888 2105 3944 rendo
2137 3889 2349 3960 [supple
2397 3888 2520 3957 sed]
2568 3892 2822 3943 mentem
2869 3905 3061 3944 meam
3111 3890 3183 3945 ad
3234 3894 3289 3945 te
3340 3890 3574 3962 penitus

1924 3976 2219 4050 erigendo.
2276 3976 2379 4031 Hic
2427 3980 2535 4043 est,
2591 3975 2801 4045 dicent,
2854 3975 3117 4032 novellus
3159 3977 3459 4049 propheta,
3492 3994 3579 4032 re-

1927 4082 2064 4121 cens
2094 4064 2419 4138 apostolus,
2454 4065 2648 4120 subito
2670 4066 2913 4136 angelus
2933 4064 3315 4121 eﬂ‘ectustte
3337 4068 3575 4120 sanctus

1929 4152 2236 4222 Martinus,
2285 4155 2434 4209 Zeno
2484 4157 2573 4209 est
2620 4153 2729 4208 istc
2779 4157 3039 4219 sanctus,
3081 4153 3252 4208 modo
3295 4153 3367 4208 de
3413 4151 3576 4209 caelis

1930 4242 2245 4309 demissus.
2277 4241 2586 4308 Vanitatis,
2622 4239 2918 4311 inquinat,
2952 4239 3122 4312 signa
3152 4245 3291 4297 sunt
3318 4241 3451 4307 ista,
3470 4240 3576 4311 hy-

1931 4330 2198 4403 pocrisis,
2236 4329 2552 4396 simulatio,
2584 4328 2673 4384 vel
2703 4326 2906 4384 levitas
2934 4346 2947 4396 ;
2988 4328 3235 4385 mutatio
3265 4330 3579 4386 affectuum

1931 4419 2064 4483 ista,
2100 4436 2213 4474 non
2245 4418 2442 4490 aliqua
2472 4417 2674 4490 religio
2705 4417 2912 4473 vera.0
2945 4434 3124 4489 quam
3155 4434 3429 4490 asperum
3453 4434 3582 4473 ver-

1934 4509 2074 4564 bum
2104 4508 2116 4563 !
2154 4509 2255 4563 sed
2279 4506 2408 4561 vide
2439 4524 2509 4563 ne
2539 4507 2617 4563 sit
2647 4522 2869 4562 verum.

184 4623 248 4662 ne
275 4606 423 4663 desit
453 4605 614 4679 quod
647 4605 854 4661 afferas
884 4603 1242 4659 triturationi
1278 4601 1505 4674 :ipsam
1527 4601 1703 4657 etiam
1735 4600 1821 4655 in-
1857 4613 1903 4678 D
2005 4599 2093 4653 23.
2135 4601 2279 4651 Cave
2326 4594 2502 4651 etiam
2552 4611 2731 4667 prope
2778 4594 3057 4651 latentem
3109 4596 3450 4651 venantium
3499 4594 3586 4652 1a-

186 4700 472 4753 cessanter
532 4693 745 4750 mentis
793 4691 977 4750 oculis
1034 4692 1267 4762 adhibe,
1309 4692 1499 4764 ipsam
1557 4691 1826 4759 attende;

191 4785 367 4858 cogita
397 4783 662 4859 quotidie
692 4800 765 4839 ne
790 4786 1067 4856 superent
1096 4781 1294 4854 paleae,
1354 4797 1425 4836 ne
1465 4781 1829 4852 superabun-

189 4872 319 4928 dent
338 4873 603 4940 zizania;
654 4875 949 4928 momento
998 4869 1259 4926 triticum
1311 4868 1371 4924 in
1424 4868 1699 4925 horreum
1732 4870 1828 4925 de-

190 4962 317 5018 bere
348 4962 583 5019 recondi
614 4962 823 5034 (Mallh,
871 4977 996 5027 x111,
1026 4961 1140 5027 30),
1191 4956 1387 5034 paleas
1434 4964 1630 5014 autem
1672 4975 1827 5014 com-

193 5050 313 5107 buri
343 5051 468 5126 igni
501 5047 981 5124 inexstinguibili.
1016 5049 1196 5121 Prope
1224 5047 1421 5119 itaque
1451 5047 1670 5120 positos
1709 5064 1829 5103 crc-

196 5140 460 5217 berrimis
505 5138 1024 5204 exbortationibus,
1057 5136 1227 5210 longe
1259 5140 1513 5193 remotos
1570 5135 1832 5208 epistolis

198 5228 535 5301 saepissimis
566 5229 637 5285 ad
687 5228 788 5285 Dei
836 5227 1061 5284 cultum
1110 5226 1443 5282 reaccende.
1477 5225 1830 5281 Prmteritam

200 5322 253 5374 et
277 5322 438 5376 tuam
476 5322 532 5374 et
579 5317 815 5374 illorum
869 5315 1177 5392 segnitiam
1227 5331 1458 5381 accusa,
1506 5315 1829 5387 redarguo;

200 5412 255 5463 et
302 5413 500 5465 tecum
555 5412 620 5464 ut
669 5408 1009 5474 excitentur,
1068 5411 1135 5460 ut
1190 5403 1552 5471 reviviscent,
1605 5403 1833 5459 animos

1940 4702 2179 4758 qucum.
2214 4681 2377 4739 Multi
2409 4683 2563 4738 enim
2596 4682 2704 4738 hoc
2725 4698 2929 4755 aspero
2945 4682 3114 4738 verbo
3139 4682 3592 4756 (3l6)tperterri-

1939 4776 2004 4843 ti,
2039 4772 2363 4846 exasperati
2391 4776 2447 4826 et
2483 4771 2875 4840 vcrccundati,
2927 4771 3148 4827 bonum
3193 4770 3591 4842 relinquentes

1946 4864 2291 4936 inemptum,
2324 4862 2477 4934 capti
2505 4864 2643 4917 sunt
2693 4862 2752 4916 in
2801 4860 3194 4932 museipulam
3235 4859 3591 4915 venantium.

1940 4954 2026 5008 Tu
2060 4956 2296 5008 econtra
2325 4950 2416 5006 his
2467 4951 2657 5017 corde,
2710 4967 2825 5005 non
2875 4965 2972 5005 ore
3022 4948 3347 5020 responde;
3398 4947 3594 5018 ipsum

1939 5045 2113 5098 etiam
2159 5045 2214 5096 tc
2267 5040 2387 5095 haec
2419 5039 2681 5112 cogitans
2730 5055 2885 5095 cave.
2937 5039 3062 5093 Non
3111 5038 3321 5092 desunt
3351 5034 3506 5090 enim
3540 5050 3597 5104 et

1939 5132 2042 5186 tibi
2078 5130 2344 5203 quaedam
2378 5129 2665 5184 introrsus
2717 5144 2991 5192 cavernae,
3036 5125 3133 5180 ubi
3167 5123 3374 5195 aliqua:
3418 5120 3595 5176 latro-

1941 5219 2190 5277 cinantis
2221 5216 2441 5272 inimici
2469 5216 2663 5272 adsint
2697 5214 2943 5269 insidia}.
2997 5213 3096 5267 Die
3144 5228 3279 5283 ergo
3313 5210 3371 5265 in
3403 5210 3598 5277 corde,

1941 5309 2187 5383 pavidus
2220 5307 2431 5378 cogita,
2485 5305 2581 5360 sed
2633 5305 2944 5374 suspectus
2992 5300 3105 5365 dic,
3157 5299 3312 5370 quod
3362 5298 3601 5371 quidem

1940 5401 2112 5471 longe
2143 5402 2199 5453 te
2228 5392 2706 5471 iqeomparabilis
2737 5391 2901 5459 dixit,
2935 5387 3242 5444 dissimilis
3275 5392 3427 5444 certe
3456 5407 3469 5458 ;
3499 5404 3606 5444 nec

274 5584 419 5660 (316)
449 5585 567 5660 Hoc
595 5585 832 5660 scilicet,
856 5585 1042 5660 _quod
1066 5581 1285 5660 ipaulo_
1311 5585 1443 5660 ante
1502 5580 1868 5651 memoravit,
1901 5580 1976 5638 0b
2004 5594 2170 5652 quam
2197 5589 2451 5647 asper-um
2498 5570 2741 5626 verbum!
2783 5585 2897 5641 quo
2931 5567 3278 5642 hypocrisis,
3312 5566 3610 5637 vanitatis,

209 5653 594 5715 simulationis
623 5657 760 5714 vitio
790 5653 950 5713 zelus
982 5653 1219 5712 notatus
1264 5653 1389 5709 fuit.
