4054 6378
524 376 644 443 307

1451 369 1826 436 RATHERII
1869 368 2117 433 EPISG.
2162 367 2450 433 VERON.
2497 368 2668 433 OPP.
2714 368 2918 432 PARS
2962 365 3012 430 I.

3820 338 3953 423 eos

524 511 842 570 mentieris.
876 509 940 567 In
991 506 1203 567 melius
1252 511 1480 563 mutare
1527 505 1890 578 propositum
1933 521 2048 559 non
2081 505 2254 572 est},
2282 505 2329 559 si
2365 506 2517 577 quod
2549 504 2709 560 valeo
2741 503 2847 559 tibi
2879 504 3017 559 dare
3049 517 3163 558 non
3195 498 3448 573 neglige,
3478 498 3682 553 caetera
3713 498 3829 552 tuae
3860 495 3955 551 in-

519 601 745 670 levitas,
779 602 880 658 sed
915 600 1066 672 (3l7)
1117 599 1325 665 virtus,
1358 612 1546 668 neque
1593 595 1783 667 culpa,
1829 594 1930 649 sed
1966 592 2173 666 gratia.

522 695 708 749 Erunt
735 691 913 748 etiam
945 689 1046 762 qui
1079 689 1219 743 dum
1238 685 1401 741 nulla
1425 682 1940 749 considerant,imo
1971 682 2181 737 nolunt

525 781 745 838 habere
797 796 924 844 sua,
974 783 1078 832 tua
1144 776 1192 830 si
1258 790 1374 845 qua
1438 772 1708 840 viderint,
1776 771 1978 825 statim
2028 772 2182 825 bona

528 869 816 941 incipiant
844 866 1083 921 laudare
1128 861 1299 934 (318),
1343 865 1399 917 et
1444 860 1644 915 mirari
1692 858 1849 914 velut
1904 858 2177 913 maxima.

533 959 758 1025 Quibus
807 955 853 1010 si
888 960 997 1008 tuae
1028 949 1395 1006 conscientia:
1446 947 1644 1003 relicto
1689 946 2024 1002 testimonio
2055 962 2182 1001 cre-

534 1044 787 1111 dideris;
823 1043 1022 1106 fateor,
1057 1055 1161 1094 nec
1210 1038 1480 1103 mentior,
1533 1034 1688 1089 illico
1733 1034 1997 1106 perditus
2044 1034 2179 1089 eris.

536 1136 622 1190 Tu
648 1136 882 1188 econtra
912 1130 1054 1183 dum
1083 1126 1322 1183 exhibes
1364 1124 1691 1198 praesentia,
1744 1140 1975 1195 semper
2013 1123 2184 1178 stude

535 1220 874 1277 meminisse
904 1214 1219 1289 praeterita,
1254 1212 1550 1284 simulque
1582 1212 1683 1267 Dei
1713 1212 1977 1268 districta
2006 1216 2064 1267 et
2094 1211 2181 1266 in-

533 1304 1084 1381 comprehensibilia
1099 1302 1353 1375 cogitare
1374 1300 1620 1373 judicia.
1655 1301 1817 1372 Saepe
1840 1300 1997 1356 enim
2028 1300 2186 1355 unde

535 1397 747 1454 mereri
778 1400 1019 1468 putatur
1051 1391 1260 1463 gratia,
1312 1389 1677 1444 contrahitur
1719 1388 1976 1457 offensa;
2031 1388 2186 1443 unde

536 1486 802 1543 contrahi
850 1483 1092 1538 timetur
1140 1479 1381 1545 offensa,
1432 1476 1756 1549 acquiritur
1802 1476 2008 1549 gratia.
2051 1477 2186 1531 Lin-

537 1590 715 1647 guam
770 1588 885 1626 non
937 1568 1127 1625 solum
1179 1583 1212 1621 a
1243 1564 1595 1631 criminosis,
1644 1563 1821 1619 etiam
1874 1564 1947 1619 ab
1985 1562 2188 1619 otiosis

540 1659 989 1727 contine,sciens
1021 1654 1241 1710 dictum
1257 1670 1360 1726 per
1387 1652 1666 1709 Iacobum
1699 1669 1846 1709 esse:
1889 1652 1950 1707 Si
1976 1654 2100 1725 quis
2134 1668 2188 1709 se

537 1754 697 1824 putat
726 1749 1298 1816 religiosumesse,non
1313 1745 1598 1813 refrenans
1616 1742 1863 1812 linguam
1892 1757 2066 1807 suam,
2096 1741 2189 1796 sed

540 1840 796 1895 seducens
815 1852 907 1891 cor
927 1850 1108 1900 suum,
1131 1833 1295 1903 hujus
1327 1848 1471 1886 vana
1501 1839 1577 1885 est
1600 1831 1794 1901 religio
1831 1832 1967 1894 (Jac.
2000 1848 2040 1896 ι,
2070 1830 2184 1901 26).

614 1929 704 1981 24.
735 1924 845 1981 Sed
877 1927 943 1978 ut
972 1919 1152 1977 semel
1182 1919 1465 1991 incipiens
1497 1919 1699 1991 paucis
1750 1918 1939 1973 adhuc
1971 1924 2024 1974 te
2056 1917 2193 1974 allo-

547 2034 714 2090 quar,
748 2028 995 2085 suggero
1026 2014 1092 2064 ut
1120 2013 1178 2065 et
1208 2008 1255 2064 si
1289 2008 1429 2080 quid
1471 2007 1529 2061 in
1572 2008 1902 2078 juventute,
1953 2009 2002 2062 si
2052 2007 2193 2079 quid

546 2106 723 2162 etiam
756 2102 948 2158 adhuc
978 2099 1037 2153 in
1069 2097 1423 2152 monasterio
1454 2096 1705 2168 positus,
1737 2099 2051 2168 antequam
2083 2096 2193 2151 sci-

545 2194 680 2249 licet
706 2192 777 2247 ad
808 2188 1041 2262 aliquod
1073 2186 1332 2258 regimen
1366 2200 1528 2240 esses
1578 2190 1943 2256 assumptus,
1998 2184 2192 2268 egisti,

546 2283 700 2339 159
733 2278 979 2336 sollicite
1006 2280 1329 2332 retractes:
1374 2273 1617 2329 forsitan
1676 2279 1732 2328 et
1790 2274 1902 2329 sibi
1949 2272 2192 2345 aliquid,

547 2372 704 2445 quod
734 2387 849 2425 non
897 2383 1107 2440 parum
1158 2364 1372 2419 debeas
1424 2366 1703 2432 metuere,
1756 2361 2034 2417 invenies.
2089 2362 2195 2415 Re-

545 2460 804 2535 perietur
832 2456 1007 2513 etiam
1036 2453 1164 2521 tibi,
1226 2469 1341 2524 quo
1401 2451 1603 2507 ordine
1658 2454 2023 2522 assumptus,
2082 2467 2198 2521 qua

546 2546 890 2605 necessitate
943 2543 1123 2598 fueris
1180 2541 1421 2597 electus.
1499 2537 1778 2594 Proclivis
1837 2540 1993 2594 enim
2044 2555 2196 2594 sem-

548 2655 653 2710 per
681 2636 741 2691 in
771 2632 1057 2690 deteriora
1085 2631 1356 2685 humanae
1380 2628 1718 2684 ambitionis
1737 2628 2030 2699 superbia,
2066 2628 2197 2682 uni-

546 2743 716 2782 versa
741 2726 867 2797 jam
897 2736 1189 2793 occupans
1220 2717 1455 2785 saecula,
1487 2733 1591 2771 nec
1622 2717 1751 2788 ipsa
1780 2716 1951 2772 hodie
1982 2717 2199 2772 deserit

549 2809 1100 2880 coenobia,videlicet
1130 2812 1195 2862 ut
1214 2806 1465 2878 eligendi
1500 2822 1613 2860 non
1637 2806 1919 2860 virtutum
1951 2804 2196 2871 meritis,

548 2905 650 2961 sed
682 2900 924 2975 putrida:
955 2897 1149 2962 istius,
1194 2912 1372 2968 quam
1422 2895 1503 2948 ita
1544 2899 1770 2961 vocant,
1825 2898 2065 2949 terrenae
2093 2911 2199 2949 no-

551 2993 818 3061 bilitatis,
880 3007 939 3046 re
987 2992 1183 3045 autem
1233 3004 1370 3042 vera
1430 2985 1935 3057 corruptibilitatis
1995 2989 2199 3041 taxen-

548 3088 647 3139 tur
702 3079 1029 3155 praeconiis.
1099 3078 1213 3131 Nec
1279 3074 1604 3147 exquiritur
1669 3074 1802 3146 quis
1869 3075 2200 3130 obedientia

547 3177 784 3230 caeteros
850 3171 1083 3242 praeeat,
1170 3164 1501 3220 humilitate
1585 3163 1797 3229 vincat,

2288 594 2523 651 dustria:
2556 592 2882 649 committo.

2358 686 2445 739 25.
2481 684 2630 739 Sunt
2661 682 2845 738 multa
2895 682 3233 736 sanctorum
3285 677 3521 733 Patrum
3564 675 3691 746 jam
3736 691 3808 731 ex
3852 672 3958 729 his

2288 772 2442 828 dicta
2472 771 2720 828 diversis
2752 768 3053 843 opusculis
3083 768 3308 824 indita:
3342 765 3466 821 haec
3498 764 3706 837 relege,
3742 769 3803 820 et
3846 779 3957 818 ne-

2290 862 2512 933 gotium
2570 878 2639 915 ex
2690 860 2782 915 his
2833 858 2937 914 tibi
2989 856 3195 914 salutis
3240 854 3497 927 acquire.
3549 854 3691 910 Mihi
3745 857 3958 908 tamen

2289 950 2538 1015 videtur,
2572 950 2713 1004 dum
2772 947 3006 1002 interim
3064 946 3185 1001 haec
3241 949 3462 1017 captas,
3524 948 3581 999 et
3628 941 3959 998 consilium

2291 1038 2621 1094 inveniendi
2667 1041 2723 1093 et
2773 1035 3124 1107 exsequendi
3175 1034 3327 1106 quod
3375 1031 3645 1098 dixerint,
3697 1030 3960 1087 forsitan

2292 1127 2538 1199 impedit
2567 1126 2830 1192 tarditas,
2866 1129 2931 1181 ut
2960 1123 3119 1179 nullo
3151 1122 3323 1178 modo
3372 1120 3709 1193 desperans,
3760 1120 3822 1175 in
3855 1135 3957 1188 eo,

2293 1216 2395 1288 qui
2425 1215 2624 1272 omnia
2678 1215 2815 1271 fecit
2843 1215 2914 1270 de
2944 1212 3146 1279 nihilo,
3182 1210 3429 1266 ﬁrmiter
3485 1226 3649 1281 spem
3689 1225 3956 1282 ponens,

2292 1304 2567 1377 lacrymis
2595 1308 2650 1360 te
2679 1307 2867 1367 totum
2895 1299 3197 1373 dedas,pia
3226 1315 3403 1371 epera
3432 1299 3582 1371 (320)
3614 1314 3731 1353 non
3771 1297 3959 1369 quasi

2294 1394 2395 1467 qui
2427 1394 2497 1448 ab
2528 1393 2655 1464 ipsa
2684 1390 2990 1463 incmperis
3020 1404 3291 1445 exercens
3323 1386 3588 1454 infantia,
3631 1387 3735 1443 sed
3775 1385 3961 1459 quasi

2296 1483 2397 1556 qui
2428 1487 2613 1538 totum
2643 1482 2772 1536 vita
2804 1484 3036 1551 tempus
3082 1478 3276 1551 pravis
3326 1468 3553 1532 datum'
3583 1479 3760 1548 atque
3809 1492 3962 1531 con-

2296 1576 2600 1644 sumptum
2630 1570 2855 1625 habens
2893 1566 3394 1634 delectationibus,
3442 1564 3675 1621 residuo
3721 1564 3772 1621 si
3808 1564 3961 1637 quid

2297 1662 2469 1717 datur
2525 1660 2721 1733 epatii,
2770 1659 2884 1714 Deo
2959 1661 3190 1712 tantum
3234 1660 3290 1711 te
3346 1654 3555 1711 debere
3602 1653 3963 1711 memineris

2297 1748 2639 1822 mancipari.
2673 1750 2742 1804 Et
2771 1747 2905 1803 licet
2929 1745 3113 1802 sciam
3143 1750 3198 1800 te
3226 1744 3336 1800 hoc
3367 1743 3569 1800 ordine
3599 1759 3702 1815 per
3731 1741 3963 1798 ostium

2298 1856 2411 1896 non
2440 1838 2732 1905 introisse,
2765 1836 3001 1893 aliunde
3031 1835 3227 1906 potius
3258 1832 3591 1889 ascendisse
3618 1851 3630 1900 ;
3692 1848 3811 1887 non
3870 1837 3965 1887 ta.-

2306 1944 2436 1984 men
2490 1933 2545 1983 te
2610 1925 2844 1998 penitus
2908 1923 3089 1978 audes
3166 1922 3491 1994 desperare,
3558 1919 3658 1992 qui
3727 1923 3965 1974 tantam

2304 2017 2433 2072 novi
2488 2014 2927 2089 patrisfamilias
2977 2012 3149 2068 istius
3199 2009 3517 2083 potentiam
3564 2025 3715 2078 esse,
3772 2012 3843 2063 ut
3892 2026 3967 2064 ex

2302 2105 2430 2178 ipso
2464 2105 2588 2160 fure
2619 2109 2933 2176 pastorem,
2991 2100 3041 2156 si
3087 2100 3244 2166 velit,
3308 2098 3491 2170 possit
3547 2097 3801 2161 efﬁcere,
3861 2098 3967 2170 qui

2304 2196 2376 2249 de
2417 2193 2554 2266 lupo
2609 2209 2773 2249 ovem
2832 2206 2982 2262 smpe
3040 2188 3254 2261 legitur
3305 2186 3528 2243 fecisse.
3590 2185 3739 2252 Quid
3799 2186 3967 2242 enim

2306 2302 2422 2339 non
2456 2288 2575 2355 poto.
2592 2286 2645 2338 st
2675 2280 3056 2352 Omnipotens
3076 2278 3103 2332 ‘I
3125 2276 3264 2349 quid
3298 2293 3413 2331 non
3444 2278 3636 2348 potest
3660 2274 3780 2329 nisi
3806 2275 3968 2346 quod

2306 2388 2477 2445 posse
2507 2368 2694 2426 nolit?
2724 2370 2847 2424 Non
2878 2370 3068 2440 potest
3118 2367 3189 2421 de
3238 2363 3417 2437 impio
3471 2363 3744 2419 invasere
3795 2363 3970 2435 pium

2306 2462 2641 2535 pontificem
2666 2460 2870 2523 facere,
2905 2456 3005 2528 qui
3037 2454 3225 2528 potuit
3255 2454 3325 2509 de
3354 2452 3650 2525 lapidibus
3671 2453 3973 2509 suscitare

2307 2550 2460 2606 ﬁlios
2488 2547 2777 2604 Abrahae?
2824 2545 3031 2617 (Matth.
3094 2562 3178 2610 III,
3236 2544 3319 2615 9.)
3372 2543 3527 2598 160
3582 2542 3710 2597 Non
3773 2542 3973 2614 potuit

2307 2639 2675 2695 interfectum
2725 2636 2978 2698 reﬁcere,
3022 2634 3121 2707 qui
3192 2632 3381 2705 potuit
3437 2648 3553 2686 non
3611 2630 3971 2687 existentem

2308 2727 2546 2784 creare?
2578 2724 2864 2791 Difﬁcilia,
2900 2723 3009 2789 ais,
3033 2726 3173 2777 sunt
3202 2719 3450 2776 nimium
3483 2720 3604 2774 haec
3639 2720 3781 2787 ;sed
3812 2720 3912 2775 cui
3944 2720 3972 2775 ?

2310 2815 2573 2888 nunquid
2608 2814 2770 2871 Deo?
2829 2812 2975 2876 Quid
3033 2810 3119 2866 illi
3172 2807 3431 2876 difﬁcile,
3486 2808 3583 2881 qui
3630 2813 3853 2864 cuncta
3900 2809 3973 2865 de

2309 2905 2492 2961 nihilo
2526 2904 2713 2977 potuit
2744 2902 2973 2957 facere?
3006 2901 3195 2973 Ipsius
3244 2916 3358 2954 non
3386 2897 3603 2953 audisti
3633 2898 3814 2953 hodie
3845 2916 3972 2955 ser-

2309 3011 2540 3051 monem
2574 2991 2822 3047 dicentis
2854 3009 2866 3046 :
2901 2990 2961 3044 Si
2985 2997 3130 3061 potes
3158 2988 3395 3056 credere,
3426 2988 3612 3043 omnia
3667 2990 3975 3059 possibilia

2306 3082 2821 3152 rrerwntisHi-llarc,
2880 3098 2954 3146 1x,
3007 3080 3118 3145 32.)
3150 3077 3350 3133 Nescis
3401 3076 3460 3131 in
3525 3078 3697 3132 rebus
3729 3092 3976 3150 quoque

1891 3163 2201 3235 prudentia
2310 3171 2589 3228 humanis
2621 3169 2962 3242 hujusmodi
2986 3168 3183 3224 haberi
3205 3164 3708 3233 censuetudinem,
3724 3170 3975 3223 uttanio

545 3259 900 3319 antecellat:
965 3256 1170 3327 [supple
1229 3255 1350 3325 sed]
1409 3254 1580 3324 cujus
1637 3269 1769 3307 arca
1826 3252 2195 3318 cumulatior,
2227 3242 2270 3309 C
2310 3262 2443 3335 plus
2474 3261 2747 3317 laudetur
2783 3259 3068 3323 medicus,
3127 3261 3346 3328 quanto
3398 3255 3653 3327 amplius
3685 3255 3975 3329 despepa-

548 3363 850 3405 camerave
908 3344 1130 3410 fortior,
1182 3342 1350 3397 donis
1436 3341 1513 3396 sit
1597 3339 1907 3410 repletior;
1970 3340 2202 3395 stabula

552 3437 686 3508 quis
718 3432 975 3504 amplius
1000 3430 1189 3502 plena,
1225 3429 1442 3500 praedia
1474 3429 1525 3483 ei
1578 3427 1859 3483 beneﬁcia
1887 3427 2064 3484 latius
2094 3429 2200 3483 ha-

554 3526 691 3582 beat
718 3522 1007 3585 distenta;
1058 3520 1228 3589 cujus
1278 3522 1440 3590 pater
1485 3516 1678 3583 ditior,
1712 3519 1885 3571 frater
1942 3517 2201 3589 locuple-

552 3614 686 3680 tior,
720 3608 992 3684 prosapia
1019 3607 1366 3680 generosior,
1418 3622 1673 3677 propago
1704 3606 2013 3677 potentior.
2049 3607 2204 3662 Inter

555 3701 680 3756 haec
711 3715 815 3754 nec
845 3698 973 3769 ipsa
1022 3695 1339 3751 honoratur
1393 3693 1652 3748 canities.
1703 3694 1986 3750 Juventus
2036 3712 2199 3752 sene-

556 3789 736 3845 ctutis
765 3786 958 3841 locum
987 3784 1244 3852 invadit;
1293 3788 1348 3839 et
1395 3783 1559 3850 illud,
1594 3783 1749 3854 quod
1784 3789 1969 3839 totum
2000 3791 2089 3841 est
2118 3785 2203 3840 di-

556 3878 779 3943 vinum,
835 3874 1007 3929 datur
1060 3874 1130 3928 ad
1190 3872 1535 3944 praemium;
1583 3878 1639 3927 et
1693 3871 1857 3928 lucra
1892 3877 2203 3945 captantur

553 3970 804 4032 terrena,
840 3962 993 4019 unde
1042 3962 1371 4018 animarum
1421 3960 1790 4016 solummodo
1838 3962 2069 4034 congeri
2109 3964 2202 4018 de-

552 4055 803 4113 buerant
857 4051 1254 4107 mercimonia.
1316 4051 1416 4106 His
1468 4051 1719 4122 denique
1777 4055 1835 4106 et
1886 4051 2036 4119 aliis,
2098 4052 2198 4124 qui

551 4141 896 4215 hujusmodi
925 4139 1111 4196 solent
1140 4139 1427 4205 comitari,
1460 4139 1727 4212 pessimae
1759 4140 2201 4197 ambitionisea-

551 4234 718 4290 sibus
750 4233 799 4288 si
841 4230 1081 4286 forsitan
1134 4234 1189 4284 te
1246 4228 1636 4299 interceptum
1687 4228 2007 4300 repereris:
2060 4228 2200 4285 laeti-

549 4322 664 4390 tiae,
700 4336 914 4393 quasso,
948 4318 1141 4374 locum
1188 4318 1245 4371 in
1296 4318 1468 4373 corde
1518 4334 1589 4372 ne
1627 4317 1876 4373 dederis.
1932 4318 2197 4374 Forsitan

550 4409 708 4467 enim
739 4408 831 4465 his
862 4406 1138 4478 auspiciis
1168 4410 1423 4475 evectus,
1475 4407 1546 4460 ad
1593 4406 1702 4461 hoc
1748 4422 1809 4461 es
1836 4408 2194 4479 perductus,

553 4503 620 4553 ut
660 4497 806 4569 (319)
864 4497 936 4551 ad
990 4495 1153 4561 illud,
1215 4512 1328 4566 quo
1386 4495 1558 4549 modo
1619 4495 1901 4566 fungaris.
1959 4496 2196 4551 honoris

2313 3352 2486 3406 batur
2515 3354 2767 3421 aegrotus
2800 3364 2812 3401 :
2846 3363 2978 3401 cum
3012 3351 3069 3401 et
3098 3362 3213 3418 quo
3246 3343 3604 3416 desperatior
3643 3345 3859 3399 anima":
3893 3346 3975 3401 sit

2313 3438 2519 3494 mortis
2550 3436 2795 3501 occasio,
2829 3439 2988 3490 tanto
3022 3434 3219 3507 plures
3248 3433 3597 3505 plerumque
3613 3433 3822 3489 eodem
3849 3452 3976 3489 cor-

2312 3528 2578 3599 rigantur
2606 3524 2911 3596 exemplo?
2961 3524 3107 3578 Hinc
3160 3523 3314 3578 enim
3348 3522 3589 3595 quidam
3626 3526 3974 3578 nostrorum

2313 3616 2452 3671 dicit
2508 3616 2712 3672 eodem
2775 3630 2951 3669 sensu
3011 3612 3315 3685 praamisso
3353 3630 3364 3667 :
3402 3611 3529 3667 Vide
3557 3612 3749 3678 David,
3785 3616 3977 3668 consi-

2310 3708 2442 3761 dera
2475 3711 2716 3774 Petrum,
2775 3719 3006 3774 quorum
3060 3717 3164 3773 quo
3220 3701 3422 3771 gradus
3478 3701 3667 3766 altior,
3714 3717 3776 3756 eo
3809 3718 3977 3757 casus

2310 3797 2533 3866 gravior
2562 3813 2579 3848 :
2611 3809 2714 3865 quo
2745 3800 2928 3847 autem
2955 3807 3111 3846 casus
3132 3792 3375 3860 gravior,
3406 3806 3466 3846 eo
3489 3790 3663 3860 pietas
3700 3792 3975 3860 erigentis

2309 3886 2538 3955 gratior.
2595 3883 2756 3938 Unde
2811 3886 2867 3937 et
2915 3880 3068 3936 idem
3128 3880 3305 3936 nimis
3360 3879 3600 3952 pulchre
3659 3882 3975 3936 consuevit

2310 3990 2518 4030 orare:
2583 3974 2740 4039 Deus,
2801 3973 2900 4043 qui
2953 3971 3407 4042 omnipotentiam
3481 3976 3635 4023 tuam
3692 3971 3973 4040 parcendo

2308 4063 2548 4116 maxime
2584 4068 2635 4115 et
2680 4058 2991 4114 miserando
3046 4058 3389 4128 manifestas,
3438 4057 3751 4128 multiplica
3804 4073 3978 4130 super

2307 4166 2404 4205 nos
2435 4147 2871 4203 misericordiam
2910 4153 3084 4203 luam.
3133 4145 3279 4210 Quid
3330 4144 3486 4200 enim
3537 4144 3586 4199 si
3644 4145 3767 4199 haec
3821 4162 3973 4201 cun-

2309 4243 2401 4294 cta
2455 4238 2585 4292 idco
2616 4236 2696 4291 ita
2748 4234 3017 4307 permisit
3072 4234 3348 4302 incidere,
3404 4238 3468 4288 ut
3496 4233 3744 4289 haberes
3804 4235 3967 4290 unde

2308 4344 2441 4383 eum
2493 4325 2746 4398 amplius
2793 4342 2996 4397 posses
3052 4323 3312 4389 laudare,
3363 4322 3562 4380 sincns
3606 4321 3880 4379 videlicet
3910 4329 3968 4380 te

2308 4415 2620 4490 periclitari
2654 4415 2711 4468 in
2747 4413 3035 4486 pluribus,
3074 4417 3142 4468 ut
3190 4413 3316 4467 sine
3364 4412 3589 4467 defectu
3622 4410 3916 4469 clamares
3939 4414 3969 4468 ?

2308 4506 2455 4572 Quid
2489 4505 2535 4559 si
2564 4509 2619 4560 te
2649 4501 3176 4575 exemplumvoluit
3206 4518 3333 4557 esse
3358 4500 3586 4570 talium,
3639 4501 3738 4574 qui
3788 4503 3961 4575 (proh

552 4584 875 4656 fastigium,
922 4582 1116 4654 aliquo
1166 4582 1458 4637 saecularis
1508 4582 1765 4654 suffragii
1809 4585 2112 4653 juvamine
2144 4590 2198 4640 te

2307 4594 2526 4655 dolori)
2555 4590 3060 4647 innumerabiliter
3102 4591 3184 4645 ita
3229 4590 3400 4646 hodie
3457 4607 3559 4663 per
3612 4590 3959 4647 universum

554 4672 861 4743 contigerit
885 4671 1237 4726 ascendisse.
1286 4670 1449 4733 Quod
1482 4670 1530 4725 si
1575 4671 1657 4725 ita
1686 4687 1749 4725 se
1795 4670 1987 4738 habet,
2018 4688 2199 4743 quan-

550 4764 681 4815 tum
740 4759 1031 4831 lugendus
1080 4759 1183 4825 sis,
1231 4775 1501 4814 enarrare
1572 4775 1688 4813 non
1748 4758 1973 4814 sufﬁcio
2031 4761 2192 4830 satis,

550 4848 781 4906 etiamsi
814 4848 1011 4902 omnia
1042 4848 1304 4903 membra
1334 4847 1593 4918 corporis
1641 4847 2029 4905 cunctimodis
2058 4867 2194 4905 con-

549 4940 788 5011 crepent
818 4935 1274 5008 linguis.Verum
1310 4952 1379 4990 ne
1412 4941 1579 5007 putes
1603 4935 1954 4993 mehocideo
1985 4939 2191 5007 dicere,

550 5027 708 5102 quod
738 5031 793 5083 te
820 5029 919 5082 aut
948 5025 1195 5096 dejicere
1218 5030 1316 5079 aut
1338 5024 1509 5079 velim
1540 5024 2195 5098 desperare.Consilium

620 5294 765 5365 (317)
798 5294 981 5367 Locus
1014 5294 1074 5367 in
1106 5291 1356 5365 vulgatis
1385 5292 1819 5367 luxatus;quem
1843 5313 2087 5354 sanasse
2117 5299 2197 5353 vi-

550 5364 761 5421 demur
790 5365 991 5437 addita
1018 5364 1112 5419 hic
1144 5368 1198 5419 et
1222 5364 1429 5435 postea
1469 5364 1753 5437 particula
1780 5368 1889 5423 sed.

623 5436 765 5505 (318)
799 5436 1081 5491 Construe
1117 5452 1128 5490 :
1162 5437 1291 5490 dum
1320 5436 1485 5492 nulla
1507 5454 1609 5492 sua
1637 5439 1776 5493 bona
1822 5439 2189 5507 considerant,

512 5548 517 5553 η
549 5509 658 5581 imo
688 5507 884 5562 nolunt
911 5510 1089 5579 (cum)
1146 5507 1343 5563 habere
1392 5507 1508 5564 ulla
1538 5525 1637 5564 sua
1657 5526 1677 5570 ;
1732 5512 1783 5565 si
1812 5526 1919 5581 qua
1956 5511 2193 5569 viderint

552 5580 689 5634 bona
722 5582 837 5645 tua,
869 5581 1053 5635 statim
1084 5581 1353 5650 incipiant
1375 5581 1621 5645 laudare,
1654 5584 1761 5636 etc.

622 5650 769 5721 (319)
798 5650 993 5724 Vulg.,
1026 5657 1077 5706 et
1104 5651 1263 5720 illud,
1297 5668 1621 5725 perperam,

2307 4684 2695 4739 instituuntur
2746 4680 3045 4749 saeculum,
3096 4684 3160 4735 ut
3190 4680 3423 4752 capiant
3480 4679 3961 4753 aliquodcunque

2307 4774 2377 4829 de
2436 4789 2497 4827 se
2555 4788 2788 4844 quoque
2844 4771 2955 4843 ipsi
3010 4769 3342 4836 consilium,
3399 4770 3541 4824 dum
3599 4776 3655 4825 te
3704 4770 3964 4826 viderint

2307 4862 2717 4917 resuscitatum
2750 4876 2922 4931 quem
2957 4863 3235 4913 noverant
3265 4859 3639 4924 exstinctum,
3666 4875 3782 4931 quo
3815 4876 3958 4914 ana-

2304 4949 2581 5005 thematis
2609 4948 2853 5015 lethum,
2887 4947 2937 5005 si
2963 4947 3087 5004 fieri
3121 4945 3323 5019 possit,
3354 4947 3601 5003 evadant
3630 4948 3958 5004 canonibus

2305 5037 2762 5112 promulgatum,
2823 5036 3406 5110 maledictioneque
3463 5054 3498 5093 a
3554 5054 3614 5094 se
3662 5036 3959 5110 expellant

2376 5309 2522 5374 (3'20)
2553 5307 2612 5362 Id
2647 5310 2736 5361 est
2767 5320 3017 5360 exercens
3051 5305 3360 5378 piaopera,
3400 5322 3516 5378 non,
3539 5307 3698 5378 quasi
3735 5307 3837 5378 qui
3865 5307 3951 5362 in-

2301 5380 2527 5451 ctrperis
2556 5380 2624 5433 ab
2656 5378 2898 5451 infantia
2928 5376 3342 5451 ipsa,sed(hanc
3376 5376 3719 5451 particulam
3746 5376 3950 5433 sensui

2303 5448 2692 5507 necessariam
2724 5448 3147 5522 supplevimus)
3210 5448 3391 5522 gnasi‘
3422 5451 3531 5522 qui
3546 5449 3751 5505 habens
3780 5453 3953 5505 totum

2303 5528 2511 5595 tempus
2542 5523 2671 5578 vitae
2690 5521 2885 5595 datum
2906 5524 3066 5595 atque
3091 5520 3470 5592 consumptum
3498 5520 3950 5595 delectationibus

2297 5591 2504 5667 prauis,
2532 5593 2845 5667 memineris
2900 5591 3088 5667 debere
3143 5600 3191 5648 te
3238 5591 3548 5667 mancipari
3603 5600 3819 5649 tantum
3852 5595 3953 5650 Dso

2300 5663 2516 5722 residuo
2546 5664 2734 5737 spatii,
2765 5665 2815 5718 si
2844 5663 2973 5735 quid
2994 5663 3174 5720 datur.
