4054 6386
174 380 302 449 309

1152 384 1796 461 PRELOQUIORUM
1839 385 2049 454 LIBRI
2095 390 2267 456 SEX.
2300 427 2378 441 -
2407 395 2557 460 LIB.
2602 394 2678 462 V.

3476 395 3596 465 310

173 518 472 594 principis
501 517 901 593 apostolorum
933 537 1037 594 per
1077 519 1446 580 clementiam
1492 524 1593 581 Dei
1643 530 1700 581 et
1730 527 1837 584 Do-
1862 523 1920 590 Α
1947 526 2022 580 tis
2055 526 2172 582 tuis
2203 526 2311 583 hoc
2332 527 2437 585 tibi
2467 530 2769 599 accidisse,
2802 534 2860 588 et
2888 529 3117 590 minora
3159 530 3411 589 multum
3443 546 3596 602 esse,

172 609 327 667 mini
357 608 802 683 apostolorum?
832 610 979 667 Nam
1012 615 1070 668 et
1098 629 1201 685 pro
1231 613 1400 670 nobis
1430 612 1528 671 ille
1556 615 1680 671 ﬁeri
1712 616 1834 691 dig-

171 703 357 757 natus
382 704 475 756 est
506 699 885 756 maledictum
933 700 1072 766 (Gal.
1116 719 1200 769 III,
1252 704 1361 772 13),
1398 708 1462 759 ut
1509 722 1613 761 nos
1645 724 1680 762 a
1709 724 1831 762 ma-

168 789 393 846 ledicto
422 789 741 846 redimeret
786 806 898 845 non
942 794 1174 847 tantum
1202 791 1369 865 legis,
1404 795 1505 849 sed
1557 799 1617 851 et
1657 795 1830 868 origi-

169 878 407 936 nalium
457 883 636 952 atque
682 879 1004 935 actualium
1053 881 1409 950 criminum;
1461 887 1693 939 tantum
1744 890 1833 941 est

168 985 245 1025 ne
293 971 599 1041 desperes,
649 985 721 1023 ne
768 969 1022 1040 segniter
1067 986 1226 1043 agas,
1281 989 1353 1027 ne
1408 973 1481 1027 ad
1533 974 1829 1030 dexteram

168 1075 277 1132 per
306 1056 652 1124 elationem,
676 1074 749 1113 ne
776 1058 847 1114 ad
894 1057 1195 1114 sinistram
1249 1060 1520 1116 deﬂectas
1568 1079 1670 1133 per
1698 1063 1827 1118 des-

168 1148 585 1220 perationem;
647 1163 715 1202 ne
769 1146 1049 1218 qualitate
1105 1148 1265 1213 boni,
1325 1153 1425 1205 aut
1481 1151 1825 1221 quantitate,

168 1240 237 1292 ut
282 1235 507 1292 assolet
548 1236 695 1303 ﬁeri,
743 1235 881 1291 mali
930 1235 1153 1292 fallaris
1180 1255 1192 1303 ;
1223 1254 1294 1293 ne
1339 1238 1584 1295 aliorum
1636 1256 1827 1296 moros

166 1326 431 1393 intuens,
462 1330 517 1381 te
546 1329 648 1381 aut
678 1328 1016 1399 arroganter
1055 1326 1265 1399 erigas,
1299 1332 1402 1383 aut
1448 1329 1829 1400 desperanter

167 1413 455 1471 humilies
480 1432 493 1481 ;
526 1431 668 1470 neve
699 1413 890 1470 locum
924 1415 1251 1471 adversario
1275 1416 1331 1471 in
1353 1418 1662 1490 temetipso
1686 1419 1827 1475 ulte-

166 1504 296 1560 rius
328 1503 577 1571 tribuas,
612 1520 686 1560 ne
718 1504 873 1576 quod
921 1503 1029 1560 tibi
1072 1504 1385 1578 contigisse
1433 1506 1614 1573 doles,
1648 1508 1823 1564 alicui

167 1591 433 1666 [subaudi
507 1592 866 1664 contingere]
954 1594 1262 1664 (quantum
1350 1594 1570 1651 scilicet
1652 1598 1823 1653 reniti

164 1680 509 1754 praevalens)
567 1697 873 1753 nunquam
932 1683 1238 1747 concedas,
1299 1700 1402 1739 nec
1433 1684 1558 1767 labi
1602 1689 1659 1742 te
1697 1704 1823 1742 am—

165 1768 330 1843 plius
387 1770 551 1826 sinas
606 1770 668 1825 in
724 1769 941 1827 talibus
993 1775 1096 1827 aut
1151 1772 1328 1828 etiam
1379 1773 1693 1844 similibus,
1729 1793 1820 1832 co-

1943 630 2122 686 quam
2180 614 2459 688 iniquitas
2508 622 2617 674 tua
2678 619 3032 689 merebatur,
3098 620 3368 694 proﬁtere
3426 622 3594 693 (325).

1944 703 2172 776 Rubigo
2203 705 2359 762 enim
2391 710 2687 764 tantorum
2720 709 3007 765 scelerum
3039 710 3309 766 consumi
3353 728 3469 767 non
3500 728 3599 783 po-

1940 792 2072 859 tuit,
2105 793 2214 850 nisi
2243 794 2375 867 igne
2398 795 2757 853 diversarum
2792 799 3370 869 pmnarumExsulta
3399 800 3596 872 itaque

1940 883 2203 953 gaudens
2234 884 2292 938 in
2325 884 2570 941 Domino
2602 886 2922 953 humiliter,
2959 888 3114 959 quod
3147 888 3207 942 in
3239 888 3347 943 hoc
3378 889 3593 944 saeculo

1938 970 2154 1042 partim
2187 972 2290 1027 tibi
2341 974 2585 1046 contigit
2622 975 3089 1031 vicissitudinem
3124 975 3417 1032 malorum
3451 978 3591 1032 reci-

1937 1074 2093 1129 pere,
2128 1076 2255 1130 quae
2300 1060 2359 1115 in
2409 1060 2506 1117 illo
2540 1062 2620 1133 [id
2668 1072 2746 1119 est
2794 1062 2853 1118 in
2905 1064 3100 1119 futuro
3143 1065 3375 1137 saeculo]
3428 1066 3593 1122 valde

1938 1150 2320 1204 metuendum
2365 1154 2490 1205 erat
2533 1150 2711 1206 simul
2760 1153 2961 1208 omnia
2992 1152 3159 1220 ferre,
3201 1170 3334 1208 cum
3370 1155 3451 1209 nil
3485 1155 3590 1210 im-

1935 1237 2207 1308 punitum
2241 1242 2468 1294 constet
2497 1240 2680 1295 Deum
2714 1239 3039 1312 relinquere
3075 1258 3088 1297 :
3115 1259 3220 1298 suo
3246 1247 3439 1298 autem
3465 1261 3590 1315 pec-

1936 1329 2061 1381 cato
2093 1326 2349 1397 praedicti
2381 1328 2533 1391 (326,.I
2562 1327 2673 1383 hoc
2723 1330 2896 1384 modo
2951 1328 3139 1385 solent
3193 1332 3321 1402 ejus
3367 1332 3589 1387 miseri-

1935 1414 2133 1469 cordia
2158 1413 2412 1470 liberari.
2446 1416 2649 1471 Temet
2678 1417 2875 1489 itaque
2916 1416 3278 1473 incessanter
3327 1419 3382 1473 in
3417 1436 3585 1477 cons-

1934 1505 2103 1574 pectu
2128 1501 2286 1559 illius
2316 1505 2754 1576 accusa,sicque
2785 1522 2917 1560 cum
2951 1505 3237 1577 Propheta
3272 1507 3534 1564 declama
3566 1526 3578 1565 :

1931 1593 2116 1647 Justus
2145 1608 2218 1659 es,
2248 1593 2494 1660 Domine;
2528 1600 2580 1647 et
2621 1601 2830 1649 rectum
2870 1593 3148 1663 judicium
3200 1601 3355 1650 tuum
3413 1596 3579 1666 (Psal.

1931 1696 2122 1745 cxvm,
2174 1680 2337 1749 137);
2384 1685 2441 1738 et
2486 1697 2619 1737 cum
2671 1681 2782 1737 alio
2819 1700 2830 1738 :
2861 1686 3054 1738 Justus
3100 1699 3176 1748 es,
3226 1684 3472 1751 Domine,
3522 1687 3584 1740 in

1930 1770 2179 1824 omnibus
2237 1784 2363 1840 quw
2409 1770 2694 1826 reddidisti
2746 1771 2902 1827 nobis
2951 1772 3111 1840 (Dan.
3174 1788 3256 1839 III,
3312 1774 3444 1840 27);
3476 1776 3579 1828 et:

167 1859 368 1931 gitana
438 1876 618 1932 quam
693 1858 930 1915 difﬁcile
993 1859 1175 1916 elisus
1227 1861 1370 1934 erigi
1440 1862 1634 1920 valeas
1691 1882 1820 1920 rur-
1852 1894 1901 1960 B
1936 1858 2134 1914 Omnia
2180 1874 2305 1930 quae
2350 1859 2536 1932 fecisti
2580 1860 2755 1926 nobis,
2803 1861 3049 1928 Domine,
3097 1863 3156 1915 ἱη
3211 1876 3335 1917 υϐνο
3372 1862 3584 1932 judin

168 1965 295 2005 8113.

237 2038 333 2093 26.
378 2036 627 2093 Pulchre
677 2040 875 2094 autem
930 2042 986 2094 te
1039 2039 1280 2111 quidam
1337 2040 1540 2113 tuique
1598 2042 1822 2100 similes

168 2127 437 2198 satisque
460 2126 703 2193 utiliter,
734 2125 871 2182 licet
900 2127 1074 2199 paulo
1106 2128 1308 2185 mitius
1338 2146 1516 2201 quam
1547 2147 1675 2187 sese
1717 2149 1818 2187 au-

168 2217 411 2273 ctoritas
441 2232 735 2271 canonum
765 2216 1001 2283 habeat,
1044 2223 1378 2275 commonet
1408 2220 1607 2276 dicens
1640 2240 1652 2276 :
1687 2222 1817 2290 Qui-

166 2322 382 2378 cunque
440 2305 576 2361 tales
602 2313 751 2369 sunt,
786 2307 840 2360 si
892 2307 1106 2374 nolunt,
1157 2309 1407 2363 veniente
1457 2310 1700 2377 Domino,
1757 2311 1821 2367 de

166 2396 410 2451 Ecclesia
440 2396 696 2467 auferri;
726 2397 983 2466 auferant
1028 2402 1081 2451 et
1107 2397 1221 2466 ipsi
1266 2397 1374 2451 ista
1403 2398 1551 2467 (321)
1594 2398 1677 2459 (id
1731 2403 1821 2455 est

166 2499 395 2556 eaquae
447 2482 734 2539 Dominus
785 2483 842 2537 in
891 2483 1110 2555 templo
1153 2484 1506 2557 agi-videns,
1556 2486 1707 2542 facto
1747 2488 1816 2544 de

165 2571 463 2628 resticulis
492 2571 808 2627 vindicavit
838 2571 1090 2644 ﬂagello)
1135 2574 1201 2628 de
1242 2574 1497 2631 cordibus
1538 2578 1675 2643 suis,
1719 2594 1819 2631 nec

164 2664 379 2735 faciant
408 2662 629 2719 domum
666 2663 770 2718 Dei
795 2662 1015 2718 domum
1042 2666 1447 2733 negotiationis.
1484 2667 1697 2721 Horum
1722 2684 1818 2722 au-

164 2755 281 2807 tem
323 2752 590 2807 omnium
625 2753 861 2819 (322)....
896 2754 1177 2808 sacratico
1207 2753 1307 2810 illo
1356 2755 1639 2826 exemplo,
1702 2772 1815 2827 quo

167 2842 307 2897 dicit
356 2860 369 2898 :
421 2844 557 2898 Sum
602 2842 819 2914 quidem
871 2843 1446 2911 libidinosus;meum
1502 2853 1582 2901 est
1638 2847 1816 2917 ipsam

165 2932 313 2987 161
351 2931 640 2987 libidinem
663 2947 955 3003 superare;
981 2936 1093 2986 tum
1139 2933 1360 2999 virtuti,
1394 2939 1506 2988 tuae
1555 2935 1810 3003 cautelae,

162 3022 282 3077 tuis
315 3020 399 3076 nil
447 3020 782 3077 committas
820 3021 1087 3090 viribus;
1121 3020 1282 3078 illius
1327 3027 1487 3079 totus
1531 3026 1815 3079 contende

167 3126 316 3179 esse,
342 3114 520 3181 atque
551 3111 680 3181 ejus
720 3114 776 3166 te
820 3114 1007 3166 totum
1030 3111 1352 3175 committe,
1401 3112 1594 3167 nitens
1642 3113 1814 3168 corde

164 3203 217 3255 et
272 3199 570 3265 manibus,
631 3199 927 3265 custodiae,
989 3199 1082 3254 cui
1128 3204 1186 3255 te
1250 3217 1463 3267 creare,
1528 3200 1813 3256 redimere

1928 1949 2147 2019 fecisti;
2193 1950 2323 2018 quia
2355 1950 2702 2019 peccavimus
2746 1950 2848 2005 tibi
2891 1949 3074 2019 (Ibid.,
3124 1951 3255 2019 31);
3289 1953 3347 2005 et
3387 1952 3583 2007 :Iram

1927 2038 2149 2092 Domini
2193 2038 2485 2106 sustinebo,
2532 2041 2797 2110 quoniam
2831 2041 3053 2111 peccavi
3107 2041 3201 2104 ei,
3245 2039 3415 2096 donec
3469 2043 3582 2114 ipse

1919 2128 2182 2199 justi/ieci
2206 2143 2429 2182 causam
2457 2143 2635 2183 meam
2661 2128 2838 2200 (Mich.
2872 2146 2971 2194 vn,
2995 2129 3073 2199 9).

1996 2218 2086 2271 27.
2118 2220 2185 2270 In
2234 2216 2363 2288 ipsa
2413 2220 2609 2271 autem
2651 2216 3026 2272 tribulatione
3077 2232 3184 2271 nec
3240 2220 3296 2272 te
3347 2217 3577 2273 dederis

1928 2304 2208 2377 segnitiae,
2243 2305 2411 2376 quasi
2463 2310 2656 2359 certus
2699 2308 2854 2373 (cum
2887 2308 2943 2360 et
2989 2322 3059 2360 ex
3108 2305 3217 2361 hoc
3267 2306 3576 2377 desperare

1927 2409 2042 2449 non
2073 2394 2286 2448 debeas
2317 2394 2571 2465 penitus)
2605 2409 2709 2466 pro
2759 2393 2864 2449 hac
2914 2411 3085 2466 poena
3114 2394 3311 2451 omnia
3348 2394 3453 2449 tibi
3486 2411 3575 2449 re-

1927 2482 2238 2547 missa,aut
2268 2487 2419 2537 certe
2452 2488 2675 2553 partem
2707 2480 3040 2554 graviorum
3068 2483 3174 2537 tibi
3207 2487 3576 2553 peccatorum

1926 2573 2079 2628 162
2127 2572 2423 2627 donatam.
2466 2571 2712 2643 Vigiliis,
2768 2570 3150 2640 orationibus,
3205 2577 3261 2626 et
3312 2570 3574 2642 jejuniis,

1924 2665 2134 2732 praeter
2163 2660 2283 2715 haec
2315 2677 2440 2731 quae
2473 2660 2793 2716 necessitas
2823 2676 2992 2731 agere
3020 2659 3194 2732 cogit,
3226 2659 3488 2716 crebrius
3522 2665 3578 2715 et

1924 2748 2232 2805 sollicitius
2265 2749 2489 2817 insiste,
2503 2748 2739 2820 ignarus
2752 2748 3018 2805 videlicet
3034 2765 3148 2820 quo
3163 2748 3244 2805 sis
3263 2765 3577 2821 percussus

1925 2838 2134 2910 ﬂagelli
2169 2842 2605 2911 genere,utrum
2657 2856 2724 2893 eo
2757 2855 2872 2910 quo
2919 2837 3294 2911 corriguntur
3343 2837 3469 2909 ﬁlii,
3502 2855 3576 2893 an

1923 2926 2021 2981 illo
2044 2943 2157 2998 quo
2191 2926 2561 2999 ﬂagellantur
2591 2927 2759 2995 servi,
2801 2931 2903 2982 aut
2930 2926 3259 2998 puniuntur
3301 2926 3571 2982 maleﬁci.

1877 3022 1882 3027 '
1923 3015 2068 3070 Cum
2095 3015 2583 3087 enim,Scriptura
2605 3016 2971 3081 teste,omnis
2991 3015 3147 3070 ﬁlius
3173 3015 3272 3086 qui
3300 3015 3576 3087 recipitur

1923 3104 2243 3177 castigetur
2273 3105 2451 3176 (Hebr.
2502 3121 2601 3170 x11,
2646 3106 2737 3170 6);
2769 3103 2956 3159 multa
2995 3103 3222 3176 ﬂagella
3253 3105 3572 3175 peccatoris

1920 3195 2091 3263 (Psal.
2127 3210 2280 3260 xxvr,
2315 3194 2424 3257 10),
2458 3191 2723 3264 laqueus,
2761 3192 2934 3265 ignis,
2969 3191 3302 3263 sulphur,et
3328 3191 3571 3264 spiritus

164 3288 402 3362 placuit,
436 3293 493 3343 et
528 3304 732 3344 vocare
787 3288 952 3361 (323).
1015 3289 1144 3361 Ipse
1202 3293 1256 3346 te
1314 3290 1607 3346 custodire
1663 3290 1813 3346 valet
1842 3267 1885 3335 C
1924 3282 2307 3356 procellarum
2351 3282 2534 3354 (Psal.
2585 3299 2640 3347 x,
2669 3281 2741 3349 7),
2770 3286 2825 3336 et
2854 3297 2989 3335 cum
3018 3280 3327 3337 videantur
3382 3280 3571 3335 omni-

164 3376 338 3451 paulo
362 3376 750 3449 erectum,qui
782 3376 963 3432 voluit
985 3377 1205 3449 erigere
1227 3378 1461 3450 penitus
1487 3379 1809 3449 dejectum;

164 3467 288 3540 ipse
321 3466 616 3522 continere
648 3483 880 3534 sanum,
912 3466 1010 3538 qui
1043 3484 1250 3523 sanare
1270 3467 1453 3522 voluit
1474 3468 1807 3535 contritum;

164 3555 287 3630 ipse
320 3557 607 3629 perpetim
657 3555 885 3611 efﬁcere
912 3556 1189 3628 spudium
1236 3557 1404 3627 (323),
1459 3558 1557 3629 qui
1600 3561 1814 3613 contra

166 3650 438 3701 naturam
487 3644 749 3716 citraque
806 3661 1041 3701 omnem
1098 3661 1262 3716 spem
1311 3644 1584 3719 colligere
1629 3646 1813 3701 voluit

166 3735 340 3792 etiam
374 3733 1031 3798 infatuatum.Quamvis
1065 3738 1259 3789 autem
1283 3733 1409 3790 sine
1433 3733 1529 3789 illo
1562 3734 1643 3790 nil
1676 3736 1811 3790 boni

165 3823 380 3898 possis,
438 3822 645 3879 saltem
698 3840 803 3880 nec
858 3822 1025 3891 velle,
1080 3823 1296 3880 nedum
1355 3825 1560 3892 facere,
1614 3830 1810 3880 tamen

165 3930 270 3969 nec
300 3912 431 3969 sine
484 3915 588 3968 tuo
641 3912 940 3985 aliquanto
989 3914 1293 3969 conamine
1342 3915 1544 3969 credas
1592 3920 1648 3969 te
1702 3913 1812 3970 sal-

163 4002 424 4058 vandum
454 4001 811 4058 omnimodis
844 4003 983 4071 fore,
1012 4019 1145 4058 cum
1179 4003 1250 4058 ob
1292 4002 1349 4058 id
1403 4002 1811 4058 rationabilem

166 4095 220 4147 te
249 4108 283 4147 a
317 4095 431 4146 Deo
462 4094 720 4146 creatum
769 4091 916 4147 scire
970 4091 1160 4164 possis
1202 4091 1548 4160 certissime,
1585 4091 1813 4148 indulta

167 4178 390 4236 arbitrii
442 4178 730 4235 libertate.
778 4179 892 4252 Ipsi
945 4196 1079 4251 ergo
1121 4197 1236 4235 non
1277 4180 1489 4252 raptim
1532 4184 1588 4236 et
1640 4181 1809 4252 quasi

167 4271 224 4325 in
243 4267 522 4338 transitu,
553 4268 949 4324 indesinenter
986 4269 1266 4325 inhaerere
1297 4271 1488 4337 stude,
1520 4287 1654 4324 cum
1697 4287 1810 4342 quo

167 4375 293 4415 esse
316 4357 432 4414 nisi
455 4357 701 4414 feliciter
729 4358 1049 4430 potes,sine
1076 4374 1191 4430 quo
1213 4375 1340 4414 esse
1370 4357 1482 4413 nisi
1508 4357 1814 4414 infeliciter

165 4448 342 4504 vales.
377 4447 540 4513 Quod
586 4447 636 4503 si
686 4448 838 4502 inter
879 4447 1019 4514 haec,
1045 4448 1211 4518 justo
1260 4446 1379 4502 imo
1423 4447 1689 4520 piissimo
1713 4449 1809 4518 ju-

168 4538 290 4593 dice
313 4535 771 4592 misericorditer
791 4536 1265 4609 disponente,tibi
1281 4536 1473 4608 aliqua
1491 4536 1812 4593 adversitas

1923 3374 2111 3429 modis
2144 3373 2261 3427 haec
2294 3370 2698 3438 intolerabilia,
2734 3376 2929 3425 tamen
2963 3386 3079 3424 non
3111 3369 3292 3424 totius
3324 3384 3458 3440 pars
3484 3373 3574 3424 est

1922 3461 2116 3518 calicis
2170 3478 2372 3517 eorum
2404 3460 2585 3532 (Ibid,
2616 3460 2667 3523 8)
2697 3476 2709 3527 ;
2746 3464 2803 3514 et
2834 3476 2846 3513 ε
2881 3460 3057 3528 Plaga
3099 3458 3402 3513 insanabili
3442 3474 3571 3529 per-

1921 3554 2064 3607 cussi
2088 3560 2135 3607 te
2163 3551 2521 3619 castigatione
2550 3548 2761 3604 crudeli
2792 3548 2919 3609 (Jer.
2945 3565 3075 3615 xxx,
3113 3548 3236 3616 10);
3269 3546 3570 3618 itemque:

1923 3641 2061 3710 Quid
2092 3642 2295 3695 clamas
2324 3640 2395 3695 ad
2421 3655 2508 3694 me
2525 3655 2689 3710 super
2715 3638 3040 3693 contritione
3070 3645 3165 3692 tua
3186 3640 3210 3689 .9
3239 3636 3572 3692 Insanabilis

1920 3739 1997 3786 est
2021 3731 2323 3785 dolorluus
2362 3729 2544 3793 (Ibid,
2584 3729 2705 3793 l5};
2744 3742 3093 3798 poenamque
3142 3725 3480 3782 describens
3512 3725 3572 3780 in

1921 3824 2200 3874 rcternum
2233 3818 2665 3885 damnatorum,
2699 3816 3021 3883 Induantur,
3056 3815 3268 3886 inquit,
3303 3815 3441 3869 sicut
3486 3813 3568 3869 di-

1914 3909 2099 3982 ploide
2125 3910 2440 3978 confusione
2459 3923 2559 3962 sua
2592 3907 2762 3972 (Psal.
2813 3922 2964 3973 cvm,
3010 3906 3140 3973 82);
3177 3904 3332 3959 unde
3379 3907 3435 3959 et
3479 3903 3570 3958 bis

1919 3997 2075 4053 idem
2108 3997 2166 4052 in
2195 3995 2418 4069 psalmo
2451 4000 2720 4068 precatur
2754 4013 2766 4050 ε
2798 3994 3043 4059 Domine,
3076 4009 3145 4048 ne
3173 3994 3234 4047 in
3261 3994 3451 4062 furore
3479 3997 3569 4047 tuo

1920 4104 2121 4159 arguas
2149 4103 2234 4142 me
2264 4088 2433 4155 (Psal.
2470 4103 2544 4152 vn,
2578 4086 2690 4155 37.)
2722 4084 2885 4139 Alius
2916 4088 3109 4138 autem
3144 4098 3156 4135 :
3196 4082 3419 4153 Corripe
3460 4099 3568 4148 me,

1922 4176 2022 4242 ait,
2055 4178 2298 4241 Domine,
2337 4178 2738 4228 verumtamen
2800 4174 2859 4227 in
2915 4171 3293 4226 misericordia
3344 4174 3402 4225 et
3451 4187 3565 4225 non

1919 4269 1981 4323 in
2007 4270 2194 4338 furore
2226 4269 2335 4329 tuo,
2358 4280 2427 4318 ne
2455 4265 2593 4334 forte
2623 4262 2692 4317 ad
2722 4261 2963 4316 nihilum
2993 4260 3208 4328 redigas
3240 4275 3323 4315 me
3349 4259 3479 4332 (Jer.
3512 4277 3569 4329 Χ,

1920 4356 2171 4423 44).Ουω
2204 4352 2401 4409 omnia
2431 4369 2565 4406 cum
2619 4351 2689 4405 ad
2740 4348 2884 4405 illud
2934 4348 3143 4421 ﬂagelli
3196 4364 3403 4421 genus,
3455 4365 3567 4419 quo

1920 4443 2183 4516 exemplo
2215 4440 2535 4496 Pharaonis
2565 4444 2622 4495 et
2651 4439 2895 4495 Herodis
2934 4442 2990 4492 et
3019 4437 3079 4492 in
3120 4437 3391 4510 praesenti
3423 4441 3479 4492 et
3509 4436 3568 4490 in

1921 4536 2119 4590 futuro
2148 4529 2312 4603 impii
2344 4528 3114 4602 ﬂagellantur;perpenderis
3141 4526 3570 4599 pertinere;no-

168 4625 439 4691 evenerit,
473 4629 575 4680 aut
604 4624 960 4681 inﬁrmitatis
991 4624 1230 4693 scilicet,
1264 4629 1364 4680 aut
1384 4626 1582 4680 damni
1614 4642 1811 4680 rerum
1842 4639 1886 4702 ι)
1917 4623 2089 4690 veris,
2121 4625 2267 4676 testo
2311 4618 2607 4691 Gregorio,
2642 4617 2797 4674 solos
2843 4616 3091 4691 ﬂagellis
3144 4614 3570 4689 temporalibus

168 4714 568 4781 familiarium,
600 4713 686 4770 vel
720 4713 1021 4786 quodlibet
1071 4713 1228 4770 aliud
1269 4729 1454 4785 genus
1501 4713 1803 4781 vindictae;

169 4822 238 4862 ne
282 4802 651 4861 contristeris
705 4802 873 4875 quasi
920 4803 1228 4875 despectus
1270 4801 1590 4870 humiliter,
1623 4803 1811 4876 gaude

170 4893 335 4969 quasi
376 4893 471 4967 pie
504 4896 821 4965 respectus,
858 4892 1048 4948 sciens
1078 4895 1135 4947 et
1165 4890 1446 4947 conﬁtens
1476 4908 1580 4963 pro
1611 4909 1810 4964 pecca-

237 5054 385 5126 (321)
417 5053 703 5109 Construe
737 5053 1031 5124 :auferant
1060 5056 1120 5126 et
1142 5052 1249 5123 ipsi
1296 5051 1363 5126 de
1386 5051 1654 5126 cordibus
1699 5054 1815 5108 suis

172 5127 352 5194 island
371 5124 551 5190 'est,ea
570 5140 698 5198 qua?
726 5126 989 5198 Dominus
1028 5124 1217 5198 videns
1248 5124 1341 5192 agi
1372 5125 1438 5198 in
1460 5125 1813 5198 templo,vin-

171 5199 369 5256 dicavit
396 5203 540 5269 facto
567 5196 782 5268 ﬂagello
812 5197 876 5251 de
898 5196 1293 5269 resticulis,seu
1310 5196 1595 5269 funiculis.

238 5273 378 5343 (32‘2)
396 5265 595 5343 Locus
624 5265 881 5334 luxatus,
916 5267 975 5322 in
1027 5283 1141 5343 quo
1173 5265 1394 5343 aliquid
1427 5266 1812 5321 desideratur.

238 5284 378 5343 (322)
410 5284 595 5325 Locus
624 5284 881 5334 luxatus,
916 5284 975 5322 1n
1027 5284 1141 5393 quo
1173 5284 1394 5338 aliquid
1427 5284 1812 5321 uesmeratur.

175 5347 228 5398 et
252 5340 626 5417 for_te_etiam_
653 5344 981 5417 corruptus.
1035 5355 1096 5417 An
1127 5336 1514 5417 vulgatisApro
1552 5343 1816 5417 sacrattco

174 5412 417 5486 margini
480 5411 800 5486 ascript_um
827 5408 988 5486 Torta
1026 5408 1317 5465 Socratico.
1370 5408 1817 5486 Sic_mallemus

174 5482 441 5557 supplere
474 5489 529 5539 et
558 5482 862 5556 corrigere.
898 5485 1097 5557 Hor-um
1127 5489 1309 5537 autem
1332 5482 1820 5557 omniummemor

177 5554 599 5684 ﬁvel'easecutor)
635 5554 912 5611 exiecralo
944 5555 1101 5610 illius
1130 5554 1397 5624 exemplo,
1419 5555 1514 5624 qui
1540 5554 1819 5619 dicit,sum

210 5628 386 5684 uidem
416 5626 743 5683 libidinosus
766 5644 785 5684 :
813 5643 993 5682 meum
1024 5629 1104 5681 est
1142 5626 1317 5684 insam
1347 5624 1633 5681 libidinem
1660 5642 1818 5684 supe-

210 5628 386 5685 uidem
416 5626 743 5683 libidinosus
764 5644 785 5690 ;
813 5643 993 5682 meum
1024 5629 1104 5681 est
1142 5626 1317 5695 ipsam
1347 5624 1633 5697 libidinem
1660 5642 1818 5697 supe-

178 5717 334 5762 rare;
361 5704 477 5757 tuae
507 5700 843 5765 virtuti,tuse
873 5697 1115 5765 cautelae,
1162 5697 1271 5752 tuis
1324 5696 1533 5754 viribus
1568 5697 1650 5752 nil
1676 5713 1820 5752 com-

1918 4715 1987 4770 ab
2011 4709 2242 4768 {aeternis
2276 4707 2685 4779 liberari,quos
2716 4707 2813 4763 hic
2842 4709 2915 4764 ab
2945 4707 3359 4780 iniquitatibus
3381 4703 3573 4760 conti-

1920 4802 2070 4877 gerit
2116 4796 2351 4854 mutari.
2405 4797 2567 4852 Scias
2617 4796 2791 4852 etiam
2856 4802 2911 4853 te
2959 4813 3096 4853 cum
3147 4795 3478 4852 adversario
3510 4793 3570 4848 in

1921 4905 2105 4965 agone
2136 4886 2454 4944 consistere
2481 4890 2644 4942 tanto
2690 4886 2899 4942 saevius
2952 4886 3294 4954 bacchante,
3348 4886 3569 4955 quanto

1921 5053 2136 5114 mittas,
2166 5052 2273 5104 etc.

1992 5112 2139 5192 (3'23)
2190 5119 2514 5175 Construe:
2561 5124 2719 5194 atque
2764 5119 2943 5194 nitens
2998 5116 3166 5194 corde
3207 5122 3258 5169 et
3286 5112 3569 5194 __manibus

1923 5187 2193 5251 committe
2222 5201 2271 5246 te
2292 5194 2462 5245 totum
2492 5187 2750 5246 custodiae
2797 5190 2931 5261 ejus,
2973 5188 3064 5243 cui
3104 5187 3317 5258 placuit
3360 5199 3565 5250 creare,

1923 5266 2187 5323 redimere
2215 5272 2265 5317 et
2296 5278 2485 5317 vocare
2514 5269 2582 5316 te.

1997 5338 2141 5409 (325)
2173 5333 2490 5406 Spudius,id
2513 5336 2599 5387 est
2628 5331 2975 5400 industrius,
2991 5327 3353 5396 studiosus,a
3374 5326 3570 5383 Graeco

1927 5415 2178 5468 σπουδαῖος
2187 5448 2197 5460 .

1938 5497 1951 5513 ·
1996 5480 2147 5547 (325)
2180 5475 2347 5547 Vulg.
2376 5472 2845 5547 proﬁteri,male.

1999 5493 2147 5547 (3:0)
2187 5493 2347 5600 vuig.
2376 5493 2640 5546 pre/ueri,
2677 5493 2845 5528 male.
3189 5542 3198 5553 .
3232 5540 3244 5553 .

1999 5552 2144 5623 (326)
2169 5549 2294 5623 _Exp
2442 5563 2454 5600 :
2482 5545 2967 5623 prgedictiautem,
2987 5543 3087 5623 qui
3120 5541 3343 5623 solli-cet
3370 5542 3430 5598 in
3461 5542 3571 5623 hoc

1929 5614 2137 5678 saeculo
2169 5614 2904 5673 humiliter'tribulationes
2935 5614 3286 5687 suscipiunt,
3302 5615 3398 5672 hoc
3416 5615 3572 5670 modo

1929 5696 2100 5751 solent
2134 5688 2511 5746 misericordia
2541 5689 2655 5760 ejus
2688 5688 2917 5745 liberari
2940 5696 3156 5762 peccato
3184 5702 3297 5743 suo.
