4054 6376
128 373 252 438 313

1072 371 1730 451 -ΡΗΕΕΟΟΠΙΟΒΠΜ
1774 370 1982 434 LIBRI
2027 369 2204 434 SEX.
2235 403 2314 418 -—
2340 370 2490 434 LIB.
2536 370 2611 433 V.

3427 373 3573 443 3M.

131 509 423 584 pendium
460 511 869 570 omnimodum
918 511 1157 571 honoris
1198 529 1301 585 pro
1338 528 1512 586 grege
1543 512 1785 585 paratus
1813 509 1871 575 Α
1900 526 2018 566 non
2044 512 2134 566 est
2163 511 2579 583 provocare.At
2605 512 2671 565 ut
2700 510 2846 567 forte
2866 527 2982 568 non
3001 509 3375 570 simulatione
3393 510 3543 568 illud

132 601 362 670 subire,
385 601 549 659 illius
570 604 816 660 dicentis
838 608 1002 660 utere
1023 619 1158 659 voce
1188 619 1201 657 :
1226 602 1287 657 Si
1310 606 1532 674 propter
1558 617 1644 657 me
1672 601 1790 659 haec

134 697 429 763 tempestas
479 698 582 759 est,
615 694 787 749 tollite
835 708 923 748 me
963 696 1015 748 et
1059 693 1258 748 mittite
1305 694 1367 747 in
1411 708 1567 747 mare
1609 692 1785 761 (Joan.

135 797 176 846 ις
202 782 317 849 12),
341 786 656 839 tantumne
678 781 900 837 diutius
925 781 1037 836 mei
1058 780 1410 836 causanavis
1432 780 1793 852 periclitetur

136 868 432 940 Ecclesiae,
456 875 578 927 tam
608 871 970 936 innumeros,
1003 870 1115 926 heu
1146 868 1343 926 dolor!
1367 870 1447 941 [id
1476 874 1550 925 est
1581 870 1795 924 obeun-

138 962 229 1013 tes
258 958 390 1014 sine
424 958 904 1032 baptismo]ﬁlios
918 959 1092 1015 morti
1123 959 1527 1015 transmittens
1544 962 1789 1012 aeternae.

139 1046 362 1104 Verum
392 1047 512 1104 ista
539 1049 712 1104 modo
742 1047 1012 1105 volumus
1038 1049 1325 1104 sufﬁcere.
1357 1048 1512 1103 Deus
1561 1046 1661 1102 illa
1688 1046 1793 1101 tibi

139 1138 430 1193 concedat
449 1139 727 1210 prodesse
749 1138 918 1210 (337).
950 1139 1154 1193 Amen.

213 1227 306 1281 29.
333 1226 596 1282 Clericus
624 1227 728 1282 es?
759 1227 980 1298 Ipsum,
1014 1242 1230 1298 quieso,
1254 1230 1312 1281 te
1349 1225 1654 1281 conveniat
1702 1241 1797 1279 vo-

142 1314 451 1382 cabulum,
484 1315 753 1372 videlicet
785 1320 847 1370 ut
868 1315 939 1371 de
970 1320 1124 1371 sorte
1155 1316 1520 1387 perpendens
1559 1320 1614 1370 te
1669 1330 1797 1370 esse

143 1403 361 1461 debere
394 1404 649 1472 Domini,
682 1404 837 1460 aliud
875 1409 1077 1476 praeter
1106 1405 1300 1476 ipsum
1333 1404 1616 1470 ambiens,
1650 1404 1798 1459 tanti

145 1494 286 1550 boni
320 1494 687 1550 consortium
719 1494 958 1566 perdere
1009 1493 1271 1549 nonnihil
1329 1493 1576 1562 timeas;
1611 1494 1800 1566 magis

145 1583 249 1639 tali
308 1583 470 1639 socio
502 1588 560 1638 te
588 1583 832 1655 dignum
881 1582 1177 1638 exhibeas.
1212 1583 1538 1637 Canonicus
1568 1583 1616 1638 si
1641 1583 1802 1638 dice-

146 1673 230 1728 ris
262 1672 438 1744 (338),
470 1672 604 1726 vide
635 1688 706 1727 ne
735 1689 768 1728 a
792 1671 1114 1727 canonibus
1141 1670 1335 1726 devies
1374 1671 1614 1727 sanctis.
1640 1672 1801 1737 Quod

148 1762 200 1818 si
231 1762 384 1817 forte
415 1777 518 1817 eos
546 1760 798 1833 reSpuis,
816 1760 1078 1833 cogitain
1097 1759 1255 1832 quali
1282 1760 1485 1815 ordine
1510 1761 1694 1830 judici
1712 1762 1806 1816 de-

148 1851 292 1907 beas
323 1848 690 1946 praesentari,
712 1848 814 1920 qui
845 1847 1067 1948 scilicet
1094 1847 1307 1947 laicum
1342 1847 1595 1915 [subaudi
1649 1847 1805 1947 ordi-
1835 1879 1884 1948 B

152 1940 310 2010 nem]
360 1936 675 2009 abjurasti,
727 1941 783 1992 et
835 1935 1298 1993 ecclesiasticum
1365 1953 1480 1991 non
1541 1936 1804 1993 servasti.

154 2029 471 2101 Presbyter
518 2026 999 2083 es?Gravitatem
1042 2042 1222 2098 quam
1272 2025 1419 2081 terre
1452 2024 1667 2081 videris
1704 2042 1807 2081 no-

153 2117 335 2185 mine,
357 2132 645 2172 conserva
673 2115 1025 2187 operatione.
1046 2114 1446 2171 Diaconuses‘?
1474 2114 1808 2169 Ministrum

152 2213 209 2263 te
238 2222 578 2280 agnoscens
592 2222 721 2261 esse
742 2208 1239 2261 sacramentorum
1262 2203 1604 2270 ccelcstium,
1641 2204 1807 2274 pudi-

154 2313 288 2352 cum
315 2296 365 2364 (I
397 2296 536 2351 Tim.
571 2311 654 2361 ιιι,
677 2296 734 2365 8)
774 2299 827 2349 te
862 2294 1187 2348 secundum
1238 2293 1580 2364 Apostolum
1621 2292 1811 2348 omni-

156 2385 353 2442 modis
386 2400 593 2457 agens,
626 2384 806 2438 tantis
836 2382 1078 2455 dignum
1113 2382 1342 2449 ofﬁciis,
1376 2382 1491 2437 Deo
1535 2382 1725 2437 cordis
1757 2384 1813 2436 et

154 2471 424 2547 corporis
455 2488 733 2527 conserva
763 2470 1110 2536 caelibatum,
1144 2470 1333 2526 sciens
1382 2469 1658 2525 manibus
1701 2469 1810 2525 im-

157 2562 403 2619 mundis
436 2565 559 2617 tam
590 2559 1056 2616 sacratissimum
1084 2560 1316 2615 tractari
1349 2576 1464 2615 non
1497 2560 1707 2615 debere
1728 2576 1814 2615 sa-

154 2652 475 2719 criﬁcium,
510 2650 668 2723 quod
699 2649 1034 2705 institutum
1068 2650 1138 2705 ad
1183 2648 1394 2704 delicta
1440 2649 1815 2704 emundanda

156 2748 247 2799 est.
295 2740 593 2797 omnium.
640 2740 1050 2795 Subdiaconus
1098 2755 1161 2794 es
1182 2739 1209 2792 ‘l
1233 2738 1547 2795 Subditum
1587 2743 1643 2793 te
1684 2755 1814 2794 esse

158 2831 373 2888 debere
404 2846 525 2885 non
555 2827 746 2885 solum
776 2833 908 2893 Deo,
937 2829 1037 2883 sed
1060 2827 1335 2883 omnibus
1361 2828 1513 2883 scias
1553 2827 1813 2883 Ecclesia;

160 2919 444 2993 praelatis,
471 2922 593 2974 uta
620 2917 866 2973 Domino
896 2921 953 2972 et
991 2916 1084 2971 hic
1115 2915 1372 2984 exaltari,
1407 2921 1463 2971 et
1510 2917 1569 2971 in
1620 2917 1850 2971 futuro~

165 3007 533 3066 renumerari
581 3005 878 3062 merearis.
917 3004 1213 3061 Exorcista
1241 3006 1345 3061 es?
1376 3006 1597 3078 Ipsum,
1637 3022 1814 3077 quem

166 3098 501 3171 adjurando
532 3113 567 3151 a
594 3095 939 3167 corporibus
960 3095 1208 3149 aliorum
1240 3092 1500 3166 expellis,
1525 3093 1814 3149 dominari

170 3204 283 3243 non
328 3184 639 3259 permittas
660 3182 1475 3240 sensibustuis.Ceroferarius
1491 3184 1581 3239 es?
1595 3183 1814 3238 Lumen

1899 600 2053 672 agis:
2070 602 2326 671 quadam
2349 599 2706 673 negligentia
2726 602 3067 675 consopitus
3088 602 3343 674 segniter
3359 608 3547 675 torpe-

1900 689 2036 745 scis.
2061 690 2286 759 Repara
2329 689 2527 762 itaque
2557 690 2728 756 vires,
2750 708 2986 747 resume
3015 692 3427 759 constantiam,
3454 693 3546 748 in-

1900 779 2077 833 duere
2109 778 2527 847 fortitudinem,
2552 784 2619 835 ut
2663 780 2829 852 gigas
2872 798 3071 855 pugna
3100 782 3322 838 fortiter
3345 788 3546 839 contra

1901 884 2098 923 aereas
2126 868 2416 939 nequitias
2444 886 2457 936 ;
2493 885 2680 940 neque
2710 871 2865 925 enim
2897 871 3067 927 aliter
3091 890 3189 928 eas
3223 873 3545 940 devincere,

1903 973 2046 1011 neve
2071 955 2184 1012 alio
2216 957 2388 1011 modo
2421 961 2539 1012 tam
2571 959 2824 1014 arduum
2855 959 3086 1016 culmen
3108 962 3329 1017 valebis
3351 979 3550 1017 ascen-

1905 1046 2060 1101 dere.
2093 1045 2369 1101 Meditare
2411 1046 2697 1119 regulam,
2730 1048 2880 1104 vitas
2927 1055 3266 1106 sanctorum
3310 1052 3549 1107 Patrum

1904 1135 2166 1190 crebrius
2193 1134 2399 1207 relege,
2434 1135 2492 1191 in
2526 1135 2618 1191 his
2641 1141 2693 1192 te
2725 1139 2892 1209 quasi
2925 1139 2983 1194 in
3017 1140 3272 1211 quodam
3313 1140 3550 1212 speculo

1906 1223 2197 1295 conspice,
2229 1228 2287 1279 et
2313 1223 2491 1279 vitam
2514 1229 2675 1280 tuam
2709 1228 2780 1281 ad
2812 1226 3043 1283 illorum
3076 1245 3378 1301 compone.
3412 1229 3554 1285 Obe-

1907 1313 2187 1369 dientiam
2202 1314 2304 1369 tibi
2322 1314 2578 1386 primum
2592 1316 3174 1380 indicito,conventus
3186 1318 3450 1390 publicos
3462 1335 3553 1373 ca-

1907 1407 2061 1469 veto,
2084 1403 2468 1458 contubernia
2496 1404 2863 1460 saecularium
2912 1406 3095 1478 fugito
3121 1425 3134 1474 ;
3159 1408 3304 1464 scito
3331 1425 3366 1463 a
3415 1423 3555 1479 quo—
3634 1468 3647 1474 θ

1910 1493 2046 1547 dam
2075 1492 2409 1548 verrissime
2430 1493 2675 1561 dictum,
2711 1494 2864 1565 quod
2897 1500 2954 1550 et
2984 1497 3131 1567 (342)
3165 1514 3198 1551 a
3226 1498 3417 1562 nobis,
3440 1497 3554 1554 heu

1910 1580 2130 1636 dolorl
2183 1581 2578 1653 experimento
2645 1599 2876 1656 quoque
2938 1589 3167 1641 constat
3222 1587 3552 1657 probatum,

1914 1669 2052 1742 quia
2073 1670 2196 1727 ovis
2230 1687 2357 1743 quae
2390 1671 2461 1726 de
2492 1670 2626 1727 ovili
2658 1673 3243 1746 egrediturluporum
3263 1675 3558 1732 morsibus

1914 1763 2091 1830 patet.
2126 1759 2183 1814 Si
2209 1761 2445 1831 quando
2473 1777 2607 1815 vero
2639 1761 2970 1818 obedientia
3015 1768 3115 1818 aut
3161 1762 3360 1836 aliqua
3393 1765 3562 1835 justo.

1916 1849 2234 1904 necessitas
2263 1850 2367 1905 tibi
2389 1866 2726 1921 processum
2745 1849 2953 1907 indicit
2971 1851 3029 1906 in
3045 1852 3300 1924 publico,
3320 1853 3559 1909 habitus

1917 1938 2062 2008 ipse,
2087 1953 2299 2003 sermo,
2332 1938 2420 1992 vel
2451 1938 2644 2009 potius
2676 1939 2929 1995 solitudo
2960 1939 3107 2013 ipsa,
3132 1941 3416 2009 incessus,
3440 1942 3565 1997 vul-

1915 2030 2032 2091 tus,
2085 2030 2143 2080 et
2179 2024 2337 2080 color
2383 2027 2460 2081 sit
2517 2027 2892 2082 admirationi
2939 2030 3190 2096 cunctis,
3234 2031 3453 2099 timori,
3505 2036 3563 2086 et

1916 2113 2388 2182 exemplo.ll!eum
2403 2119 2630 2171 ettuu-m
2664 2116 2833 2187 quasi
2865 2119 3161 2188 quoddam
3191 2119 3306 2174 vita
3325 2120 3559 2175 sacrile-

1920 2204 2104 2275 gium,
2138 2203 2264 2258 sine
2295 2204 2510 2275 quibus
2539 2205 2909 2276 quietissima
2929 2207 3190 2262 omnium
3210 2208 3561 2281 generalitas

1917 2291 2104 2347 valuit
2129 2308 2276 2347 esse.
2315 2293 2398 2359 Et,
2433 2299 2745 2364 postquam
2770 2299 2982 2349 cuncta
3011 2295 3410 2367 compleveris,
3432 2315 3561 2369 quis

1919 2398 2052 2436 vero
2081 2379 2429 2436 conveniunt
2462 2381 2767 2447 monacho,
2802 2389 3093 2439 memento
3126 2389 3180 2440 te
3202 2385 3259 2440 in
3291 2385 3398 2441 hoc
3416 2388 3561 2458 peri-

1922 2470 2120 2526 culoso
2143 2470 2335 2525 adhuc
2356 2470 2626 2541 navigare
2655 2470 2798 2539 salo,
2832 2471 2892 2526 in
2925 2489 3038 2544 quo
3071 2474 3270 2529 omnia
3299 2491 3445 2547 pene
3473 2476 3562 2531 in-

1922 2564 2099 2625 certa,
2133 2559 2329 2615 omnia
2376 2559 2571 2627 dubia,
2605 2566 2726 2615 tam
2777 2562 3035 2616 secunda
3077 2579 3253 2634 quam
3298 2563 3561 2633 adversa,

1922 2652 2043 2704 tam
2076 2648 2359 2720 naufraga
2388 2665 2565 2720 quam
2598 2649 2933 2721 tranquilla.
2959 2650 3148 2705 Donec
3175 2651 3354 2722 igitur
3375 2669 3567 2725 perve-

1924 2737 2051 2794 nias
2082 2738 2152 2793 ad
2188 2741 2442 2809 portum,
2458 2754 2530 2793 ne
2546 2742 2602 2793 te
2622 2739 2829 2794 reddas
2852 2740 3307 2796 securum.Audi
3330 2742 3568 2797 Ambro-

1923 2826 2079 2882 sium
2113 2845 2124 2883 :
2159 2827 2418 2882 Laudari
2437 2834 2570 2883 ante
2591 2830 2944 2898 gubernator
2970 2846 3084 2885 non
3106 2834 3493 2902 potesl,quam
3506 2831 3567 2885 in

1922 2922 2157 2984 portum
2184 2917 2376 2971 navim
2399 2917 2735 2973 deduxerit.

1995 3093 2291 3148 31.Abbas
2318 3109 2380 3148 es
2401 3092 2428 3147 ?
2446 3094 2667 3149 Memor
2693 3098 2815 3150 esto
2846 3095 3001 3166 quod
3026 3095 3567 3170 diceris,quamque

1926 3180 2219 3237 difﬁcilem
2256 3199 2377 3237 rem
2410 3190 2465 3236 et
2494 3183 2737 3238 arduam
2768 3184 3096 3255 susceperis
3121 3202 3133 3252 ;
3154 3190 3336 3257 utque
3366 3185 3567 3242 inteﬁ-

172 3274 305 3331 aliis
336 3273 708 3340 ministrans,
740 3277 795 3328 te
825 3277 1268 3344 peceatorumet
1289 3272 1628 3345 ignorantiae
1653 3277 1813 3327 tene-
1846 3253 1888 3320 C
1928 3288 2061 3326 nem
2094 3271 2264 3326 istius
2321 3270 2667 3327 claudamus
2719 3253 3030 3339 sermonis,
3063 3253 3314 3341 attende,
3344 3291 3561 3347 quaeso,

173 3364 294 3419 bris
325 3360 633 3419 obscurari
664 3378 743 3416 ne
767 3360 957 3417 sinas:
980 3360 1169 3432 magis
1198 3365 1256 3416 et
1279 3360 1403 3433 ipSe
1434 3360 1819 3421 intusillumi-

176 3453 325 3520 nari,
359 3457 418 3507 et
446 3450 579 3508 aliis
605 3450 806 3507 lumen
838 3451 974 3506 boni
1000 3450 1245 3522 exempli
1281 3451 1555 3522 praebere,
1597 3468 1814 3522 (ιυωεο,

178 3542 519 3599 contendas.
551 3541 756 3596 Lector
782 3558 843 3596 es
863 3539 890 3594 ?
923 3540 979 3595 Id
1008 3538 1314 3607 instanter,
1346 3539 1499 3595 unde
1530 3556 1819 3613 agnomen

177 3631 386 3700 trabis,
419 3630 961 3704 agendo,stude,ne
988 3629 1282 3701 discrepes
1313 3629 1385 3683 ab
1413 3628 1819 3684 ofticio.Ostia-

172 3721 295 3777 rius
348 3719 455 3776 es?
498 3723 605 3774 Cor
642 3723 811 3773 tuum
859 3718 973 3774 Deo
1025 3718 1234 3791 pande,
1289 3717 1541 3773 venienti
1588 3716 1816 3772 diabolo

172 3810 381 3867 claude
410 3807 734 3864 insidianti.

234 3901 327 3956 30.
390 3897 709 3955 Monachus
768 3914 828 3953 es
853 3897 881 3953 '2
908 3896 1083 3953 Nulla
1136 3895 1534 3953 admonitione
1589 3896 1816 3969 indiges

164 3990 225 4062 [Ῐ-
260 3987 396 4055 υἱεῖ]
432 4004 548 4044 non
578 3991 808 4042 tantum
868 3991 935 4040 ut
988 3985 1050 4041 in
1096 4002 1161 4041 eo
1210 3985 1362 4057 quod
1412 3986 1559 4040 bene
1590 3984 1816 4057 cmpisti

164 4078 385 4152 optime
415 4092 767 4149 perseveres,
802 4076 852 4131 si
882 4079 1085 4131 tamen
1113 4091 1175 4131 es
1211 4076 1361 4147 quod
1390 4062 1637 4143 diceris;
1660 4075 1813 4144 quod

162 4168 419 4241 putaris,
451 4166 607 4238 quod
635 4164 695 4220 in
726 4164 941 4220 habitu
971 4164 1299 4237 praetendis.
1335 4164 1496 4230 Quod
1548 4163 1596 4218 si
1626 4162 1812 4230 aliter,

168 4257 328 4331 quod
351 4255 505 4312 ἰῧῦ
530 4255 702 4321 absit,
727 4271 805 4309 va:
826 4254 931 4310 tibi
963 4254 1064 4326 qui
1090 4253 1295 4326 lupum
1324 4253 1432 4309 sub
1461 4251 1611 4325 pelle
1643 4253 1815 4308 ovina

160 4346 335 4420 tegis.
367 4342 512 4399 Vide
541 4347 736 4399 tamen
770 4360 840 4398 ne
866 4343 1138 4415 desperes
1179 4343 1341 4415 (339).
1364 4340 1594 4413 Expelle
1626 4340 1814 4413 magis

160 4436 372 4510 lupum
405 4450 440 4488 a
470 4433 663 4500 corde,
698 4436 753 4488 et
782 4432 957 4488 redde
987 4448 1151 4487 ovem
1195 4430 1328 4505 pelli
1360 4448 1499 4485 suae.
1527 4434 1812 4485 Memento

161 4524 505 4590 Dominum,
522 4522 718 4593 utjam
738 4521 876 4577 alibi
898 4520 1175 4588 diximus,
1193 4522 1337 4591 (340)
1371 4537 1438 4576 ex
1468 4519 1605 4592 lupo
1623 4535 1808 4585 ovem,

1925 3361 2072 3415 tanti
2087 3360 2429 3434 dignitatem
2443 3361 2717 3430 nominis,
2734 3363 3019 3434 cujusque
3030 3362 3151 3418 vice
3163 3362 3423 3436 iungeris
3435 3381 3570 3420 ocu-

1929 3449 2000 3505 lis
2025 3450 2286 3523 perspice
2318 3450 2550 3507 mentis.
2581 3451 2903 3507 Monachus
2933 3453 3161 3524 est,qui
3194 3470 3258 3508 se
3282 3454 3365 3509 ita
3388 3452 3567 3509 inter-

1929 3542 2160 3610 ceptum
2194 3539 2484 3610 angustiis
2512 3539 2734 3607 videns,
2770 3556 2957 3612 usque
2987 3540 3059 3595 ad
3105 3540 3568 3613 desperationem

1929 3644 2075 3699 pene
2107 3628 2413 3694 adductus,
2435 3628 2535 3683 sed
2568 3628 3148 3700 omnipotentissimae
3177 3628 3571 3688 miserationis

1929 3716 2028 3772 Dei
2052 3717 2326 3780 anchora,
2345 3734 2413 3772 ne
2440 3715 2498 3771 in
2518 3717 2815 3789 carybdim
2840 3718 3023 3789 ipsius
3048 3718 3280 3790 penitus
3312 3724 3567 3791 proruet,

1927 3807 2483 3874 retentus,timorem
2512 3805 2680 3861 illum
2704 3807 2774 3861 de
2796 3807 3167 3863 miseratione
3196 3808 3297 3863 Dei
3327 3807 3572 3865 existere

1927 3899 2109 3963 ratus,
2145 3896 2215 3951 ad
2250 3913 2311 3951 se
2344 3896 2667 3963 revertitur,
2689 3894 3236 3968 laqueumque,quo
3268 3896 3571 3953 cumJuda

1925 3984 2406 4059 strangularetur,
2422 3985 2721 4057 imponere
2734 3984 2843 4039 sibi
2867 3985 3099 4051 devitat,
3117 3984 3571 4057 relinquensque

1926 4075 2122 4131 omnia
2146 4092 2271 4147 quae
2304 4075 2362 4128 in
2394 4073 2605 4129 saeculo
2637 4074 2993 4145 possederat,
3027 4074 3313 4128 ambitum
3350 4072 3571 4128 scilicet

1924 4164 2117 4235 ipsum
2147 4180 2281 4219 cum
2314 4180 2511 4228 sensu,
2535 4160 2954 4217 monasterium
2984 4161 3148 4232 petit,
3164 4165 3474 4233 totumque
3505 4178 3567 4217 se

1924 4253 2170 4308 Domino
2203 4252 2399 4318 tradit,
2417 4250 2563 4305 nihil
2595 4249 2706 4305 sibi
2740 4249 2943 4321 utique
2974 4266 3281 4304 reservans
3299 4266 3369 4305 ex
3385 4248 3568 4305 omni-

1924 4344 2056 4410 bus,
2080 4341 2295 4413 quippe
2320 4340 2417 4409 qui
2450 4356 2553 4395 nec
2582 4339 2777 4411 ipsum
2809 4355 3021 4409 corpus
3056 4338 3113 4392 in
3146 4339 3382 4411 propria
3427 4339 3568 4395 reti-

1923 4432 2181 4487 nendum
2217 4428 2439 4485 noverit
2466 4433 2642 4500 atque
2685 4427 3003 4483 decreverit
3050 4432 3374 4499 potestate;
3414 4429 3569 4483 166

1923 4521 2062 4593 quid
2079 4518 2589 4585 manducabimus,
2606 4522 2707 4572 aut
2727 4516 2866 4589 quid
2886 4516 3178 4583 bibemus,
3193 4519 3422 4588 autquo
3440 4532 3571 4588 ope-

162 4615 281 4671 imo
304 4611 637 4671 reddidisse
659 4616 974 4685 pastorem.
999 4611 1108 4666 Sed
1133 4615 1198 4666 ut
1228 4609 1395 4665 illum
1414 4608 1813 4665 excusandote
1845 4624 1893 4689 D
1926 4610 2164 4675 riemur,
2185 4608 2403 4663 nedum
2429 4606 2639 4673 dicere,
2660 4607 2914 4679 cogitare
2937 4604 3145 4661 saltem
3176 4605 3289 4661 sibi
3323 4622 3569 4677 compu-

164 4703 353 4778 magis
375 4718 671 4769 accusem,
697 4700 853 4757 aliud
889 4703 978 4755 est
1000 4701 1147 4772 (341)
1172 4699 1443 4772 ignarum
1465 4698 1601 4754 boni
1620 4701 1815 4770 aperte

163 4791 385 4861 saevire,
420 4790 581 4847 aliud
608 4790 720 4846 sub
751 4792 1025 4862 praetexta
1055 4787 1349 4861 religionis
1380 4792 1436 4843 et
1480 4787 1625 4843 alios
1668 4785 1816 4841 dcci-

161 4883 377 4957 piendo
431 4880 651 4948 fallere,
682 4883 738 4935 et
776 4879 926 4935 iram
976 4878 1088 4935 sibi
1137 4879 1233 4934 Dei
1279 4876 1613 4933 simulando
1659 4875 1813 4949 quod

231 4998 382 5070 (337)
416 4997 569 5054 Editi
628 4996 964 5070 perturbata
1019 4994 1265 5070 lectione
1315 4992 1419 5049 sic.
1448 4998 1662 5070 Verani
1701 4994 1813 5048 ista

164 5066 330 5128 modo
360 5066 645 5127 uolumus.
657 5067 919 5125 Clericus
949 5083 1004 5123 es
1030 5070 1054 5121 'l
1076 5066 1811 5139 Ipsum,quaeso,sufﬁcere.

168 5144 307 5201 Deus
327 5143 432 5200 illa
463 5142 567 5198 libi
599 5142 872 5196 concedat
901 5140 1187 5208 prodesse,
1217 5156 1255 5193 α
1283 5136 1472 5193 inente
1515 5136 1811 5193 conveniat

162 5217 521 5274 vocabulum.
556 5213 763 5267 Veram
800 5210 1106 5266 lectionem
1157 5209 1355 5266 sensui
1397 5212 1813 5279 congruentem

166 5286 560 5411 restituimilis.
586 5284 725 5340 Post
754 5299 941 5356 pauca
974 5290 1216 5356 propter
1261 5282 1447 5350 ipsum
1496 5280 1554 5334 in
1603 5279 1812 5335 iisdem

167 5377 194 5411 e
238 5379 251 5411 1
286 5377 333 5411 IS
368 5376 467 5411 ma
494 5373 543 5411 e.

167 5360 333 5416 editis
368 5360 543 5414 male.

235 5430 382 5505 (338)
409 5430 552 5505 Non-
571 5427 655 5505 ait
686 5444 846 5505 more
877 5425 1047 5505 solito
1071 5442 1084 5479 :
1112 5425 1431 5505 Canogicils
1462 5427 1564 5505 es?
1594 5422 1690 5477 sed
1715 5438 1814 5477 ca-

169 5494 405 5560 non'ieas
434 5502 492 5557 si
514 5499 730 5556 diceris
758 5524 773 5566 ;
804 5498 941 5571 quia
962 5497 1015 5552 id
1042 5513 1255 5551 nomen
1278 5494 1674 5571 Ratlieriiaavo
1698 5510 1813 5571 non

173 5576 348 5633 multo
382 5565 860 5647 anteinductum
882 5570 1260 5647 aﬁectabatur
1284 5585 1296 5647 ξ
1324 5569 1477 5647 unde
1508 5566 1659 5647 idem
1693 5565 1812 5647 epi-

170 5663 382 5734 sCOPus
404 5642 783 5734 inAlihellode
801 5640 1516 5734 rebellibus
1543 5638 1810 5709 scripsit:

166 5712 727 5791 Quicum-canonici
756 5715 1014 5791 aﬂ'eclent
1044 5712 1263 5791 pacari.

239 5790 389 5864 (339)
400 5788 577 5861 Vulg.
588 5830 602 5857 ,
617 5781 906 5859 corrupte,
928 5801 999 5842 ne
1015 5785 1281 5855 desperes
1290 5784 1596 5853 expellere.
1611 5781 1815 5837 Emen-

1924 4703 2056 4754 tans
2082 4697 2478 4761 interdictum,
2512 4696 2712 4752 omnia
2744 4693 3071 4751 necessaria
3100 4712 3133 4749 a
3164 4698 3328 4767 patre
3374 4711 3571 4750 mona-

1925 4787 2084 4844 sterii
2108 4786 2217 4842 sibi
2230 4791 2584 4858 proventura
2606 4800 2868 4841 securus.
2884 4784 2965 4839 De
2978 4783 3289 4855 monacho,
3305 4784 3566 4856 inquam,

1924 4876 2290 4932 satisfactum
2320 4875 2588 4930 decerno.

1922 4993 2215 5049 dationem
2249 4994 2551 5047 contextus
2581 4990 2787 5061 exegit.

1995 5066 2139 5146 (340)
2232 5063 2475 5146 Paulum
2498 5059 2790 5146 intelligit,
2817 5061 2956 5146 quia
2984 5078 3052 5115 ex
3080 5059 3217 5146 lupo
3240 5075 3353 5114 non
3373 5059 3565 5115 solum

1923 5133 2075 5211 ovis,
2099 5133 2219 5211 sed
2232 5136 2405 5190 etiam
2439 5140 2637 5211 pastor
2662 5133 2759 5189 Dei
2791 5133 2979 5211 gratiﬁa
3000 5133 3199 5211 evasit:
3247 5201 3285 5211 Ἀ
3372 5199 3406 5211 υ
3549 5198 3562 5211 ⁹

1994 5199 2144 5282 (341)
2176 5208 2302 5282 Hice
2322 5199 2763 5282 excusationem
2792 5199 3221 5282 vprznferﬂunthS.
3247 5199 3431 5282 Pauli,
3466 5199 3568 5282 qui

1922 5279 1980 5335 in
2004 5272 2182 5350 epist.
2211 5280 2232 5334 Ι
2266 5279 2338 5334 ad
2384 5277 2779 5338 Timotheum,
2810 5272 2861 5328 ἒ.
2896 5292 2934 5338 ι,
2975 5274 3055 5340 13,
3084 5272 3166 5327 ait
3198 5288 3210 5325 :
3243 5272 3354 5350 Qui
3400 5273 3567 5350 prius

1924 5346 2280 5418 blasphemus
2295 5352 2405 5419 fni,
2428 5357 2484 5403 cf
2514 5356 2861 5416 persecutor,
2881 5351 2936 5400 et
2965 5346 3443 5419 contumeliosus:
3468 5346 3570 5419 sed

1924 5416 2381 5477 misericordiam
2398 5422 2497 5475 Dei
2508 5426 2994 5483 conseculussum,
3013 5417 3154 5488 quia
3168 5416 3443 5487 ignorans
3454 5417 3571 5491 feci

1924 5495 1982 5550 in
2015 5494 2438 5549 incredulitate.

1995 5567 2198 5633 (352M
2231 5560 3067 5633 nobis,inquit,experimento
3096 5575 3313 5633 quoque
3341 5566 3569 5616 constat

1919 5632 2251 5709 precatam,
2275 5635 2410 5706 quia
2425 5632 2645 5688 exovili
2668 5632 3003 5709 monasterii
3022 5632 3366 5709 egressus,e_t
3381 5634 3567 5709 factus

1924 5704 2255 5782 episcopus,
2270 5704 2539 5782 laporuni
2567 5706 2868 5782 morsibus,
2883 5704 2941 5761 id
2957 5708 3045 5761 est
3065 5704 3566 5781 persecutionibus

1926 5777 2414 5848 adversariorum,
2444 5777 2647 5837 valuit.
