4054 6372
512 353 631 418 315

1433 348 1807 412 BATHERII
1857 349 2102 411 EPISC.
2145 348 2433 413 VERON.
2480 350 2652 414 OPP.
2697 350 2897 416 PARS
2941 352 2991 416 Ι.

3801 348 3921 417 316

584 494 671 547 32.
703 490 868 546 Nune
896 504 1030 544 vero
1062 484 1199 560 quid
1226 484 1297 542 de
1320 484 1527 540 abbate
1553 484 1815 540 dicemus
1836 484 1863 538 ‘?
1892 482 2154 539 Diximus
2186 484 2241 550 Α
2272 485 2367 539 nio
2401 483 2580 551 aliud,
2614 486 2728 541 nisi
2759 486 3417 560 qualecunqueeitquod
3444 486 3558 545 ista
3589 487 3922 546 noctemihi

512 583 751 654 quidem
764 577 1095 652 paululum,
1116 576 1213 633 sed
1236 579 1294 631 et
1310 574 1381 631 de
1402 574 1602 630 eodem
1628 573 1802 646 paulo
1815 572 1949 646 plus
1964 591 2154 646 prose-

510 658 784 744 quamur.
809 668 1005 725 Abbas
1034 671 1123 723 est
1151 665 1416 721 omnium
1448 664 1890 732 monachorum,
1924 665 1972 719 si
1994 663 2155 736 loqui

508 761 828 819 auctoritas
850 760 930 814 ita
942 756 1293 820 concederet,
1312 753 1823 818 monachissimus,
1840 753 1940 824 qui
1955 753 2155 825 utique

508 852 642 926 plus
668 851 957 923 jejunare,
993 844 1125 918 plus
1171 842 1321 898 valet
1366 859 1567 907 orare;
1608 841 1738 913 plus
1777 842 1984 913 legere,
2022 842 2152 913 plus

507 941 779 1014 psallere;
795 936 1066 997 inediam,
1084 931 1429 998 nuditatem,
1447 930 1727 1002 inOpiam,
1746 930 2150 997 contumelias,

508 1031 865 1100 despectum,
884 1024 1117 1086 famem,
1135 1021 1315 1086 sitim,
1331 1018 2149 1092 algorem,ventum,imbrem,

507 1118 754 1179 nibrem,
770 1111 1134 1185 grandinem,
1151 1109 1382 1181 probra,
1399 1108 2153 1169 derisiones,suhsannatio-

505 1222 630 1271 nes,
662 1205 732 1259 ad
783 1205 1146 1275 postremum
1191 1198 1387 1254 omnia
1435 1196 1805 1252 incommoda
1836 1198 2151 1269 patientius

503 1293 790 1360 tolerare;
822 1287 1309 1352 benevolentiam,
1344 1286 1442 1341 ubi
1478 1286 1859 1341 beneficentia
1889 1304 2004 1341 non
2028 1287 2147 1341 suf-

504 1383 784 1456 fragatur,
809 1378 1085 1436 omnibus
1111 1375 1286 1431 etiam
1302 1375 1434 1429 odio
1451 1392 1582 1429 eum
1600 1374 2021 1430 inseetantibus
2034 1392 2150 1429 am-

502 1472 659 1544 plius
683 1469 905 1537 caeteris
929 1465 1219 1529 exhibere,
1254 1464 1350 1535 qui
1383 1462 1686 1518 doeibilior
1713 1467 1886 1535 atque
1909 1464 2151 1520 docilior

504 1561 730 1617 caeteris
751 1577 764 1627 ;
788 1558 908 1630 qui,
934 1556 982 1611 si
1014 1555 1144 1610 ﬁeri
1175 1552 1513 1626 potest,hoe
1543 1557 1630 1608 est
1660 1554 2149 1608 concordantibus

505 1648 730 1706 caeteris
759 1645 1094 1709 virtutibus,
1129 1641 1446 1713 sapientior
1491 1640 1591 1712 qui
1640 1641 1923 1697 eharitate
1973 1644 2146 1697 refer-

504 1739 655 1806 tior;
692 1736 792 1809 qui
814 1732 1132 1804 disciplina;
1164 1731 1353 1802 rigore
1399 1729 1697 1797 volentior,
1732 1731 1831 1801 qui
1882 1730 2147 1802 benigni-

504 1826 645 1882 tatis
675 1823 842 1896 copia
871 1820 1365 1891 mansuetior,qui
1396 1818 1743 1875 liberalitate
1762 1821 2143 1892 praestantior,
2184 1858 2227 1922 Β

507 1916 609 1988 qui
626 1915 694 1970 ad
709 1929 835 1969 com
846 1911 1076 1985 patiend
1088 1925 1184 1964 um
1200 1908 1553 1964 calamitosis
1568 1910 1946 1982 paratior,qui
1963 1910 2152 1965 humi-

505 2004 619 2061 lior
650 2005 727 2060 sit
755 2002 1049 2065 omnibus,
1081 2004 1254 2071 atque
1285 1997 1651 2054 submissior.
1679 1999 1745 2052 Et
1775 1999 1867 2053 hic
1911 2000 2149 2070 quidem

504 2096 653 2150 utde
668 2091 971 2157 monacho,
991 2089 1071 2145 sic
1084 2093 1140 2144 et
1169 2088 1239 2143 de
1263 2088 1470 2143 abbate
1491 2088 1853 2143 satisfactum
1882 2090 2146 2144 decerno.

576 2184 664 2237 33.
700 2181 801 2237 Isti
833 2179 1069 2245 etenim,
1106 2193 1254 2249 quos
1302 2178 1523 2248 passim
1583 2183 1967 2248 compertum,
2003 2178 2148 2249 proh

504 2270 722 2327 nefas!
773 2269 981 2335 habeo,
1048 2265 1353 2321 monachis
1418 2270 1647 2320 tantum
1714 2283 1982 2337 praeesse,
2035 2285 2146 2321 non

502 2364 700 2417 autem
728 2357 996 2413 monachi
1032 2356 1323 2423 affectant,
1345 2354 1619 2421 certiﬁco,
1640 2371 1766 2409 esse
1788 2373 1800 2420 ;
1822 2360 1877 2409 et
1902 2355 2027 2409 ideo
2051 2372 2148 2410 eos

500 2447 811 2521 fugiendos
832 2446 1027 2518 potius
1059 2461 1237 2516 quam
1270 2444 1599 2515 sequendos
1617 2448 1860 2498 autumo
1882 2443 2019 2509 fore,
2047 2461 2150 2498 ne-

502 2538 645 2593 dum
677 2552 879 2592 eorum
894 2533 1157 2605 exemplo
1185 2532 1517 2587 consultum
1538 2531 1614 2586 sit
1632 2531 1838 2597 vivere,
1855 2549 2003 2603 quos
2019 2550 2145 2587 cono

503 2630 620 2682 stat
649 2631 764 2680 tam
798 2623 1129 2690 noxia,tam
1165 2621 1489 2676 innumera.
1525 2625 1643 2675 tam
1676 2621 1891 2692 gravia,
1907 2621 2148 2676 tamim-

501 2714 701 2770 mania
721 2714 791 2768 de
803 2730 863 2769 se
877 2710 1208 2785 protulisse.
1224 2710 1629 2782 Opportunum
1643 2727 1783 2765 sane
1801 2727 2007 2766 censeo
2023 2728 2148 2766 nar-

502 2805 723 2860 ravisse
753 2802 896 2874 quid
929 2802 1074 2871 (3113)
1106 2799 1288 2854 horno
1315 2798 1589 2853 anxietati
1621 2799 1927 2869 contigerit
1985 2817 2143 2855 meae.

499 2891 771 2950 Lauduni
792 2881 1192 2962 namqueeum
1224 2904 1413 2943 essem
1440 2887 1760 2942 nativitatis
1783 2888 2011 2944 Domini
2031 2888 2142 2959 die,

501 2981 726 3054 rogavit
756 2998 848 3035 me
878 2981 1079 3044 abbas,
1098 2977 1234 3032 utin
1256 2977 1565 3031 festivitate
1596 2976 2143 3049 sanctiStephaniin

398 3130 407 3140 ,
499 3069 754 3143 capitulo
767 3085 1035 3126 sororum
1049 3067 1303 3122 venirem
1317 3111 1329 3133 ,
1347 3065 1699 3138 et(utverbis
1713 3065 1899 3138 ipsius
1915 3066 2145 3138 loquar)

497 3162 582 3217 eis
615 3159 836 3231 aliquid
867 3156 1005 3214 boni
1026 3155 1300 3213 dicerem.
1325 3155 1538 3221 Annui,
1560 3159 1614 3210 et
1644 3160 1775 3227 post
1804 3161 2142 3212 consuetam

496 3226 831 3315 lectionem,
848 3246 1031 3319 petita
1051 3251 1109 3300 et
1129 3248 1364 3316 accepta
1395 3226 1792 3300 benedictione
1815 3244 1965 3299 dixi:
1987 3268 2013 3293 ‹‹
2041 3245 2145 3299 Ro-
2175 3226 2217 3293 C

498 3344 672 3411 gatus
701 3335 923 3407 aliquid
954 3334 1083 3387 boni
1116 3336 1317 3387 vestrae
1348 3333 1537 3386 dicere
1554 3331 1972 3398 charitati,non
1994 3333 2143 3388 inve-

571 3444 719 3512 (343)
762 3444 939 3495 Homo
984 3438 1343 3512 adverbium,
1385 3438 1441 3491 id
1484 3442 1572 3491 est
1618 3437 1726 3512 hoc
1772 3456 1942 3512 anno.
1979 3441 2140 3512 [Cum

501 3508 856 3578 autem'hoe,
879 3511 1032 3582 quod
1064 3508 1262 3582 subdit
1295 3508 1807 3582 factum,l,au_duui
1840 3510 2145 3582 rontigerit

501 3590 632 3658 post
663 3600 882 3658 annum
896 3579 1134 3658 '908,‘ut
1168 3580 1226 3633 in
1278 3579 1415 3658 vita
1442 3579 1815 3658 probavimus
1845 3582 1874 3651 ξ
1901 3579 2143 3658 20,ξ11ωο

500 3650 756 3712 narratio
788 3653 934 3708 libro
966 3651 1169 3723 quinto
1204 3650 1501 3723 posterius
1526 3651 1722 3705 addita
1752 3650 2140 3722 cognoscitur.

570 3726 720 3796 (344)
753 3727 881 3779 Tum
913 3721 1169 3796 temporis
1199 3721 1336 3796 (quo
1358 3721 1603 3796 scilicet
1642 3723 2010 3796 praemissum
2061 3725 2140 3779 fa-

500 3793 659 3853 ctum
682 3793 946 3867 contigit)
980 3812 1112 3849 cum
1136 3793 1446 3849 Ratherius
1470 3796 1595 3864 jam
1628 3793 2143 3867 epiSCOpatumVe-

2265 574 2591 647 contigerit,
2623 580 2825 631 vestrae
2856 576 3103 632 referam
3134 576 3920 636 dominationi.Sollieitatus

2264 662 2514 718 nimium
2533 664 2657 719 heri
2683 681 2784 735 pro
2805 664 3135 736 recipienda
3162 666 3493 738 provisione
3516 667 3765 723 abbatis:
3784 685 3921 725 san-

2263 752 2339 807 eti
2371 753 2642 819 Amandi,
2664 771 2797 808 eum
2829 754 2901 810 ad
2936 755 3275 811 nocturnale
3306 755 3565 812 ofﬁcium
3598 756 3923 830 vigilando,

2266 842 2508 912 ut,proh
2526 842 2720 897 nefas!
2756 860 2906 914 saepe
2937 843 3513 912 somnians,starem,
3540 846 3683 900 dum
3715 845 3920 914 lector,

2261 931 2330 985 ad
2349 948 2479 984 eum
2496 931 2852 1002 pervenisset
2866 937 3149 987 tractatus
3175 933 3327 988 beati
3346 932 3676 1006 Hieronymi
3694 933 3918 990 locum.

2263 1019 2359 1073 ubi
2389 1019 2672 1075 Dominus
2705 1020 2761 1074 in
2800 1020 3102 1093 Evangelio
3134 1021 3489 1092 quibusdam
3514 1022 3771 1094 praefatis
3793 1040 3924 1095 pro-

2263 1108 2529 1179 sequitur
2564 1108 2762 1164 dicens
2796 1126 2808 1163 :
2846 1111 3067 1165 Venient
3104 1111 3222 1166 haec
3249 1111 3438 1166 omnia
3491 1126 3656 1181 super
3685 1128 3921 1182 genera-

2261 1198 2461 1253 tionem
2492 1199 2649 1251 istam
2681 1198 2886 1255 (.llatth.
2919 1216 3078 1265 xxui,
3111 1200 3223 1264 26),
3256 1204 3313 1253 et
3341 1215 3447 1270 ego
3505 1198 3921 1271 explanatione

2260 1286 2309 1355 ej
2320 1286 2520 1341 usdem
2529 1286 2655 1357 jam
2678 1286 3049 1343 fatidoetoris
3072 1288 3182 1342 hoc
3202 1287 3280 1342 ita
3297 1286 3743 1355 intellexissem,
3758 1290 3919 1361 quod

2258 1374 2355 1445 qui
2391 1374 2561 1429 hodie
2595 1376 2829 1430 fratrem
2864 1393 3064 1443 suum,
3101 1375 3211 1430 hoc
3244 1379 3334 1431 est
3374 1376 3777 1432 Christianum
3810 1375 3919 1432 ali-

2259 1479 2452 1534 quem,
2487 1463 2704 1534 injuste
2736 1464 3026 1532 interﬁcit,
3049 1469 3209 1520 tanto
3241 1465 3525 1536 majorem
3556 1482 3768 1522 noxam
3788 1466 3907 1521 sibi

2258 1553 2548 1607 contrahit
2579 1555 2724 1609 167
2765 1555 2836 1610 ab
2871 1554 2982 1616 his,
3018 1554 3114 1625 qui
3149 1554 3220 1609 ab
3251 1553 3392 1609 Abel
3418 1556 3581 1625 justo
3625 1571 3817 1626 usque
3843 1555 3917 1612 ad

2257 1643 2604 1715 sanguinem
2636 1642 2923 1698 Zachariae
2956 1642 3058 1697 ﬁlii
3091 1642 3381 1698 Barachiae
3413 1642 3645 1716 aliquos
3676 1644 3919 1700 occide-

2257 1737 2413 1798 runt,
2449 1736 2667 1803 quanto
2699 1736 2755 1787 et
2793 1731 2953 1787 illam
2985 1734 3210 1803 [scilicet
3238 1733 3470 1804 noxam]
3503 1750 3742 1790 omnem
3809 1751 3917 1806 pro

2257 1822 2548 1876 consortio
2560 1821 2951 1894 generationis
2964 1822 3167 1895 utique
3182 1822 3372 1891 habet,
3387 1827 3445 1879 et
3459 1840 3631 1879 suam
3646 1824 3913 1896 insuper,

2262 1909 2775 1980 quamimitatione
2786 1911 3082 1966 commisit
3111 1911 3395 1983 ipsorum,
3410 1911 3674 1985 Cumque
3692 1929 3788 1971 me
3802 1913 3916 1971 hoc

2261 1998 2511 2053 nimium
2535 1998 2855 2065 terruisset,
2880 2004 2946 2054 ut
2976 2017 3125 2071 saepe
3156 2000 3459 2073 contingit,
3494 2017 3564 2056 ex
3614 2000 3751 2057 aliis
3797 2001 3917 2058 alia

2259 2086 2559 2158 colligens,
2593 2092 2650 2143 ct
2681 2088 2835 2160 quod
2862 2089 2932 2143 de
2958 2086 3274 2143 homicidio
3293 2105 3534 2144 sensum
3565 2090 3760 2145 fuerat
3776 2107 3911 2147 sen~

2260 2176 2377 2245 tiri,
2394 2176 2530 2230 etde
2542 2177 2767 2232 caeteris
2789 2177 3137 2233 criminibus
3160 2177 3305 2233 ratio
3326 2178 3564 2234 evidens
3585 2178 3917 2250 postularet

2257 2264 2465 2331 valere,
2500 2265 2644 2336 coepi
2678 2265 2831 2321 intra
2860 2283 2952 2321 me
2983 2266 3174 2322 dicere
3208 2283 3220 2321 :
3252 2267 3412 2322 Tune
3442 2283 3578 2340 ergo
3604 2268 3785 2324 debes
3815 2269 3913 2324 ab-

2259 2353 2365 2408 bas
2388 2370 2519 2408 cum
2552 2354 2893 2426 bujusmodi
2912 2354 3269 2410 conscientia
3292 2356 3444 2410 ﬁeri?
3457 2355 3782 2412 Monachus
3800 2357 3914 2429 pri-

2259 2459 2422 2498 mum
2451 2444 2698 2499 efficere.
2738 2468 2765 2493 »
2789 2445 2933 2499 Nam
2966 2445 3035 2499 de
3067 2443 3373 2499 sraesulatu
3407 2446 3552 2515 (344)
3586 2450 3713 2500 tum
3763 2450 3910 2502 tem-

2260 2532 2419 2603 poris
2440 2533 2752 2597 exciderat,
2770 2533 2881 2588 nisi
2906 2534 3063 2605 quod
3091 2537 3149 2589 et
3174 2532 3580 2605 huncindigne
3605 2534 3911 2590 subierant

2258 2620 2449 2676 multi.
2486 2621 2668 2692 Igitur
2696 2622 2833 2693 quia
2861 2622 2929 2676 ab
2962 2620 3059 2675 illo
3083 2639 3196 2693 quo
3227 2620 3361 2676 libri
3415 2621 3594 2693 hujus
3645 2623 3914 2680 clausula

2258 2708 2382 2763 fieri
2409 2709 2808 2781 debuitlonge
2854 2710 3102 2781 digressi
3144 2728 3354 2766 sumus
3404 2710 3551 2776 loco,
3584 2713 3908 2769 anchoram

2256 2801 2517 2852 nostram
2552 2798 2608 2851 in
2637 2797 2747 2853 isto
2779 2800 3029 2870 figamus
3062 2800 3253 2868 modo,
3277 2802 3341 2853 ut
3364 2798 3668 2872 paulisper
3692 2817 3909 2857 recrea-

2208 2925 2214 2932 .
2254 2890 2350 2942 tus
2394 2890 2643 2959 proreta,
2674 2887 2825 2942 vires
2882 2887 3055 2943 citius
3109 2887 3552 2960 expeditiusque
3610 2896 3898 2947 resumat.

2254 2974 2440 3047 Hujus
2455 2976 2569 3047 itaq
2580 2993 2649 3031 ue
2664 2976 2844 3031 nostri
2858 2976 3080 3031 scilicet
3091 2981 3282 3032 textus
3293 2977 3582 3034 sermonis
3596 2978 3655 3033 in
3668 2978 3913 3035 laudem

2253 3066 2482 3121 desinat
2506 3070 2721 3121 sanetae
2751 3066 3072 3121 Trinitatis.
3106 3065 3233 3121 Tibi
3264 3065 3534 3135 laus,tibi
3576 3068 3913 3140 gloria,tibi

2255 3154 2576 3226 gratiarum
2607 3154 2813 3220 actio,o
2831 3155 3000 3210 beata
3026 3155 3581 3212 Trinitas.Miserere
3605 3157 3912 3226 miserere,

2258 3244 2552 3309 miserere,
2570 3242 2705 3298 licet
2739 3243 3170 3315 indignissimo,
3187 3244 3256 3300 de
3272 3248 3325 3299 te
3338 3249 3533 3301 tamen
3568 3245 3914 3305 indecenter

2252 3331 2527 3405 loquendi
2560 3332 2804 3404 trepido,
2836 3334 3006 3405 cujus
3033 3351 3244 3389 nomen
3276 3351 3390 3389 non
3424 3333 3684 3407 ignoras,
3726 3337 3900 3393 mihi.

2252 3456 2560 3514 ronensem
2592 3438 2939 3514 abdicasset,
2964 3440 3034 3514 de
3062 3439 3375 3514 prmsulatu
3408 3440 3553 3514 nihil
3583 3442 3906 3514 cogitabat:

2253 3510 2472 3594 multos
2502 3528 2631 3594 vero
2653 3511 2923 3594 eamdem
2964 3510 3307 3594 dignitatern
3356 3511 3600 3594 indigne
3647 3510 3911 3594 subiisse

2252 3582 2449 3663 tradit,
2477 3587 2539 3637 ut
2570 3582 2788 3668 aptavit
2818 3583 2990 3665 etiam
3013 3584 3145 3668 ,ἔαρ
3175 3582 3558 3668 γρηθὶιεξηεῖε
3584 3584 3908 3668 episcopus

2254 3652 2311 3707 in
2368 3670 2537 3731 opere
2592 3655 2977 3731 Denpressuris
3006 3654 3279 3731 Ecclesiae.
3312 3661 3461 3727 part.
3495 3673 3535 3709 ιι
3584 3652 3906 3731 spicilegii,

2254 3724 2582 3779 novissimae
2614 3725 2885 3780 editionis
2916 3741 3047 3798 pag.
3083 3726 3207 3781 421.

1510 3950 1922 4034 INCIPIT
1982 3948 2344 4036 LIBER‘
2390 3949 2870 4055 SEXTUS.

570 4118 848 4176 1.Usuale
865 4121 953 4174 est
984 4118 1181 4173 nautis
1214 4133 1328 4173 non
1354 4116 1551 4173 minus
1581 4117 1798 4190 piratas
1829 4136 2003 4191 quam
2021 4135 2146 4189 pro-

495 4218 691 4286 ccllas,
712 4217 844 4290 plus
860 4233 993 4272 vero
1028 4232 1450 4287 nonnunquam
1482 4216 1668 4288 ipsius
1695 4215 1905 4271 vicinia
1919 4222 2141 4289 portus,

496 4333 672 4389 quam
715 4315 911 4387 ipsum
945 4314 1257 4369 formidare
1289 4314 1551 4385 pelagus,
1586 4314 1728 4369 dum
1761 4316 1905 4382 (345)
1939 4315 2142 4370 dromo

495 4422 645 4478 sazpe
672 4408 878 4477 praeter
901 4404 1293 4475 granditatem
1326 4408 1594 4469 onustus,
1622 4402 1935 4475 improvise
1968 4404 2140 4459 illidi-

492 4500 591 4549 tur
619 4494 894 4566 syrtibus,
912 4508 1163 4564 spesque
1184 4495 1305 4546 tota
1333 4490 1552 4546 laboris
1580 4508 1712 4546 eum
1746 4492 1890 4562 ipsis
1917 4494 2143 4564 deperit

494 4589 1133 4655 laborantibus,amieis
1155 4605 1185 4643 e
1215 4588 1405 4642 vicino
1433 4589 1859 4659 spectantibus;
1888 4591 2040 4661 quod
2072 4610 2142 4647 ne

496 4693 551 4744 et
582 4687 752 4742 nobis
766 4686 1083 4757 contingat,
1106 4686 1255 4749 (346)
1279 4701 1595 4755 exsurgens
1618 4701 1952 4756 precamur:
1975 4688 2143 4744 Salva

498 4803 602 4842 nos
633 4801 705 4840 ne
736 4799 1044 4855 pereamus
1075 4784 1283 4847 (Matth.
1317 4776 1416 4849 vn,
1448 4783 1561 4849 25),
1592 4787 1647 4837 te
1678 4783 1835 4838 enim
1884 4785 2028 4851 sine,
2062 4787 2141 4841 nil

494 4883 680 4940 altum
725 4897 892 4937 mens
935 4880 1190 4945 inchoat,
1223 4879 1443 4935 nedum
1484 4880 1744 4952 perﬁciat
1775 4882 1860 4953 [f.,
1897 4884 2139 4958 perﬁcit]

493 4986 692 5037 sextus
723 4979 841 5046 hic,
866 4977 1245 5052 gubernatrix
1277 4976 1529 5031 Dealitas
1562 4993 1814 5045 summa,
1846 4980 1982 5035 dum
1999 4982 2069 5037 de
2085 4986 2140 5038 te

492 5078 661 5134 nobis
692 5076 1182 5150 prcesumentibus
1210 5074 1423 5129 sulcari
1456 5073 1661 5129 nititur
1703 5076 2138 5149 sinus,portum

482 5177 611 5247 jam
640 5174 959 5247 respiciens
992 5191 1105 5243 quo
1138 5172 1456 5228 tendimus.
1490 5174 1642 5229 168
1670 5174 1739 5229 Ut
1786 5176 1912 5247 jam
1944 5178 2138 5251 itaque

491 5273 796 5329 ordinibus
826 5270 1008 5327 sacris
1032 5270 1279 5326 breviter
1308 5272 1497 5339 tactis,
1525 5272 1829 5329 veniamus
1859 5276 1927 5330 ad
1954 5276 2139 5331 homi-

563 5380 708 5446 (345)
744 5384 955 5434 Dromo
986 5395 1004 5431 :
1037 5376 1209 5433 Navis
1232 5376 1457 5449 longior
1474 5384 1529 5433 et
1563 5378 1724 5434 velox
1754 5398 1788 5435 a
1815 5383 2005 5437 Grzeco
2027 5382 2136 5446 δρό-

491 5450 1041 5535 ξοςοσιιντςιιςζςῖιξίρὲο
1060 5467 1183 5532 qua:
1207 5467 1439 5535 summa
1464 5449 1751 5506 celeritate
1766 5470 1830 5507 su
1843 5470 2136 5535 peraquas

491 5467 1041 5576 μοςοσιινειιςηιιιρὲο
1060 5467 1183 5521 qua:
1207 5467 1439 5504 summa
1464 5467 1751 5506 celeritate
1766 5470 1830 5507 su
1843 5470 2135 5535 peraquas

491 5522 764 5598 decurrit.
798 5521 941 5598 Vide
1017 5522 1275 5594 angium,
1311 5540 1361 5577 v.
1396 5523 1725 5598 Dromones.
1763 5529 1900 5579 Dein
1949 5527 2135 5598 magis

490 5592 744 5665 placeret
772 5593 1023 5649 scribere
1045 5592 1648 5661 pfoptergravitatem,
1676 5596 1755 5649 ita
1778 5601 1842 5651 ut
1869 5592 2134 5653 constru-

489 5664 602 5721 etio
635 5665 708 5720 sit
726 5682 737 5721 :
755 5670 903 5721 Dum
920 5666 1120 5721 dromo
1141 5675 1376 5721 onustus
1390 5682 1537 5737 sirpe
1551 5666 1807 5722 illiditur
1822 5668 2011 5737 impro
2024 5671 2136 5726 vise

488 5737 742 5809 syrtibus
765 5746 1005 5810 propter
1032 5737 1408 5810 gravitatem,
1421 5754 1538 5810 qua
1559 5737 1789 5796 ecilicct
1806 5739 2135 5814 depressior

2256 4134 2397 4173 num
2425 4117 2705 4173 discretos
2737 4119 3244 4181 eifectus,eosdem
3259 4135 3490 4192 quoque
3521 4119 3909 4194 alloquentes,

2253 4224 2368 4279 quo
2401 4225 2718 4278 possumus
2737 4208 3113 4265 succinctius.
3129 4209 3337 4264 Justus
3359 4225 3420 4264 es
3441 4210 3468 4263 ?
3488 4209 3908 4284 Suggero,dis-

2252 4296 2489 4363 simula,
2526 4296 2643 4352 imo
2676 4297 2868 4369 cogita
2890 4302 2944 4353 te
2976 4314 3091 4353 non
3122 4315 3249 4353 esse
3274 4298 3531 4369 [subaudi
3560 4298 3909 4373 justum],ut

2252 4385 2445 4457 possis
2476 4385 2754 4441 veraciter
2784 4403 2931 4442 esse.
2966 4387 3239 4443 Peccator
3263 4404 3325 4443 es
3345 4387 3372 4442 ‘?
3393 4387 3687 4444 Contende
3726 4406 3911 4462 quan-

2250 4479 2377 4529 tum
2408 4473 2565 4530 vales
2598 4491 2712 4531 non
2746 4493 2873 4531 esse
2904 4476 3161 4547 [subaudi
3190 4478 3599 4549 peceatorem],
3633 4495 3909 4552 recogno-

2252 4581 2419 4620 scens
2451 4569 2506 4620 te
2537 4565 2816 4620 veraciter
2845 4582 2993 4621 esse.
3027 4566 3145 4621 Hoc
3176 4565 3332 4622 enim
3364 4570 3553 4638 pacto,
3578 4567 3694 4624 Deo
3739 4569 3907 4639 adju-

2175 4657 2217 4721 D
2247 4657 2437 4721 vante,
2466 4654 2682 4725 poteris
2718 4653 3031 4727 aliquando
3064 4673 3177 4711 non
3213 4673 3358 4712 esse.
3390 4656 3597 4713 Justus
3619 4657 3725 4713 es?
3757 4656 3903 4715 Vide

2252 4759 2322 4798 ne
2353 4759 2609 4799 eorruas.
2634 4744 2906 4799 Peccator
2929 4760 2991 4801 es
3011 4745 3039 4800 ?
3069 4746 3288 4801 Conare
3328 4750 3395 4801 ut
3433 4762 3662 4819 surgas.
3694 4748 3904 4803 Justus

2251 4848 2312 4887 es
2334 4832 2361 4886 '?
2390 4832 2604 4887 Teneat
2634 4836 2690 4888 te
2729 4850 2903 4889 casus
2935 4834 3124 4907 angeli
3174 4835 3246 4890 ad
3283 4834 3594 4891 cautelam.
3630 4835 3906 4894 Peccator

2208 4978 2217 4981 _
2249 4920 2355 4976 es?
2384 4920 2618 4976 Animet
2663 4926 2719 4977 te
2751 4938 3029 4978 ascensus
3077 4922 3334 4981 hominis
3366 4924 3437 4980 ad
3464 4924 3892 4997 paenitentiam.

2249 5009 2363 5064 Nec
2388 5014 2449 5064 tu
2485 5011 2677 5083 itaque
2706 5013 2863 5083 prior
2879 5011 2950 5067 de
2981 5013 3216 5085 prOpria
3242 5013 3468 5069 actione
3499 5013 3898 5083 conﬁdas,nee

2249 5098 2358 5153 iste
2388 5100 2460 5154 de
2491 5100 2592 5155 Dei
2617 5100 3017 5157 misericordia
3048 5102 3333 5174 desperet,
3358 5103 3498 5174 quia
3526 5103 3575 5159 si
3602 5103 3787 5159 scitur
3803 5103 3903 5160 ho-

2247 5185 2339 5242 die
2371 5186 2576 5259 quales
2601 5189 2750 5255 sitis,
2783 5207 2911 5245 cras
2944 5194 3189 5263 uterque
3221 5190 3361 5263 quid
3393 5191 3576 5247 futuri
3607 5191 3760 5259 sitis,
3780 5210 3902 5248 om-

2248 5276 2386 5331 nino
2418 5278 2693 5333 neseitur.
2729 5278 3038 5335 Mutabiles
3069 5280 3225 5336 enim
3260 5285 3381 5336 tam
3415 5280 3685 5337 tenebras
3717 5298 3897 5354 quam

2248 5385 2302 5439 in
2336 5381 2527 5459 syrtes
2558 5386 2816 5441 offendit.
2841 5386 3006 5459 Forte
3025 5404 3155 5443 vero
3183 5387 3899 5459 pratergrunditatemin-

2246 5457 2374 5584 gnit
2405 5460 2681 5583 ofpustpm
2714 5475 2893 5531 supra
2924 5458 3172 5530 id,quod
3202 5460 3387 5533 ipsius
3407 5457 3896 5535 dromonisgran-

2290 5529 2400 5583 itas
2456 5546 2579 5582 orre
2614 5571 2625 5582 .

2290 5548 2808 5676 liggtiiggnstrue:
2841 5606 3191 5676 Exsurgens;
3221 5612 3274 5658 et
3293 5604 3421 5673 jam
3454 5602 3770 5674 respiciens
3794 5620 3896 5676 pro

2242 5689 2344 5727 exs
2353 5676 2693 5747 urgentes,et_
2697 5674 2824 5743 jam
2838 5674 3207 5743 respicientes
3215 5682 3448 5747 portum
3459 5691 3571 5747 quo
3590 5674 3895 5745 tendimus,

2241 5759 2572 5815 precamur,
2604 5745 2771 5802 salva
2803 5762 2902 5803 nos
2928 5763 2997 5804 ne
3027 5745 3332 5817 pereamus
3364 5766 3376 5818 ;
3410 5745 3531 5804 siue
3558 5756 3614 5806 te
3633 5748 3789 5805 enim
3816 5750 3899 5805 uit
