4054 6380
187 361 318 426 31⁸7

1130 344 1778 446 p‘anLooUIoaUM
1817 368 2024 434 LIBRI
2068 370 2241 436 sax.
2275 376 2523 438 —-LIB.
2571 374 2670 441 vr.

3487 391 3605 452 3l8

188 497 387 556 lucem
412 498 609 558 cordis
633 516 779 572 esse,
802 504 858 558 et
876 500 1080 576 lapsus
1100 507 1328 560 tantum
1351 505 1523 577 (247,)
1554 510 1611 562 et
1630 486 1847 562 erectio
1868 508 1922 574 Α
1953 512 2208 566 noverim
2243 510 2380 583 quia
2410 513 2703 571 modicum
2740 517 3086 577 fermentum
3117 526 3296 580 totam
3339 543 3597 585 massam

190 588 459 661 quotidie
485 594 777 647 monstrat
802 591 1126 665 lapsorum.
1159 593 1342 661 Unde,
1376 598 1433 649 et
1462 595 1839 666 quibusdam,

189 694 330 735 cum
362 682 420 734 et
445 678 589 735 alibi
619 680 828 736 dixerit
853 698 865 737 :
889 683 1001 752 Qui
1026 687 1132 738 stat
1149 682 1331 739 videat
1356 699 1425 739 ne
1452 684 1614 739 cadat
1644 685 1691 756 (Ι
1720 684 1840 739 Cor.

186 784 246 835 x,
278 769 365 835 12,
401 768 545 824 dicit
587 768 900 842 Apostolus
934 788 946 825 :
988 772 1191 827 Fuistis
1246 773 1542 844 aliquando
1584 774 1842 838 tenebrae,

184 872 343 911 nunc
378 864 563 912 autem
621 858 721 912 tum
751 859 812 913 in
848 859 1078 914 Domino
1108 860 1322 933 (Ephes.
1354 878 1412 928 v,
1443 864 1524 933 8.)
1576 846 1846 917 Feccator

189 961 256 1001 es
276 946 307 1001 ?
335 946 487 1001 Audi
512 946 670 1001 unde
699 948 956 1018 gaudeas
989 964 1002 1002 :
1037 947 1310 1004 Gaudium
1333 954 1413 1005 est
1436 949 1497 1005 in'
1525 952 1657 1006 coelo
1685 966 1848 1022 super

190 1050 305 1090 uno
323 1043 604 1106 peccatore
624 1038 1006 1107 paenitentiam
1032 1030 1247 1106 agente,
1282 1053 1449 1110 quam
1467 1056 1635 1112 supra
1663 1056 1848 1095 mona-

188 1125 353 1195 ginta
382 1139 576 1179 novem
594 1124 782 1195 justis,
811 1127 910 1196 qui
926 1142 1037 1181 non
1067 1125 1315 1197 indigent
1336 1129 1664 1197 paenitentia
1695 1129 1843 1199 (Luc.

188 1229 285 1279 xv,
322 1213 437 1275 10.)
466 1212 674 1268 Justus
703 1229 765 1268 es
785 1213 813 1268 ‘l
840 1214 988 1269 Audi
1021 1213 1162 1287 quid
1187 1231 1390 1271 caveas
1419 1232 1432 1270 :
1462 1217 1716 1272 Videbam
1744 1218 1844 1273 Sa-

192 1306 372 1372 tatam
398 1302 542 1358 sicut
567 1301 764 1373 fulgur
788 1302 853 1357 dc
880 1303 1010 1359 caelo
1041 1303 1317 1360 cadentem
1351 1306 1499 1377 (Luc.
1531 1322 1589 1374 x,
1626 1306 1739 1368 13.)

263 1394 320 1445 2.
355 1392 640 1446 Caeterum
666 1407 771 1447 nec
793 1393 997 1463 justus
1027 1393 1192 1457 adeo,
1227 1410 1333 1448 nec
1364 1398 1632 1465 peccator
1662 1395 1803 1450 adeo
1829 1411 1842 1449 :

189 1479 432 1535 medius
456 1479 699 1551 quidam
742 1481 891 1535 inter
918 1481 1039 1536 haec
1073 1482 1188 1537 duo
1241 1487 1298 1536 te
1336 1482 1588 1538 delectat
1634 1482 1796 1538 locus
1818 1482 1846 1537 ?

188 1569 380 1636 Time,
407 1585 570 1642 rogo,
600 1569 794 1642 ipsum
811 1570 978 1627 valde
997 1574 1277 1643 teporem,
1304 1587 1374 1627 ne
1398 1571 1469 1628 ab
1492 1571 1618 1644 ipso
1640 1589 1847 1628 rursus

186 1657 415 1713 labaris
447 1658 519 1713 ad
552 1657 760 1730 frigus.
793 1659 936 1714 Nam
972 1660 1123 1716 sicut
1153 1677 1187 1716 a
1215 1664 1411 1732 tepore
1452 1661 1524 1719 ad
1563 1659 1839 1726 calorem,

185 1746 275 1803 ita
305 1763 710 1819 smpenumero
740 1747 812 1802 ab
841 1748 1044 1803 eodem
1076 1747 1420 1816 declinatur,
1453 1753 1600 1805 teste
1632 1750 1845 1823 Grego-

189 1835 302 1903 rio,
328 1836 403 1891 ad
438 1835 644 1908 frigus.
677 1837 823 1891 Audi
858 1835 1110 1909 denique
1167 1836 1319 1909 quid
1365 1837 1568 1911 angelo
1617 1838 1848 1894 dicatur

190 1924 484 1981 Laodicia
520 1940 531 1979 :
584 1925 803 1982 Utinam
829 1925 1040 1980 calidus
1067 1941 1206 1982 esses
1233 1930 1331 1981 aut
1374 1926 1655 1998 frigidus;
1697 1944 1848 1984 nunc

189 2022 382 2069 autem
414 2014 549 2085 quia
577 2013 788 2085 tepidus
801 2030 856 2069 es
886 2014 1154 2085 incipiam
1182 2023 1235 2070 te
1254 2030 1499 2071 evomere
1525 2032 1595 2072 ex
1622 2033 1712 2072 ore
1733 2033 1847 2072 meo

191 2104 380 2177 (Apoc.
412 2120 495 2171 In,
518 2102 633 2174 46.)
656 2102 749 2157 Vae
771 2107 965 2158 autem
991 2103 1092 2175 qui
1117 2120 1186 2159 ex
1204 2121 1301 2160 ore
1322 2104 1849 2177 irrecuperabiliter

186 2191 485 2248 evomitur
513 2191 632 2247 Dei.
667 2192 788 2255 Quo
842 2196 1042 2247 contra
1091 2191 1404 2248 Psalmista
1451 2194 1520 2248 de
1578 2194 1843 2251 sanctis:

185 2283 374 2349 Ibunt,
410 2281 620 2353 inquit,
652 2281 717 2335 de
762 2282 961 2337 virtute
992 2283 1048 2336 in
1108 2284 1369 2337 virtutem
1399 2284 1574 2351 (Psal.
1618 2301 1844 2353 LXXXIII,

186 2372 280 2435 88)
307 2389 323 2439 ;
356 2370 499 2442 quia
518 2369 805 2437 videlicet,
828 2375 893 2424 ut
914 2371 1026 2425 Leo
1047 2372 1254 2426 beatus
1282 2371 1381 2438 ait,
1413 2371 1662 2428 scientes
1686 2375 1845 2429 arbo-

189 2476 287 2515 res
322 2476 387 2514 se
420 2475 549 2515 esse
588 2458 647 2513 in
674 2459 937 2515 Ecclesia
967 2459 1263 2515 viridiario
1322 2459 1615 2532 plantatas
1649 2461 1847 2517 Domi-

190 2548 348 2613 nico,
374 2564 492 2603 non
535 2547 725 2603 solum
775 2551 978 2603 cavent
1000 2547 1357 2604 nedeﬁciant
1380 2549 1437 2602 in
1461 2550 1648 2620 pejus,
1668 2550 1845 2605 etiam

191 2638 340 2693 dant
366 2652 720 2710 magnopere
751 2637 1012 2692 studium
1046 2641 1110 2692 ut
1165 2637 1474 2710 proﬁciant
1521 2639 1579 2693 in
1614 2637 1844 2696 melius.

192 2727 345 2782 Cum
376 2729 573 2781 autem
599 2724 993 2797 pulcherrima
1013 2727 1323 2797 cujusdam
1349 2729 1850 2801 nostrorum,quia

193 2813 537 2880 mitissima,
570 2813 856 2869 habeatur
886 2814 1174 2869 sententia
1203 2815 1469 2880 dicentis,
1515 2833 1630 2871 non
1691 2816 1847 2873 Putn-

193 2920 331 2959 rum
363 2906 528 2958 extra
546 2901 1032 2970 misericordiam,
1067 2903 1167 2975 qui
1190 2902 1274 2959 vel
1308 2905 1847 2975 partem‘bonorum

191 3008 443 3065 operum
475 2991 652 3047 fuerit
675 2996 997 3058 assecutus,
1032 3009 1148 3048 non
1194 2991 1390 3048 minus
1419 2998 1613 3049 tamen
1647 3011 1847 3068 recep-

190 3081 432 3138 tissima
460 3080 722 3147 alterius,
754 3080 894 3152 quia
923 3081 1248 3147 verissima,
1282 3085 1370 3136 est
1413 3082 1720 3138 retinenda
1749 3085 1846 3139 de-

197 3170 390 3227 finitio
423 3169 672 3225 dicentis
703 3186 716 3223 :
753 3171 980 3238 Quinon
1001 3171 1237 3241 proﬁcit,
1268 3170 1470 3238 deﬁcit,
1505 3179 1555 3226 et
1577 3173 1675 3243 qui
1702 3173 1849 3228 nihil

1953 604 2275 675 corrumpit
2328 606 2379 675 (Ι
2403 607 2527 661 Cor.
2583 624 2638 672 v,
2670 606 2748 680 6-)
2804 609 2953 666 Audi
3013 611 3233 669 dictum
3291 633 3325 672 a
3366 616 3600 689 Jacobo,

1955 692 2274 765 Quicunque
2326 699 2497 750 totum
2557 696 2727 765 legem
2775 700 3157 769 observaverit,
3217 706 3451 777 offendat
3501 727 3602 765 au-

1955 794 2062 844 tem
2088 793 2151 845 in
2200 808 2330 859 uno,
2376 794 2481 848 erit
2537 811 2662 850 reus
2691 796 2825 869 (Jac.
2884 815 2943 866 Il,
2991 801 3097 875 l0.)
3150 802 3359 876 Legem
3405 813 3601 864 autem

1954 878 2105 934 hanc
2135 883 2331 935 utrum
2366 882 2660 956 Evangelii
2713 890 2813 941 aut
2840 886 3065 945 Veteris
3098 893 3478 965 Testamenti,
3528 915 3601 953 an

1955 968 2130 1023 simul
2167 973 2475 1042 utramque
2506 972 2679 1040 dicat,
2714 976 2996 1034 studiosis
3043 980 3433 1053 relinquimus
3482 986 3603 1042 dis-

1957 1057 2204 1127 quirere,
2238 1076 2372 1115 cum
2405 1064 2460 1115 et
2513 1061 2869 1137 interrogata
2897 1066 2956 1121 in
3016 1068 3248 1127 duobus
3301 1078 3603 1149 prmeeptis

1953 1158 2136 1209 totam
2164 1155 2392 1212 Veritas
2422 1156 2550 1229 ipsa
2578 1158 2761 1231 legem
2794 1167 2853 1218 et
2882 1165 3196 1237 prephetas
3224 1169 3435 1226 dixerit
3456 1190 3600 1244 pen-

1956 1244 2091 1298 dere
2123 1245 2328 1313 (Matth.
2361 1264 2500 1318 xxn,
2563 1249 2675 1321 40,)
2725 1254 2781 1305 et
2810 1254 3120 1324 Apostolus
3175 1258 3599 1329 plenitudinem

1954 1330 2099 1403 legis
2150 1333 2521 1390 dilectionem
2589 1338 2838 1395 dixerit:
2889 1341 2944 1395 Si
3002 1344 3135 1416 quis
3193 1365 3376 1406 unum
3433 1369 3600 1408 man-

1955 1420 2157 1476 datum
2190 1423 2498 1493 custodiat,
2544 1425 2701 1482 aliud
2732 1432 3152 1499 prmvericetur,
3211 1454 3326 1493 non
3358 1440 3408 1495 ei
3467 1458 3599 1514 pro-

1955 1509 2104 1565 dest.
2140 1508 2408 1567 Custodit
2436 1530 2499 1569 se
2550 1514 2765 1588 aliquis
2807 1518 2878 1573 ab
2938 1521 3199 1593 avaritia,
3232 1543 3347 1582 non
3406 1508 3601 1588 custo-

1955 1606 2041 1661 dit
2069 1607 2139 1662 ad
2169 1607 2453 1666 adulterio
2473 1611 2503 1667 ?
2525 1611 2733 1684 Utique
2764 1615 2821 1670 in
2881 1634 2998 1674 uno
3057 1623 3375 1694 convictus,
3436 1629 3600 1686 dam-

1955 1698 2129 1751 natur
2176 1699 2352 1753 etiam
2385 1700 2580 1756 saeculi
2629 1701 2898 1774 legibus;
2960 1725 3065 1764 nec
3123 1713 3359 1783 prodest
3388 1717 3437 1771 ei
3469 1717 3604 1774 alte-

1957 1783 2078 1840 rius
2110 1786 2374 1843 criminis
2405 1789 2779 1859 abstinentia,
2816 1796 2915 1866 qui
2950 1796 3007 1851 in
3055 1799 3236 1857 altero
3287 1803 3461 1861 fuerit
3503 1808 3603 1863 de-

1876 1880 1924 1945 B
1957 1874 2300 1967 prehensus.
2334 1878 2451 1967 Hoc
2484 1895 2658 1934 sensu
2692 1898 2825 1938 cum
2859 1886 3116 1942 terribile
3146 1890 3224 1945 sit
3252 1891 3416 1950 valde
3447 1899 3600 1967 quod

1956 1962 2218 2055 protulit,
2249 1966 2349 2020 sed
2384 1972 2576 2055 tamen
2610 1986 2788 2040 super
2834 1971 2985 2030 hanc
3033 1979 3298 2035 eamdem
3340 1962 3600 2055 Apostoli

1956 2053 2303 2118 sententiam
2337 2054 2752 2129 Hieronymum
2777 2062 2903 2132 jam
2937 2065 3331 2137 consuluerit;
3368 2053 3472 2128 nec
3510 2075 3602 2130 in-

1956 2150 2256 2223 cognitum
2289 2152 2476 2216 nobis,
2537 2152 2725 2226 legem
2783 2161 2963 2214 totam
3023 2161 3346 2237 intelligere
3399 2170 3598 2227 decem

1953 2239 2056 2295 illa
2083 2240 2375 2312 generalia
2405 2249 2708 2315 praecepta,
2741 2247 2898 2302 unde
2944 2251 3208 2308 omnium
3267 2256 3599 2328 specialitas

1956 2329 2114 2384 velut
2144 2346 2173 2385 e
2204 2331 2457 2401 quodam
2500 2331 2621 2388 rivo
2653 2334 2869 2391 ﬁdibus
2923 2338 3266 2398 decachordi
3324 2346 3601 2406 dietincta

1959 2417 2252 2473 derivatur
2283 2434 2296 2474 :
2324 2435 2448 2491 qua:
2481 2421 2705 2492 [scilicet
2749 2424 2947 2481 decem
2990 2434 3295 2504 praecepta]
3325 2452 3458 2491 cum
3509 2438 3601 2494 in-

1957 2505 2286 2561 solabiliter
2316 2507 2603 2565 aduobus
2636 2510 2750 2567 illis
2810 2515 3082 2572 maximis
3131 2523 3188 2574 et
3236 2522 3443 2592 primis
3501 2528 3599 2583 de-

1959 2595 2154 2659 ducta,
2190 2595 2388 2651 decem
2437 2597 2652 2655 faciant
2709 2601 2882 2668 rivos,
2939 2610 3163 2677 septem
3220 2609 3499 2670 videlicet
3528 2617 3599 2671 ad

1957 2691 2325 2748 dilectionem
2359 2696 2629 2766 proximi,
2663 2701 2781 2754 tres
2812 2699 3168 2771 pertinentes
3212 2707 3284 2761 ad
3334 2709 3603 2768 dilectio-

1958 2799 2090 2836 nem
2118 2782 2238 2850 Dei,
2276 2783 2357 2838 ita
2386 2801 2554 2839 suam
2615 2793 2847 2843 servant
2875 2792 3029 2846 unde
3084 2803 3442 2854 emerserunt
3499 2818 3601 2857 na-

1959 2875 2174 2939 turam,
2207 2876 2273 2926 ut
2314 2890 2497 2928 unum
2532 2874 2656 2929 sine
2704 2876 2905 2943 altero,
2939 2879 3090 2936 sicut
3136 2900 3242 2938 nec
3298 2893 3492 2959 caput,
3525 2889 3606 2945 ita

1959 2976 2064 3015 nec
2096 2960 2366 3032 amplecti
2393 2963 2671 3018 veraciter
2701 2968 3015 3039 respuique
3043 2971 3273 3028 valeant
3318 2976 3601 3034 membra.

1957 3049 2103 3105 Nam
2149 3051 2304 3106 sicut
2337 3054 2511 3107 Deum
2548 3071 2661 3111 non
2694 3055 2934 3130 diligere
2978 3061 3276 3131 probatur,
3313 3067 3412 3138 qui
3472 3085 3604 3140 pro-

1956 3136 2179 3193 ximum
2212 3156 2328 3194 non
2377 3140 2585 3212 diligit,
2645 3143 2868 3201 Joanne
2922 3147 3146 3204 dicente
3179 3168 3191 3204 :
3227 3152 3291 3207 Si
3334 3136 3490 3226 quis
3517 3157 3578 3213 di

196 3261 457 3333 acquirit,
491 3258 749 3314 nonnihil
777 3259 978 3330 perdit,
1001 3238 1114 3314 Cui
1172 3259 1500 3315 assentiens
1557 3238 1662 3316 nec
1694 3261 1844 3317 infe«
1877 3249 1919 3317 C
1954 3238 2397 3333 τθνίίβῖηοηξανζι
2418 3240 2614 3333 -ίίίίίθο
2643 3243 2833 3333 mium»
2883 3254 2934 3300 εί
2968 3248 3201 3316 fratrem
3254 3266 3414 3306 suum
3461 3255 3599 3325 Odit,

200 3350 323 3405 rior
352 3347 764 3417 alter,’0mnis,
796 3347 878 3402 ait
905 3347 1141 3419 defectus
1169 3348 1237 3403 ad
1264 3349 1509 3404 nihilum
1529 3350 1717 3405 tendit.
1752 3351 1853 3407 His

203 3439 405 3510 itaque
434 3439 515 3492 ita
545 3437 841 3506 connexis,
873 3436 1201 3492 timendum
1236 3454 1306 3492 ne
1337 3438 1475 3492 dum
1508 3456 1623 3494 non
1658 3439 1852 3496 inhias

204 3526 514 3601 profectui,
539 3526 1174 3591 succumbasdefectui,
1197 3526 1635 3583 devenias169
1658 3528 1848 3597 nihili,

202 3618 355 3674 Sunt
375 3620 574 3672 autem
598 3614 856 3688 quidam,
886 3618 1031 3671 teste
1053 3615 1346 3686 Gregorio,
1380 3633 1413 3670 a
1432 3633 1683 3688 quorum
1708 3618 1850 3674 libe-

199 3706 317 3762 rari
349 3709 552 3778 satage
583 3703 893 3772 consortio,
945 3702 1045 3776 qui
1074 3707 1139 3759 ut
1167 3705 1435 3760 fruantur
1467 3706 1696 3773 saeculo,
1731 3708 1850 3763 dis-

199 3794 533 3869 pensatorie
564 3793 823 3849 serviunt
856 3798 986 3849 Deo.
1014 3795 1164 3849 Sunt
1203 3798 1404 3849 contra
1432 3794 1551 3859 alii,
1598 3812 1848 3867 quorum

197 3885 256 3940 in
302 3899 553 3940 numero
605 3883 775 3938 stude
835 3882 1099 3950 inveniri,
1131 3882 1230 3954 qui
1292 3886 1355 3937 ut
1408 3884 1678 3938 fruantur
1734 3890 1847 3941 Deo

195 3972 537 4030 transitoria
568 3971 829 4027 serviunt
860 3972 1101 4027 mundo.
1137 3971 1300 4027 Hunc
1328 3975 1522 4026 autem
1585 3974 1846 4030 medium

195 4079 324 4120 esse
346 4060 594 4134 justitiae
626 4059 817 4117 locum
851 4060 1095 4116 aestimo.
1119 4061 1279 4126 Quod
1315 4060 1363 4115 si
1396 4060 1634 4116 omnino
1664 4066 1719 4117 te
1741 4063 1848 4117 eri-

193 4167 329 4225 gere
359 4167 478 4205 non
507 4148 667 4205 vales
690 4151 778 4219 (ut
804 4165 919 4204 non
960 4148 1141 4221 vales)
1177 4149 1246 4203 ad
1294 4165 1636 4220 supremum
1677 4150 1845 4207 illum

192 4241 312 4298 Deo
344 4237 616 4312 placendi
654 4238 919 4293 ordinem
952 4238 1266 4303 ullomodo,
1297 4237 1504 4293 saltem
1545 4239 1633 4293 vel
1667 4240 1737 4294 ad
1766 4240 1844 4296 is-

192 4334 325 4387 tum
352 4333 415 4384 te
468 4325 771 4383 humiliter
822 4327 1278 4398 ﬁrmissimeque
1333 4331 1533 4383 teneas
1585 4330 1842 4384 medium

192 4417 451 4493 postulo,
486 4434 559 4473 ne
591 4417 825 4489 quando
856 4417 1078 4473 scilicet
1108 4434 1244 4473 ruas
1272 4418 1341 4471 ad
1375 4416 1541 4472 illum
1570 4419 1842 4474 intimum

187 4508 344 4578 (348)
365 4507 569 4563 ordine
598 4506 761 4562 devio
787 4524 800 4574 ;
832 4522 1023 4579 neque
1043 4506 1199 4562 enim
1222 4506 1351 4561 ideo
1375 4506 1550 4563 debes
1574 4508 1695 4563 fieri
1721 4526 1842 4580 per-

190 4598 375 4665 ditus,
410 4596 551 4669 quia
579 4611 696 4651 non
727 4594 885 4651 vales
918 4611 1045 4651 esse
1067 4595 1381 4668 perfectus,
1435 4612 1537 4651 nec
1565 4595 1694 4652 ideo
1719 4614 1844 4670 pes-
1870 4620 1945 4685 1)¹

187 4686 404 4754 simus,
426 4685 566 4757 quia
578 4700 691 4740 non
707 4687 869 4757 potes
891 4685 1135 4740 existere
1146 4683 1426 4756 Optimus.
1441 4684 1573 4756 Ipsa
1589 4685 1840 4759 denique

185 4774 521 4844 humilitas,
537 4790 655 4846 qua
678 4775 750 4829 de
782 4778 836 4829 te
852 4772 994 4828 vilia
1017 4773 1294 4839 aestimas,
1316 4772 1362 4828 si
1381 4771 1457 4828 sit
1478 4779 1705 4839 vera,et
1724 4791 1837 4831 non

184 4867 385 4939 potius
416 4863 685 4937 segnitia,
732 4864 805 4918 de
857 4863 1210 4935 quandoque
1268 4862 1491 4934 erigere
1520 4863 1736 4919 valebit
1766 4865 1836 4920 ad

188 4954 498 5020 sublimia,
529 4956 676 5009 teste
701 4967 840 5008 voce
869 4951 1171 5007 Dominica
1197 4952 1418 5021 (Matth.
1452 4949 1614 5019 xxin,
1653 4953 1765 5023 l2).

261 5046 322 5100 3.
354 5044 439 5100 Ne
498 5059 652 5111 vero,
708 5043 846 5098 dum
902 5040 1023 5097 haec
1071 5040 1274 5095 mitius
1331 5044 1526 5095 tecum
1585 5057 1713 5115 ago,
1748 5060 1841 5101 me

190 5133 301 5190 tibi
347 5133 597 5189 suadere
633 5136 823 5205 putes,
855 5131 943 5187 vel
975 5133 1152 5187 etiam
1212 5130 1453 5186 forsitan
1506 5133 1839 5204 concedere,

193 5227 261 5280 ut
317 5225 393 5279 ab
454 5221 755 5294 aliquibus
783 5223 925 5277 dum
985 5221 1262 5287 abstines,
1322 5218 1496 5275 alicui
1550 5220 1843 5279 deservias

193 5314 367 5387 quasi
409 5328 545 5368 cum
602 5310 772 5367 venia
822 5310 985 5380 vitio,
1049 5326 1203 5378 cum,
1258 5310 1500 5364 docente
1544 5309 1841 5382 Apostolo,

194 5453 373 5508 altum
403 5467 556 5508 mens
602 5453 843 5519 inchoat,
876 5453 1076 5508 nedum
1117 5451 1354 5521 perﬁcit,
1380 5451 1512 5506 dum
1542 5460 1725 5509 sextus
1756 5455 1845 5511 hic

196 5527 354 5581 sinus
387 5525 467 5597 (id
500 5528 589 5580 est
617 5523 714 5597 hic
738 5528 937 5580 sextus
970 5523 1137 5595 liber)
1158 5526 1364 5579 nititur
1390 5524 1598 5597 sulcari
1626 5542 1659 5579 α
1688 5529 1844 5583 nobis

189 5595 656 5669 praeminentibus
678 5596 744 5669 de
772 5603 841 5669 te,
875 5597 1112 5669 Dealitas
1138 5612 1353 5669 summa
1379 5595 1767 5664 gubernatrix.

263 5670 411 5737 (347)
446 5665 737 5724 Mendum'
755 5666 990 5741 aliquod
1020 5666 1161 5725 latet
1217 5668 1275 5722 in
1314 5682 1452 5723 voce
1500 5673 1729 5723 tantum.
1766 5671 1843 5726 Ex

1964 3326 2201 3381 mendax
2224 3330 2299 3381 est
2330 3331 2380 3398 (1
2402 3330 2558 3383 Joan.
2594 3346 2677 3396 IIl,
2706 3330 2741 3383 9
2767 3335 2806 3400 ;)
2836 3337 2893 3387 et
2923 3350 3036 3389 non
3091 3340 3210 3392 tam
3246 3341 3602 3410 proximum,

1963 3431 2139 3485 quam
2171 3414 2344 3469 etiam
2386 3415 2712 3486 inimicum,
2771 3420 3017 3477 Domino
3073 3425 3340 3483 dicente:
3378 3431 3605 3500 Diligite

1960 3505 2215 3559 inimicos
2268 3508 2491 3569 vestros,
2542 3508 2674 3561 bene
2717 3511 2885 3579 facite
2941 3512 3027 3567 his
3063 3516 3159 3584 qui
3209 3517 3439 3575 oderunt
3494 3538 3601 3589 vos,

1960 3598 2021 3646 ut
2051 3594 2174 3647 sitis
2198 3595 2309 3663 [itii
2356 3597 2543 3650 Patris
2601 3599 2761 3652 vestri
2804 3601 2901 3671 qui
2950 3602 3011 3655 in
3062 3604 3212 3657 cretis
3263 3614 3340 3660 est
3396 3609 3601 3676 (Matth.

1958 3706 2012 3755 ν,
2047 3691 2112 3743 44
2139 3690 2174 3758 ;)
2208 3689 2367 3745 nulla
2398 3696 2591 3747 autem
2620 3692 2939 3750 evidentior
2961 3698 3280 3756 redamatio
3307 3719 3482 3774 quam
3508 3723 3606 3778 pa-

1958 3778 2065 3833 tris
2096 3778 2166 3833 ad
2197 3779 2407 3843 filium,
2440 3780 2540 3834 lilii
2587 3782 2658 3836 ad
2708 3786 2951 3854 patrem,
3008 3803 3179 3858 quem
3231 3807 3345 3845 non
3405 3811 3604 3849 amare

1959 3867 2334 3937 convincitur,
2368 3871 2522 3925 I70
2553 3871 2651 3942 qui
2685 3872 2813 3942 ejus
2845 3875 3067 3944 spernit
3109 3877 3440 3947 jussionem
3469 3901 3482 3939 :
3526 3884 3606 3939 ita

1956 3956 2056 4011 illa
2098 3958 2228 4025 tria,
2265 3975 2391 4030 quae
2432 3976 2466 4014 ει
2517 3959 2707 4031 primo
2776 3962 3163 4035 deducuntur,
3229 3968 3427 4024 nullus
3503 3972 3605 4043 qui

1955 4053 2099 4109 illud
2131 4055 2412 4111 veraciter
2438 4058 2705 4113 observat
2734 4063 2926 4129 potest
2980 4064 3362 4133 praevaricari.
3422 4067 3602 4124 Nemo

1954 4144 2111 4199 enim
2142 4143 2392 4215 diligens
2417 4145 2601 4200 Deum
2627 4145 2805 4201 alium
2857 4148 2994 4204 colit
3048 4155 3256 4222 praeter
3313 4171 3469 4221 eum,
3503 4170 3602 4212 ne-

1954 4248 2066 4302 que
2098 4232 2306 4305 accipit
2352 4250 2561 4289 nomen
2613 4235 2739 4304 ejus
2798 4236 2856 4290 in
2914 4254 3153 4306 vanum,
3192 4254 3320 4296 ‘nec
3378 4242 3598 4316 aliquid

1952 4322 2091 4376 facit
2123 4322 2253 4377 boni
2287 4321 2397 4376 nisi
2432 4326 2667 4394 propter
2707 4341 2907 4380 verum
2967 4326 3312 4397 Sabbatum,
3344 4331 3453 4388 hoc
3509 4340 3600 4391 est

1952 4417 2211 4489 requiem
2238 4418 2678 4490 sempiternam.
2714 4422 2783 4476 Et
2814 4423 2967 4479 sicut
2996 4426 3329 4497 proximum
3363 4447 3478 4486 non
3510 4432 3602 4486 di-

1949 4506 2131 4579 ligere
2161 4509 2575 4579 comprobatur
2618 4509 2716 4581 qui
2779 4512 2963 4568 Deum
3020 4531 3135 4570 non
3195 4516 3411 4591 diligit,
3462 4538 3599 4577 nam

1951 4613 2056 4651 nec
2114 4596 2375 4668 seipsum
2429 4597 2639 4671 diligit,
2676 4600 2991 4658 Psalmista
3039 4605 3311 4663 dicente:
3348 4611 3455 4678 Qui
3500 4628 3601 4666 au-

1949 4696 2057 4742 tem
2085 4686 2271 4755 diligit
2316 4688 2682 4759 iniquitatem,
2743 4691 2855 4746 odit
2912 4695 3160 4749 animum
3215 4713 3373 4753 suam
3429 4702 3598 4768 (Psal.

1947 4793 2004 4841 x,
2037 4776 2138 4843 5;)
2177 4775 2259 4831 ita
2315 4776 2415 4847 qui
2473 4775 2641 4832 illum
2695 4778 2887 4852 diligit
2936 4782 3234 4854 veraciter,
3297 4792 3503 4844 caetera
3533 4807 3601 4845 ex

1949 4865 2059 4920 hoc
2089 4865 2336 4920 deducta
2365 4883 2479 4921 non
2510 4866 2771 4941 negligit.
2806 4871 2951 4927 Nam
2983 4878 3040 4928 et
3096 4873 3347 4931 honorat
3384 4894 3592 4948 paren-

1948 4967 2057 5031 tes,
2113 4979 2216 5018 nec
2274 4963 2616 5033 mmchatur,
2677 4982 2781 5022 nec
2862 4955 3091 5039 occidit,
3155 4988 3260 5027 nec
3342 4973 3598 5028 furatur-

1949 5068 2056 5107 nec
2113 5050 2325 5108 falsum
2381 5054 2785 5111 testimonium
2840 5057 3001 5127 dicit,
3069 5076 3173 5115 nec
3240 5061 3601 5132 concupiscit

1953 5157 2190 5196 uxorem
2224 5142 2471 5213 proximi
2501 5143 2613 5212 sui,
2675 5162 2779 5200 nec
2806 5163 2926 5201 rem
2986 5146 3245 5218 aliquam
3305 5149 3453 5219 eius.
3488 5151 3597 5214 Qui

1949 5246 2083 5285 vero
2115 5230 2334 5303 aliquid
2360 5231 2568 5287 horum
2609 5234 3018 5304 praevaricatus
3077 5236 3268 5303 fuerit,
3332 5237 3598 5294 omnium

1951 5334 2086 5375 reus
2117 5319 2245 5375 ideo
2277 5323 2530 5388 tenetur,
2567 5321 2707 5392 quia
2735 5322 2793 5376 in
2850 5322 3047 5394 ipsum
3104 5325 3421 5384 excessisse
3477 5329 3602 5385 fon-

1952 5480 2129 5540 sensu
2152 5462 2458 5540 legendum
2480 5467 2569 5517 est
2585 5473 2914 5532 sanctorum,
2940 5483 3041 5522 seu
3054 5467 3353 5540 justorum,
3381 5471 3466 5529 vel
3494 5471 3602 5529 ali-

1952 5535 2089 5607 quid
2127 5535 2336 5607 simile.

2025 5607 2175 5677 (3118)
2206 5603 2402 5677 Vulg,,
2437 5603 2747 5676 infirmum,
2776 5608 2948 5664 male.
