4054 6378
506 333 627 398 ,319

1428 327 1800 394 RATHEBII
1847 323 2092 390 EPISG.
2141 321 2430 388 VERON.
2476 328 2650 391 OPP.
2694 327 2892 392 PARS
2935 327 2984 394 Ι.

3798 324 3916 400 330

507 474 646 538 tem,
679 465 832 526 unde
863 469 1075 524 cuncta
1116 462 1454 540 procedunt,
1509 463 1756 531 videtur,
1818 478 1952 518 cum
2003 477 2142 516 neu-
2175 457 2234 527 Α
2261 466 2457 520 autem
2487 461 2548 519 in
2574 461 2772 538 aliquo
2801 460 3014 522 horum
3051 466 3110 522 te
3158 461 3660 540 praevaricatorem
3705 462 3914 538 depre-

507 565 665 616 trum
698 558 908 614 horum
940 574 1067 630 quae
1099 559 1236 612 sunt
1264 553 1557 628 prohibita
1597 569 1765 626 agere
1817 551 2146 624 proximum

506 649 788 705 veraciter
817 647 1066 719 diligens
1094 646 1239 716 (349)
1271 643 1492 716 possit;
1537 643 1766 700 Dilectio
1813 641 1971 698 enim
2019 656 2147 712 pro-

504 741 649 795 ximi
671 739 883 792 malum
910 753 1018 792 non
1050 742 1304 806 operatur
1327 736 1498 806 (Rom.
1531 749 1568 785 χ
1593 749 1652 796 n,
1682 733 1790 799 10.)
1840 731 1969 786 Haec
2007 747 2148 784 cun-

509 833 601 884 cta
632 827 888 883 diximus
918 824 1064 890 ideo,
1101 826 1164 878 ut
1192 822 1241 877 si
1272 821 1476 878 saltem
1515 820 1680 875 illum
1731 820 1989 875 modium
2048 820 2146 874 bo-

509 916 714 973 nitatis
769 915 960 970 locum
1019 911 1105 967 vis
1143 911 1424 976 obtinere,
1485 909 1646 964 omni
1705 908 1940 980 capitali
2009 908 2148 964 vitio

487 1006 746 1064 .studcas
773 1019 982 1058 careto.

579 1097 629 1148 4.
673 1091 950 1164 Capitalia
1005 1107 1136 1144 vero
1195 1107 1263 1144 ea
1319 1087 1548 1146 noveris
1614 1104 1762 1153 esse,
1816 1103 1941 1159 quae
2002 1085 2147 1158 (350)

505 1180 932 1238 decachordum
960 1177 1176 1233 tabulis
1207 1177 1454 1249 lapideis
1514 1175 1784 1248 prohibet
1841 1175 2146 1247 scriptum.

504 1271 572 1326 Et
605 1273 668 1326 ut
692 1269 894 1324 eodem
923 1284 1099 1323 sensu
1125 1283 1194 1321 ea
1223 1266 1687 1330 dinumeremus,
1712 1265 1978 1336 quaajam
2012 1266 2151 1318 sunt

503 1360 734 1415 abeato
773 1357 1100 1429 Augustino
1159 1355 1404 1426 digesta,
1457 1353 1759 1410 sciendum
1813 1358 1904 1408 est
1961 1352 2148 1424 primo

505 1447 642 1520 quia
692 1445 983 1502 idolorum
1033 1448 1124 1500 est
1182 1442 1443 1514 perﬁdia,
1487 1459 1521 1496 a
1576 1459 1694 1514 qua
1745 1445 1800 1497 te
1860 1440 2145 1512 prohibet,

505 1555 639 1593 cum
674 1535 860 1590 dicit:
905 1535 1044 1588 Deus
1101 1537 1246 1599 tuus,
1304 1531 1444 1586 Deus
1501 1547 1644 1585 unus
1696 1537 1771 1586 est
1833 1531 2015 1602 (Marc.
2046 1547 2148 1598 xu,

504 1625 619 1697 29.)
651 1625 810 1680 Hanc
841 1621 1110 1694 sequitur
1137 1637 1297 1675 error
1350 1619 1655 1685 haereseos,
1685 1623 1740 1674 et
1788 1619 2148 1674 diversarum

505 1711 1011 1784 superstitionum,
1046 1709 1526 1782 praecantationes
1581 1707 1870 1776 videlicet,
1923 1712 1980 1762 et
2019 1725 2148 1778 qua:

506 1893 656 1946 tates
687 1892 746 1944 et
774 1886 1014 1943 insania:
1047 1884 1204 1942 falsae
1245 1885 1522 1940 dicuntur
1551 1903 1585 1940 a
1613 1885 1927 1941 Psalmista
1977 1887 2145 1958 (Psal.

505 1996 694 2044 xxxu,
727 1977 822 2048 5);
859 1975 984 2049 ipsa
1015 1990 1246 2048 quoque
1287 1990 1412 2044 quae
1458 1973 1772 2045 Apostolus
1815 1974 2152 2030 terribiliter

504 2071 809 2124 enumerat
839 2065 1036 2120 dicens
1069 2080 1082 2118 :
1115 2063 1238 2118 Dies
1266 2062 1560 2117 observatis
1591 2069 1644 2116 et
1696 2079 1904 2118 menses
1954 2068 2004 2118 et
2047 2081 2148 2118 an.-

501 2173 617 2226 nos,
649 2157 810 2211 timeo
838 2171 906 2209 ne
930 2155 1051 2208 sine
1097 2167 1264 2207 causa
1296 2152 1666 2208 laboraverim
1699 2153 1754 2206 in
1817 2153 1965 2206 vobis
2002 2153 2145 2220 (Gal.

503 2261 578 2315 Iv,
615 2243 723 2316 10),
754 2246 812 2298 et
840 2241 932 2296 his
964 2240 1202 2308 similia,
1233 2257 1268 2295 a
1310 2240 1525 2312 quibus
1586 2240 1862 2296 omnibus
1916 2258 2149 2313 compe-

501 2333 702 2402 sceris,
735 2349 870 2388 cum
922 2329 1138 2384 audis:
1199 2331 1316 2385 Non
1370 2345 1610 2384 assumes
1666 2345 1862 2384 nomen
1913 2331 2012 2384 Dei
2065 2331 2152 2385 tui

501 2425 562 2478 in
594 2439 794 2478 vanum
824 2418 1016 2492 (Exod.
1049 2434 1144 2484 xx,
1175 2416 1258 2489 7.)
1291 2417 1556 2488 Perjuria
1583 2433 1814 2489 quoque
1846 2417 1992 2472 et-in
2041 2417 2148 2473 hoc

503 2511 650 2568 mihi
706 2511 979 2567 videntur
1033 2506 1346 2580 prohibita.
1411 2506 1556 2562 Hinc
1609 2507 1900 2580 superbia,
1954 2507 2148 2578 elatio,

503 2605 564 2657 et
601 2598 794 2655 inanis
824 2595 1028 2671 gloria,
1055 2594 1143 2651 vel
1193 2612 1358 2651 amor
1413 2595 1633 2662 saeculi,
1697 2613 1801 2668 pro
1855 2614 1971 2668 quo
2025 2614 2148 2652 ma-

502 2689 657 2745 xime
688 2689 748 2742 in
793 2684 1066 2742 omnibus
1124 2684 1375 2755 negotiis
1429 2683 1730 2740 laboratur
1774 2686 1845 2741 ab
1901 2685 1996 2742 his
2049 2685 2150 2758 qui

505 2779 690 2834 Deum
748 2791 864 2830 non
919 2773 1194 2846 diligunt,
1250 2789 1284 2828 a
1339 2773 1556 2845 quibus
1618 2773 1951 2843 retraheris,
2014 2791 2147 2830 cum

503 2865 821 2922 Sabbatum
867 2878 1096 2920 scrvare
1147 2861 1398 2934 juberis,
1432 2862 1490 2916 id
1545 2867 1727 2918 estut
1785 2863 2085 2920 declinans
2117 2881 2150 2920 a

506 2953 660 3010 malo
693 2959 750 3010 et
777 2951 994 3008 faciens
1049 2951 1270 3007 bonum
1303 2951 1474 3022 (Psal.
1526 2968 1716 3019 xxxw,
1750 2952 1864 3019 27,)
1920 2969 2088 3010 vaces
2117 2971 2150 3010 a

504 3047 760 3118 peccato,
793 3046 849 3097 et
879 3040 1098 3097 servias
1131 3044 1242 3096 Deo
1277 3059 1290 3108 ;
1326 3039 1524 3096 omnia
1574 3045 1771 3096 autem
1825 3041 2145 3108 humiliter,

505 3150 622 3189 non
657 3131 925 3204 superbe,
972 3133 1206 3202 propter
1255 3129 1788 3184 remunerationem
1847 3135 2144 3198 aeternam,

505 3239 618 3278 non
652 3199 888 3294 propter
915 3199 1150 3274 inanem
1183 3217 1376 3274 seaculi
1409 3217 1677 3290 gloriam.
1708 3218 1803 3272 HEB
1851 3224 1972 3274 tres
2005 3235 2146 3290 praz-
2179 3199 2221 3267 C

505 3316 808 3382 captorum
830 3307 1258 3374 distinctiones,
1283 3305 1689 3378 malorumque
1701 3307 2144 3379 prohibitiones.

507 3400 592 3454 Ad
623 3413 881 3456 amorem
911 3412 1042 3452 vero
1088 3395 1336 3466 proximi
1386 3393 1676 3466 pertinent
1735 3395 1853 3450 haec
1888 3414 1900 3451 :
1933 3399 2151 3453 Honora

502 3491 722 3560 patrem
747 3490 798 3541 et
839 3488 1074 3539 matrem
1106 3483 1294 3554 (Exod.
1353 3501 1427 3537 xx
1456 3484 1570 3552 -l2,)
1601 3483 1700 3538 ubi
1762 3489 1968 3555 praeter
2025 3502 2149 3540 car-

510 3575 704 3632 nalem
730 3573 1051 3647 genitorem
1072 3572 1250 3627 etiam
1286 3571 1382 3628 Dei
1411 3573 1600 3629 Patris
1631 3578 1689 3628 et
1718 3573 1984 3630 Ecclesiae
2026 3592 2151 3630 ma-

507 3665 614 3722 tris
637 3663 1198 3736 praapositorumque
1215 3660 1479 3716 Ecclesiae
1503 3661 1690 3717 honor
1713 3662 2024 3735 specialius
2045 3663 2152 3720 tibi

511 3751 807 3808 indicitur.
838 3753 952 3807 Non
985 3749 1338 3806 mwchaberis
1365 3751 1548 3818 (Ibid,
1585 3752 1696 3818 14,)
1727 3752 1787 3806 in
1845 3768 1960 3824 quo
1993 3770 2150 3808 com-

509 3841 766 3915 pesceris
799 3840 869 3896 ab
899 3839 1058 3894 omni
1091 3837 1350 3894 libidine.
1370 3840 1488 3894 Non
1517 3841 1718 3896 occiaes
1744 3841 1928 3913 (Ibid,
1963 3841 2151 3911 13,)in

511 3949 627 4006 quo
659 3928 984 4003 prohiberis
1013 3928 1085 3984 ab
1117 3927 1454 3984 omnimoda
1483 3928 1846 3986 crudelitate.
1877 3931 1997 3988 Non
2037 3934 2154 4004 fur-

511 4026 627 4079 tum
647 4021 819 4091 facies
849 4017 1032 4091 (Ibid.,
1069 4017 1178 4084 15,)
1211 4016 1268 4071 in
1302 4033 1416 4088 quo
1466 4017 1833 4091 restringeris
1889 4021 1960 4076 ab
2021 4037 2154 4076 ava-

512 4109 645 4167 ritia
673 4112 732 4166 et
762 4105 1097 4180 rapacitate.
1161 4111 1275 4164 Non
1333 4107 1540 4176 falsum
1597 4111 1962 4165 testimonium
2009 4111 2155 4166 dices

511 4197 837 4271 (Ibid._.16),
897 4198 956 4252 in
1017 4213 1130 4268 quo
1188 4195 1580 4268 prohiberisa
1631 4197 1900 4267 falsitate,
1959 4200 2154 4272 perju-

513 4289 619 4356 rio,
678 4285 1090 4342 detrectatione
1147 4286 1212 4356 [Γ.
1272 4285 1669 4356 detractione]
1725 4289 1841 4342 Non
1903 4289 2156 4360 concupi-

511 4393 622 4434 sces
661 4391 890 4432 uxorem
944 4375 1191 4446 proximi
1246 4374 1330 4428 tui
1377 4373 1537 4445 (Ibid.
1567 4373 1680 4443 17,)
1711 4373 1771 4430 in
1829 4392 1944 4447 quo
2004 4394 2158 4434 rcvo-

513 4465 663 4522 caris
688 4464 865 4520 etiam
896 4463 967 4519 ab
997 4463 1142 4518 171
1189 4459 1518 4517 adulterina
1549 4463 1918 4534 cogitatione,
1947 4465 2076 4522 Haec
2107 4466 2157 4521 si

2259 551 2536 618 hendero,
2569 570 2686 612 non
2719 561 2771 610 te
2827 554 3081 629 accendo
3139 555 3212 611 ad
3270 553 3532 624 meliora,
3593 553 3915 628 (corrigere

2259 658 2468 698 moneo
2497 641 2716 714 iniqua,
2752 659 2856 700 nec
2887 647 2952 698 ut
2999 644 3248 700 scandes
3281 645 3410 700 dico
3462 645 3534 700 de
3591 644 3816 700 virtute
3855 643 3912 699 in

2259 731 2554 802 virtutem)
2587 732 2688 786 scd
2723 736 2787 786 ut
2817 731 3170 789 converteris
3201 750 3234 788 a
3278 732 3502 788 malitia
3553 733 3626 788 ad
3681 731 3912 806 bonita-

2259 823 2398 874 tem.
2432 821 2577 875 Nam
2609 837 2724 876 non
2757 823 2845 876 est
2871 821 2981 876 iste
3010 820 3174 877 locus
3208 825 3274 877 ut
3313 822 3563 894 putabas
3623 821 3914 878 bonitatis

2261 909 2511 975 medius,
2543 909 2660 965 imo
2692 915 2782 965 est
2813 909 3030 965 nullus.
3059 909 3168 974 Qui
3220 911 3378 966 enim
3433 927 3538 967 nec
3566 911 3759 968 Deum
3810 926 3916 966 nec

2258 996 2592 1069 proximum
2623 997 2864 1070 diligere
2896 998 3064 1070 (352),
3097 1003 3300 1055 contra
3353 999 3474 1055 haec
3509 999 3712 1056 decem
3763 1015 3916 1071 prae-

2259 1091 2426 1158 cepta
2455 1087 2780 1142 excivzdendo
2823 1087 2883 1142 in
2915 1077 3129 1160 aliquo,
3163 1089 3395 1144 etiamsi
3453 1089 3724 1160 quaedam
3783 1087 3915 1144 illo-

2259 1191 2390 1230 rum
2446 1176 2694 1254 videaris
2750 1175 3048 1248 implesse,
3104 1177 3407 1249 probaris;
3445 1194 3622 1250 quam
3683 1177 3917 1233 bonita-

2257 1268 2376 1318 tem
2405 1263 2632 1319 hzebere
2660 1267 2716 1319 te
2749 1268 2940 1336 putas,
3001 1269 3318 1338 antequam
3375 1282 3444 1321 ea
3499 1265 3741 1340 scilicet,
3780 1281 3917 1338 quae

2259 1353 2456 1408 minus
2489 1352 2691 1408 fecisse
2721 1356 2778 1408 te
2809 1353 3136 1428 agnoveris,
3169 1355 3428 1428 corrigas
3453 1359 3475 1410 P
3503 1355 3647 1411 Cum
3708 1361 3914 1411 autem

2255 1440 2344 1497 vel
2377 1458 2520 1497 usus
2547 1441 2848 1508 bonitatis,
2883 1441 2971 1497 vel
3019 1441 3416 1499 satisfactione
3473 1443 3913 1500 emendationis

2257 1528 2350 1584 his
2381 1533 2436 1584 te
2467 1529 2640 1599 vitiis,
2675 1547 2802 1602 quae
2861 1529 2984 1586 haec
3041 1531 3242 1587 decem
3301 1531 3630 1603 prohibent,
3689 1550 3912 1608 purga-

2259 1621 2422 1685 tum;
2485 1619 2578 1674 his
2625 1625 2681 1675 te
2745 1619 3080 1688 virtutibus,
3141 1637 3288 1692 quas
3342 1620 3491 1692 (354)
3551 1626 3816 1688 monent,
3851 1621 3913 1678 id

2201 1765 2208 1768 _
2259 1711 2347 1762 est
2373 1706 2680 1764 dilectione
2713 1707 2809 1764 Dei
2839 1713 2896 1764 et
2925 1709 3196 1782 proximi,
3231 1709 3343 1764 fide
3369 1713 3427 1764 et
3456 1725 3560 1782 spe
3615 1726 3911 1784 agnovero

503 1801 678 1874 vulgo
706 1800 984 1855 dicuntur
1038 1797 1273 1895 facturae
1315 1796 1485 1866 (351,)
1520 1800 1582 1851 ut
1613 1797 1740 1895 “illa
1793 1814 1921 1895 qua:
1979 1797 2143 1895 vani-
2176 1830 2226 1895 B

2258 1801 2527 1852 ornatum
2565 1815 2579 1866 ;
2611 1801 2664 1853 te
2718 1796 2912 1853 locum
2971 1797 3141 1853 credo
3199 1796 3453 1854 subiisse
3506 1797 3794 1866 medium,
3855 1802 3916 1855 et

2260 1889 2326 1940 ut
2355 1885 2428 1940 ad
2461 1885 2762 1958 superiora
2791 1885 3074 1952 eveharis,
3116 1885 3329 1961 omnia
3381 1886 3606 1960 scilicet
3659 1889 3916 1946 venden-

2259 1974 2332 2029 do
2364 1979 2420 2029 et
2450 1973 2643 2029 dando
2677 1974 3054 2046 pauperibus,
3110 1973 3524 2048 Christumque
3581 1977 3911 2049 sequendo,

2257 2080 2466 2120 moneo
2501 2080 2515 2119 :
2549 2069 2650 2120 aut
2679 2069 2853 2128 certe,
2912 2069 2976 2119 ut
3031 2063 3280 2120 firmiter
3307 2070 3364 2120 te
3425 2065 3634 2132 saltem
3689 2065 3750 2122 in
3814 2066 3913 2124 his

2251 2156 2478 2219 teneas,
2511 2168 2796 2224 suggero;
2827 2152 2970 2224 quia
2993 2151 3132 2208 solis
3165 2152 3259 2210 his
3291 2156 3344 2208 te
3379 2170 3493 2210 non
3533 2155 3725 2211 solum
3791 2156 3912 2212 sal-

2257 2241 2536 2310 vandum,
2567 2240 2746 2296 etiam
2776 2242 3270 2298 remunerandum
3301 2241 3442 2308 scio,
3479 2243 3799 2300 Psalmista
3828 2245 3913 2300 di-

2258 2334 2468 2386 cente:
2521 2331 2899 2402 Imperfectum
2950 2347 3130 2386 meum
3187 2331 3442 2388 viderunt
3491 2333 3639 2390 oculi
3695 2336 3802 2402 tui,
3859 2338 3914 2391 et

2259 2422 2320 2474 in
2349 2419 2488 2476 libro
2519 2427 2608 2475 tuo
2646 2421 2835 2474 omnia
2887 2419 3192 2476 scribentur
3251 2421 3424 2488 (Psat.
3457 2438 3734 2490 CXXXVIII,
3797 2424 3909 2495 16),

2258 2507 2366 2563 hoc
2394 2511 2481 2562 est
2507 2507 2759 2580 perfecta
2780 2511 2837 2563 et
2864 2508 3218 2580 imperfecta.
3242 2509 3501 2567 Perfecta
3528 2514 3727 2566 autem
3745 2517 3913 2577 sunt.

2259 2614 2406 2668 quae,
2444 2601 2506 2651 ut
2533 2596 2948 2668 praemisimus,
3013 2597 3300 2654 Dominus
3348 2598 3552 2670 juveni
3605 2600 3912 2671 oll‘erebat,

2259 2685 2458 2742 dicens
2492 2703 2504 2742 :
2537 2687 2598 2742 Si
2636 2689 2718 2742 vis
2767 2688 3039 2760 perfectus
3096 2703 3226 2756 esse,
3286 2688 3438 2752 vade,
3493 2688 3662 2745 vende
3721 2693 3918 2748 omnia

2257 2790 2384 2848 quae
2439 2774 2624 2842 habes,
2655 2783 2708 2831 et
2749 2776 2816 2830 da
2870 2771 3228 2848 pauperibus,
3289 2785 3341 2832 et
3397 2778 3617 2834 habebis
3673 2779 3916 2836 thesau-

2257 2881 2383 2920 rum
2413 2866 2474 2920 in
2501 2865 2656 2936 caelo,
2687 2872 2738 2920 et
2770 2866 2912 2932 veni,
2963 2881 3184 2937 sequere
3240 2883 3328 2922 me
3380 2865 3588 2936 (Matth.
3621 2885 3741 2937 xix,
3792 2872 3912 2938 21).

2259 2953 2606 3026 Imperfecta
2633 2970 2784 3023 vero,
2821 2971 2947 3026 quae
2969 2955 3098 3028 jam
3133 2955 3393 3010 medium
3427 2956 3679 3028 justitiaa
3709 2956 3913 3022 locum

2258 3043 2654 3100 describentes
2682 3041 3095 3115 praemisimus,
3128 3043 3344 3116 quibus
3389 3045 3566 3102 etiam
3597 3046 3915 3104 saeculares

2258 3130 2526 3204 pervalde
2578 3131 2694 3188 Deo
2720 3131 2948 3204 placere
2991 3133 3306 3200 credimus,
3339 3151 3558 3207 perque
3583 3135 3733 3208 (355)
3783 3155 3914 3210 poe-

2261 3219 2513 3276 nitentiae
2526 3219 2733 3294 dignos
2759 3221 2981 3278 fructus
2997 3221 3352 3278 misericordi
3361 3223 3528 3279 ssimi
3533 3225 3558 3296 j
3568 3225 3760 3281 udicis
3781 3242 3916 3299 gra-

2257 3310 2399 3365 tiam
2431 3327 2538 3366 nos
2570 3310 2799 3376 mereri,
2827 3311 3004 3366 etiam
3051 3315 3184 3383 post
3244 3311 3663 3369 mnltimodum
3715 3315 3914 3387 ipsius

2259 3403 2657 3472 contemptum
2671 3415 2998 3470 speramus,
3013 3398 3458 3474 nuptialemque
3477 3417 3658 3472 quam
3677 3407 3916 3460 terrena

2257 3487 2490 3543 laesione
2521 3487 2886 3560 perdidimus
2915 3492 3158 3556 vestem,
3188 3489 3296 3546 etsi
3328 3507 3442 3545 non
3474 3507 3612 3546 cum
3667 3509 3908 3565 corona,

2259 3575 2464 3633 saltem
2519 3593 2653 3632 cum
2708 3577 2896 3646 venia,
2944 3577 3345 3635 reconciliatos
3404 3596 3512 3636 nos
3571 3587 3912 3654 recepturos

2261 3665 2592 3732 credimus;
2627 3665 2828 3720 omnia
2854 3681 2990 3722 vero
3021 3666 3143 3739 haec
3181 3667 3330 3738 (356)
3364 3667 3436 3724 ad
3469 3669 3912 3741 reprimendam

2259 3753 2801 3826 praesumptionem,
2828 3757 2884 3809 et
2941 3755 3309 3810 excitandam
3353 3755 3758 3827 devotionem,
3792 3777 3910 3816 non

2259 3843 2637 3916 injiciendum
2663 3859 2796 3898 cum
2828 3841 2947 3898 sint
2975 3843 3200 3916 prolata
3230 3845 3692 3917 deperationem.

2330 3934 2385 3988 5.
2418 3931 2732 3988 Sciendum
2753 3931 2928 3988 etiam
2950 3933 3197 3990 minima
3217 3950 3466 4007 quaeque
3480 3951 3742 4010 persaepe
3761 3938 3916 3995 mul-

2261 4026 2386 4078 tum
2417 4019 2624 4090 valere,
2659 4038 2793 4076 cum
2824 4024 2882 4076 ct
2906 4019 3174 4096 largitate
3229 4021 3601 4080 solummodo
3661 4024 3916 4084 elcemo-

2263 4125 2543 4184 synarum
2575 4109 2830 4166 maxima
2861 4111 3152 4166 conversis
3184 4111 3476 4167 donentur
3505 4117 3766 4184 peccata.
3803 4117 3919 4172 Hoc

2268 4199 2362 4272 agi
2395 4199 2806 4271 tantumquo
2836 4198 3094 4272 gratuita
3121 4199 3224 4256 Dei
3253 4203 3484 4258 constat
3537 4203 3755 4277 gratia,
3789 4221 3918 4278 quas

2269 4287 2329 4344 id
2362 4287 2517 4360 quod
2551 4286 2881 4344 miserando
2921 4287 3186 4360 inspirat,
3240 4288 3573 4346 miserando
3631 4295 3920 4366 utlperfi-

2265 4377 2454 4433 ciatur
2483 4375 2736 4448 adjuvat,
2761 4376 3091 4434 miserando
3113 4377 3432 4450 perfectum
3454 4379 3743 4452 recipiens
3767 4383 3918 4455 (357)

2266 4468 2522 4522 coronat.
2555 4465 2712 4520 Facit
2750 4468 2808 4521 et
2859 4464 2968 4520 hoc
3027 4465 3226 4522 omnia
3269 4465 3482 4522 delicta
3533 4467 3918 4543 exstinguere

514 4553 736 4608 illibata
767 4549 1117 4606 custodieris
1137 4553 1354 4615 tecum,
1375 4553 1432 4604 te
1463 4550 1722 4622 exemplo
1749 4552 1979 4607 Domini.
2013 4555 2161 4626 (352)
2192 4570 2239 4634 Β
2269 4553 2544 4622 charitas,
2580 4555 2772 4626 (nemo
2827 4553 2984 4610 enim
3036 4555 3318 4614 veraciter
3345 4553 3521 4612 alicui
3579 4556 3917 4628 miseretur,

505 4637 709 4711 juveni
743 4655 804 4694 se
833 4638 955 4694 haec
1009 4637 1347 4693 observasse
1405 4637 1639 4704 dicenti,
1687 4643 1752 4692 ut
1805 4641 1876 4694 ad
1937 4643 2162 4714 majora

517 4725 882 4792 subveharis,
939 4743 1180 4798 possum
1237 4742 1604 4782 commonerc
1657 4729 1838 4799 (Marc.
1873 4746 1928 4797 x,
1962 4731 2074 4799 20.)
2105 4733 2162 4786 Si

589 4841 736 4922 (349)
763 4843 824 4896 In
855 4842 1064 4898 iisdem
1119 4840 1532 4922 vulgatisdum
1564 4845 1626 4922 _et
1659 4845 1992 4922 proximum.
2027 4847 2162 4922 _Vo-

518 4932 615 4972 ces
645 4914 776 4970 dum
805 4922 854 4969 et
884 4929 1125 4970 sensim
1157 4912 1460 4968 turbantes
1491 4912 1829 4984 dclevimus,
1863 4916 1975 4972 nisi
2020 4918 2164 4975 forte

518 4989 711 5062 legere
737 4985 907 5040 malis
936 4985 1064 5062 dum
1089 4992 1182 5040 est.
1235 4984 1518 5062 Construe
1557 5003 1688 5040 vero
1722 4989 2163 5062 :_cznn_diligens

519 5057 784 5116 veraciter
803 5059 1149 5132 prout-imum,
1184 5073 1295 5132 non
1323 5057 1675 5132 possitagere
1701 5059 1915 5130 aliquid
1945 5057 2162 5132 horum,

519 5145 646 5204 quae
671 5127 1100 5204 suntwprohibita
1133 5127 1387 5204 :dilectio
1417 5128 1581 5193 enim,
1611 5133 1719 5204 etc».

593 5203 736 5273 (350)
779 5199 1190 5273 Decachordum
1240 5199 1499 5269 scriptum
1559 5201 1761 5273 tabulis
1817 5203 2047 5273 lapideis
2077 5209 2166 5260 est

521 5271 868 5346 Docalogus,
895 5287 996 5326 seu
1029 5271 1241 5346 decem
1261 5275 1545 5343 praecepta
1574 5271 1864 5346 Decalogi.

593 5341 1014 5418 (351)77actura
1043 5341 1199 5396 idem
1233 5341 1347 5418 '_es_t
1377 5341 1463 5398 ac‘
1495 5341 1860 5418 venalicium,
1923 5361 1991 5400 ex
2048 5363 2163 5418 quo

524 5412 730 5494 Italicae
761 5413 916 5469 vocis
942 5415 1156 5484 fultura
1174 5413 1457 5487 originem
1481 5419 1536 5470 et
1557 5415 1964 5488 antiquitatem
1993 5412 2166 5490 agno-

525 5501 764 5539 εοιιηιιε.

597 5555 743 5630 (352)
777 5555 879 5630 Iiic
909 5555 1276 5630 desideratur
1305 5557 1694 5628 respondentis,
1722 5561 1822 5612 aut
1851 5561 2168 5630 praecipien-

525 5627 615 5694 tis,
645 5626 983 5700 vel_aliquid
1026 5627 1236 5684 simile.
1289 5626 1568 5685 Construe
1601 5646 1613 5679 τ
1647 5626 1892 5700 exemplo
1941 5626 2168 5688 Domini

525 5697 896 5772 respondentis
914 5699 1106 5772 juveni
1131 5700 1354 5769 dice-nti,
1386 5717 1442 5757 se
1505 5697 1814 5758 observasse
1865 5701 2018 5772 haec;
2043 5719 2165 5776 pos-

2269 4643 2382 4700 nisi
2431 4642 2533 4699 Dei
2586 4648 2645 4699 et
2701 4642 2890 4716 ipsius
2959 4659 3157 4699 amore
3213 4644 3468 4714 [subaudi
3521 4643 3919 4724 misereatur,]

2271 4731 2364 4788 cui
2386 4731 2714 4805 miseretur)
2749 4733 2918 4804 cujus
2946 4732 3180 4789 virtutis
3212 4737 3375 4790 tanta
3399 4737 3487 4790 est
3514 4737 3919 4812 prmrogativa,

2269 4865 2391 4904 sum
2419 4864 2754 4904 commonere
2784 4852 2855 4912 te,
2886 4856 2947 4904 ut
2974 4849 3292 4906 subveharis
3322 4849 3394 4906 ad
3421 4851 3656 4920 majora.

2343 4920 2492 4992 (353)
2529 4920 2591 4974 Id
2621 4925 2730 4986 est,
2766 4921 2871 4988 Qui
2899 4921 3047 4992 enim
3063 4923 3313 4992 probaris
3336 4938 3436 4978 nec
3461 4921 3694 4992 diligere
3725 4927 3920 4992 Deum,

2271 4991 2368 5047 nec
2394 4992 2726 5062 proximum,
2757 4991 3076 5065 excedenda:
3111 4995 3166 5048 in
3199 4994 3384 5065 aliquo
3440 4991 3630 5052 contra
3685 4995 3803 5051 hate
3829 4991 3922 5052 de?

2271 5079 2386 5118 cem
2410 5071 2708 5136 praerepta,
2739 5064 2961 5136 etiamsi
2979 5064 3218 5121 videaris
3244 5064 3490 5136 implesse
3511 5065 3770 5136 quaedam
3800 5068 3926 5123 illo-

2273 5151 2398 5189 rum
2415 5133 2439 5199 ,'
2468 5133 2633 5205 quam
2663 5133 2956 5190 bonitatem
2983 5144 3144 5205 putas
3173 5140 3224 5192 te
3255 5133 3469 5201 habere,
3503 5133 3610 5192 etc.

2345 5151 2398 5188 m
2418 5153 2439 5199 ;
2502 5151 2633 5188 uam
2663 5151 2956 5190 bonitatem
2983 5151 3144 5205 putas
3173 5151 3224 5192 te
3255 5151 3469 5201 nabere,
3503 5151 3610 5192 etc.

2345 5151 2497 5276 (351:)
2525 5203 2718 5282 _E_ulg.,
2754 5205 3032 5282 mendose
3053 5222 3180 5282 qum
3208 5225 3227 5262 :
3257 5211 3315 5263 et
3343 5208 3602 5282 deinaut
3641 5207 3715 5264 ad
3767 5226 3922 5282 supe-

2274 5277 2582 5359 riorq,_ubi
2610 5277 2731 5359 pro.
2744 5282 2844 5333 aut
2873 5277 3186 5359 legendum
3215 5284 3304 5336 est
3333 5288 3394 5336 ut
3415 5279 3502 5336 vel
3533 5283 3630 5359 aut
3661 5287 3741 5336 ut.

2347 5350 2494 5423 (355)
2527 5349 2588 5423 [η
2611 5347 3112 5423 iisdemyulgatis
3139 5368 3238 5423 per
3263 5368 3440 5423 quem,
3473 5351 3644 5407 male.

2345 5420 2494 5492 (356)
2527 5419 2787 5475 Subaudi
2817 5419 3455 5490 dicta'su.nt,'nimirum
3503 5423 3573 5478 ad
3613 5424 3923 5494 reprimen—

2273 5491 2402 5547 dum
2423 5491 2914 5562 prmsumptionem
2942 5497 2993 5548 et
3012 5494 3361 5551 excitandam
3407 5491 3772 5562 devotionem,
3801 5512 3926 5552 cum

2271 5579 2379 5619 non
2409 5565 2519 5636 sint
2542 5563 2758 5636 prolata
2787 5563 2857 5618 ad
2887 5565 3245 5636 injiciendum
3271 5567 3720 5636 desperationem.

2349 5634 2500 5712 (357)
2531 5635 2839 5712 Perfectum
2884 5634 3172 5712 recipiens,
3226 5634 3495 5696 videlicet
3549 5637 3842 5712 recipiens
3869 5638 3925 5696 id

2279 5707 2434 5778 quod
2469 5706 2788 5779 perfectum
2820 5711 2926 5763 est.
