4054 6386
161 381 274 444 321

1087 383 1748 460 PRIELOQUIORUM'
1776 381 1982 448 LIBRI
2027 385 2199 450 SEX.
2237 425 2313 434 —
2343 391 2490 453 LIB.
2538 387 2638 455 VI.

3453 399 3602 459 322"

165 523 230 572 ut
256 516 438 573 etiam
469 517 598 589 ejus
626 517 968 591 imperfecta
997 518 1251 576 multum
1265 521 1385 576 sint
1404 523 1806 592 accepta,cum
1838 521 1885 584 Α
1925 520 2620 592 ergastulum.Confortet
2649 525 2963 593 dolentem,
2998 528 3096 602 qui
3139 535 3420 587 aeternum
3451 548 3568 589 non

163 608 222 662 et
249 605 364 662 b‘ac
393 605 528 678 [hac
558 609 764 664 scilicet
788 607 1094 680 cbaritate]
1123 625 1326 666 carens
1355 609 1560 678 virtus,
1585 607 1816 664 etiamsi

161 693 437 752 videatur
481 706 614 753 ease
659 695 879 769 aliqua,
913 697 990 753 sit
1029 696 1194 752 nulla
1225 699 1277 769 (Ι
1315 699 1434 756 Cor.
1485 698 1628 770 xm),
1669 701 1816 753 teste

161 799 300 840 voce
324 783 663 858 apostolica.
707 785 852 841 Nam
893 787 1048 844 172
1083 791 1146 842 ut
1175 787 1442 843 dicamus
1465 787 1678 860 deipsa
1701 802 1816 858 qua

162 871 223 927 in
255 872 443 928 Deum
475 873 771 930 credimus
800 875 934 939 ﬁde,
969 875 1017 930 si
1071 879 1308 948 propter
1341 875 1500 931 aliud
1531 875 1816 931 credendo

161 977 299 1017 eum
332 961 503 1034 (358),
539 978 717 1034 quam
763 967 1000 1036 prepter
1043 962 1205 1019 illius
1246 969 1576 1037 nostraeque
1607 963 1815 1020 animae

161 1064 427 1105 amorem
449 1049 721 1120 colimus,
749 1050 830 1106 nil
864 1049 1134 1107 utilitatis
1163 1053 1544 1124 acquirimus.
1577 1057 1819 1124 Sperare

165 1141 370 1194 autem
419 1138 490 1194 de
533 1156 599 1195 eo
632 1139 770 1212 quid
805 1139 965 1195 aliud
999 1141 1252 1196 maxime
1282 1141 1671 1214 praecipimur,
1703 1141 1818 1198 nisi

163 1227 324 1298 quod
375 1227 505 1298 ejus
552 1232 748 1284 amatu
796 1227 884 1284 vel
927 1229 1256 1300 redamatu,
1286 1229 1507 1285 visione
1535 1234 1592 1286 ct
1619 1229 1818 1302 cogni-

162 1315 327 1372 tione
359 1316 417 1370 in
449 1321 732 1373 azternum
765 1317 1073 1374 fruemur?
1101 1317 1226 1374 Non
1270 1318 1549 1374 mcechari
1597 1322 1815 1386 autem,

162 1418 285 1459 non
335 1403 618 1474 occidere,
654 1421 770 1461 non
820 1407 1041 1462 furtum
1091 1406 1298 1472 facere,
1330 1424 1444 1463 non
1489 1407 1702 1463 falsum
1733 1412 1817 1463 te-

164 1492 520 1549 stimonium
553 1493 763 1561 dicere,
811 1511 928 1550 non
954 1495 1364 1568 concupiscere
1404 1513 1528 1552 rem
1549 1495 1816 1568 proximi,

163 1598 272 1638 nec
303 1583 432 1654 ejus
478 1599 713 1638 uxorem
766 1583 1120 1652 desiderare,
1154 1583 1238 1639 vel
1291 1584 1470 1654 aliud,
1507 1585 1621 1640 nisi
1668 1587 1820 1658 [sub-

163 1671 310 1726 audi
339 1671 412 1726 ab
442 1669 538 1728 his
569 1671 954 1745 abstineatur}
973 1689 1076 1745 pro
1099 1673 1200 1729 Dei
1217 1673 1586 1746 fraterneque
1601 1690 1817 1744 amore,

163 1759 314 1832 quid
335 1760 859 1832 putamusjuvare?
878 1761 1394 1834 Quodlibetitaque
1410 1763 1628 1818 bonum
1643 1779 1822 1834 quan-

166 1865 352 1921 quam
407 1848 678 1917 nimium,
714 1850 763 1906 si
822 1855 1056 1922 propter
1105 1851 1446 1907 charitatem
1475 1851 1818 1919 facis,secu-
1850 1887 1897 1951 Β

165 1955 271 1994 rus
302 1939 447 2006 esto,
481 1955 617 1994 cum
650 1939 840 1995 fructu
871 1939 1014 1995 facis
1042 1958 1054 2008 ;
1091 1941 1138 1994 si
1170 1944 1406 2014 preptcr
1437 1941 1591 1996 aliud
1657 1940 1818 2011 facis,

163 2042 240 2082 ne
269 2042 450 2095 erres,
482 2027 734 2082 inaniter
767 2027 924 2084 facis.
941 2027 1261 2099 Aquolibet
1280 2029 1430 2084 malo
1449 2029 1498 2085 si
1521 2029 1818 2084 charitatis

165 2130 370 2172 amore
428 2117 841 2188 compesceris,
893 2117 1157 2173 mercede
1203 2135 1318 2173 non
1368 2119 1610 2174 carebis.
1645 2117 1704 2174 Si
1749 2119 1822 2174 ob

165 2202 330 2259 aliud
361 2203 510 2277 agis,
546 2221 653 2260 nec
677 2205 864 2272 venia,
900 2205 1116 2260 nedum
1139 2206 1346 2278 gratia,
1399 2206 1614 2279 dignus
1645 2207 1822 2262 habe-

164 2293 252 2349 ris
307 2292 589 2366 Quisquis
618 2309 754 2367 ergo
788 2294 1045 2350 medium
1076 2293 1268 2362 locum
1291 2294 1536 2367 justitiae
1555 2295 1642 2351 vis
1673 2295 1822 2350 obti-

165 2398 328 2448 nere,
361 2381 486 2438 baec
513 2376 756 2438 observa
785 2383 988 2440 decem
1019 2388 1326 2456 praecepta,
1360 2388 1417 2440 et
1445 2384 1555 2440 hoc
1588 2389 1826 2457 propter

165 2472 287 2528 duo
313 2470 434 2538 illa;
457 2471 516 2526 id
566 2475 674 2537 est,
709 2471 1078 2529 dilectionem
1127 2473 1226 2528 Dei
1261 2477 1318 2528 et
1357 2473 1624 2546 proximi.
1661 2474 1819 2539 Quod

172 2560 224 2616 si
276 2560 584 2634 contingat
624 2561 696 2616 ab
745 2561 838 2617 his
883 2566 939 2616 te
987 2561 1228 2618 forsitan
1279 2560 1469 2631 elabi;
1503 2580 1618 2634 quo
1651 2562 1826 2619 citius

163 2653 358 2722 potes,
389 2665 700 2705 recurrens
731 2650 802 2705 ad
835 2649 1132 2723 pietatem,
1166 2667 1341 2723 quem
1373 2667 1558 2721 amas,
1594 2651 1822 2719 medici,

162 2741 224 2794 et
247 2741 652 2810 contemptum
686 2737 859 2810 paulo
903 2739 1098 2795 minus
1147 2755 1402 2795 amorem
1452 2741 1648 2812 ipsum
1689 2757 1826 2796 con-

162 2826 362 2892 fitens,
393 2826 772 2900 multumque
801 2828 1046 2897 deflens,
1071 2834 1171 2884 tuo
1201 2830 1372 2886 stude
1403 2828 1528 2886 loco
1575 2829 1822 2886 restitui.

162 2917 342 2970 Amat
385 2915 548 2972 enim
600 2932 720 2984 eos,
771 2933 805 2972 a
847 2917 1062 2989 quibus
1110 2935 1340 2990 quoque
1391 2936 1505 2973 non
1551 2923 1816 2987 amatur;

162 3005 386 3060 nedum
421 3008 478 3061 te
509 3005 812 3078 despiciet,
843 3025 877 3062 a
905 3024 1020 3079 quo
1040 3007 1362 3080 quamlibet
1391 3025 1598 3080 parum
1643 3008 1826 3081 negli-

162 3094 404 3167 gentius
430 3094 514 3166 [id
541 3102 621 3150 est
639 3094 1048 3170 aliquomodo}
1066 3113 1132 3152 ex
1149 3095 1346 3168 aliquo
1367 3097 1648 3171 diligitur.
1681 3097 1826 3152 Cum

163 3199 307 3256 ergo
318 3185 486 3239 tanto
499 3181 687 3239 amico
704 3183 916 3240 festina
929 3183 1309 3253 reconciliari,
1324 3187 1597 3258 undeque
1610 3186 1828 3242 cecide-

1924 608 2117 665 videre
2148 610 2440 668 desiderat
2469 613 2748 672 dolorem.
2784 617 3046 690 Recipiut
3105 617 3356 692 hospitio
3406 637 3568 693 pere-

1925 697 2181 768 grinum,
2235 700 2334 771 qui
2403 701 2529 758 vult
2577 721 2611 758 a
2650 705 2895 760 Domino
2948 707 3119 778 recipi
3167 708 3227 762 in
3288 713 3566 766 teternum

1926 783 2072 839 illud
2100 788 2364 856 paradisi
2387 791 2854 848 tabernaculum.
2889 797 3042 851 I73
3075 797 3346 852 Redimat
3387 799 3568 871 capti-

1924 889 2084 938 vum,
2119 875 2220 946 qui
2251 893 2284 930 a
2313 878 2529 934 diaboli
2555 879 2780 952 laqueis
2803 882 2967 954 cupit
2993 883 3250 940 liberari.
3276 885 3382 942 Per
3408 887 3569 942 Chri-

1926 965 2052 1016 tum
2085 963 2393 1020 solatietur
2422 966 2481 1021 in
2513 967 2809 1040 aliquibus
2858 972 3306 1030 necessitatibus
3353 975 3570 1032 consti-

1926 1053 2142 1112 tutum,
2175 1052 2274 1123 qui
2307 1054 2378 1108 de
2407 1057 2855 1113 necessitatibus
2885 1059 3244 1116 diversarum
3277 1062 3400 1118 vult
3433 1063 3572 1120 libe-

1926 1138 2042 1193 rari
2091 1141 2519 1210 angustiarum.
2561 1144 2812 1217 Sepeliat
2855 1154 3174 1217 mortuum,
3227 1151 3324 1223 qui
3376 1153 3569 1224 perdi-

1925 1226 2104 1282 tionis
2136 1234 2360 1285 teternaa
2391 1231 2554 1303 cupit
2599 1233 2838 1290 evadere
2882 1235 3126 1293 lethum.
3160 1239 3388 1295 Liberet
3433 1254 3569 1297 cen-

1929 1315 2195 1370 strietum
2231 1333 2336 1388 pro
2367 1319 2600 1388 debitis,
2631 1322 2729 1392 qui
2758 1322 2986 1378 liberari
3019 1342 3051 1378 a
3082 1327 3206 1382 suis
3239 1329 3400 1400 cupit
3438 1346 3570 1402 pec-

1929 1403 2093 1457 catis.
2137 1403 2357 1476 Eripiat
2395 1424 2494 1462 eos
2545 1409 2642 1480 qui
2694 1410 2988 1466 ducuntur
3035 1413 3106 1467 ad
3157 1420 3426 1484 mortem,
3469 1419 3570 1491 qui

1926 1491 2051 1546 vult
2080 1491 2290 1548 inferni
2314 1497 2566 1568 effugere
2597 1513 2908 1554 carcerem.
2937 1501 3144 1556 Vincat
3172 1503 3436 1560 animum
3467 1507 3576 1562 im-

1928 1580 2270 1652 patientem,
2307 1584 2562 1654 quivult
2607 1586 2905 1642 diabolum
2958 1605 3233 1661 superare
3281 1594 3574 1650 bacchan-
3638 1587 3645 1594 ’

1929 1674 2068 1725 tem.
2121 1672 2404 1743 Corripiat
2453 1673 2510 1728 in
2561 1674 2965 1732 misericordia
3022 1679 3432 1752 negligentem,
3475 1684 3574 1756 qui

1929 1759 2312 1832 castigantcm
2341 1762 2564 1834 placere
2593 1765 2720 1819 vult.
2752 1766 2932 1822 Deum
2965 1767 3216 1825 Patrem.

1997 1850 2052 1903 7.
2087 1850 2184 1904 Est
2213 1854 2409 1906 autem
2442 1857 2663 1924 praeter.
2683 1853 2790 1908 bos
2822 1854 2972 1911 alius
3007 1856 3418 1916 misericordiae.
3450 1878 3577 1934 pro-

1929 1935 2215 1990 merendae
2230 1937 2442 2008 special
2454 1938 2852 2012 iortantopere
2866 1959 2914 1996 tr.
2929 1943 3324 2016 odus,quanto
3340 1949 3412 2004 ab
3428 1949 3574 2022 ipso,

1930 2023 2174 2078 Domino
2207 2041 2305 2080 ore
2337 2027 2569 2098 proprio
2621 2028 2951 2096 institutus,
2987 2031 3194 2104 hisque
3240 2037 3574 2107 adjunctus,

1929 2111 2046 2166 imo
2068 2113 2288 2180 ordine,
2307 2119 2532 2179 natura,
2555 2121 2728 2187 atque
2749 2117 2996 2174 utilitate
3027 2120 3108 2174 ita
3139 2121 3414 2192 praelatus
3446 2143 3460 2182 :
3487 2128 3576 2183 Di-

1927 2201 2148 2267 mittite,
2181 2201 2394 2274 inquit,
2425 2212 2477 2259 et
2501 2204 2806 2260 dimittetur
2851 2209 3020 2275 vobis,
3079 2209 3202 2266 date
3251 2219 3304 2267 et
3349 2213 3576 2272 dabitur

1930 2291 2078 2346 vobis
2106 2292 2256 2358 (Luc.
2293 2309 2370 2359 v1,
2411 2293 2540 2363 37);
2573 2298 2628 2348 et
2660 2310 2672 2348 :
2707 2296 2828 2350 Nisi
2882 2295 3211 2354 dimiseritis
3264 2302 3577 2360 hominibus

1927 2383 2146 2452 peccata
2201 2396 2408 2450 eorum,
2438 2398 2537 2438 nec
2587 2385 2748 2438 Pater
2795 2388 2986 2450 vester,
3017 2389 3114 2458 qui
3168 2391 3230 2443 in
3285 2393 3437 2447 cretis
3475 2402 3572 2464 est,

1931 2467 2177 2524 dimittet
2217 2470 2370 2526 vobis
2378 2479 2597 2542 peccata
2610 2481 2786 2528 vestra
2801 2473 3008 2545 (Matth.
3034 2493 3112 2540 v1,
3141 2477 3577 2555 t5).'l‘ertioque

1934 2557 2089 2612 idem
2139 2559 2342 2614 eodem
2400 2559 2688 2632 replicans
2731 2578 2907 2617 sensu
2943 2581 2956 2619 :
2991 2563 3125 2620 Cum
3167 2571 3340 2636 statis,
3376 2571 3474 2635 ait,
3507 2573 3578 2629 ad

1933 2646 2498 2712 orandum,dimittite
2525 2653 2576 2704 si
2601 2651 2735 2722 quid
2754 2651 2964 2708 habetis
3001 2654 3258 2713 adversus
3313 2659 3573 2732 aliquem,

1934 2739 1995 2790 ut
2025 2743 2076 2790 et
2101 2737 2270 2795 Pater
2298 2746 2488 2804 vester,
2523 2741 2620 2812 qui
2647 2741 2705 2794 iu
2730 2741 2881 2796 catis
2909 2743 3264 2809 est,dimittat
3291 2749 3441 2804 vobis
3453 2765 3580 2821 pec-

1933 2831 2053 2879 cata
2079 2833 2253 2880 vestra
2282 2830 2480 2894 (Marc.
2513 2846 2593 2895 x1,
2618 2830 2735 2898 25).
2774 2831 2988 2896 Quarto
3031 2837 3227 2891 autem
3275 2838 3576 2908 parabola,

1937 2929 2062 2984 qum
2119 2917 2176 2967 et
2223 2913 2376 2970 idem
2435 2921 2809 2985 monstraret,
2838 2920 3142 2990 praemissa
3172 2923 3317 2995 (360)
3364 2927 3494 2982 :Sic
3529 2936 3580 2984 et

1935 3002 2100 3056 Pater
2147 3019 2298 3059 meus
2351 3005 2581 3061 ccclesiis
2626 3008 2795 3077 faciet
2833 3008 3002 3078 vobis,
3023 3011 3075 3064 si
3099 3027 3209 3066 non
3255 3017 3580 3072 remiseritis

1934 3093 2307 3163 unusquisque
2327 3096 2498 3164 fratri
2521 3110 2618 3150 suo
2637 3095 2702 3151 de
2720 3097 2978 3152 cordibus
2991 3102 3184 3154 vestris
3197 3101 3402 3171 (Matth.
3417 3122 3574 3173 xvm,

1937 3179 2050 3249 35),
2085 3181 2351 3236 videlicet
2409 3197 2478 3238 ne
2514 3199 2611 3239 ore
2661 3201 2722 3238 se
2753 3185 2888 3256 quis
2913 3186 3161 3242 aestimet
3192 3186 3374 3246 Deum
3405 3209 3576 3264 posse

163 3255 262 3327 ras
277 3270 546 3340 restitui;
575 3273 809 3344 quando
833 3273 1068 3346 quidem
1093 3273 1394 3331 restitutos
1416 3255 1728 3330 nonnullos
1747 3274 1826 3330 vi-
1854 3255 1896 3322 (ἶ
1936 3267 2154 3336 fallere.
2186 3271 2286 3342 (Ῑυὶ
2338 3271 2463 3343 ἱρεο
2507 3271 2664 3327 Videt
2711 3255 2787 3327 illi
2821 3273 3010 3330 COI‘dB-
3045 3274 3252 3341 QllilltO
3299 3255 3437 3336 Veri)
3469 3298 3482 3336 :
3517 3283 3579 3340 Si

166 3361 274 3417 des
285 3359 468 3417 etiam
487 3361 560 3416 ad
581 3361 806 3434 potiora
817 3363 1293 3435 provectos.Vera
1303 3367 1494 3418 autem
1512 3364 1822 3432 restitutio,

168 3449 273 3504 ubi
354 3466 499 3506 vera
558 3450 846 3506 confessio
891 3469 904 3520 ;
949 3468 1084 3508 vera
1127 3456 1320 3508 autem
1366 3451 1673 3520 confessio,
1724 3453 1823 3508 ubi

166 3555 308 3595 vera
335 3539 662 3606 conversio,
695 3539 794 3595 ubi
827 3544 1020 3596 autem
1047 3557 1181 3596 vera
1211 3541 1534 3610 conversio,
1571 3541 1649 3596 ibi
1691 3557 1827 3598 vera

166 3627 420 3684 curatio.
454 3628 601 3684 Nam
652 3627 792 3700 quid
841 3629 1092 3701 pertinet
1132 3629 1349 3684 vulnus
1397 3630 1622 3686 medico
1662 3646 1825 3686 mon-

169 3721 384 3785 strare,
438 3717 488 3773 si
534 3733 601 3772 eo
651 3733 766 3772 non
814 3717 902 3773 vis
953 3717 1142 3773 curari
1197 3717 1384 3790 (359)?
1431 3719 1644 3790 saepius
1687 3737 1824 3776 vero

169 3810 524 3874 monstrata,
579 3823 682 3862 nec
731 3811 930 3862 curata
977 3805 1113 3879 plus
1159 3811 1388 3864 tument
1432 3807 1695 3878 vulnera,
1744 3811 1826 3866 ita

166 3901 232 3952 ut
269 3897 439 3969 ipsos
490 3895 582 3951 sui
632 3896 812 3952 fetore
861 3913 894 3951 a
943 3897 1160 3969 quibus
1207 3895 1478 3953 videntur
1539 3897 1820 3968 inficiant,

165 3984 463 4058 frequenti
499 3987 717 4040 attactu
750 3984 1119 4041 deteriorata.

234 4077 290 4130 6.
325 4073 626 4130 Paenitens
671 4074 872 4146 itaque
901 4090 984 4143 es,
1018 4078 1122 4130 aut
1169 4091 1299 4131 esse
1345 4075 1476 4132 vis?
1504 4075 1824 4132 Considera

165 4161 438 4236 regulam
488 4163 804 4236 paenitendi
836 4163 896 4218 in
945 4163 1116 4220 dictis
1163 4178 1498 4236 expressam
1547 4165 1819 4238 Baptistae

163 4251 438 4308 Domini!
489 4254 690 4320 Facite,
740 4251 952 4324 inquit,
995 4254 1204 4324 fructus
1251 4254 1442 4324 dignos
1483 4257 1820 4326 paenitentiae

162 4343 379 4411 (Matth.
429 4358 514 4411 III,
565 4343 674 4410 8);
727 4345 783 4398 et
827 4341 1005 4414 paulo
1068 4347 1200 4414 post
1250 4359 1262 4398 :
1307 4343 1416 4411 Qui
1474 4343 1634 4400 habet
1683 4345 1820 4400 duas

161 4431 407 4495 tunicas,
449 4429 540 4486 det
584 4445 695 4485 non
744 4431 972 4485 habenti
1013 4431 1164 4497 (Luc.
1199 4447 1279 4496 III,
1316 4432 1442 4499 tt);
1495 4436 1818 4505 eaeteraque

161 4534 496 4592 exsequens
523 4515 604 4592 [id
631 4525 712 4574 est
756 4521 1136 4592 prosequens]
1176 4518 1587 4576 misericordiae
1618 4537 1815 4593 opera,

162 4608 335 4664 docet
363 4606 872 4680 perspicacissime
910 4623 1111 4663 curam
1157 4607 1404 4664 aliorum
1453 4609 1814 4666 necessitati-
1845 4629 1890 4694 D

161 4695 276 4752 bus
303 4695 516 4769 [supple
545 4697 701 4767 eum]
727 4695 1184 4752 misericorditer
1211 4697 1420 4754 debere
1457 4698 1814 4770 impendere,

162 4785 265 4859 qui
295 4789 364 4842 ut
394 4785 855 4843 misericordiam
885 4790 1280 4858 consequa-tur
1321 4803 1354 4842 a
1391 4787 1658 4854 Domino,
1693 4787 1816 4844 cul-

162 4893 269 4950 pas
303 4875 668 4948 insequendo
699 4873 1051 4948 paenitentiae
1082 4875 1322 4948 dignum
1357 4875 1519 4948 cupit
1557 4878 1812 4933 fructum

161 4964 457 5022 exhibere.
489 4963 715 5021 Vestiat
772 4965 972 5037 itaque
1019 4980 1254 5020 necesse
1297 4969 1385 5020 est
1415 4965 1660 5033 nudum,
1711 4967 1812 5040 qui

163 5056 456 5111 amissum
510 5053 853 5110 innocentiae
898 5052 1024 5109 vult
1073 5053 1326 5125 recipere
1377 5060 1806 5113 ornamentum.

163 5142 374 5199 Pascat
419 5143 804 5210 esurientem,
833 5141 934 5215 qui
977 5142 1338 5198 mortiferam
1397 5141 1604 5198 animae
1653 5144 1810 5200 desi-

163 5233 330 5290 derat
379 5232 623 5289 evadere
669 5231 906 5288 famem.
958 5231 1122 5287 Petet
1165 5231 1482 5301 sitientem,
1534 5231 1634 5304 qui
1689 5232 1814 5289 vult

163 5322 406 5378 evadere
453 5319 858 5394 aegritudinem
909 5337 1161 5376 morum.
1193 5319 1540 5377 Consoletur
1585 5321 1644 5377 in
1688 5339 1811 5377 car-

164 5427 289 5468 cere
333 5411 744 5478 constitutum,
789 5409 890 5482 qui
957 5409 1169 5466 inferni
1234 5427 1350 5466 non
1419 5408 1548 5466 vult
1613 5411 1812 5468 subire

231 5537 378 5610 (358)
409 5536 696 5593 Construe
727 5552 740 5590 :
776 5536 836 5592 Si
863 5536 1135 5610 credendo,
1153 5536 1382 5610 colimus
1423 5552 1548 5610 eum
1589 5541 1813 5610 propter

163 5609 514 5694 aliudqq'uam
537 5612 760 5693 propter
783 5623 1024 5666 amorem
1070 5609 1226 5668 illius
1252 5612 1306 5670 et
1333 5609 1543 5670 anime
1583 5609 1807 5678 nostris,

162 5683 242 5742 nil
269 5681 539 5740 utilitatis
565 5681 919 5759 acquinmm.

1933 3357 2120 3430 ofers,
2150 3358 2662 3430 inquiens,munus
2692 3369 2848 3417 tuum
2878 3363 2947 3418 ad
2975 3365 3238 3432 altare,et
3263 3369 3580 3442 recordatus

1931 3449 2108 3519 fueris
2137 3450 2268 3519 quia
2305 3451 2482 3520 frater
2539 3453 2664 3506 tuus
2720 3451 2881 3506 habet
2911 3453 3124 3525 aliquid
3169 3455 3458 3514 adversum
3485 3463 3576 3523 te;

1934 3537 2183 3608 relinque
2231 3539 2312 3593 ibi
2359 3555 2558 3594 munus
2607 3543 2764 3594 tuum
2793 3547 2918 3596 ante
2945 3543 3141 3610 altare,
3163 3549 3217 3600 et
3257 3547 3392 3603 vade
3414 3550 3578 3619 prius

1931 3627 2284 3682 reconciliari
2307 3627 2478 3698 fratri
2508 3635 2618 3693 tuo,
2643 3633 2694 3684 et
2721 3637 2851 3684 tunc
2879 3633 3100 3687 veniens
3128 3633 3318 3706 offeres
3373 3647 3598 3695 munus

1933 3723 2087 3770 tuum
2118 3715 2323 3787 (Matth.
2355 3733 2410 3782 ν,
2445 3717 2559 3788 23).
2594 3716 2706 3772 Sed
2761 3721 2822 3773 tu
2875 3719 3117 3776 forsitan
3166 3723 3314 3780 dicis
3343 3741 3356 3780 :
3396 3727 3576 3784 Abest

1933 3801 2104 3874 longe
2133 3820 2306 3876 quem
2337 3803 2598 3870 laesi,nec
2630 3823 2869 3878 possum
2901 3825 3033 3864 eum
3069 3811 3573 3872 audirc.Dicittibi

1932 3892 2176 3964 angelus
2209 3910 2222 3949 :
2260 3893 2447 3950 Gloria
2475 3895 2532 3950 in
2561 3897 2788 3951 excelsis
2818 3898 2941 3968 Deo,
2974 3907 3024 3954 et
3054 3901 3111 3954 in
3144 3908 3293 3956 terra
3334 3919 3449 3974 pax
3476 3906 3572 3961 ho-

1928 3981 2172 4036 minibus
2204 3985 2354 4038 bonae
2379 3985 2673 4040 voluntatis
2707 3986 2856 4051 (Luc.
2889 4003 2950 4051 II,
2985 3987 3096 4059 14).
3133 3989 3276 4044 Dicit
3311 3996 3370 4046 et
3412 3993 3572 4064 psal-

1929 4086 2064 4126 mus
2095 4088 2108 4126 :
2143 4072 2204 4126 In
2233 4087 2318 4126 me
2345 4080 2490 4139 sunt,
2524 4075 2684 4140 Deus,
2719 4083 2839 4130 vota
2865 4083 2978 4146 tua,
3011 4092 3137 4146 qua
3174 4078 3398 4134 reddam
3447 4083 3569 4136 lau-

1927 4159 2173 4216 dationes
2217 4161 2322 4217 tibi
2365 4161 2532 4234 (Psal.
2561 4179 2650 4228 Lv,
2684 4162 2793 4234 45).
2823 4163 2969 4219 Dicit
3017 4169 3074 4219 et
3111 4167 3428 4236 Apostolus
3461 4185 3474 4224 :
3511 4169 3572 4225 Si

1925 4249 2050 4320 ﬁeri
2083 4253 2278 4320 potest,
2302 4259 2353 4305 et
2381 4257 2653 4324 utcunque
2695 4267 2885 4322 pacem
2931 4253 2993 4308 in
3037 4255 3314 4312 voluntate
3352 4259 3570 4324 retine;
3654 4298 3663 4307 κ

1925 4339 2008 4394 ita
2035 4339 2190 4395 enim
2222 4344 2279 4394 et
2303 4340 2587 4396 Dominus
2621 4357 2634 4396 :
2668 4340 2729 4396 Si
2758 4341 2837 4396 ibi
2861 4344 3036 4414 fuerit
3092 4345 3242 4414 filius
3284 4348 3456 4417 pacis,
3478 4364 3568 4402 re-

1927 4431 2164 4502 quiescet
2185 4445 2346 4500 super
2379 4430 2542 4484 illum
2591 4447 2711 4502 pax
2763 4435 2982 4500 vestra;
3013 4434 3102 4487 sin
3145 4441 3346 4501 autem,
3379 4435 3448 4491 ad
3476 4453 3570 4493 vos

1923 4527 2224 4574 revertetur
2241 4519 2390 4584 (Luc.
2421 4535 2478 4587 x,
2509 4518 2588 4589 6),
2620 4519 2680 4574 id
2711 4524 2816 4588 est,
2845 4537 2960 4576 non
2992 4521 3176 4578 deerit
3205 4540 3240 4578 a
3265 4525 3568 4582 voluntate

1925 4611 1978 4662 et
2009 4607 2476 4664 renumeratione
2497 4611 2706 4674 vestra,
2731 4609 2963 4664 etiamsi
2996 4611 3068 4666 ab
3103 4610 3202 4667 illo
3233 4629 3350 4668 non
3395 4614 3570 4670 fuerit

1927 4701 2174 4770 recepta.
2208 4695 2357 4752 Dicit
2380 4701 2436 4752 et
2465 4697 2778 4770 Gregorius
2811 4713 2826 4753 :
2858 4699 3118 4756 Debemus
3141 4703 3328 4775 itaque
3358 4704 3427 4760 ad
3446 4721 3570 4776 pro-

1923 4790 2140 4842 ximum
2166 4787 2416 4860 quamvis
2455 4787 2613 4854 longe
2641 4789 2883 4858 positum
2920 4791 3188 4863 longaque
3232 4792 3569 4865 disjuuctum

1921 4883 2100 4931 mente
2131 4877 2231 4942 ire,
2257 4877 2414 4948 eique
2433 4877 2683 4932 animum
2703 4877 2949 4951 subdere,
2973 4880 3286 4936 humilitate
3314 4883 3476 4937 illum
3503 4898 3569 4938 ac

1923 4965 2291 5020 benevolentia
2316 4965 2558 5036 placare.
2574 4965 2744 5022 Sexto
2765 4967 3004 5024 demum
3030 4969 3337 5024 Dominus:
3353 4972 3413 5025 in
3434 4987 3561 5041 qua,

1920 5053 2130 5126 inquit,
2183 5071 2442 5109 mensura
2512 5057 2692 5110 mensi
2739 5057 2980 5127 fueritis,
3040 5059 3353 5113 remetietur
3414 5059 3566 5114 vobis

1919 5143 2126 5212 (Matth.
2158 5161 2260 5212 vn,
2291 5143 2368 5215 2).
2403 5143 2664 5214 Septimo
2694 5147 2850 5200 174
2893 5145 3091 5200 dicens
3136 5147 3207 5200 de
3256 5146 3560 5204 adultera:

1925 5233 2041 5305 Qui
2065 5234 2188 5288 sine
2212 5241 2423 5304 peccato
2453 5240 2529 5288 est
2559 5237 2820 5300 vestrum,
2840 5233 2938 5300 ait,
2951 5235 3165 5305 primus
3185 5235 3246 5289 in
3273 5235 3430 5291 illam
3479 5236 3562 5292 la-

1918 5321 2101 5394 pidem
2156 5323 2336 5377 mittat
2359 5323 2535 5391 (toan.
2569 5337 2690 5386 vm,
2720 5322 2797 5392 7),
2827 5321 2933 5376 hoc
2963 5326 3070 5390 est,
3106 5321 3276 5378 feriat
3322 5323 3563 5381 alterius

1921 5411 2462 5468 sinemisericordia
2481 5409 2828 5477 admissum,
2845 5409 2943 5481 qui
2967 5409 3026 5466 in
3054 5427 3115 5468 se
3143 5411 3372 5469 nullum
3389 5413 3566 5472 habet

1993 5536 2136 5610 (359)
2166 5535 2360 5608 Vulg.,
2383 5550 2586 5612 carere.
2617 5534 2698 5612 Eg:
2729 5535 3030 5612 praemisso
3080 5540 3138 5593 et
3177 5538 3564 5612 subsequenti

1920 5605 2210 5682 contextu,
2243 5605 2357 5682 quo
2387 5607 2457 5661 de
2487 5605 3026 5682 curatione_agitur,
3061 5605 3522 5673 emendaviinus.

1991 5681 2138 5758 (360)
2165 5677 2352 5754 Vulg”
2376 5678 2665 5755 promissa,
2698 5677 2870 5740 male}
