4054 6374
463 377 582 440 323

1388 344 1759 439 annual]
1805 368 2044 438 EPISC.
2091 373 2382 440 veaon.
2429 377 2602 438 ore.
2647 371 2852 437 psus
2898 370 2945 436 ι.

3759 369 3880 433 324

460 529 576 585 quo
607 512 762 567 feriri
794 505 982 584 possit
999 514 1322 584 peccatum.
1342 508 1484 564 Hinc
1513 513 1730 565 Seneca
1761 525 1774 563 :
1819 507 1964 573 Vide,
1997 508 2099 576 ait,
2129 510 2186 576 Α
2215 510 2543 574 cacissime,
2563 508 2678 564 heu
2703 507 2897 564 dolor!
2928 497 3878 578 experimentonuperprobatum;

457 605 509 656 si
536 602 714 656 adhuc
738 601 917 656 malus
947 616 1020 666 es,
1055 605 1106 655 et
1133 599 1453 654 similitibus
1477 613 1639 668 parce
1673 615 1686 652 :
1719 613 1906 652 verum
1926 599 1976 652 si
2001 614 2112 653 esse

457 689 684 756 desiisti,
725 706 826 744 cur
871 690 1004 744 aliis
1054 691 1254 744 bonum
1300 686 1694 742 emendationis
1745 686 2009 752 abscidas,
2063 689 2114 742 si

359 825 366 832 .
457 785 643 834 tamen
689 777 916 848 hujusce
950 779 1073 832 istic
1114 793 1224 831 non
1267 775 1503 830 dissanet
1538 791 1770 846 persona
1792 778 1818 828 .9
1847 773 2060 830 Octavo
2093 792 2108 842 ;

455 867 605 938 Ejice
631 869 876 938 primum
903 867 1110 920 trabem
1139 864 1202 920 de
1229 864 1382 920 oculo
1414 872 1532 932 tua,
1566 872 1619 918 et
1647 871 1778 918 tunc
1817 864 2112 934 perspicies

457 963 517 1011 ut
546 955 740 1011 educas
757 957 1019 1026 festucam
1045 952 1111 1008 de
1139 953 1293 1008 oculo
1321 954 1516 1022 fratris
1544 953 1630 1006 tui
1659 940 1980 1018 (Milli/LVII,
2011 951 2068 1022 3)
2093 968 2106 1006 :

459 1044 742 1099 festucam
773 1043 917 1096 iram
946 1042 1146 1097 dicens
1178 1042 1435 1096 subitam
1461 1046 1517 1096 et
1534 1040 1716 1096 levem
1739 1059 1750 1105 ;
1777 1041 2004 1095 trabem
2018 1057 2112 1094 su-

457 1132 738 1204 perbiam,
772 1130 970 1186 odium
1002 1134 1060 1185 et
1091 1129 1414 1184 inimicitiae
1459 1129 1862 1183 retentionem.
1896 1128 2059 1182 Nono
2093 1144 2106 1183 :

455 1220 668 1288 Mediae,
695 1237 830 1275 cura
872 1221 1108 1290 teipsum
1153 1220 1410 1288 (Luc.1v,
1440 1219 1552 1285 23),
1601 1217 1657 1272 id
1704 1221 1811 1284 est,
1863 1217 2110 1272 emenda

461 1310 626 1381 prius
659 1309 714 1363 in
739 1313 794 1363 te
825 1309 974 1362 iram
1005 1306 1091 1361 vel
1123 1307 1324 1361 odium
1357 1309 1414 1360 et
1451 1305 1533 1360 ita
1579 1305 1817 1360 demum
1868 1303 2110 1360 alterius

456 1398 822 1468 insequendo
873 1413 1014 1452 cura
1043 1399 1346 1467 peccatum
1373 1412 1388 1462 ;
1420 1393 1680 1464 exemplo
1713 1392 1978 1448 videlicet
2015 1409 2112 1448 cu-

447 1487 690 1558 jusdam
726 1484 1080 1557 philosophi,
1102 1483 1201 1556 qui
1235 1499 1366 1538 cum
1403 1483 1472 1536 ad
1494 1481 1878 1547 iracundiam,
1903 1481 2108 1552 utjam

454 1575 513 1629 in
547 1574 661 1630 alio
675 1572 1103 1637 voluminef36l
1119 1573 1136 1643 )
1152 1571 1478 1638 retulimus,
1496 1571 1902 1636 concitaretur,
1919 1571 2108 1626 eidem

455 1681 490 1718 a
519 1679 634 1734 quo
667 1662 1024 1717 incitabatur
1052 1661 1268 1716 dixisse
1300 1660 1648 1715 forturzjam
1674 1663 1724 1714 te
1752 1666 2104 1730 percuterem,

453 1753 568 1806 nisi
586 1753 760 1806 iratus
790 1766 978 1806 essem.
1005 1749 1168 1814 Quod
1201 1749 1250 1804 si
1281 1748 1454 1804 alicui
1477 1747 1736 1802 ﬁdelium
1769 1747 2108 1820 contigisset

380 1860 385 1866 ·
456 1840 696 1906 dixisse,
729 1839 868 1910 quid
901 1837 1057 1894 aliud
1117 1838 1361 1911 ageret?
1393 1853 1504 1892 non
1539 1837 1848 1908 [legendum
1893 1837 2109 1892 videtur

457 1929 672 2000 nonne]
705 1927 996 1983 custodita
1053 1925 1296 1999 propriae
1352 1925 1566 1981 mentis
1613 1926 1910 1997 sospitate,
1945 1923 2104 1980 illius

457 2017 532 2090 ph
543 2016 790 2072 renesim
805 2016 1014 2071 haustu
1033 2015 1319 2087 patientiae
1334 2013 1601 2069 curaret?
1617 2015 1762 2080 Quid
1777 2031 1910 2069 vero
1935 2014 2102 2070 nobis

456 2107 681 2162 trabem
733 2104 964 2177 proprio
1009 2104 1066 2159 in
1119 2101 1285 2158 oculo
1317 2103 1638 2158 ferentibus
1677 2108 1732 2158 et
1762 2103 1832 2158 de
1864 2102 2123 2158 alterius-

454 2194 712 2266 [subaudi
742 2193 928 2264 oculo]
952 2194 1233 2248 festucam
1284 2191 1530 2248 avellere
1575 2191 1920 2257 nitentibus,
1955 2193 2103 2247 facto

453 2285 514 2339 in
541 2282 878 2354 hujusmodi
897 2281 1322 2354 gentilisidem,
1340 2299 1444 2353 pro
1459 2280 1640 2336 nefas!
1657 2280 1936 2336 clamaret
1951 2281 2102 2349 (363)

455 2373 568 2429 nisi
613 2371 766 2444 quod
828 2373 951 2442 jam
1004 2371 1228 2424 dudum
1276 2369 1559 2440 propheta
1615 2385 1626 2422 :
1675 2369 1964 2432 Erubesce,
2012 2368 2102 2422 in-

455 2462 688 2534 quiens,
721 2460 908 2526 Sidan,
941 2461 1023 2514 ait
1073 2459 1390 2530 mare(lsai.
1429 2473 1593 2519 XXIII,
1635 2457 1724 2528 54)
1753 2475 1765 2525 ;
1801 2473 1866 2512 ac
1897 2457 1944 2513 si
1977 2457 2103 2528 ipso

458 2548 724 2620 exemplo
755 2549 972 2602 diceret
1004 2565 1016 2601 :
1051 2549 1176 2612 Qua
1215 2547 1400 2602 fronte
1447 2545 1816 2601 Christianus
1862 2545 2107 2618 quilibet

455 2656 591 2695 cum
623 2637 785 2692 trabe
809 2635 1097 2706 superbiae
1123 2634 1363 2690 alterius
1395 2635 1467 2690 de
1499 2633 1667 2689 oculo
1700 2633 1980 2690 festucam
1999 2634 2103 2688 ali-

455 2729 626 2798 cujus
655 2724 778 2780 vitii
810 2729 1120 2779 conaretur
1161 2723 1412 2778 demerc.
1447 2739 1579 2776 cum
1607 2739 1700 2778 me
1731 2722 2102 2778 academicus

458 2832 563 2871 nec
611 2814 799 2886 ipsam
851 2813 1131 2868 festucam
1183 2811 1282 2866 irae
1321 2810 1488 2868 oculo
1519 2811 1712 2866 cordis
1739 2811 1882 2866 velle
1911 2811 2105 2866 videat

455 2903 851 2977 gestare,dum
888 2901 958 2956 de
977 2901 1216 2956 alterius
1236 2901 1465 2972 tignum
1497 2899 1766 2955 elationis
1792 2899 1996 2955 studeo
2015 2917 2100 2954 re-

455 2991 704 3048 vellere?
729 2989 957 3046 Decimo
981 3005 1111 3044 vero
1133 2989 1272 3044 item
1293 2987 1573 3043 Dominus
1591 2989 1859 3059 :Diligite,
1887 2987 2098 3060 inquit,

457 3083 708 3138 inimicos
764 3088 979 3145 vestros,
1015 3079 1311 3150 benefacite
1337 3079 1423 3133 his
1463 3079 1561 3150 qui
1615 3076 1844 3132 oderunt
1898 3093 2008 3143 vos,
2041 3087 2102 3132 ut

450 3173 570 3227 sitis
626 3171 736 3242 ﬁlii
780 3171 964 3224 Patris
1011 3171 1195 3232 vestri,
1229 3169 1326 3238 qui
1368 3169 1430 3222 in
1472 3167 1625 3222 caelis
1676 3174 1774 3234 est,
1803 3169 1898 3238 qui
1934 3167 2101 3222 salem

2220 597 2358 670 quia
2406 597 2563 652 aliud
2623 600 2714 652 est
2769 595 3054 651 exhausta
3109 593 3309 668 pestis,
3345 593 3506 650 aliud
3546 593 3880 666 consopita.

2219 687 2438 742 Furens
2481 683 3129 749 enim'adversarius,a
3176 683 3348 739 corde
3397 699 3460 739 se
3505 683 3730 738 docens
3779 699 3882 738 ex-

2220 775 2455 846 pulsum
2488 773 2757 844 alicujus,
2779 771 3174 846 propulsionis
3204 788 3324 828 suae
3354 771 3648 827 vindicare
3682 771 3884 827 nitens

2221 863 2518 934 injuriam,
2551 865 2760 933 praeter
2786 860 2902 915 alia
2930 860 3092 916 mille
3142 859 3386 914 nocendi
3420 859 3674 932 ingenia,
3701 857 3879 914 illum

2220 951 2490 1018 maxime,
2525 967 2640 1021 quo
2671 949 2903 1004 admitti
2943 944 3184 1015 solebat,
3217 949 3490 1004 observat
3537 947 3873 1015 introitum,

2219 1041 2310 1096 cui
2345 1039 2457 1094 nisi
2486 1038 2672 1093 virilis
2703 1054 2836 1092 cum
2867 1037 2968 1092 Dei
2999 1035 3214 1092 auxilio
3243 1035 3511 1092 adhibita
3533 1036 3713 1092 fuerit
3763 1052 3875 1091 cu-

2219 1129 2430 1196 stodia,
2457 1127 2742 1198 (exemplo
2760 1126 2917 1182 necis
2936 1125 3218 1194 Isboseth,
3239 1127 3410 1197 cujus
3431 1125 3762 1180 dormiente
3790 1142 3882 1181 os-

2217 1217 2390 1272 tiaria
2437 1216 2751 1288 improvise
2801 1213 3044 1287 contigit
3100 1213 3373 1270 interitus
3406 1215 3479 1286 (II
3517 1215 3646 1284 Reg.
3681 1231 3759 1279 ιν,
3794 1214 3877 1286 5),

2218 1323 2352 1362 cum
2371 1306 2449 1360 ini
2461 1305 2693 1378 nguina,
2710 1303 2920 1360 ablatis
2934 1303 3110 1358 etiam
3125 1302 3466 1376 spicis(364)
3485 1303 3636 1375 quod
3661 1318 3882 1376 purga~

2218 1394 2391 1450 batur
2420 1393 2718 1454 frumenti,
2742 1409 2776 1448 a
2801 1391 3152 1448 latrunculis
3183 1391 3360 1446 fuerit
3384 1392 3726 1464 percussus)
3747 1391 3882 1465 ple-

2217 1498 2466 1554 rumque
2498 1483 2718 1537 irruere
2738 1486 2900 1536 tanto
2924 1479 3074 1536 solet
3090 1479 3316 1547 suavius,
3351 1485 3574 1552 quanto
3607 1481 3884 1553 inopina-

2215 1573 2356 1637 tius,
2379 1572 2553 1642 juxta
2579 1571 2688 1625 hoc
2722 1570 2876 1641 quod
2900 1569 2982 1624 ait
3014 1569 3294 1625 Dominus
3320 1587 3332 1625 :
3360 1569 3495 1624 Cum
3547 1569 3879 1626 immundus

2215 1661 2444 1732 spiritus
2471 1661 2671 1716 exierit
2699 1660 2767 1714 ab
2799 1659 3041 1724 homine,
3059 1658 3304 1714 ambulat
3328 1673 3429 1730 per
3458 1659 3574 1714 loca
3603 1660 3880 1731 inaquosa

2217 1765 2468 1822 quaerens
2516 1751 2778 1820 requiem,
2813 1756 3014 1825 ett-non.
3064 1750 3368 1813 inveniens,
3399 1745 3536 1802 dicit
3567 1763 3580 1802 :
3616 1748 3880 1802 Revertar

2217 1840 2273 1893 in
2306 1838 2526 1892 domum
2554 1852 2732 1892 meam
2757 1836 2898 1890 unde
2925 1838 3097 1900 exivi,
3128 1839 3178 1890 et
3207 1837 3428 1890 ven-iens
3456 1835 3696 1905 domum,
3731 1841 3872 1906 etc.,

2214 1928 2354 1981 Timr
2383 1927 2534 1981 vadit
2563 1933 2614 1982 et
2637 1927 2872 1980 assumit
2897 1933 3100 1996 septem
3123 1925 3263 1979 alios
3291 1926 3521 1996 spiritus
3557 1941 3742 1980 secum
3771 1941 3875 1980 ne-

2211 2018 2429 2088 quiores
2447 2032 2522 2082 sc,
2547 2019 2600 2070 et
2631 2016 2869 2082 ingressi
2895 2014 3144 2068 habitant
3175 2015 3276 2076 ibi,
3312 2022 3362 2068 et
3389 2015 3531 2085 ﬁunt
3570 2015 3877 2070 novissima

2213 2105 2451 2160 hominis
2505 2105 2659 2159 illius
2701 2105 2891 2176 pejora
2938 2105 3216 2174 prioribus
3265 2104 3417 2175 (Luc.
3465 2120 3544 2170 x1,
3578 2103 3693 2171 24).
3728 2105 3876 2160 Ecce

2213 2195 2368 2266 quod
2421 2191 2640 2248 malum
2693 2193 2766 2248 de
2812 2191 3186 2263 negligentia,
3218 2191 3464 2257 desidia,
3495 2190 3584 2247 vel
3639 2197 3879 2264 torpore

2212 2288 2542 2362 generatur.
2586 2282 2748 2337 Unde
2799 2285 2857 2336 et
2907 2279 3240 2344 Psalmista,
3287 2280 3428 2334 dum
3479 2279 3871 2336 necessitates

2213 2369 2750 2444 carnaliterpopuli
2781 2370 3156 2435 describeret,
3189 2385 3360 2424 casus
3405 2367 3706 2424 moraliter
3755 2385 3869 2424 no-

2213 2465 2366 2516 stros
2379 2460 2742 2527 ostendebat,
2759 2459 2960 2514 dicens
2983 2477 2994 2514 :
3011 2457 3233 2513 Omnem
3253 2473 3428 2512 escam
3447 2458 3762 2517 abominata
3794 2465 3878 2516 est

2213 2551 2402 2603 anima
2430 2564 2636 2614 eorum,
2670 2556 2723 2604 et
2745 2549 3322 2620 approm'nquaverunt
3359 2562 3528 2618 usque
3572 2547 3644 2602 ad
3681 2555 3874 2618 partas

2212 2639 2404 2692 mortis
2435 2637 2606 2702 (Psal.
2629 2652 2741 2700 ενι,
2760 2637 2868 2697 18).
2885 2636 3043 2690 Escae
3065 2641 3260 2690 autem
3291 2636 3872 2706 animarum,oratio,

2211 2725 2820 2799 psalmodia,jejunia,
2855 2723 3258 2794 eleemosynaa,
3291 2728 3348 2778 et
3378 2722 3665 2779 continua:
3726 2729 3878 2780 sunt

2213 2815 2488 2870 lectiones
2521 2831 2535 2868 :
2563 2829 2690 2886 quae
2741 2813 2839 2884 qui
2889 2813 3282 2878 abominetur,
3319 2811 3431 2868 nisi
3461 2813 3515 2868 ei
3565 2813 3876 2884 contingat

2211 2905 2364 2978 quod
2401 2902 2763 2975 sequitur,id
2786 2907 2896 2970 est,
2926 2905 2994 2956 ut
3022 2899 3235 2956 clamet
3267 2901 3339 2955 ad
3367 2899 3683 2956 Dominum
3714 2901 3866 2956 dum

2208 2993 2526 3050 tribulatur
2553 2991 2730 3063 (Ibid,
2769 2993 2876 3058 19),
2899 2995 2963 3046 ut
2997 2994 3052 3046 et
3083 2989 3533 3046 necessitatibus
3567 2992 3655 3060 [f.,
3688 3007 3720 3046 e
3759 3007 3869 3046 ne-

2211 3083 2603 3151 cessitatibus]
2638 3081 2762 3135 suis
2790 3081 3086 3142 liberetur,
3108 3083 3335 3134 aeterna:
3353 3079 3480 3135 sine
3506 3079 3686 3134 dubio
3703 3096 3870 3134 mor-

2210 3173 2308 3238 tis,
2341 3175 2486 3226 teste
2512 3169 2803 3242 Gregerio,
2839 3167 3166 3241 periculum
3199 3168 3496 3222 incurrere
3555 3167 3816 3224 creditur
3850 3185 3865 3224 :

448 3278 611 3318 suum
637 3261 777 3314 oriri
803 3259 938 3330 facit
963 3273 1124 3328 super
1171 3257 1333 3312 bonos
1361 3265 1412 3313 et
1440 3257 1630 3322 malas,
1664 3265 1715 3311 et
1736 3256 1883 3328 pluit
1929 3272 2094 3326 super
2125 3240 2169 3306 (ἶ
2206 3262 2551 3333 desperatur
2579 3240 2739 3314 enim
2769 3240 2899 3328 ejus
2929 3257 3106 3312 etiam
3149 3256 3549 3328 tem-poraliter
3590 3256 3728 3325 vita,
3763 3256 3870 3330 qui

442 3352 621 3424 justas
649 3357 699 3426 et
729 3349 958 3419 injustas
989 3347 1143 3413 (Luc,
1173 3362 1250 3411 γι,
1276 3347 1390 3415 27).
1414 3345 1682 3400 Facessat
1728 3361 1864 3416 ergo
1904 3345 2096 3400 omnis

452 3437 692 3510 indigne
708 3435 1135 3508 pmnitentium,
1157 3435 1273 3488 imo
1293 3434 1478 3488 Deum
1501 3433 1610 3488 hac
1623 3433 1997 3489 simulatione
2027 3433 2100 3488 ad

455 3523 820 3581 iracundiam
868 3521 1332 3594 provocantium,
1367 3521 1461 3576 his
1515 3520 1693 3576 divini
1737 3521 1856 3576 o'ris
1895 3525 2104 3592 praeter

457 3609 908 3670 innumerabilia
937 3609 1214 3664 tonitruis
1242 3608 1508 3682 perculsa
1537 3609 1742 3666 saltem
1781 3608 2059 3666 dolositas
2084 3627 2097 3678 ;

458 3699 868 3759 aestimantium
902 3699 1048 3772 (363)
1071 3699 1300 3754 veniam
1359 3716 1422 3754 sc
1474 3700 1679 3754 mereri
1728 3697 1889 3754 nullo
1930 3699 2102 3756 modo

461 3790 891 3864 peccaminum,
911 3787 1172 3860 quandiu
1191 3789 1247 3842 in
1263 3788 1433 3844 corde
1450 3786 1682 3861 aliquod
1699 3787 2103 3860 phreneticum

459 3880 711 3936 retinent
739 3878 958 3935 odium.

529 3970 584 4024 8.
614 3967 699 4022 Ad
733 3966 986 4022 fructum
1019 3970 1216 4021 autem
1247 3965 1491 4039 dignum
1539 3965 1888 4038 poenitentiae
1928 3965 2104 4022 etiam

456 4058 564 4114 hoc
595 4055 842 4129 pertinet
871 4055 1143 4124 maxime,
1173 4058 1236 4111 ut
1266 4055 1362 4128 qui
1395 4071 1456 4110 se
1495 4054 1697 4112 illicita
1729 4059 2094 4128 perpetrasse

456 4146 806 4212 considerat,
831 4162 958 4201 sese
991 4162 1026 4200 a
1057 4143 1234 4200 licitis
1264 4148 1432 4201 caute
1461 4145 1774 4217 restringat
1800 4162 1812 4212 ;
1841 4144 2104 4217 ipsarum

458 4235 634 4292 etiam
667 4251 862 4291 rerum
889 4233 1200 4300 illecebris,
1233 4250 1382 4305 quas
1437 4235 1548 4290 sibi
1585 4249 1822 4290 causam
1855 4233 2106 4304 alicujus

457 4324 817 4398 recognoscit
835 4325 1014 4379 fuisse
1031 4323 1316 4390 criminis,
1331 4341 1542 4395 corpus
1555 4341 1730 4378 suum
1745 4322 2107 4378 assuefacere

458 4415 706 4470 ulterius
727 4418 959 4480 caveat;
980 4412 1174 4468 sciens
1197 4429 1230 4467 a
1249 4412 1508 4484 quodam
1548 4411 1920 4467 veracissime
1959 4413 2043 4466 l7
2059 4411 2103 4467 5

457 4504 702 4568 dictum,
732 4501 886 4573 quod
907 4505 964 4556 et
993 4519 1027 4556 a
1051 4500 1219 4556 nobis
1249 4500 1477 4555 utinam
1505 4517 1621 4556 non
1653 4500 1860 4555 fuisset
1879 4499 2106 4571 perspi-

2208 3347 2467 3406 carnalia
2497 3345 2718 3420 respuit
2741 3346 3038 3401 alimenta.

2276 3438 2330 3492 9.
2363 3437 2473 3494 Sed
2511 3440 2573 3492 ut
2598 3435 2886 3508 meipsum
2920 3435 2980 3490 in
3012 3434 3122 3490 hoc
3169 3435 3325 3506 quod
3351 3434 3498 3507 coepi
3531 3435 3766 3492 traham
3801 3435 3866 3492 in

2207 3523 2560 3597 exemplum,
2589 3541 2720 3580 cum
2755 3521 2926 3596 paulo
2953 3522 3270 3578 resolutius
3287 3540 3465 3596 quam
3498 3527 3872 3596 competeret

2209 3615 2428 3670 nudius
2457 3613 2668 3669 tertius
2694 3629 2786 3668 me
2807 3611 3396 3685 agerem,sensi,prob
3420 3611 3610 3668 nefas!
3635 3613 3695 3689 in
3723 3629 3870 3685 par-

2209 3704 2452 3760 vissima
2470 3707 2558 3772 (ut
2586 3701 2731 3758 mihi
2753 3701 3078 3767 videbatur,
3103 3719 3218 3756 non
3257 3705 3321 3756 ut
3349 3706 3493 3768 erat)
3525 3702 3865 3771 occasione,

2211 3810 2388 3866 quam
2421 3809 2514 3848 me
2543 3790 2789 3846 titillans
2820 3789 3142 3846 amarailla
3179 3789 3546 3863 voluptatum
3577 3792 3864 3859 suavitas,

2211 3883 2390 3938 etiam
2411 3881 2471 3937 in
2501 3897 2729 3936 carcere
2752 3879 3032 3952 positum,
3061 3878 3257 3935 dolore
3288 3879 3640 3948 contectum,
3674 3897 3870 3954 pupu-

2213 3970 2381 4046 gerit,
2399 3971 2568 4043 longe
2591 3968 2826 4042 quidem
2855 3985 3032 4042 quam
3047 3968 3272 4024 solebat
3291 3969 3519 4034 mitius,
3537 3969 3642 4025 sed
3657 3986 3870 4028 rursus

2211 4061 2383 4134 longe
2415 4059 2582 4116 aliter
2600 4063 2776 4131 atque
2809 4063 3184 4132 putaveram:
3219 4059 3304 4113 ita
3331 4063 3396 4113 ut
3427 4058 3488 4112 in
3519 4057 3631 4114 hoc
3655 4059 3870 4115 saltem

2215 4165 2562 4222 cognoscere
2587 4147 2901 4221 potuerim,
2934 4163 3049 4203 non
3083 4145 3343 4214 mollem,
3377 4147 3476 4204 sed
3509 4147 3872 4206 omnimodis

2214 4240 2442 4307 fortem,
2477 4254 2592 4292 non
2619 4235 2987 4305 muliebrem,
3019 4237 3120 4292 sed
3152 4235 3384 4292 virilem
3435 4236 3628 4292 cordis
3661 4236 3872 4308 januis

2216 4338 2308 4384 me
2339 4326 2611 4384 debuisse
2623 4325 2949 4381 custodiam
2973 4323 3268 4381 adhibere.
3287 4324 3470 4393 Quod,
3485 4341 3518 4380 ο
3531 4325 3683 4381 bone
3702 4325 3871 4396 Jesu,

2215 4419 2327 4490 pic,
2349 4414 2600 4473 caelestis
2631 4431 2696 4470 ac
2726 4413 3182 4486 sapientissime,
3200 4413 3329 4470 istic
3351 4413 3483 4487 poni
3518 4414 3716 4470 decuit
3745 4432 3867 4471 me.

2215 4507 2362 4573 dice,
2381 4521 2496 4561 non
2513 4508 2577 4559 ut
2596 4502 2702 4558 tibi
2722 4502 2988 4572 revelem,
3010 4503 3111 4574 qui
3153 4503 3354 4560 omnia
3370 4502 3524 4559 nosti
3545 4508 3867 4576 antequam

531 4615 676 4697 (351.)
709 4615 846 4668 llinc
878 4617 1105 4694 cons-tat
1164 4613 1504 4696 Eutherium
1537 4613 1712 4697 .aliud
1771 4631 1918 4686 opus
1975 4621 2106 4670 ante
2137 4609 2184 4674 D
2217 4625 2462 4694 inquam,
2489 4621 2750 4676 clamaret
2776 4619 2933 4674 nobis
2963 4620 3020 4674 in
3045 4619 3192 4745 facta
3223 4619 3558 4692 hujusmodi,
3589 4621 3708 4674 nisi
3725 4621 3868 4692 quod

531 4701 786 4745 rmmsse,
812 4703 900 4740 cm
942 4685 1062 4740 haec
1095 4685 1425 4745 DllllOSODhl
1457 4686 1764 4745 cujusdam
1821 4687 2113 4742 sententia
2219 4693 2540 4745 iamdudum
2585 4693 2844 4745 clamavit
2907 4707 3040 4745 υνου
3061 4699 3167 4745 tela
3211 4691 3468 4745 inquiens
3511 4708 3531 4745 :
3577 4691 3868 4745 Erubesce

461 4685 786 4757 scripsisse,
812 4686 900 4757 cui
942 4685 1062 4740 haec
1095 4685 1432 4757 pbi1030phi
1457 4685 1764 4757 cujusdam
1817 4685 2113 4742 Sententia

460 4755 681 4837 inserta
703 4755 842 4837 fui-tn
863 4755 1206 4837 Hocotamen
1239 4755 1387 4837 cpias
1421 4756 1478 4837 in
1512 4755 1800 4837 desideriq
1833 4760 1938 4810 est.
1959 4757 2110 4837 Num

459 4845 592 4886 vero
613 4827 766 4884 idem
787 4826 928 4882 illud
953 4827 1048 4898 sit,
1065 4844 1178 4898 quo
1202 4825 1555 4898 quibusdam
1589 4825 1876 4883 Modiolan
1893 4828 2110 4884 ansium

459 4898 884 4974 quaestionibus
899 4897 1443 4974 anteepiscopatum
1462 4897 1854 4974 Veroneqsem
1873 4915 2111 4972 respon-

459 4969 642 5050 derat,
679 4988 750 5027 an
793 4987 927 5050 vero
985 4969 1300 5050 diversum,
1335 4969 1676 5050 ignoratum
1705 4969 1910 5050 Eadem
1942 4969 2110 5042 p'orro

458 5045 721 5116 ejusdem
758 5040 1089 5116 philosophi
1145 5040 1508 5116 sentcntiam_
1542 5041 1748 5096 recitat
1777 5040 2111 5116 etiam—Atto

455 5100 840 5172 Vlercellensis
869 5100 1182 5185 epis‘cOpus
1205 5112 1261 5166 in
1287 5127 1458 5182 opere
1474 5112 1550 5166 De
1569 5114 1848 5183 pressaris
1861 5113 2114 5172 Ecclesiae

459 5191 605 5260 part.
629 5185 797 5260 i,his
828 5184 1052 5240 verbis:
1078 5184 1346 5260 {litanim
1375 5185 1732 5260 fermtianus
1756 5185 2113 5260 philosophus

457 5255 527 5313 ad
560 5258 812 5312 villicum
841 5273 1040 5312 suum:
1072 5255 1146 5312 0b
1168 5258 1218 5310 te
1249 5255 1546 5326 infelicem,
1576 5273 1736 5328 quem
1761 5255 2108 5328 (if/lictorem,

457 5329 572 5383 nisi
601 5331 777 5383 iratus
803 5344 990 5383 essem.

534 5400 700 5472 (362)
739 5399 1066 5472 Legebatur
1107 5399 1384 5472 clamavit,
1435 5415 1546 5454 non
1596 5399 1755 5472 quod,
1808 5403 2108 5459 mendose.

456 5469 875 5548 correctionem
999 5473 1216 5548 textum
1257 5470 1553 5548 inductam
1580 5469 1788 5530 sensus
1812 5473 2109 5548 efﬂagitat.

457 5546 738 5619 Construe
767 5541 960 5619 §_Quid
991 5557 1111 5619 vero
1154 5541 1296 5598 idem
1330 5543 1608 5619 gentilis!
1652 5560 1764 5619 pro
1791 5541 1978 5619 nefas:
1999 5546 2112 5602 cla-

457 5616 632 5692 maret
686 5614 840 5692 nobis
884 5614 1188 5692 ferentibus
1235 5615 1443 5692 trabem
1508 5616 1569 5670 in
1600 5687 1612 5692 _
1643 5614 1797 5692 oculo
1830 5614 2110 5692 proprio,

457 5693 509 5748 et
533 5685 838 5747 nitentibus
864 5685 1102 5746 avellere
1115 5687 1381 5760 festucam
1399 5685 1463 5748 de
1491 5687 1644 5746 oculo
1673 5685 1923 5761 alterius,
1957 5685 2109 5768 quid,

2211 4691 2540 4765 jamdudum
2585 4693 2869 4765 clamavit,
2903 4691 3167 4765 propheta
3211 4691 3468 4765 inquiens”
3511 4708 3531 4745 :
3565 4691 3870 4765 Erubesce

2219 4766 2418 4829 Sidon,
2433 4764 2512 4818 ait
2529 4779 2688 4818 mare
2704 4781 2715 4823 :
2731 4778 2794 4816 ac
2820 4764 2871 4818 si
2897 4763 3012 4834 ipso
3035 4763 3278 4834 exemplo
3307 4763 3533 4819 diceret:
3547 4763 3666 4831 Qua
3686 4763 3872 4834 fronte

2222 4837 2570 4906 Chrsitianus
2615 4834 2844 4906 quilibet
2885 4851 3009 4889 cum
3056 4835 3210 4889 trabe
3253 4834 3527 4906 superbia
3571 4843 3870 4890 conaretur

2219 4907 2432 4962 demere
2459 4905 2524 4960 de
2547 4905 2701 4977 oculo
2725 4905 2955 4960 alterius
2979 4907 3242 4977 festucam
3288 4905 3415 4961 uitii
3452 4906 3710 4977 alicujus,
3743 4923 3871 4962 cum

2220 4977 2558 5034 academicus
2589 4976 2866 5048 videatme
2883 4976 2986 5032 nec
3011 4977 3145 5033 velle
3169 4985 3382 5046 gestare
3404 4979 3578 5048 ipsam
3595 4976 3871 5048 festucam

2220 5051 2326 5106 ira:
2353 5049 2506 5104 oculo
2536 5047 2731 5121 cordis,
2752 5047 2882 5104 dum
2897 5049 3081 5105 studeo
3092 5049 3352 5104 revellere
3369 5047 3584 5121 tignum
3601 5047 3871 5106 elationis

2219 5122 2285 5176 de
2315 5121 2466 5176 oculo
2499 5119 2726 5174 atteri-us
2746 5122 2770 5171 ?

2293 5193 2438 5264 (364)
2459 5190 2652 5264 Vulg,
2683 5191 3114 5264 mstimamtium,
3149 5191 3443 5247 mendo-se.
3475 5192 3692 5248 Sensus
3735 5209 3868 5248 cor-

2222 5261 2534 5336 rectionem
2554 5261 2964 5336 suppeditavit.
2980 5267 3264 5336 Construe
3280 5280 3410 5336 vero
3427 5265 3706 5320 :Facessat
3735 5281 3866 5336 ergo

2220 5336 2397 5391 omnis
2417 5333 2684 5390 dolositas
2705 5333 2958 5404 perculsa
2990 5333 3068 5389 bis
3113 5336 3305 5390 saltem
3335 5335 3514 5391 divini
3557 5338 3669 5392 oris
3720 5333 3866 5392 toni-

2223 5409 2363 5462 truis
2381 5410 2586 5479 praeter
2613 5405 2728 5460 alia
2759 5405 3193 5463 innumerabilia
3221 5427 3240 5473 ,-
3265 5408 3460 5475 omnis,
3496 5409 3742 5479 inquam,
3771 5407 3868 5464 do-

2223 5475 2407 5534 lositas
2462 5475 2686 5548 indigne
2743 5479 3146 5548 paenitentiam,
3198 5480 3308 5536 imo
3356 5480 3458 5534 hac
3513 5475 3868 5536 simulatione

2214 5551 2631 5622 provocantium
2653 5548 2826 5622 Deum
2843 5549 2912 5603 ad
2942 5550 3285 5606 iracundiam
3319 5552 3630 5622 ;avstiment
3661 5551 3780 5622 jam
3810 5567 3867 5608 se

2219 5621 2376 5696 nulla
2399 5621 2554 5696 modo
2584 5621 2784 5696 mereii
2811 5622 3029 5696 eeniam
3040 5624 3438 5696 peccaminum,
3455 5621 3721 5696 quandiu,
3747 5627 3860 5681 etc.

2294 5694 2442 5776 (364)
2477 5693 2538 5752 Id
2568 5695 2657 5751 est
2682 5691 2846 5769 spicis
2871 5691 3162 5772 frumenti,
3193 5692 3332 5773 quod
3352 5691 3717 5772 purgabatur.
