4054 6372
482 338 593 400 334

1401 329 1779 396 RATHERII
1820 329 2069 395 EPISC.
2113 326 2403 392 VERON.
2450 328 2624 394 OPP.
2670 329 2874 394 PARS
2916 326 2967 394 Ῑ.

3780 324 3904 399 333

484 471 595 539 15).
630 467 772 525 Volo
802 484 939 541 ergo
966 472 1043 537 te,
1074 470 1141 525 ut
1168 467 1239 524 de
1269 465 1523 539 quodam
1555 464 1699 537 (374)
1731 463 1875 521 satis
1914 463 2129 537 Grego-
2158 464 2217 532 Α
2244 479 2396 532 raro,
2432 468 2535 521 aut
2562 464 2807 522 forsitan
2836 480 3163 537 nunquam,
3194 480 3300 520 nec
3327 480 3432 537 pro
3460 462 3758 522 desiderio
3789 483 3903 522 cm-

482 558 608 613 rius
640 558 721 613 ait
748 556 959 630 lepide,
994 555 1244 612 scienter
1273 554 1536 611 nescium
1565 556 1623 610 et
1649 553 1943 625 sapienter
1972 553 2135 608 indo-

481 647 862 702 ctum.La:tus
893 645 996 703 es?
1025 646 1256 702 Utinam
1287 644 1344 699 in
1375 642 1728 699 Deo.Tristis
1756 642 1861 698 es?
1897 640 2133 699 Utinam

480 751 642 792 esses
675 752 777 807 pro
807 734 1062 791 incolatu
1086 734 1403 790 tuo.La3tus
1433 732 1538 788 es?
1566 729 1717 788 Audi
1751 730 1812 786 in
1844 746 1960 803 quo
1988 747 2134 804 gau-

480 825 617 880 dere
644 825 857 881 debeas
892 842 905 881 :
942 823 1171 879 Gaudete
1199 824 1259 878 in
1285 823 1514 877 Domino
1559 835 1771 893 semper
1807 820 2019 892 (Ephes.
2053 836 2132 888 iv,

481 913 559 981 4).
590 912 801 970 Tristis
851 913 951 968 es?
993 911 1142 967 Audi
1192 908 1444 983 qualiter
1497 907 1647 964 afﬁci
1703 907 1917 965 debeas
1953 924 1966 963 :
2002 908 2136 978 Quae

481 1003 650 1069 enim,
701 1001 781 1056 ait
821 1000 1153 1072 Apostolus,
1200 998 1502 1055 secundum
1541 999 1709 1054 Deum
1757 998 1988 1054 tristitia
2035 1003 2133 1064 est,

477 1091 853 1162 paenitentiam
900 1091 961 1144 in
1008 1089 1245 1144 salutem
1288 1087 1541 1144 stabilem
1588 1093 1845 1160 operatur
1890 1087 1966 1155 (II
2013 1085 2133 1146 Car.

481 1194 580 1247 vn,
616 1179 723 1250 10).
756 1179 908 1235 Dicit
956 1177 1059 1235 tibi
1106 1176 1418 1249 psalmus:
1453 1178 1753 1234 Laetamini
1798 1178 1859 1232 in
1910 1177 2137 1232 Domino

481 1268 654 1337 (Psal.
702 1285 854 1324 xxxx.
918 1267 1030 1337 11).
1080 1266 1233 1322 Dicit
1288 1270 1345 1322 et
1399 1264 1510 1321 tibi
1564 1264 1924 1338 Apostolus:
1969 1264 2141 1322 Omne

479 1355 747 1429 gaudium
782 1357 1095 1412 existimate
1123 1358 1325 1427 fratres
1377 1355 1509 1423 mei,
1538 1370 1665 1410 cum
1710 1355 1773 1409 in
1818 1355 2137 1411 tentationes

480 1447 666 1502 varias
700 1445 1005 1501 incideritis
1037 1444 1308 1516 (Jac.i,2).
1337 1441 1550 1498 Audiat
1577 1441 1727 1513 (375)
1761 1441 1942 1515 igitur
1970 1440 2138 1500 latus

482 1550 557 1590 ne
586 1534 940 1590 insolescat:
980 1535 1062 1590 νω
1100 1533 1267 1600 vobis,
1299 1533 1397 1604 qui
1437 1530 1652 1597 ridetis,
1684 1532 1816 1603 quia
1847 1530 2139 1603 plorabitis

482 1632 535 1679 et
565 1624 763 1693 ﬂebitis
788 1625 938 1693 (Luc.
971 1639 1048 1690 vx,
1078 1620 1191 1693 21).
1222 1619 1437 1677 Audiat
1467 1619 1653 1677 tristis
1682 1636 1755 1676 ne
1783 1623 2134 1676 amarescat:

483 1713 644 1769 Beati
670 1713 767 1783 qui
794 1727 941 1767 nunc
963 1712 1125 1781 ﬂetis,
1162 1712 1295 1783 quia
1327 1709 1596 1766 ridebitis.
1636 1709 1826 1765 Laetus
1860 1726 1874 1765 :
1909 1708 2142 1765 Gaudete

483 1800 625 1872 quod
652 1800 879 1856 nomina
906 1807 1083 1856 vestra
1110 1800 1315 1871 scripta
1341 1805 1469 1854 sunt
1497 1799 1557 1853 in
1593 1798 1721 1854 calo
1752 1796 1900 1870 (Luc.
1931 1814 1988 1863 x,
2019 1798 2133 1867 20).

483 1888 691 1944 Tristis
741 1905 754 1944 :
810 1890 1013 1945 Iterum
1060 1896 1244 1943 autem
1288 1886 1473 1942 videbo
1520 1902 1627 1955 vos,
1659 1889 1711 1942 et
1746 1885 2007 1956 gaudebit
2045 1901 2141 1943 cor

481 1983 741 2044 vestrum,
793 1986 845 2033 et
888 1977 1151 2047 gaudium
1193 1983 1431 2032 vestrum
1485 1991 1642 2030 nemo
1695 1975 1845 2031 tollet
1900 1992 1935 2030 a
1991 1974 2139 2031 vobis

485 2066 673 2139 (Joan.
731 2082 847 2134 xvr,
894 2065 1008 2139 22).
1062 2066 1251 2120 Laetus
1286 2081 1300 2121 :
1333 2064 1435 2136 Spe
1480 2064 1770 2136 gaudentes
1811 2065 1987 2128 (Rom.
2034 2080 2136 2133 xu,

483 2156 594 2225 12).
629 2154 837 2211 Tristis
888 2171 900 2209 :
955 2155 1124 2223 Quasi
1152 2155 1348 2222 tristes,
1380 2169 1592 2226 semper
1618 2156 1802 2209 autem
1845 2151 2139 2224 gaudentes

482 2244 558 2317 (II
593 2246 719 2300 Cor.
777 2261 853 2313 vx,
906 2244 1016 2311 40).
1063 2243 1280 2298 Audiat
1326 2241 1528 2314 utique
1582 2241 1770 2298 tristis
1827 2259 1840 2299 :
1901 2240 2137 2299 Gaudete

471 2333 613 2406 justi
641 2334 700 2388 in
730 2334 963 2390 Domino
994 2332 1165 2404 (Psal.
1199 2348 1333 2399 LXII,
1369 2330 1443 2399 4).
1477 2330 1666 2387 Laatus
1700 2348 1713 2386 :
1744 2331 1954 2402 Plange
1981 2331 2140 2402 quasi

479 2423 633 2493 virgo
665 2422 815 2494 (Joel.
850 2439 887 2486 ι,
922 2421 999 2493 8).
1026 2418 1239 2476 Tristis
1269 2435 1282 2474 :
1320 2418 1501 2474 Gaude
1529 2426 1579 2475 et
1609 2418 1819 2489 Lzetare,
1851 2419 1973 2492 ﬁlia
2004 2418 2139 2498 Sion

479 2512 665 2579 (Tren.
700 2527 777 2577 ιν,
806 2510 918 2570 21).
951 2509 1143 2564 Laetus
1196 2523 1209 2563 :
1263 2508 1538 2576 Quantum
1582 2507 1847 2563 exultavit
1881 2523 1957 2573 se,
1989 2511 2041 2564 et
2077 2509 2140 2563 in

480 2598 695 2654 deliciis
752 2602 804 2653 et
870 2598 1065 2654 laetitia
1109 2596 1237 2667 fuit,
1289 2604 1503 2651 tantum
1550 2595 1678 2651 date
1724 2598 1777 2651 ei
1824 2596 2034 2652 luctum
2086 2601 2138 2652 et

476 2688 764 2761 planctum
802 2686 977 2757 ,Apoc.
1011 2701 1167 2752 xvm,
1216 2686 1291 2746 7).
1344 2684 1560 2740 Audiat
1596 2683 1783 2741 tristis
1824 2702 1838 2740 :
1874 2686 2138 2741 Tristatur

480 2777 685 2848 aliquis
713 2777 988 2831 vestrum?
1019 2773 1141 2830 Oret
1168 2790 1319 2845 aqua
1347 2774 1534 2829 animo
1581 2781 1632 2829 et
1674 2774 1877 2845 psallat
1906 2773 2044 2847 (Jac.
2076 2791 2135 2846 v,

482 2864 593 2933 13).
645 2862 858 2919 Audiat
907 2862 1073 2917 laetus
1126 2878 1138 2918 :
1186 2862 1432 2918 Hilarem
1477 2861 1721 2919 datorem
1765 2862 1948 2934 diligit
1996 2864 2135 2920 Deus

482 2954 558 3027 (ll
589 2953 814 3019 Cor.1x,
844 2950 917 3011 7).
947 2952 1077 3007 Haec
1110 2951 1305 3024 itaque
1348 2951 1463 3007 duo
1508 2950 1592 3007 ita
1639 2952 1924 3025 compegi,
1966 2955 2032 3008 ut
2078 2957 2135 3010 et

479 3042 666 3099 tristis
699 3057 1005 3097 maerorem
1039 3039 1493 3113 aequanimitate,
1518 3040 1861 3107 oratione,et
1890 3041 2133 3112 crebris,

481 3132 530 3188 si
545 3131 616 3186 ad
630 3130 739 3187 hoc
766 3131 1009 3186 idoneus
1027 3133 1134 3198 est,
1144 3128 1487 3202 psalmodiis
1501 3128 1769 3203 mitigare
1799 3130 2133 3198 contendat,

2240 550 2499 621 lcstium,
2534 570 2639 610 nec
2669 571 2773 627 pro
2796 554 3031 626 jactura
3057 552 3445 622 terrestrium,
3477 569 3583 610 nec
3621 571 3729 627 pro
3776 555 3907 628 ipsa

2240 640 2617 698 mortalitatis
2636 642 3282 715 contemplatione,que
3303 646 3539 715 propter
3556 641 3757 715 ipsum
3781 644 3905 700 ine-

2238 729 2536 786 vitabilem
2565 747 2841 788 occasum
2893 735 2981 787 tot
3026 730 3285 804 quotidie
3336 731 3603 802 subjacet
3636 733 3903 801 casibus,

2242 823 2385 890 quot
2413 819 2590 876 servit
2605 819 3053 876 necessitatibus
3076 819 3279 877 ﬂetum
3296 819 3550 892 aliquem
3571 821 3749 878 corde
3771 838 3905 894 pro~

2243 907 2410 976 ferre,
2443 913 2547 965 aut
2574 908 2757 965 oculis
2786 909 2941 966 valet
2970 908 3368 976 e1icere.Quod
3398 909 3559 966 enim
3588 909 3905 983 aliquoties

2244 996 2445 1053 utilior
2473 1013 2652 1070 quam
2682 996 2880 1054 laetitia
2910 997 2986 1055 sit
3015 998 3275 1065 tristitia,
3304 1001 3556 1055 testatur
3584 999 3686 1072 qui
3716 1000 3904 1058 dicit:

2246 1084 2348 1142 Cor
2374 1088 2669 1143 stultorum
2690 1088 2789 1143 ubi
2831 1088 3044 1155 laetitia,
3093 1092 3148 1144 et
3184 1088 3522 1160 sapientium
3548 1090 3645 1144 ubi
3666 1090 3906 1147 tristitia

2244 1174 2442 1247 (Eccle.
2475 1192 2574 1243 vn,
2603 1176 2682 1244 5).
2714 1175 2820 1232 Cui
2851 1174 2969 1244 ille,
3002 1175 3102 1249 qui
3133 1174 3427 1249 superius,
3460 1175 3603 1233 satis
3641 1177 3908 1235 concinit

2242 1262 2401 1321 laute
2433 1282 2447 1320 :
2483 1264 2699 1330 Utilior,
2732 1264 3028 1338 inquiens,
3057 1281 3198 1339 saepe
3242 1265 3470 1322 tristitia
3515 1269 3613 1332 est,
3643 1281 3776 1339 que
3815 1283 3905 1325 co-

2241 1354 2433 1408 mitem
2477 1352 2614 1409 solet
2658 1352 2856 1410 habere
2881 1354 3211 1425 gravitatem
3275 1352 3443 1411 Alius
3487 1352 3628 1411 item
3691 1373 3706 1412 :
3759 1357 3903 1428 Ipso,

2245 1440 2457 1513 inquit,
2487 1449 2671 1498 nostro
2699 1443 2840 1498 Deus
2866 1441 3068 1512 gaudet
3098 1443 3363 1511 lamenta;
3416 1442 3571 1499 unde
3617 1443 3843 1502 dicitur
3887 1461 3904 1502 :

2245 1530 2382 1588 Ante
2407 1532 2632 1586 ruinam
2662 1530 2971 1588 exaltatum
2997 1547 3093 1588 cor
3118 1532 3301 1605 (Prov.
3358 1548 3475 1600 xw,
3508 1532 3636 1602 18);
3666 1537 3728 1589 et
3753 1532 3907 1590 illud

2247 1618 2405 1690 quod
2453 1618 2689 1675 tametsi
2719 1619 2867 1691 (376)
2898 1619 2971 1676 de
3015 1618 3215 1676 futura
3262 1620 3586 1693 perditione
3626 1620 3908 1691 maxime,

2247 1710 2444 1763 tamen
2469 1710 2528 1763 et
2554 1707 2626 1763 de
2651 1707 2921 1781 praesenti
2951 1712 3144 1781 potest
3167 1707 3415 1782 intelligi
3434 1713 3783 1766 eventurum
3806 1728 3910 1767 va-

2250 1795 2453 1853 rietate
2495 1814 2508 1852 :
2558 1797 2715 1854 Risus
2761 1795 2946 1855 dolore
2989 1796 3328 1865 miscebitur,
3357 1801 3412 1855 et
3436 1805 3683 1856 extrema
3708 1800 3913 1871 gaudii

2249 1885 2427 1941 luctus
2454 1890 2679 1959 occupat
2706 1887 2889 1955 (Prov.
2922 1903 3036 1954 xxv,
3073 1887 3182 1957 13).
3225 1887 3525 1954 Quomodo
3567 1904 3705 1962 ergo
3751 1888 3913 1947 inter

2248 1973 2370 2030 hinc
2401 1978 2649 2046 utraque
2682 1978 2900 2031 statum
2949 1975 3165 2032 mentis
3212 1975 3423 2032 debeat
3468 1976 3782 2048 moderari,
3817 1995 3911 2035 sa.

2247 2061 2476 2136 pienter
2503 2066 2559 2119 te
2588 2063 2757 2119 docet
2786 2062 2887 2135 qui
2917 2062 3093 2120 dicit:
3118 2065 3183 2120 In
3211 2063 3299 2121 die
3317 2064 3592 2121 malorum
3610 2080 3680 2121 ne
3708 2067 3908 2122 imme-

2248 2167 2367 2208 mor
2393 2151 2471 2207 sis
2501 2151 2781 2220 bonorum,
2812 2156 2866 2207 et
2897 2152 2954 2207 in
2981 2150 3070 2208 die
3101 2153 3364 2209 bonorum
3399 2169 3468 2209 ne
3512 2154 3802 2212 immemor
3826 2157 3913 2212 sis

2244 2240 2520 2297 malorum
2549 2241 2739 2310 (Eccli.
2770 2257 2848 2309 x1,
2879 2240 2996 2312 27).
3028 2241 3148 2297 Hoc
3178 2240 3336 2298 enim
3368 2241 3520 2297 facto
3550 2258 3656 2299 nec
3702 2241 3916 2300 laetitia

2248 2327 2621 2395 dissolutum,
2650 2345 2755 2386 nec
2785 2329 3025 2387 tristitia
3071 2330 3245 2387 faciet
3289 2330 3663 2404 desperatum
3700 2349 3715 2389 :
3748 2333 3917 2405 quod

2247 2416 2667 2475 facundissime
2696 2415 2795 2474 ille
2822 2418 3301 2492 incomparabilis
3328 2418 3565 2493 eloquii,
3585 2438 3769 2495 supra
3803 2420 3913 2495 qui

2247 2505 2440 2577 paulo,
2472 2522 2571 2563 ore
2599 2505 2889 2579 depromit
2917 2507 3065 2580 (377)
3097 2524 3272 2564 aureo
3306 2525 3319 2565 :
3351 2508 3414 2565 Si
3441 2524 3570 2582 qua,
3602 2509 3912 2583 inquiens,

2245 2598 2327 2651 est
2351 2597 2638 2667 praesentis
2665 2596 2921 2668 temporis
2951 2596 3169 2664 latitia,
3201 2598 3281 2652 ita
3305 2605 3383 2653 est
3407 2596 3641 2668 agenda,
3663 2606 3725 2655 ut
3752 2616 3914 2655 nun-

2246 2700 2411 2757 quam
2462 2684 2775 2741 amaritudo
2802 2686 3073 2757 sequentis
3098 2685 3360 2758 supplicii
3386 2686 3600 2744 recedat
3625 2704 3661 2743 a
3686 2704 3917 2744 memo-

2243 2774 2351 2829 ria.
2385 2772 2488 2829 Ilis
2515 2772 2597 2828 ita
2624 2772 2920 2839 confectis,
2953 2775 3322 2846 pensandum
3352 2779 3443 2831 est
3482 2775 3715 2849 cuique,
3747 2777 3915 2834 unde

2244 2861 2304 2918 in
2333 2862 2601 2933 praesenti
2631 2862 2884 2936 gaudere
2910 2863 3217 2934 debeat,ne
3246 2862 3305 2919 in
3338 2863 3534 2920 futuro
3567 2864 3780 2934 doleat;
3812 2866 3908 2923 vel

2242 2951 2401 3008 unde
2423 2950 2670 3021 tristari,
2702 2967 2773 3007 ne
2803 2956 3004 3007 notam
3035 2951 3300 3009 rancoris
3329 2952 3593 3010 incurrat
3622 2970 3637 3011 :
3669 2971 3810 3011 nam
3844 2960 3910 3014 et

2240 3038 2436 3097 rident
2454 3038 2723 3096 homines
2744 3039 2804 3096 in
2825 3039 3100 3113 praesenti
3119 3044 3176 3097 et
3191 3039 3425 3114 plorant
3438 3045 3518 3110 ;et
3536 3042 3695 3115 quod
3708 3043 3912 3101 rident

2245 3145 2397 3201 saepe
2425 3126 2777 3201 plorandum
2808 3132 2918 3197 est,
2949 3132 3007 3185 et
3052 3129 3208 3203 quod
3256 3128 3455 3187 dolent
3495 3130 3907 3204 gaudendum.

480 3238 555 3278 ne
586 3221 645 3276 in
678 3237 978 3276 rancorem
1009 3201 1312 3287 incidat;et
1333 3217 1500 3274 laetus
1524 3201 1876 3275 hilaritatem
1898 3219 1992 3275 sui
2018 3236 2132 3275 non
2165 3201 2209 3270 C
2249 3217 2417 3275 Ridet
2435 3217 2593 3275 enim
2624 3217 2755 3290 quis
2786 3218 2941 3291 quod
2972 3201 3322 3291 plorandum
3353 3223 3462 3288 est,
3494 3201 3645 3277 sicut
3672 3222 3746 3278 de
3767 3222 3912 3295 qui-

482 3310 597 3367 alio
632 3308 705 3376 [id
734 3317 810 3364 est
839 3306 1027 3381 aliter]
1076 3324 1256 3379 quam
1304 3323 1438 3362 cum
1493 3305 1594 3363 Dei
1641 3306 1829 3380 gratia
1856 3305 1915 3363 in
1946 3308 2141 3380 operi-

482 3399 597 3453 bus
626 3398 794 3453 bonis
822 3397 935 3452 Deo
967 3396 1273 3452 ostendere
1302 3393 1789 3473 182’humiliter
1813 3400 2139 3469 satagat,ne

484 3486 769 3542 offensam
811 3501 914 3556 pro
961 3483 1162 3539 laetitia
1211 3483 1490 3549 incurrat,
1522 3486 1579 3539 et
1607 3484 1819 3556 [supple
1848 3485 1933 3557 ut]
1966 3485 2139 3541 meri-

481 3578 612 3630 tum
661 3590 763 3645 pro
814 3572 1090 3628 beneﬁcio
1140 3576 1441 3644 praeparet.
1496 3571 1727 3628 Dictum
1774 3575 1864 3629 est
1917 3573 2074 3630 enim
2106 3592 2141 3633 a

484 3663 760 3735 quodam,
790 3665 856 3716 ut
886 3661 1081 3732 credo,
1110 3660 1482 3717 veracissime
1510 3660 1683 3733 (hanc
1721 3660 1877 3717 enim
1929 3680 2136 3735 praero-

480 3752 733 3826 gativam
748 3750 857 3806 sibi
872 3748 1103 3806 dicendi
1124 3750 1484 3822 comparavit
1497 3750 1841 3822 puritate,ut
1860 3751 1931 3807 de
1949 3751 2138 3825 ipsius

475 3838 811 3897 testimonio
858 3838 1058 3895 nullus
1106 3839 1313 3896 debeat
1373 3838 1664 3911 dubitare)
1713 3856 1727 3895 :
1783 3841 1890 3910 Qui
1933 3858 2138 3913 panem

476 3930 661 4000 agenti
708 3929 903 3984 tribuit
944 3929 1139 3995 tristis,
1191 3936 1242 3985 et
1280 3945 1482 4000 panem
1530 3933 1583 3985 et
1623 3931 1889 3986 meritum
1932 3930 2132 4003 perdit.

477 4017 623 4074 Hinc
655 4021 711 4072 et
740 4016 836 4073 ille
866 4017 965 4090 qui
998 4017 1288 4090 superius,
1322 4017 1381 4073 id
1411 4022 1500 4074 est
1529 4019 2135 4093 Augustinus,saepis-

470 4107 617 4164 sime
650 4123 662 4164 :
697 4106 757 4162 Si
781 4124 905 4163 cum
948 4108 1249 4175 hilaritate,
1281 4106 1495 4180 inquit,
1530 4109 1728 4165 bonam
1765 4111 1926 4181 facis,
1958 4113 2131 4165 tecum

475 4198 651 4269 facis,-
682 4198 734 4252 si
761 4201 943 4253 autem
970 4214 1095 4253 cum
1124 4198 1375 4266 tristitia,
1408 4196 1471 4267 ﬁt
1515 4197 1580 4255 de
1629 4206 1699 4266 te,
1730 4214 1840 4254 non
1881 4202 1942 4254 tu
1968 4200 2130 4271 facis.

469 4284 613 4340 Cum
642 4285 837 4357 itaque
871 4285 1267 4357 importunius
1298 4285 1620 4357 temporale
1649 4286 1931 4359 gaudium
1973 4287 2133 4344 cordi

470 4374 753 4446 subrepit,
790 4375 1139 4446 respondeat
1169 4374 1329 4430 intus
1360 4373 1697 4431 moderatus
1744 4374 1906 4449 vigor
1948 4376 2131 4433 animi

471 4463 675 4518 dolens
726 4462 795 4517 de
846 4462 1099 4517 caecitate
1149 4462 1451 4533 praesentis
1496 4463 1691 4518 saeculi
1726 4479 1739 4518 :
1777 4464 1948 4533 Quale
1992 4465 2133 4521 mihi

2246 3306 2499 3363 busdam
2538 3306 2754 3363 dicitur
2800 3321 2816 3364 :
2859 3308 3145 3365 Laetantur
3188 3324 3314 3365 cum
3355 3309 3501 3365 male
3550 3311 3805 3381 fecerint,
3857 3320 3917 3370 et

2245 3396 2524 3453 exsultant
2549 3398 2609 3453 in
2637 3395 2796 3452 rebus
2818 3398 3070 3468 pessimis
3100 3397 3283 3470 (Prov.
3314 3414 3377 3465 ιι,
3411 3397 3678 3471 14).Item
3711 3399 3915 3472 plorat

2247 3483 2482 3558 aliquis,
2515 3501 2651 3542 cum
2681 3485 2733 3542 ei
2764 3484 2985 3558 aliquid
3017 3484 3244 3543 adversi
3274 3486 3612 3561 contigerit;
3640 3505 3779 3545 cum
3808 3507 3913 3563 po-

2245 3573 2364 3630 tius
2394 3575 2770 3648 gaudendum
2801 3580 2955 3631 esset
2982 3573 3233 3648 illi,quia
3264 3592 3279 3632 :
3315 3576 3483 3646 Quem
3509 3576 3697 3650 diligit
3714 3580 3909 3637 Domi-

2244 3678 2351 3720 nus
2378 3664 2873 3736 corripit,ﬂagellat
2903 3671 3086 3720 autem
3112 3679 3325 3721 omnem
3354 3665 3537 3737 ﬁlium
3567 3682 3731 3737 quem
3760 3667 3907 3725 reci-

2240 3754 2329 3825 pit
2358 3752 2540 3823 (Hebr.
2561 3754 2779 3821 xn,16).
2801 3751 2965 3809 Unde
2993 3751 3175 3826 igitur
3202 3757 3430 3828 oportet
3456 3753 3610 3811 18³
3642 3756 3909 3828 gaudere

2246 3840 2360 3897 nisi
2390 3841 2462 3898 de
2490 3841 2753 3915 profectu
2783 3840 3058 3915 piorum?
3087 3841 3250 3899 Unde
3278 3841 3499 3899 tristari
3549 3843 3663 3900 nisi
3694 3845 3769 3901 de
3796 3845 3905 3903 de-

2243 3929 2398 3989 fectu
2446 3931 2687 3988 eorum?
2718 3931 2879 3988 Unde
2909 3930 3162 4005 gaudere
3208 3929 3323 3991 nisi
3353 3931 3424 3989 de
3468 3929 3748 3992 felicitate
3776 3951 3910 4008 pro-

2245 4018 2878 4089 missa?Unde/tristari
2910 4019 3025 4077 nisi
3047 4021 3116 4077 de
3138 4021 3603 4095 peregrinatione
3633 4022 3744 4081 hac
3775 4024 3904 4082 diu-

2242 4109 2455 4167 turne?
2486 4110 2631 4166 Leve
2659 4108 2818 4166 enim
2846 4116 2934 4166 est
2962 4110 3317 4167 desiderium
3351 4111 3572 4183 patriae,
3602 4113 3654 4169 si
3684 4113 3921 4173 desunt.

2242 4199 2476 4272 penitus
2505 4197 2772 4272 lacrymaa
2803 4197 2862 4254 in
2894 4198 3456 4272 peregrinatione;et
3483 4199 3698 4274 frigida
3720 4203 3903 4261 nimis

2239 4292 2431 4361 torpet
2475 4288 2729 4344 charitas
2778 4286 2837 4342 in
2887 4287 3080 4356 corde,
3113 4288 3164 4344 si
3215 4288 3287 4345 de
3332 4288 3594 4361 profectu
3642 4291 3903 4351 fraterno

2239 4379 2516 4452 gaudere,
2549 4380 2607 4433 et
2631 4393 2734 4450 pro
2768 4376 2996 4434 defectu
3042 4378 3228 4434 nescit
3270 4378 3628 4436 omnimodis
3657 4378 3899 4451 dolore;

2238 4467 2394 4523 unde
2422 4471 2480 4523 et
2507 4465 2878 4539 Augustinus
2909 4482 2922 4521 :
2959 4466 3102 4532 Odit,
3137 4466 3239 4535 ait,
3266 4468 3527 4540 patriam,
3557 4476 3610 4525 et
3637 4469 3800 4527 valde
3817 4474 3899 4529 vi—

471 4550 738 4642 gaudium
767 4552 994 4621 eritqui
1024 4551 1083 4605 in
1112 4552 1347 4606 tenebris
1375 4551 1548 4619 sedeo,
1582 4560 1635 4608 et
1664 4544 1851 4609 lumen
1878 4556 2001 4611 caeli
2018 4572 2125 4612 non
2160 4577 2207 4642 ι)
2241 4562 2476 4630 tuperat,
2497 4557 2596 4629 qui
2619 4559 2781 4627 putat
2803 4556 2916 4612 sibi
2946 4556 3078 4613 bene
3105 4572 3234 4625 esse,
3266 4573 3392 4613 cum
3416 4560 3827 4631 peregrinatur.

468 4637 667 4692 video?
700 4638 841 4707 (Tob.
874 4655 928 4706 ν,
959 4638 1069 4710 42).
1102 4639 1328 4695 Rursus
1361 4639 1503 4694 dum
1535 4656 1661 4696 sese
1692 4641 1932 4698 tristitia
1978 4644 2129 4700 into-

471 4723 795 4780 lerabiliter
823 4725 1252 4797 ingerit,erecta
1281 4726 1342 4782 in
1374 4743 1567 4784 arcem
1612 4729 1826 4785 mentis
1857 4736 2130 4787 constan-

468 4814 565 4870 tia
583 4814 737 4869 dicat
771 4830 783 4867 :
816 4815 948 4883 Quis
973 4831 1069 4871 nos
1098 4818 1375 4888 separabit
1404 4833 1439 4871 a
1466 4816 1734 4873 charitate
1764 4818 2001 4876 Christi?
2030 4823 2129 4879 tri-

474 4904 723 4959 bulatio?
751 4920 822 4958 an
847 4906 1140 4974 angustia?
1169 4906 1341 4976 (Rom.
1372 4921 1495 4971 VIII,
1519 4905 1634 4978 35.)

548 4992 783 5048 18.Cum
808 4991 988 5065 igitur
1010 4990 1273 5049 naturale
1292 4992 1727 5065 quodammodo
1758 4995 1835 5052 sit
1855 4999 2128 5056 omnibus

2312 4645 2505 4702 19.Est
2531 4644 2707 4701 etiam
2739 4643 2854 4700 alia
2887 4661 3001 4700 non
3029 4644 3247 4704 usitata
3278 4646 3515 4719 quidem
3548 4647 3774 4715 multis,
3795 4652 3900 4708 sed

2237 4737 2434 4790 tamen
2460 4732 2785 4789 Dominicis
2814 4733 3095 4789 mandata
3117 4734 3421 4807 praeceptis
3442 4751 3620 4792 causa
3638 4737 3898 4797 exsulta-

2238 4820 2811 4879 tionis.Enumeratis
2826 4821 3178 4894 quibusdam
3197 4823 3413 4896 quippe
3429 4825 3744 4883 adventum
3766 4829 3899 4899 ejus

2240 4912 2701 4985 praecedentibus
2732 4910 3029 4984 signis,ait
3058 4911 3366 4986 discipulis
3391 4930 3404 4971 :
3432 4915 3536 4972 His
3561 4919 3751 4972 autem
3769 4917 3901 4988 ﬁeri

2238 5002 2646 5073 incipientibus,
2679 5001 2943 5072 respicite,
2995 5010 3048 5057 et
3095 5002 3265 5059 levate
3311 5005 3494 5076 capita
3536 5009 3719 5061 vestra
3759 5022 3895 5078 quo-

476 5081 665 5154 magis
696 5081 832 5137 ﬂere
862 5098 1040 5153 quam
1074 5080 1280 5148 ridere,
1315 5080 1604 5154 siquidem
1656 5100 1691 5139 a
1738 5084 1873 5143 ﬂetu
1925 5105 2128 5146 omnes
2235 5092 2392 5146 uiam
2419 5091 2820 5163 appropinquat
2864 5089 3161 5164 redemptio
3209 5096 3388 5150 vestra
3431 5093 3581 5167 (Luc.
3625 5111 3745 5164 xxx,
3780 5096 3892 5165 18);

470 5170 740 5225 videmus
771 5170 1062 5225 nascendo
1094 5168 1379 5241 incipere;
1412 5170 1776 5229 convincitur
1807 5173 1994 5249 legem
2025 5195 2127 5234 na-

471 5262 616 5314 tura:
648 5259 942 5328 excedere,
972 5259 1073 5331 qui
1105 5258 1445 5316 dissolutior
1474 5259 1533 5317 in
1564 5260 1805 5321 ridendo
1849 5266 2125 5338 existens,

545 5399 784 5477 (374)_ld
816 5402 1089 5477 est_d_e_S.
1124 5403 1531 5477 Benedicto,de
1555 5422 1677 5477 quo
1723 5423 1863 5463 sane
1894 5408 1953 5464 S.
1988 5408 2125 5466 Gre-

473 5470 675 5554 gorius
705 5470 805 5527 lib.
840 5490 879 5554 1i
909 5473 1129 5548 Dialog.
1165 5476 1329 5554 initio
1360 5470 1596 5554 scripsit
1626 5495 1640 5535 :
1674 5479 1909 5536 Recessit
1952 5481 2129 5550 igitur

470 5546 707 5620 scienter
721 5547 960 5620 nescius,
983 5554 1033 5603 et
1045 5546 1330 5620 sapienter
1360 5546 1626 5605 inda—ctus.

546 5613 693 5697 (3‘75)
721 5614 918 5692 Vulg.,
949 5618 1082 5677 audi
1109 5613 1206 5693 ait,
1248 5624 1305 5679 et
1348 5636 1419 5679 ne
1458 5619 1774 5684 insolescas.
1807 5622 2123 5684 Correctio-

2238 5179 2407 5251 quasi
2436 5178 2678 5235 dixisset
2708 5196 2722 5235 :
2754 5179 2908 5235 Dum
2938 5180 3189 5238 transire
3237 5198 3307 5239 ea
3352 5199 3479 5255 quae
3527 5200 3643 5240 non
3678 5185 3897 5242 amatis

2237 5267 2493 5335 cernitis,
2499 5283 2677 5342 prope
2698 5267 2841 5325 illud
2874 5268 3076 5328 scitote
3092 5288 3220 5330 esse
3241 5272 3396 5345 quod
3422 5271 3719 5332 inhianter
3738 5291 3895 5348 quaa-

2235 5427 2470 5490 Περι-ᾳ
2483 5414 2769 5490 contextu
2794 5429 2862 5468 ac
2891 5429 3069 5490 sensu
3090 5430 3272 5490 nemo
3300 5414 3675 5490 improbabit.

2306 5484 2454 5627 (376)
2483 5482 2682 5556 Vulg.,
2713 5493 2893 5541 tamen
2920 5486 2990 5557 si,
3021 5487 3224 5544 minus
3254 5482 3421 5545 bené.

2306 5555 2430 5627 (377
2501 5554 2561 5611 Id
2611 5559 2700 5627 est
2750 5558 2847 5627 qui
2883 5558 3051 5627 paulo
3094 5575 3267 5627 supra
3310 5560 3421 5627 dep:

2304 5554 2454 5639 £377)
2490 5554 2700 5639 μίξει
2750 5558 2847 5639 Qui
2883 5554 3282 5639 Ραῇιοδαρνα.
3310 5560 3675 5639 deprompsit;
3716 5562 3890 5637 cuius

2232 5625 2457 5688 scilicet
2485 5625 2898 5699 testimonium
2923 5629 3122 5691 attulit
3146 5625 3322 5707 paulo
3346 5625 3501 5692 a'nte.
