4054 6400
498 370 618 430 335

1419 364 1798 430 RATHERII
1842 361 2088 425 EPISC.
2132 360 2422 424 VERON.
2469 359 2642 423 OPP.
2685 360 2891 422 PARS
2935 360 2985 421 Ι.

3736 436 3743 440 _
3797 355 3917 425 336

496 502 716 559 calcem
745 502 1064 575 perducere
1088 500 1283 558 valeas
1304 500 1564 575 [subaudi
1591 498 1723 569 iter]
1754 496 1985 570 optima:
2015 513 2143 569 per-
2172 498 2229 564 Α
2259 511 2373 551 non
2407 498 2496 550 est
2527 511 2808 550 numerus
2830 494 3001 567 (Psat.
3025 509 3145 561 CIII,
3164 492 3280 565 25),
3304 490 3502 548 navim
3523 490 3718 547 adhuc
3749 493 3915 546 tuam

498 591 783 648 fectionis.
816 591 1123 648 Incassum
1168 591 1383 664 quippe
1426 593 1549 645 tam
1596 602 1898 643 summum
1930 585 2152 642 bonum

494 679 798 753 incipitur,
822 680 872 736 si
905 684 1040 737 ante
1072 681 1248 735 ﬁnem
1271 679 1603 745 deseratur;
1639 692 1744 732 nec
1775 675 1835 731 in
1868 674 2155 732 sacriﬁcio

495 769 730 824 Domini
759 772 997 838 accepto.
1025 772 1114 825 est
1141 767 1363 835 hostia,
1381 766 1430 822 si
1474 765 1723 822 defuerit
1751 765 1941 821 cauda
1964 764 2152 837 (Levit.

500 875 587 926 111,
609 858 685 930 εδ).
709 857 925 913 Tacitis
946 858 1121 914 etiam
1144 856 1390 912 fratrum
1422 853 1807 921 indumentis,
1829 852 2044 926 Joseph
2069 855 2160 908 tu-

505 945 639 1002 nica
684 945 966 1019 polymita
1003 945 1250 1000 refertur
1278 948 1335 1001 et
1368 943 1573 1000 talaris
1604 943 1757 1013 (Gen.
1782 959 1994 1010 xxxvn,
2026 941 2116 1013 23)
2142 958 2156 997 :

507 1034 789 1108 polymita
817 1037 1051 1107 propter
1077 1033 1498 1099 diversitatem,
1526 1031 1728 1089 talaria
1761 1036 1996 1104 propter
2023 1046 2159 1086 con-

512 1122 985 1179 summationem.
1010 1122 1233 1189 Quibus
1265 1121 1470 1178 contra
1497 1120 1787 1194 Propheta
1815 1119 2014 1193 impiis
2045 1120 2161 1177 im-

510 1211 801 1284 precando
829 1229 842 1267 :
866 1213 1048 1280 Fiant,
1080 1210 1294 1284 inquit,
1324 1211 1469 1267 sicut
1495 1212 1686 1282 fenum
1713 1208 2160 1282 tectorum(Psal.

514 1316 742 1370 CXXVIII,
773 1300 830 1373 6)
868 1317 881 1356 :
914 1299 1146 1372 illeque,
1172 1299 1273 1371 qui
1311 1299 1717 1356 laborantibus
1747 1299 1818 1354 ad
1855 1313 2164 1371 vesperum

508 1388 818 1455 denarium
844 1389 1085 1445 reddere
1109 1388 1543 1457 consuevi'tzQui
1555 1389 1979 1460 perseveraverit
1996 1402 2167 1459 usque

510 1480 570 1534 in
602 1478 786 1549 ﬁnem,
811 1479 901 1532 hic
928 1478 1112 1533 salvus
1142 1479 1250 1533 erit
1276 1477 1487 1550 (Matth.
1511 1495 1567 1546 x,
1589 1478 1701 1544 21).
1729 1468 2002 1546 Milleque
2032 1475 2167 1530 hinc

515 1570 830 1622 occurrunt
858 1566 1217 1634 testimonia,
1246 1567 1461 1638 quibus
1510 1568 1871 1621 monstratUr
1919 1564 2001 1619 nil
2030 1564 2166 1620 boni

509 1653 704 1724 valere
734 1654 922 1719 initia,
949 1654 997 1709 si
1030 1654 1183 1710 desit
1212 1654 1487 1727 perfectio
1519 1659 1739 1710 sancta.
1765 1652 2170 1709 Commonefa—

517 1743 631 1799 ciat
654 1742 853 1814 itaque
884 1744 954 1799 ad
980 1756 1216 1805 summa
1245 1744 1523 1800 nitentem
1554 1744 1819 1799 animum
1850 1742 2170 1799 similitudo

517 1831 618 1887 illa
669 1831 922 1903 Domini,
956 1849 1135 1904 quam
1190 1832 1450 1905 protulit,
1486 1838 1551 1887 ut
1608 1832 1668 1887 in
1718 1833 1911 1889 verbis
1958 1832 2171 1905 legitur

510 1921 813 1994 Evangelii
852 1939 864 1977 :
898 1923 1029 1992 Quis
1070 1924 1239 1991 enim,
1271 1920 1561 1994 inquiens,
1584 1922 1765 1977 valens
1793 1923 1994 1976 turrim
2031 1921 2166 1979 mdi-

518 2013 703 2082 ﬁcare,
734 2027 845 2067 non
870 2011 1057 2068 sedens
1079 2013 1240 2084 prius
1268 2014 1541 2083 computat
1581 2019 1830 2083 sumptus
1862 2012 1956 2083 qui
1982 2027 2169 2067 neces-

519 2101 661 2156 sarii
686 2108 835 2167 sunt,
856 2102 906 2156 si
935 2101 1092 2156 habet
1123 2101 1193 2155 ad
1218 2100 1649 2172 perﬁciendum?
1668 2117 1738 2154 ne
1763 2102 1904 2170 forte
1931 2116 2055 2155 cum
2080 2116 2172 2171 po-

510 2190 691 2244 suerit
718 2188 1160 2262 fundamentum,
1192 2196 1244 2245 et
1270 2204 1381 2245 non
1413 2190 1652 2260 potuerit
1680 2190 1956 2260 perﬁcere,
1988 2205 2171 2245 omnes

519 2279 615 2350 qui
641 2277 893 2343 viderint,
926 2279 1201 2350 incipiant
1242 2277 1476 2333 illudere
1516 2279 1569 2333 ei
1609 2278 1846 2333 dicentes
1876 2295 1894 2331 :
1925 2280 2056 2350 quia
2084 2278 2174 2335 hic

518 2367 675 2423 homo
703 2368 866 2438 cwpit
884 2367 1180 2438 aediﬁcare,
1200 2371 1250 2422 et
1279 2383 1390 2422 non.
1415 2368 1598 2437 potuit
1623 2382 2000 2423 consummare
2019 2368 2170 2439 (Luc.

517 2473 633 2523 xxv,
657 2455 770 2527 28).
797 2455 958 2519 Quod
978 2458 1167 2510 totum
1194 2456 1325 2511 ideo
1348 2459 1577 2511 constat
1606 2454 1920 2527 prolatum,
1938 2461 2003 2512 ut
2020 2456 2172 2514 scias

517 2544 886 2600 commodius
917 2559 1065 2610 esse,
1100 2542 1423 2615 quemlibet
1451 2544 1511 2598 in
1543 2544 1678 2600 imis
1709 2561 1836 2600 sese
1870 2544 2175 2601 humiliter

517 2631 921 2704 comprimere,
953 2648 1132 2703 quam
1160 2631 1491 2687 inconsulte
1528 2649 1762 2688 summa
1790 2637 2033 2705 tentare,
2067 2649 2173 2690 nec

518 2719 915 2793 adipiscendo,
946 2722 1269 2776 verecunde
1314 2721 1578 2789 deﬁcere,
1622 2721 2048 2794 spectatoribus
2077 2738 2172 2778 oc-

518 2809 815 2866 casionem
859 2808 1146 2865 irrisionis
1190 2810 1462 2881 praebere.
1496 2810 1567 2864 Et
1597 2809 1832 2881 quidem
1865 2810 2171 2882 providen-

518 2896 665 2954 dum
695 2913 1087 2970 summopere,
1110 2914 1201 2965 ne,
1226 2898 1369 2953 dum
1398 2915 1432 2953 a
1454 2897 1624 2953 bonis
1655 2897 2067 2955 communibus
2099 2900 2170 2955 ad

520 3004 607 3055 ea,
630 3004 758 3059 quas
780 2985 1101 3042 multorum
1123 2986 1274 3042 vires
1307 2991 1604 3059 superant,
1630 2987 1951 3060 improvide
1983 2988 2172 3060 quivis

518 3076 749 3142 nititur,
774 3091 881 3130 nec
924 3075 1347 3147 perseverando
1377 3076 1448 3131 ad
1500 3074 1557 3129 id
1605 3075 1865 3148 pervenit
1895 3078 2047 3148 quod
2084 3060 2170 3131 in-

519 3164 781 3220 choando
811 3168 1078 3232 conatur,
1100 3163 1399 3237 contingat
1421 3163 1503 3219 illi
1527 3164 1681 3236 quod
1711 3164 1769 3220 in
1790 3164 1898 3220 Job
1918 3165 2166 3238 legitur:

2262 600 2389 640 esse
2410 583 2808 651 considerans,
2829 581 3075 640 sollicite
3095 583 3679 654 draconem,moneo,
3693 583 3916 638 caveto.

2264 672 2452 730 Illude
2476 673 2549 742 ei,
2572 676 2888 746 antequam
2908 671 3036 746 ipse
3057 671 3185 728 tibi.
3210 670 3499 744 Regulum
3521 669 3603 745 [id
3618 674 3704 727 est
3722 668 3923 726 basili-

2265 768 2450 831 scum]
2483 761 2542 818 in
2573 762 2701 835 ipso
2743 762 2870 818 visu
2913 760 3257 819 intentionis
3290 761 3552 817 observa.
3583 758 3738 815 Scito
3792 759 3923 830 ejus

2266 856 2535 907 naturam
2567 868 2718 919 esse,
2740 855 2807 906 ut
2835 867 2972 907 cum
3001 851 3162 924 prior
3187 849 3485 907 hominem
3510 849 3719 906 videns
3747 848 3925 904 inter-

2268 940 2444 1009 ficiat,
2479 940 2604 1014 ipse
2634 955 2866 1013 quoque
2894 940 3023 997 visu
3054 938 3312 997 hominis
3346 943 3674 1013 praeventus
3704 937 3927 994 interﬁ-

2269 1028 2475 1083 ciatur.
2500 1023 2787 1102 Linguam
2828 1045 3061 1102 quoque
3102 1028 3345 1102 vipereae
3374 1026 3776 1102 suggestionis
3807 1024 3924 1082 sol-

2270 1115 2427 1173 licite
2454 1117 2725 1189 praevide,
2737 1122 2794 1173 et
2819 1133 3068 1191 surgens
3089 1133 3333 1190 pravum
3352 1133 3500 1189 opus
3525 1114 3813 1189 aspidalis
3842 1115 3927 1171 in-

2266 1206 2601 1263 choationis
2615 1206 2836 1263 valebis
2857 1212 3354 1279 necare.Gumque
3376 1196 3635 1263 hominis
3662 1206 3925 1279 primam

2270 1295 2524 1352 frontem
2573 1295 2989 1353 monstraveris
3035 1295 3094 1351 in
3144 1295 3431 1368 principio
3478 1297 3690 1369 operis,
3724 1299 3927 1370 satage

2273 1401 2346 1441 ne
2376 1384 2436 1439 in
2464 1385 2714 1442 bestiam
2745 1384 3020 1443 desinens
3062 1384 3478 1443 irrationabilis
3509 1384 3925 1454 exsecutionis,

2276 1478 2540 1529 monstro
2562 1474 3001 1531 monoccntauri
3026 1473 3265 1530 noteris.
3283 1473 3805 1547 Congregationem
3828 1475 3932 1549 hy-

2276 1562 2510 1633 pocrita:
2556 1562 2811 1619 sterilem
2861 1580 2997 1620 cave
3048 1564 3163 1636 (Job
3193 1580 3285 1631 xv,
3306 1564 3424 1632 24).
3449 1563 3746 1638 Scriptum
3795 1568 3933 1620 ante

2262 1650 2458 1706 solem
2491 1652 2638 1722 (380)
2680 1653 3018 1709 humeetum
3073 1652 3132 1707 in
3176 1656 3307 1709 ortu
3351 1653 3479 1725 ejus
3506 1653 3628 1723 (Job
3656 1669 3782 1721 vm,
3818 1653 3933 1725 16),

2278 1744 2538 1796 arentem
2588 1741 2796 1797 devita.
2832 1742 3132 1797 Fecundas
3180 1741 3438 1813 quidem,
3485 1743 3587 1797 sed
3632 1741 3935 1815 neglectas

2277 1829 2421 1885 vites
2472 1831 2740 1903 eonspice
2772 1849 2804 1887 a
2834 1831 3038 1888 bestiis
3086 1835 3142 1886 et
3187 1830 3519 1887 volatilibus
3562 1830 3937 1887 voluntarius

2278 1918 2607 1975 conculcari
2645 1936 2820 1992 quam
2853 1919 3100 1976 steriles.
3125 1921 3363 1975 Terram
3394 1920 3625 1977 duabus
3667 1938 3740 1977 ne
3788 1920 3937 1978 velis

2266 2008 2506 2081 ingredi
2530 2008 2638 2064 viis
2670 2008 2856 2080 (Eceli.
2881 2026 2965 2077 III,
2991 2012 3107 2077 28),
3128 2008 3270 2063 dum
3300 2013 3357 2064 et
3385 2009 3537 2065 bona
3585 2010 3681 2066 Dei
3732 2022 3937 2067 amore

2280 2097 2444 2164 facis,
2469 2103 2527 2153 et
2557 2096 2782 2169 placere
2822 2096 3161 2153 hominibus
3209 2096 3417 2154 exinde
3445 2098 3630 2170 cupis.
3664 2098 3937 2156 Thesau-

2279 2202 2410 2240 rum
2443 2185 2674 2258 publice
2702 2185 2763 2241 in
2791 2185 2886 2244 via
2916 2203 2987 2242 ne
3027 2186 3200 2257 feras,
3229 2203 3302 2243 ne
3351 2205 3383 2243 τι
3427 2186 3798 2257 latrunculis,
3832 2188 3937 2261 qui

2277 2275 2431 2330 viam
2474 2276 2762 2344 obsident,
2796 2276 3268 2347 depraedantibus
3307 2277 3539 2349 perdas.
3569 2277 3827 2334 Ventum
3863 2294 3939 2335 ne

2280 2368 2479 2436 captes
2500 2364 2757 2433 inanem,
2784 2365 2935 2420 unde
2962 2369 3235 2421 aeternam
3259 2366 3435 2421 debes
3465 2366 3761 2439 percipere
3782 2383 3942 2423 mer-

2281 2454 2501 2508 cedem.
2536 2454 2689 2509 Inter
2717 2454 2915 2510 omnia
2962 2453 3117 2510 enim
3168 2453 3534 2511 milleformis
3565 2459 3622 2511 et
3648 2456 3942 2513 tortuosis

2282 2542 2526 2597 ﬂexibus
2547 2542 3052 2598 innumerabiliter
3070 2543 3287 2599 sinuati
3305 2544 3589 2618 serpentis
3609 2561 3826 2617 genera
3849 2564 3942 2602 as-

2280 2635 2343 2686 tu
2352 2631 2388 2686 ti
2397 2631 2820 2700 arum,cautius
2833 2632 3257 2689 observandum
3272 2633 3498 2689 noveris
3515 2632 3939 2707 nullumquam

2279 2717 2483 2774 vitium
2508 2720 2833 2775 cenodoxiae
2864 2720 3210 2792 pessimum.
3232 2721 3350 2777 Hoc
3373 2722 3529 2777 enim
3561 2721 3645 2778 ita
3664 2722 3939 2780 subtilis-

2281 2808 2430 2864 sime
2460 2808 2520 2863 in
2552 2813 2887 2865 sanctorum
2919 2809 3105 2865 utitur
3145 2811 3591 2884 expugnatione,
3625 2815 3690 2867 ut
3720 2812 3839 2868 nisi
3871 2830 3937 2869 se

2280 2898 2536 2953 caverint
2563 2897 3033 2970 vigilantissime,
3064 2902 3120 2954 et
3158 2897 3559 2956 latrocinantis
3590 2898 3777 2970 dolos,
3814 2918 3935 2958 non

2279 2986 2408 3042 dico
2441 2987 2498 3040 in
2529 2987 2870 3055 intentione,
2898 2991 2953 3045 et
2974 2988 3032 3043 in
3058 2988 3396 3046 omnimodo
3417 2987 3660 3045 actionis
3689 3006 3938 3064 corpore

2279 3076 2517 3148 provide
2573 3076 2900 3132 curaverint
2954 3077 3405 3150 deprehendere,
3465 3077 3782 3152 improvise
3830 3097 3937 3138 eos

2278 3165 2633 3237 percutiens,
2659 3165 2917 3236 [subaudi
2945 3165 3112 3238 solet]
3155 3167 3391 3240 gravius
3418 3167 3546 3241 ipsa
3579 3167 3794 3225 virtute
3824 3169 3936 3225 de-

518 3255 660 3322 Quia
697 3268 879 3310 omnes
923 3254 1021 3324 qui
1061 3270 1187 3308 eum
1231 3233 1488 3320 viderint,
1531 3233 1729 3319 dicent,
1762 3254 1861 3309 ubi
1888 3233 2004 3309 est;
2031 3255 2164 3325 (Job.
2197 3233 2242 3303 (ἶ
2273 3233 2473 3325 ,ἶίερῐ-θ,
2495 3233 2675 3327 quam
2701 3254 2886 3310 soleat
2906 3255 3062 3311 vitiis
3083 3233 3480 3329 supplantare.
3501 3257 3665 3312 Tunc
3685 3257 3933 3314 demum

512 3359 704 3409 xxxvr,
726 3340 1137 3409 25.)Videlicet
1167 3342 1304 3413 quia
1354 3358 1459 3397 nec
1513 3341 1627 3407 hic,
1653 3342 1749 3397 ubi
1784 3344 2173 3401 communiter

516 3447 649 3487 cum
693 3428 913 3485 caeteris
961 3430 1108 3485 bene
1159 3429 1368 3495 valere,
1400 3446 1508 3485 nec
1556 3429 1674 3484 illic
1723 3430 2035 3500 invenitur,
2070 3433 2172 3488 ubi

512 3517 880 3574 transcensis
909 3516 1042 3573 aliis
1091 3517 1472 3591 singulariter
1498 3517 1661 3573 visus
1708 3523 1797 3575 est
1843 3520 2168 3579 festinasse.

512 3606 863 3679 Multiplices
910 3605 1063 3662 inter
1092 3606 1217 3662 haec
1262 3605 1625 3679 subtilesque
1655 3607 1904 3663 nimium
1956 3609 2171 3667 diaboli

512 3696 760 3752 insidias
790 3694 1059 3750 convenit
1111 3694 1487 3763 considerari,
1522 3696 1798 3752 invidiam
1834 3698 1961 3770 ejus
1991 3701 2173 3755 maxi-

516 3800 698 3851 mam,
733 3783 1000 3855 hancque
1032 3782 1210 3838 veluti
1260 3783 1491 3856 proprie
1531 3783 1649 3840 illis
1678 3784 1995 3856 intendere,
2025 3805 2173 3860 quos

519 3876 592 3929 ad
625 3871 971 3928 sublimiora
998 3871 1208 3927 viderit
1247 3872 1541 3929 festinare.
1564 3878 1633 3929 Se
1659 3874 1815 3930 enim
1840 3876 2041 3932 videns
2073 3878 2171 3934 de-

519 3962 755 4034 lapsum
788 3960 858 4015 ad
890 3960 1029 4029 ima,
1054 3959 1207 4015 dolet
1236 3960 1631 4030 indicibiliter,
1655 3964 1886 4034 quando
1915 3964 2172 4037 aliquem

523 4049 689 4108 evehi
719 4049 1048 4106 considerat
1073 4050 1142 4104 ad
1176 4065 1407 4121 supera.
1436 4049 1647 4107 Tribus
1678 4053 1893 4126 quippe
1923 4055 2172 4112 obsidio-

523 4156 668 4197 num
696 4139 1008 4212 generibus
1034 4137 1244 4194 borum
1267 4156 1748 4213 unumquemque
1771 4143 2030 4214 quotidie
2054 4162 2170 4201 non

521 4234 714 4286 cessat
742 4228 976 4296 vallare,
1002 4228 1061 4282 in
1100 4226 1267 4284 initio
1316 4228 1542 4284 scilicet
1592 4229 1955 4299 intentionis,
1985 4232 2044 4289 in
2077 4234 2170 4290 iti-

521 4335 659 4375 nere
690 4317 956 4385 actionis,
991 4316 1050 4372 in
1086 4317 1202 4372 ﬁne
1229 4318 1775 4376 consummationis.

586 4410 678 4462 22.
699 4406 779 4461 De
800 4404 893 4461 his
914 4405 1101 4460 tribus
1123 4404 1171 4459 si
1201 4423 1303 4477 per
1332 4407 1566 4479 singula
1594 4407 1825 4480 plenius
1846 4410 2012 4483 cupis
2033 4413 2169 4470 edo-

518 4495 656 4560 ceri,
680 4493 861 4549 habes
891 4509 958 4547 ea
989 4492 1492 4551 sufﬁeientissime
1524 4495 1583 4550 in
1619 4497 1936 4556 Moralibus
1953 4501 2168 4575 Grego-

2277 3342 2539 3416 linguam
2570 3343 2759 3417 ipsam
2785 3348 2945 3399 tuam
2979 3344 3438 3417 prudentissime
3467 3345 3773 3419 restringe.
3800 3347 3937 3404 Hinc

2276 3433 2457 3501 enim,
2481 3437 2628 3489 teste
2657 3433 3002 3506 Augustino,
3038 3434 3099 3489 in
3129 3438 3357 3490 tantum
3391 3433 3598 3504 facilis,
3626 3440 3685 3490 et
3712 3435 3936 3505 labilis,

2277 3527 2337 3579 et
2368 3525 2439 3579 ad
2471 3523 2860 3592 dejiciendum
2891 3540 2960 3580 ex
2989 3540 3119 3581 arce
3148 3524 3409 3579 animum
3443 3528 3533 3581 est
3572 3523 3848 3597 proclivis
3878 3531 3941 3583 et.

2279 3612 2684 3679 efﬁcabilis,ut
2714 3628 2865 3684 saepe
2896 3613 3213 3686 contingat,
3238 3616 3303 3669 ut
3323 3613 3479 3685 quod
3503 3628 3671 3670 mens
3700 3631 3819 3671 non
3841 3632 3939 3672 co-

2281 3701 2447 3774 gitat,
2476 3700 2604 3772 ipsa
2632 3700 2908 3773 loquendi
2958 3700 3233 3757 facilitate
3280 3700 3561 3758 incurrat.
3588 3702 3655 3758 Et
3685 3720 3758 3759 ne
3810 3701 3938 3763 l‘eve

2282 3795 2552 3846 autumes
2573 3790 2629 3844 in
2659 3790 2831 3845 verbo
2857 3789 2973 3845 labi
3002 3807 3173 3863 saepe,
3197 3791 3355 3860 audi,
3378 3791 3631 3848 Jacobus
3653 3792 3792 3864 quid
3824 3793 3940 3850 tibi

2282 3880 2435 3935 dicat
2466 3878 2765 3952 apostolus
2795 3880 3121 3952 praecipue:
3146 3879 3207 3935 Si
3234 3882 3358 3953 quis
3398 3896 3456 3937 se
3496 3888 3657 3954 putat
3701 3883 3938 3952 religio-

2276 3972 2402 4026 sum
2430 3985 2538 4026 esse
2568 3983 2681 4024 non
2730 3973 3015 4040 refrenans
3044 3971 3295 4039 tinguant
3323 3987 3501 4039 suam,
3533 3971 3627 4026 sed
3672 3972 3938 4031 sedamen:

2278 4075 2372 4115 cor
2396 4076 2576 4125 suum,
2609 4058 2773 4131 hujus
2807 4075 2951 4114 vana
2997 4066 3076 4114 est
3110 4061 3308 4129 religio
3340 4059 3469 4132 (Jac.
3506 4078 3542 4127 ι,
3573 4061 3685 4129 26).
3721 4061 3795 4118 Et
3825 4063 3934 4118 ali-

2278 4149 2333 4204 bi
2372 4167 2384 4206 :
2420 4150 2631 4220 Lingua
2677 4150 2982 4220 inquietum
3031 4149 3263 4220 malum,
3289 4150 3457 4221 plena
3492 4165 3696 4205 veneno
3735 4154 3936 4208 marti-

2276 4241 2394 4312 fero
2422 4239 2557 4311 (Jac.
2586 4254 2672 4304 ιιι,
2701 4239 2777 4306 8).
2812 4239 3070 4310 Itemque
3103 4253 3116 4292 :
3156 4239 3295 4294 Mors
3325 4246 3374 4294 et
3402 4240 3518 4295 vita
3566 4240 3628 4295 in
3667 4244 3934 4299 manibus

2276 4329 2489 4397 linguae
2515 4329 2700 4397 (Prov.
2731 4344 2886 4395 xvm,
2917 4327 3026 4400 2|).
3063 4326 3436 4400 Rursumque
3468 4330 3551 4385 :In
3576 4330 3933 4403 multiloquio

2270 4420 2553 4489 peccatum
2598 4432 2709 4472 non
2747 4415 2917 4471 deerit
2948 4418 3130 4486 (Prov.
3157 4432 3214 4488 Χ,
3250 4417 3358 4489 19).
3396 4416 3757 4491 Pulchreque
3796 4421 3931 4493 qui-

2242 4570 2245 4573 ,
2275 4507 2412 4562 dam
2457 4510 2791 4563 nostrorum
2840 4506 3069 4563 duobus
3119 4506 3411 4580 adjunctis
3442 4506 3588 4580 (381)
3622 4523 3636 4562 :
3667 4507 3933 4565 Nullate-

518 4582 788 4676 rii_.Quod
813 4581 859 4635 si
883 4582 1281 4676 obstinatomt
1300 4584 2061 4657 optamus,animo,dietum
2086 4609 2169 4648 re-
2193 4609 2243 4676 D
2277 4613 2409 4665 nus,
2439 4596 2538 4665 ait,
2563 4595 2696 4669 quis
2743 4594 2951 4651 salvari
2985 4597 3283 4669 putandus
3313 4601 3422 4666 est,
3456 4597 3718 4670 quandiu
3770 4597 3931 4656 inor-

519 4668 839 4758 Πιίῐιίεοθηξ
865 4685 878 4722 ε
904 4670 1011 4736 Qui
1030 4669 1275 4726 οὺδενυαί
1293 4675 1493 4733 υϐηΐοδς
1518 4688 1628 4726 non
1648 4674 1801 4729 186
1822 4678 2089 4745 seminat;
2115 4686 2166 4736 et
2193 4668 2236 4676 ”
2274 4684 2490 4741 dinatis
2522 4668 2785 4740 moribus
2808 4668 3119 4754 adhaerere,
3144 4668 3520 4758 supervacuis
3548 4686 3741 4743 verbis
3770 4687 3930 4745 dele-

512 4760 615 4831 gui
640 4755 945 4813 considerat
973 4758 1141 4812 nubes
1167 4774 1278 4813 non
1304 4761 1459 4814 metit
1489 4761 1680 4833 (Eccte.
1714 4779 1792 4829 x1,
1827 4765 1909 4832 1i);
1956 4765 2162 4839 hujus-

516 4846 676 4904 modi
698 4843 857 4901 adire
875 4843 1168 4901 luctamen
1200 4845 1501 4904 interritus
1521 4847 1846 4920 desideras;
1872 4869 2007 4911 cave
2029 4862 2162 4915 ante

515 4936 734 5005 omnia,
757 4951 829 4990 ne
851 4933 990 5006 quid
1012 4939 1330 5002 terrenum,
1352 4951 1421 4989 ne
1441 4936 1582 5007 quid
1605 4937 1900 5009 saeculare,
1924 4960 1994 4998 ne
2019 4947 2159 5018 quid

512 5024 758 5082 bestiale
780 5023 837 5077 in
862 5030 963 5080 tuo
988 5022 1239 5079 resideat
1260 5025 1429 5079 corde
1455 5040 1467 5080 :
1491 5026 1671 5081 Bestia
1690 5029 1838 5084 enim
1856 5033 1909 5085 si
1926 5035 2162 5105 tetigerit

509 5118 770 5181 montem,
795 5112 1136 5184 lapidabitur
1154 5112 1355 5180 (Exod.
1375 5130 1487 5180 xxx,
1509 5115 1618 5184 12).
1642 5115 1779 5174 Inde
1806 5117 1909 5175 hoc
1930 5121 1988 5176 in
2011 5125 2158 5179 mari

510 5221 724 5278 magno
773 5207 831 5259 et
877 5201 1154 5274 spatioso,
1188 5201 1246 5256 in
1278 5219 1393 5273 quo
1440 5208 1579 5260 sunt
1625 5206 1871 5279 reptilia,
1904 5228 2189 5290 quorum,

581 5309 727 5379 (380)
749 5308 982 5382 vulgati
1035 5306 1189 5362 mala
1241 5309 1707 5382 interpunctione
1758 5319 1816 5370 et
1874 5320 2157 5378 mendosa

508 5381 751 5453 lectione
784 5380 1075 5435 habebant
1103 5396 1232 5436 cavo
1278 5380 1538 5453 scriptum
1581 5393 1708 5441 ante
1751 5388 1937 5443 solem.
1972 5391 2156 5447 Inter-

500 5452 905 5526 punctionem,
929 5458 985 5507 et
1013 5469 1228 5521 veram,
1272 5453 1330 5526 ni
1383 5452 1694 5526 credimus,
1727 5455 2032 5517 lectionem
2065 5481 2154 5520 re-

506 5522 830 5597 stituimus,
856 5540 1032 5597 quam
1067 5525 1406 5597 comprobat
1426 5525 1588 5583 locus
1606 5522 1737 5596 Job,
1763 5529 1856 5585 cui
1889 5531 1984 5587 hic
2013 5533 2157 5591 allu-

507 5596 683 5652 ditur.
742 5596 1005 5675 Nunquid
1055 5596 1241 5675 virere
1262 5668 1275 5675 _
1298 5601 1469 5675 potest
1524 5600 1736 5675 scirpus
1792 5601 1996 5675 absque
2050 5607 2153 5663 hu-

502 5683 748 5732 more...
769 5707 784 5729 .
807 5710 819 5726 .
843 5668 1134 5730 Humectus
1183 5668 1418 5742 videtur,
1460 5668 1759 5748 antequam
1807 5668 1993 5734 veniat
2049 5681 2150 5752 set,

2273 4776 2411 4831 ctari
2423 4817 2435 4841 ,
2450 4773 2804 4830 turbulentis
2822 4773 3276 4848 cogitationibus
3294 4793 3408 4832 non
3423 4776 3595 4832 timet
3609 4777 3927 4836 devastari.

2271 4864 2386 4920 Deo
2418 4868 2611 4920 autem
2656 4863 2893 4936 gratias.
2930 4865 3071 4921 Ecce
3097 4865 3252 4920 enim
3285 4865 3478 4922 subito
3525 4868 3582 4922 et
3627 4864 3809 4922 veluti
3857 4884 3929 4923 ex

2270 4952 2584 5025 improviso
2616 4953 2756 5007 dum
2788 4953 3054 5008 cavendis
3102 4954 3282 5010 istum
3312 4953 3685 5028 loquacitatis
3733 4956 3928 5028 gratia

2268 5043 2325 5097 in
2363 5042 2760 5097 testimonium
2787 5042 2971 5099 aseire
2991 5044 3137 5099 187
3175 5044 3394 5115 studui,
3419 5047 3608 5100 totum
3638 5060 3790 5117 pene
3819 5061 3923 5101 ne-

2267 5132 2512 5205 gotium,
2548 5132 2703 5203 quod
2746 5131 2946 5187 multis
2993 5133 3300 5189 verborum
3351 5133 3796 5190 circuitionibus
3826 5134 3923 5191 vix

2267 5238 2439 5294 posse
2461 5225 2797 5294 putaveram
2819 5220 3095 5293 expediri.
3119 5222 3359 5279 confeci.
3376 5223 3478 5280 Vis
3499 5223 3656 5279 enim
3678 5221 3919 5291 salvari,

2264 5337 2315 5385 et
2340 5329 2397 5404 in
2428 5336 2547 5385 ortu
2575 5343 2672 5404 suo
2709 5343 2929 5404 germen
2954 5329 3280 5401 egredietur.
3314 5319 3555 5404 Scirpus
3602 5328 3920 5387 humectus

2266 5404 2354 5457 est
2371 5402 2587 5470 juncus
2620 5400 2921 5470 humidus.
2990 5400 2995 5401 ⁷
3342 5408 3351 5419 ’

2335 5466 2483 5557 (Sitti)
2512 5466 2728 5557 Duobus
2765 5472 3038 5557 adjunctis
3063 5472 3275 5557 inquit,
3307 5475 3446 5546 quia
3498 5490 3751 5557 sequens
3781 5490 3918 5557 sen-

2262 5545 2449 5621 tentia
2467 5543 2591 5621 non
2626 5543 2919 5621 solum'de
2942 5543 3203 5621 peccatis
3234 5543 3467 5621 linguae,
3499 5543 3809 5621 sed__etiar_n
3842 5546 3916 5603 de

2262 5615 2393 5673 aliis
2419 5615 2650 5671 duobus
2678 5614 2832 5671 vitiis
2862 5614 3004 5683 agit,
3037 5614 3433 5675 nimirum'de
3462 5617 3727 5674 moribus
3754 5616 3914 5676 inor-

2262 5633 2393 5673 alllS
2419 5633 2650 5671 (lllODUS
2678 5633 2832 5671 VlLllS
2862 5633 2896 5672 θ.
2938 5633 3004 5683 η,
3037 5634 3319 5674 nimirum
3363 5633 3433 5675 αθ
3462 5634 3569 5674 mOl

2260 5687 2496 5759 dinatis,
2529 5690 2588 5745 et
2611 5686 2682 5744 de
2710 5633 3067 5748 turbugntis
3097 5690 3569 5766 cogitationibus.
