4054 6382
154 405 266 473 331

1069 414 1717 492 PRELOQUIORUM
1755 417 1965 486 LIBRI
2010 421 2186 486 SEX.
2217 455 2295 470 —
2333 416 2486 491 LIB.
2529 421 2632 490 Vl.

3433 416 3557 496 988

159 534 537 617 remunerari,
567 536 623 601 et
652 540 960 604 coronari?
988 549 1140 607 Dum
1185 565 1353 609 caves
1396 550 1468 609 ab
1516 552 1790 627 cperibus
1818 548 1876 624 Α
1903 551 2146 612 alterius
2176 554 2423 614 factione
2452 555 2610 616 hunc
2639 556 2868 619 vivendi
2900 559 3165 622 ordinem
3211 558 3430 623 imitari
3462 580 3550 624 co-

158 633 518 703 inordinatis,
554 651 723 708 parce
752 639 812 693 et
840 653 874 693 a
900 637 1092 696 verbis
1132 643 1530 714 supervacuis,
1563 643 1793 702 contine

156 730 205 782 te
232 730 286 781 et
314 742 347 781 a
369 724 824 798 cogitationibus
855 726 1197 798 immundis,
1234 748 1477 805 sequere
1505 732 1792 791 inoffenso

154 815 288 889 pede
317 814 514 888 operis
545 822 743 871 vocem
784 815 1015 873 Domini
1046 821 1344 877 vocantis:
1379 823 1486 891 Qui
1510 824 1676 891 enim,
1712 822 1794 878 ait

153 905 286 979 ipse,
316 904 439 962 vult
473 912 597 976 post
635 921 721 962 me
747 908 950 975 venire,
983 907 1211 978 abneget
1237 911 1601 982 semetipsum,
1633 912 1791 967 tollat

151 1010 352 1050 crucem
395 1010 579 1065 suam,
611 998 664 1051 et
709 1003 969 1067 sequatur
1013 1013 1100 1054 me
1141 999 1292 1066 (Luc.
1343 1016 1419 1067 1x,
1452 1000 1563 1072 23).
1610 1001 1789 1073 Sequi

148 1083 421 1152 autem,id
453 1086 546 1139 est
572 1082 792 1139 imitari
821 1083 1113 1141 Christum
1153 1086 1410 1158 [subaudi
1435 1089 1567 1160 est],
1583 1090 1786 1146 eadem

152 1187 258 1245 qua
281 1171 406 1245 ipse
438 1173 638 1246 pergit
664 1170 760 1229 via
789 1173 881 1257 ire
900 1178 1035 1247 post
1064 1175 1259 1248 ipsum
1295 1195 1307 1234 :
1341 1178 1497 1250 quod
1549 1182 1638 1235 est
1667 1195 1785 1235 non

152 1261 359 1319 ambire
388 1266 642 1330 terrena,
676 1278 791 1320 non
823 1264 1045 1321 caduca
1084 1266 1291 1322 sectari
1321 1266 1503 1339 lucra,
1533 1267 1784 1324 honores

150 1350 425 1407 declinare
456 1351 1131 1422 inﬁmos;adversitatem
1157 1372 1255 1411 mu
1268 1356 1402 1428 ndiq
1414 1373 1481 1411 ue
1494 1356 1805 1430 contemp—'

148 1444 264 1498 tum
294 1458 398 1517 pro
430 1436 633 1497 amore
662 1440 789 1513 ejus
818 1440 1069 1499 libenter
1096 1443 1630 1518 amplecti;cunctis
1652 1462 1783 1519 pro-

149 1530 321 1601 desse,
354 1530 534 1588 etiam
581 1530 735 1587 ultra
781 1522 954 1598 vires,
983 1530 1168 1603 velle;
1204 1533 1451 1606 injurias
1492 1533 1637 1591 nulli
1687 1536 1781 1591 in-

148 1618 302 1689 ferre,
345 1637 380 1677 a
425 1620 635 1693 quovis
680 1623 877 1677 autem
931 1619 1125 1679 illatas
1176 1623 1469 1695 patienter
1514 1624 1778 1693 sufferre,

145 1708 276 1784 ipsis
302 1725 537 1784 quoque
585 1709 989 1779 inferentibus,
1015 1711 1316 1781 beneficia,
1350 1713 1399 1768 si
1447 1718 1536 1770 est
1584 1714 1776 1785 unde;

145 1798 226 1855 sin
254 1797 416 1869 alias,
450 1798 714 1857 oratione
745 1798 949 1856 sedula
996 1799 1111 1856 illis
1158 1801 1391 1859 veniam
1439 1802 1774 1875 postulare;

1903 649 2079 718 gatur
2109 644 2228 702 sive
2259 651 2434 715 certo,
2468 648 2587 707 sive
2617 650 2777 707 omni
2830 653 3092 728 tempore
3136 654 3267 711 vitas
3292 673 3306 725 ;
3332 656 3457 729 jam
3488 656 3549 714 in

1900 734 2322 806 posterioribus
2352 735 2436 792 illi
2469 755 2563 795 me
2592 741 2763 796 credo
2795 741 3166 800 satisfecisse.
3186 745 3288 802 Hic
3308 747 3434 819 jam
3465 746 3550 803 nil

1901 822 2157 895 amplius
2188 825 2358 881 credo
2390 826 2608 883 residui
2641 828 2755 885 nisi
2786 830 2896 887 hoc
2927 832 3201 905 adjicere,
3229 839 3295 891 ut
3322 835 3371 892 si
3402 837 3549 893 forte

1897 910 1970 967 ab
2000 911 2110 967 hac
2141 913 2485 971 necessitate
2514 933 2649 972 cum
2692 917 2792 974 Dei
2824 922 3014 992 gratia
3058 922 3359 997 contingat
3402 924 3545 981 libe-

1898 1000 2034 1067 rari,
2067 1000 2228 1057 nullo
2259 1019 2517 1076 unquam
2549 1007 2809 1079 tempore
2851 1025 2920 1063 ex
2965 1013 3086 1066 toto
3133 1017 3435 1069 assuetum
3483 1013 3544 1070 in

1898 1089 2238 1161 pomitentia
2266 1093 2672 1165 prmtermittat
2702 1111 2926 1153 morem
2947 1097 3303 1170 vivendi,sed
3334 1102 3541 1159 diebus

1896 1179 2147 1236 residuis
2176 1180 2453 1237 omnibus
2479 1182 2540 1238 in
2571 1184 2699 1256 ejus
2731 1190 2932 1257 pareat
2960 1187 3369 1262 actibus,quod
3402 1207 3539 1248 eum

1894 1267 2019 1322 suis
2048 1267 2295 1325 habenis
2321 1287 2356 1325 a
2385 1270 2701 1343 petulantis
2731 1275 3003 1333 vanitatis
3037 1278 3396 1335 anfractibus
3407 1282 3535 1352 jam
3578 1274 3583 1287 “

1893 1355 2032 1412 olim
2059 1358 2377 1415 coercuerit
2406 1360 2740 1418 misericors
2777 1362 3079 1422 Dominus.
3113 1367 3231 1424 Hoc
3280 1369 3429 1426 facto
3480 1373 3537 1426 et

1892 1444 2168 1501 meritum
2200 1448 2499 1521 acquirere
2526 1449 2722 1519 sibi,ct
2749 1452 3070 1524 gratiarum
3100 1455 3384 1513 actionem
3410 1475 3535 1515 ma-

1888 1536 2094 1605 gistro,
2128 1540 2186 1591 et
2215 1537 2674 1594 satisfactionem
2709 1540 3036 1611 Domino,et
3064 1542 3298 1601 laudem
3324 1547 3537 1604 referre

1888 1621 2179 1680 videbitur
2206 1624 2342 1695 Deo,
2377 1625 2478 1699 qui
2510 1643 2642 1683 eum
2675 1628 2734 1683 in
2780 1631 3053 1701 praesenti
3098 1628 3427 1706 ﬂagellavit,
3463 1652 3536 1692 ne

1888 1710 1947 1766 in
1996 1716 2279 1796 aeternum
2329 1716 2632 1789 perderet;
2683 1717 3083 1792 temporaliter
3129 1722 3425 1792 erudiens,
3469 1728 3536 1780 ut

1886 1802 2226 1875 sempiterni
2274 1804 2438 1877 regni
2484 1804 2731 1879 dignum
2790 1798 3077 1865 haeredem
3128 1811 3530 1869 constitueret.

146 1904 511 1962 quoscunque
544 1887 694 1945 valet
723 1905 922 1946 secum
954 1888 1025 1945 ad
1056 1906 1313 1947 amorem
1356 1890 1556 1975 patriae
1607 1891 1774 1948 coele-
1802 1934 1852 2000 B
1884 1888 2047 1954 Quod
2078 1892 2128 1947 si
2159 1909 2327 1950 secus
2359 1894 2511 1989 h.anc
2543 1897 2728 1952 nostri
2759 1896 2987 1953 consilii
3019 1898 3310 1957 declinare
3331 1900 3383 1958 ei
3415 1901 3536 1975 pla-

141 1976 236 2034 stis
253 1977 490 2051 erigere.

203 2069 284 2124 23.
315 2068 415 2124 His
442 2067 556 2141 piae
585 2066 902 2125 voluntatis
933 2069 1238 2125 conatibus
1278 2068 1329 2125 si
1376 2074 1432 2126 te
1462 2070 1522 2126 in
1567 2086 1771 2143 campo

143 2157 287 2231 prius
315 2156 645 2213 exercueris
675 2158 1050 2230 operationis,
1069 2158 1563 2229 invictum,fateor
1590 2159 1771 2216 athle-

144 2252 249 2303 tam
276 2246 615 2320 imperatori
641 2247 789 2317 (383)
818 2247 1519 2321 palzestritas,editioribus
1550 2253 1773 2324 specta-

142 2336 465 2408 toribusque
493 2335 737 2393 exhibes
768 2337 1016 2405 cunctis,
1050 2338 1370 2395 dummodo
1401 2342 1459 2395 et
1484 2340 1688 2409 invhis,
1706 2343 1771 2396 ut

144 2424 477 2496 quibusdam
509 2425 839 2481 miserrime
864 2426 1125 2500 centigit,
1146 2444 1262 2483 non
1292 2428 1679 2495 defatiscaris,
1712 2433 1771 2485 et

143 2530 352 2588 semper
378 2515 453 2571 ad
501 2514 732 2588 potiora
776 2514 1004 2583 nitaris,
1039 2517 1221 2572 donec
1252 2517 1403 2574 bono
1453 2517 1770 2574 certamine

143 2603 337 2677 Optime
364 2606 608 2670 certato,
644 2620 819 2660 cursu
852 2603 1097 2661 feliciter
1126 2607 1770 2676 consummato,ﬂdein-

141 2692 339 2750 deﬁcue
403 2682 655 2762 servata,
714 2694 954 2766 perenni
1018 2696 1504 2752 remunerationis
1567 2696 1766 2753 bravio

142 2780 367 2855 gloriose
394 2782 622 2841 diteris.
657 2782 789 2839 Ideo
838 2787 1058 2855 autem,
1090 2789 1156 2839 ut
1203 2801 1351 2854 reor,
1395 2786 1522 2855 ipso
1569 2786 1764 2859 dispo-

141 2875 310 2940 nente,
340 2872 400 2929 in
446 2860 623 2945 cujus
654 2888 833 2928 manu
865 2889 1075 2929 sumus
1112 2876 1168 2929 et
1215 2890 1322 2930 nos
1365 2878 1423 2929 et
1464 2868 1765 2930 sermones

141 2960 322 3034 nostri,
351 2961 436 3019 ita
465 2963 526 3018 in
559 2961 800 3035 longum
833 2962 1119 3034 producta
1158 2966 1246 3019 est
1269 2963 1471 3029 oratio,
1504 2967 1569 3018 ut
1597 2980 1763 3019 mon-

141 3051 315 3107 stratis
340 3051 639 3108 minorum
672 3049 964 3106 actionum
997 3049 1418 3124 qualitatumve
1449 3053 1765 3125 proprieta-

139 3138 293 3215 tibus,
323 3142 565 3199 tandem
606 3140 1003 3213 perveniretur
1034 3142 1105 3196 ad
1136 3158 1461 3221 summum,
1492 3159 1667 3214 quem
1697 3145 1759 3197 tu

141 3231 349 3303 aggredi
382 3229 636 3297 conaris,
669 3230 890 3302 apicem
919 3233 1500 3302 actuum;quatenus
1530 3231 1601 3286 ab
1624 3231 1762 3286 imis

1881 1982 2067 2037 cuerit
2092 1982 2269 2054 viam,
2302 1968 2413 2038 ille.
2429 1983 2569 2057 quid
2602 1988 2737 2057 agat
2762 1986 3000 2044 viderit:
3022 1990 3135 2045 nos
3149 1992 3347 2057 tam.
3362 1968 3531 2048 valde

1880 2070 2219 2139 metuimus,
2254 2087 2326 2127 ne
2355 2071 2466 2127 sibi
2499 2072 2609 2128 hoc
2653 2072 2917 2131 divinum
2966 2077 3271 2134 conveniat
3316 2096 3528 2152 oppro-

1879 2159 2096 2226 brium,
2131 2160 2271 2232 quia
2299 2176 2413 2216 non
2445 2165 2533 2216 est
2563 2161 2833 2219 inventus
2865 2163 2965 2235 qui
2995 2165 3209 2221 rediret
3257 2171 3316 2222 et
3361 2168 3528 2223 daret

1877 2247 2124 2321 gloriam
2161 2254 2269 2306 beo
2292 2252 2441 2322 (Luc.
2468 2267 2606 2318 xvn,
2636 2249 2756 2323 48);
2782 2255 2840 2307 et
2869 2252 3024 2324 quod
3054 2253 3243 2310 adhuc
3261 2256 3523 2328 gravius,

1878 2338 2180 2395 sententiae
2213 2337 2298 2394 illi
2343 2339 2668 2411 subjaceat,
2697 2356 2877 2413 quam
2928 2341 3084 2399 idem
3122 2343 3404 2401 Dominus
3452 2346 3526 2402 de

1878 2427 2185 2485 immundo
2234 2427 2442 2500 spiritu
2486 2432 2732 2484 exeunte
2782 2430 2932 2501 (Luc.
2965 2448 3043 2498 χι,
3074 2432 3188 2503 24),
3221 2435 3278 2489 et
3319 2438 3524 2489 octeno

1878 2517 2067 2589 capite
2097 2515 2377 2572 redeunte
2406 2516 2942 2575 monstravit.Unde
2971 2522 3029 2575 et
3044 2520 3277 2576 cuidam
3297 2526 3523 2593 sanato,

1878 2605 1956 2661 ait
1989 2624 2001 2662 :
2042 2606 2199 2677 Vade,
2222 2613 2272 2662 et
2299 2606 2537 2678 amplius
2586 2608 2708 2662 noli
2750 2622 2996 2679 peccare,
3032 2610 3378 2666 rte-deterius
3425 2613 3528 2668 tibi

1873 2696 2089 2769 aliquid
2113 2697 2393 2765 contingat
2423 2696 2600 2768 (Joan.
2635 2713 2759 2768 vm,
2790 2697 2899 2767 11).
2933 2697 3000 2753 Et
3028 2697 3173 2753 illud
3216 2699 3369 2771 quod
3400 2716 3523 2771 ριός

1873 2785 2051 2858 pheta
2079 2784 2343 2857 deplorat
2376 2802 2389 2840 :
2421 2786 2747 2841 Percussisti
2771 2802 2877 2855 eos,
2911 2786 3316 2859 inquiens,nec
3335 2788 3522 2845 delue-

1871 2882 2037 2940 runt;
2063 2876 2332 2930 attrivisti
2372 2890 2477 2941 eos,
2510 2879 2561 2930 et
2607 2890 2720 2931 non
2769 2880 2897 2931 sunt
2945 2878 3150 2932 reversi
3175 2878 3303 2947 (Jer.
3356 2896 3411 2946 v,
3438 2878 3515 2951 3).

1871 2963 2371 3019 Considerandum
2419 2963 2594 3018 etiam
2642 2963 2780 3019 huic
2824 2963 3011 3033 video,
3045 2965 3185 3037 quia
3226 2967 3515 3038 quosdam

1871 3052 2044 3126 longa
2072 3052 2353 3125 agritudo
2385 3053 2455 3107 ad
2496 3052 2673 3108 vitam
2705 3070 2857 3126 saepe
2899 3053 3194 3123 reformat,
3230 3072 3376 3127 quos
3409 3058 3516 3129 po-

1870 3145 1993 3198 stea
2021 3140 2315 3197 levissima
2344 3138 2662 3213 cujuslibet
2691 3141 2771 3197 rei
2803 3140 3048 3211 occasio,
3082 3143 3223 3198 dum
3254 3160 3316 3200 se
3345 3144 3515 3216 quasi

1870 3231 2123 3304 quadam
2157 3229 2467 3286 securitate
2499 3229 2742 3285 resoluti
2770 3229 3063 3287 incautius
3093 3230 3450 3301 custodiunt,
3482 3250 3519 3290 a

140 3324 534 3393 praeceptorum
567 3317 792 3375 Domini
820 3318 999 3375 veluti
1029 3336 1132 3392 per
1159 3318 1375 3375 scalam
1427 3323 1594 3376 caute
1640 3336 1758 3376 ces-
1786 3309 1829 3378 C
1866 3319 1985 3376 vita
2014 3318 2280 3375 funditus
2311 3318 2653 3391 exstinguit.
2685 3318 2803 3375 Hoc
2833 3336 2969 3393 ergo
3011 3335 3084 3375 ne
3130 3324 3189 3376 et
3232 3320 3346 3377 sibi
3379 3338 3516 3379 con-

142 3408 346 3482 simque
373 3409 710 3466 scandendo
758 3409 831 3465 ad
873 3408 1111 3466 elatiora
1142 3413 1467 3481 provectus,
1501 3409 1582 3464 nil
1633 3426 1757 3464 am-

140 3495 273 3567 plius
300 3502 473 3556 restet
496 3498 655 3571 quod
686 3497 950 3571 requiras
979 3498 1039 3553 in
1066 3497 1221 3568 imis;
1239 3498 1336 3570 qui
1369 3514 1472 3570 per
1498 3496 1757 3554 inacces-

142 3584 343 3643 sibilem
370 3587 578 3645 multis
617 3586 847 3643 vivendi
875 3587 1136 3643 ordinem
1177 3586 1321 3660 ipsis
1366 3587 1493 3658 jam
1541 3587 1757 3643 haerere

137 3674 422 3735 moraberis
463 3675 740 3748 summis,
773 3675 896 3732 sive
939 3674 1113 3731 etiam
1144 3679 1210 3730 ut
1239 3674 1332 3747 (de
1364 3674 1757 3748 qualicunque

137 3765 330 3834 Ordine,
375 3766 730 3835 conditione,
777 3764 1080 3838 dignitate,
1112 3763 1346 3831 all‘ectu,
1381 3781 1542 3832 sexu,
1591 3768 1756 3820 aetate

137 3853 271 3910 adid
300 3854 636 3913 certaminis
660 3872 809 3928 opus
861 3854 1075 3910 millies
1123 3852 1493 3928 praedicabile
1541 3870 1753 3910 manus

134 3940 357 4002 volueris
386 3946 551 4016 dare)
577 3944 711 4001 istic
759 3943 1023 3999 invenias
1072 3943 1365 4016 quomodo
1412 3947 1469 3999 te
1499 3943 1664 4016 prius
1693 3944 1753 3998 in

137 4030 235 4089 tuis
270 4034 577 4093 exercitare
608 4034 840 4101 debeas,
872 4036 938 4088 ut
981 4032 1064 4089 ita
1095 4032 1334 4088 demum
1383 4032 1455 4087 ad
1506 4048 1590 4100 ea,
1626 4049 1752 4105 qua:

138 4117 269 4177 ultra
292 4125 344 4179 te
374 4122 692 4195 sunt,felici
711 4138 1025 4195 progressu
1040 4120 1496 4187 conscendas,ne
1517 4120 1752 4193 quando

139 4207 295 4267 missa
322 4213 499 4269 semel
534 4228 711 4268 manu
744 4211 804 4267 in
838 4214 1117 4278 aratrum,
1143 4209 1393 4282 alicujus
1423 4208 1752 4265 domesticas

140 4299 455 4368 provisionis
499 4302 740 4358 obtentu
792 4299 992 4357 oculos
1025 4298 1369 4356 intentionis
1398 4299 1469 4355 ab
1501 4299 1752 4372 incmpto

141 4389 337 4461 cogaris
360 4396 695 4463 retorquere
726 4393 1067 4456 retrorsum,
1096 4392 1170 4454 et.
1189 4391 1291 4444 aut
1337 4391 1665 4443 tortuosum
1698 4391 1755 4444 et

144 4472 377 4536 inutilem
407 4481 600 4538 facere
627 4478 882 4546 sulcum,
905 4482 1006 4534 aut
1036 4481 1308 4533 arentum
1339 4476 1646 4533 vulnerare
1664 4492 1752 4532 ve-

146 4562 293 4639 stigia
317 4568 514 4626 boum.
544 4568 708 4634 Quod
738 4568 788 4624 si
819 4567 1056 4642 aliquis,
1087 4572 1154 4623 ut
1172 4567 1299 4638 jam
1330 4565 1389 4621 in
1422 4564 1534 4621 alio
1564 4565 1758 4621 docui-

1868 3408 2056 3483 tingat
2086 3411 2326 3477 metuat,
2342 3409 2398 3464 et
2426 3406 2605 3463 saluti
2632 3422 2751 3463 suae
2777 3408 2986 3465 talium
3019 3408 3153 3482 quis
3179 3409 3514 3479 consilium,

1867 3499 2008 3554 dum
2058 3498 2222 3553 locus
2271 3500 2381 3565 est,
2427 3495 2621 3569 capiat
2666 3513 2758 3566 ne,
2801 3498 2941 3554 dum
2989 3514 3199 3555 rursus
3248 3498 3513 3570 voluerit,

1867 3604 1983 3643 non
2014 3586 2222 3643 valeat.

1934 3664 2023 3732 24.
2059 3675 2341 3731 Craterum
2393 3675 2441 3731 si
2492 3674 2750 3748 aliquem
2802 3675 3044 3732 forsitan
3093 3678 3305 3744 movet,
3356 3677 3513 3750 quod

1865 3764 2159 3821 modernis
2192 3765 2250 3820 in
2282 3764 2391 3820 hac
2408 3764 2741 3838 praefatione
2754 3764 3514 3841 doctorumexemplis(383)

1862 3871 2025 3927 aeque
2056 3872 2201 3910 usus
2250 3854 2364 3909 sim
2413 3858 2479 3909 ut
2525 3848 2803 3926 antiquis,
2837 3857 2895 3910 et
2934 3858 3349 3911 concentonem
3396 3871 3513 3923 me,

1862 3944 1982 4000 sive
2007 3942 2283 3999 usitatius
2316 3942 2754 4015 compilatorem
2803 3942 2912 3999 hac
2937 3943 3007 3999 de
3042 3960 3219 3999 causa
3246 3942 3385 4000 velit
3425 3943 3513 3998 di-

1862 4031 2184 4105 cere,quasi
2212 4031 2310 4103 qui
2341 4030 2550 4087 alienis
2577 4031 2914 4103 sumptibus
2944 4031 3180 4104 propria
3197 4030 3369 4087 velim
3383 4048 3515 4087 con-

1861 4124 2124 4188 struere;
2178 4135 2418 4175 causam
2471 4136 2587 4175 non
2636 4119 2919 4174 immoror
2971 4119 3231 4177 reddere.
3277 4118 3515 4175 Dicente

1861 4209 2018 4266 enim
2053 4208 2365 4264 Psalmista
2398 4224 2409 4262 :
2443 4208 2688 4278 Domine,
2719 4209 2912 4276 rigans
2933 4211 3143 4263 montes
3173 4206 3239 4264 de
3265 4209 3512 4279 superio-

1860 4299 2015 4354 ribus
2041 4299 2157 4353 suis
2196 4297 2368 4368 (Psal.
2402 4311 2521 4364 cm,
2553 4295 2684 4369 l3);
2718 4299 3004 4368 quantum
3052 4295 3183 4369 ipso
3233 4296 3514 4369 irrigante

1862 4404 1966 4461 per
1988 4386 2148 4460 ipsos
2179 4384 2511 4441 ariditalem
2540 4382 2816 4457 ingenioli
2849 4384 2963 4441 mei
2997 4383 3165 4458 (384),
3196 4385 3298 4457 qui
3338 4388 3394 4441 et
3422 4384 3510 4458 ip-

1863 4492 2062 4532 sorum
2095 4473 2424 4547 superiores
2455 4489 2560 4546 per
2589 4489 2652 4529 se
2677 4472 2961 4547 irrigavit,
2994 4476 3051 4529 et
3074 4490 3178 4546 per
3206 4473 3350 4530 istos
3378 4472 3512 4529 illos

1863 4567 2033 4640 (385),
2067 4579 2284 4637 perque
2314 4560 2448 4618 illos
2479 4578 2586 4618 nos
2615 4562 2868 4618 nimium
2899 4562 3094 4619 adhuc
3122 4565 3373 4633 arentes,
3393 4579 3512 4619 non

144 4668 256 4713 mus
283 4656 949 4734 epilogo,invenitur,qui
970 4673 1085 4712 non
1111 4655 1204 4712 sui
1235 4653 1623 4728 sponte,188
1653 4654 1754 4711 sed
1788 4686 1834 4753 Β
1865 4654 2004 4728 quia
2032 4651 2281 4710 defuerit
2308 4651 2517 4722 imber,
2552 4652 2768 4726 [supple
2790 4652 2919 4724 sed]
2967 4653 3108 4725 quia
3158 4668 3275 4710 non
3324 4651 3514 4726 magis

222 4810 332 4888 333)
354 4816 495 4888 Vide
520 4819 643 4873 not.
676 4814 766 4888 ll,
799 4815 859 4872 in
889 4814 1199 4888 proemium
1229 4812 1361 4870 libri
1388 4813 1584 4886 primi.

222 4883 336 4957 383)
362 4887 613 4945 Moderna
657 4883 938 4945 doctorum
981 4886 1231 4957 exempla
1278 4883 1616 4941 sanctorum
1657 4886 1757 4942 Pa-

150 4953 282 5033 trum
307 4953 641 5016 testimonia
668 4957 953 5033 appellat;
984 4953 1214 5033 antiqua
1242 4973 1375 5013 vero
1421 4962 1758 5033 sanctorum

152 5018 423 5088 Librorum
468 5018 868 5089 auctoritates.
897 5018 1086 5087 Simili
1115 5018 1293 5086 sensu
1324 5032 1528 5102 postea
1552 5030 1762 5086 moder-

154 5103 579 5178 Militantiquos
596 5102 892 5178 'nominat_.

232 5167 341 5257 384)
369 5167 649 5257 construe
674 5178 731 5257 et
760 5173 984 5257 explica
1026 5171 1109 5257 sic
1144 5189 1156 5227 :
1191 5174 1461 5257 quantum
1477 5172 1639 5257 potui
1667 5172 1761 5226 in-

156 5238 367 5310 telligere
399 5248 516 5319 ipso
543 5246 791 5303 Domino
820 5238 1089 5317 irrigante
1112 5238 1214 5316 per
1241 5244 1386 5314 ipsos
1401 5238 1499 5370 Igid
1528 5246 1617 5299 est
1644 5259 1761 5298 mo-

159 5306 343 5370 dernos.
371 5322 434 5370 ut
459 5322 643 5370 vocat.
675 5318 937 5370 doctores.
970 5332 1073 5370 seu
1124 5319 1358 5370 sanctos
1445 5317 1621 5370 atros)
1648 5323 1761 5370 art-

159 5306 343 5391 ρφἱοε,
371 5306 434 5391 ut
459 5322 643 5384 vocat,
675 5306 950 5391 doctores;
970 5332 1073 5373 seu
1112 5306 1358 5391 sanctos
1401 5306 1621 5391 Patres)
1648 5323 1762 5391 art-

161 5378 354 5461 ditatem
380 5378 647 5460 ingenioli
674 5392 804 5458 mei,
837 5378 933 5461 qui
960 5391 1012 5443 et
1036 5404 1150 5461 per
1164 5403 1221 5442 se
1249 5387 1505 5457 irrigavit
1521 5378 1765 5461 superiof

162 5465 232 5544 res
257 5456 601 5544 ipsorumlid
620 5466 711 5544 est
741 5456 1052 5544 sacrorum
1072 5456 1376 5544 Librorum
1400 5456 1763 5544 scriptores)

163 5529 458 5607 glperistos
486 5529 568 5607 (id
612 5536 704 5607 e_st
729 5532 1045 5607 scriptores
1087 5529 1307 5607 sacros)
1338 5529 1595 5607 irrigavit
1642 5530 1766 5607 illos

163 5591 605 5676 (idﬁestxsapctos
635 5591 879 5676 Patres),
919 5607 970 5659 et
992 5619 1093 5676 per
1122 5602 1246 5676 illos
1276 5591 1539 5676 irriga'vit
1566 5616 1664 5656 nos
1683 5602 1768 5676 ηἱτ

166 5667 314 5750 mium
338 5667 788 5744 adlﬁiémrentes;
814 5667 927 5750 non
960 5667 1108 5750 quia
1152 5667 1406 5745 tle/uerit'
1435 5673 1630 5750 imber,
1655 5671 1771 5750 sed

170 5745 278 5806 Ma
299 5759 387 5803 nos
422 5751 684 5809 metentes
725 5745 1265 5823 corripiat—pulvereo
1311 5745 1563 5819 squalore
1608 5745 1770 5803 vilio-

636 5882 739 5913 ,νίς

619 5922 657 5941 ο,
688 5917 737 5936 ρ”’

1864 4832 2009 4883 rum,
2040 4830 2206 4888 quam
2241 4814 2835 4888 pluuiapoluntaria,
2867 4830 3033 4887 quam
3075 4817 3191 4888 ipse
3230 4814 3385 4888 Deus
3426 4829 3514 4871 se-

1863 4884 2105 4960 gregauit
2144 4884 2460 4960 haereditati
2486 4900 2628 4948 suae,
2654 4884 2965 4960 obtexinius
3003 4884 3111 4942 nos
3147 4887 3379 4960 quodam
3409 4892 3514 4960 teg-

1864 4956 2015 5015 mine
2046 4958 2400 5029 iniquitatum
2430 4972 2449 5010 .·
2477 4966 2763 5027 quantum,
2814 4959 3060 5030 inquam,
3099 4956 3258 5029 potui
3304 4956 3511 5030 intelli-

1866 5046 2009 5103 gere,
2053 5026 2234 5103 visum
2278 5035 2357 5085 est
2400 5026 2723 5103 congruum,
2762 5044 2860 5087 nos
2884 5026 3281 5103 indiﬁereuter
3320 5026 3513 5103 debere

1869 5098 1958 5158 uti
1985 5098 2248 5172 exemplis
2277 5114 2464 5155 eorum
2500 5098 2958 5172 (modernorum)
2989 5098 3155 5155 sieuti
3181 5107 3232 5153 et
3258 5098 3511 5168 antiquo-

1869 5191 1995 5229 rum
2025 5192 2042 5226 :
2069 5171 2357 5237 siquidem,
2389 5174 2498 5226 etc.

1942 5245 2090 5317 (385)
2118 5239 2352 5317 Vulgati
2379 5258 2478 5317 per
2511 5243 2638 5317 illos
2682 5244 2830 5317 istos.
2864 5239 3162 5297 Sententia
3192 5240 3510 5317 contextus

1942 5259 2090 5317 (sese)
2129 5259 2352 5317 vulgati
2378 5259 2478 5368 per
2511 5259 2637 5297 mos
2682 5259 2830 5298 istos.
2864 5259 3162 5297 sententia
3192 5259 3510 5322 centenus

1871 5316 2043 5389 erigit
2067 5332 2166 5387 per
2193 5316 2324 5394 istos
2353 5316 2375 5394 ξ
2400 5314 2478 5369 los
2491 5331 2525 5394 _;_
2667 5313 2822 5394 enim
2854 5316 3340 5394 supt‘superwres,
3364 5326 3513 5394 quos

1872 5382 2024 5444 Deus
2056 5382 2566 5463 persenirrigavit,
2588 5384 2657 5463 id_
2694 5389 2783 5439 est
2833 5382 3166 5463 scriptores.
3191 5382 3340 5439 sacri
3365 5382 3395 5450 ;'
3420 5382 3513 5463 illi

1874 5454 2076 5515 autem
2099 5454 2507 5529 intelliguntur
2534 5455 2798 5529 doctores
2828 5454 3034 5529 e_ancti,
3069 5454 3171 5526 qui
3209 5454 3512 5529 perscri-

1874 5472 2069 5515 autem
2099 5472 2507 5529 intelliguntur
2534 5472 2798 5511 coctores
2828 5472 3034 5518 sancti,
3069 5472 3171 5526 qui
3209 5472 3321 5581 1per
3368 5472 3512 5509 δοτι-

1873 5535 2071 5609 ptores
2100 5526 2547 5609 _sacro_s_irrigati
2582 5526 2975 5609 luerunt.Post
3006 5543 3190 5600 pauca
3234 5526 3517 5609 agebatur

1873 5598 1986 5659 nisi
2011 5604 2167 5675 quia,
2219 5598 2317 5657 ubi
2364 5598 2477 5672 non
2523 5598 2651 5671 quia
2679 5598 2942 5672 exigente
2972 5598 3151 5656 sensu
3189 5598 3521 5656 emendavi-

1877 5692 2032 5732 mus.
2592 5684 2600 5700 ⁸
2640 5708 2645 5711 -
