4054 6378
154 345 259 470 in

1066 378 1714 485 PRELOQUIORUM
1754 398 1967 474 LIBRI
2011 399 2184 473 sex.
2217 438 2297 459 -
2324 404 2478 476 LIB.
2522 406 2623 475 v1.

3426 381 3545 477 est

154 538 409 600 tenebras
427 537 659 599 redeam
683 555 819 601 cum
843 536 1143 602 dedecore.
1161 543 1467 619 Captanda
1482 559 1621 618 ergo
1636 541 1783 600 mihi
1811 542 1869 613 Α
1899 560 2051 618 aegro
2083 543 2231 618 (396)
2261 543 2725 615 sitconscientia,
2741 560 2848 605 nec
2877 543 3550 622 malequassatachorda

156 646 349 688 censeo
378 632 646 705 quaedam
697 632 961 705 ejusdem
1019 633 1168 690 lucis
1225 633 1577 691 antevicinia
1612 632 1782 705 (393),

156 721 357 794 quibus
385 721 671 794 paulatim
703 723 1087 793 assuefactus,
1120 727 1180 779 et
1199 722 1787 797 quantulumcunque

155 809 325 867 oculis
354 825 558 867 eorum
588 828 698 867 usu
749 811 1160 885 expulveratis,
1211 813 1564 885 quandoque
1610 811 1669 866 in
1702 827 1788 867 re-

155 915 419 972 percussa
447 899 571 956 acie
598 899 795 973 ipsum
826 900 1049 957 valeam
1079 901 1321 957 luminis
1344 900 1575 957 radium
1601 899 1788 955 inten-

153 988 292 1055 dere,
324 986 640 1061 ipsumque
669 988 966 1045 inhianter
995 990 1428 1063 concupiscere;
1471 994 1528 1044 et
1558 988 1785 1062 quoties

152 1092 269 1134 sese
294 1077 637 1150 dignabitur
664 1078 947 1151 ingerere,
1001 1077 1184 1134 libero
1232 1083 1469 1151 aspectu
1525 1094 1781 1147 cernere,

150 1170 481 1238 cretumque
507 1165 632 1222 sine
681 1168 798 1224 ﬁne
833 1166 1059 1223 valeam
1110 1182 1331 1222 amare.
1381 1167 1544 1231 Quod
1594 1170 1783 1222 totum

151 1258 211 1309 ut
228 1255 371 1310 ιοι
408 1270 636 1311 merear
664 1255 930 1327 adipisci,
953 1255 1144 1312 visum
1178 1259 1267 1312 est
1286 1254 1430 1311 mihi
1445 1271 1648 1311 eorum
1664 1270 1784 1310 me-

152 1343 398 1399 dicorum
431 1343 1025 1413 assueﬂeriexcubiis,
1041 1344 1143 1417 qui
1157 1344 1497 1400 modernius
1520 1343 1778 1416 quidem,

150 1433 241 1489 sed
268 1437 463 1489 tamen
491 1433 768 1506 apertius,
803 1450 981 1507 super
999 1433 1108 1490 hoc
1131 1433 1518 1506 disputantes,
1550 1432 1633 1489 ita
1662 1449 1782 1488 suae

153 1520 281 1578 artis
304 1520 670 1578 condiderint
697 1521 946 1590 libellos,
980 1527 1045 1578 ut
1073 1522 1132 1577 in
1175 1521 1451 1578 omnibus
1481 1525 1540 1577 et
1587 1519 1780 1576 imita-

150 1610 683 1683 renturmagistros,
707 1610 1136 1667 etinstruerent
1158 1609 1508 1682 discipulos;
1533 1608 1784 1682 qualiter

150 1697 355 1755 scilicet
377 1697 482 1755 lux
500 1699 631 1772 ipsa
641 1700 972 1772 quaerenda,
989 1699 1361 1768 invenienda,
1377 1702 1649 1763 tenenda,
1668 1713 1784 1754 cer-

150 1788 342 1856 nenda,
374 1788 652 1857 amanda,
684 1805 799 1862 quo
814 1787 1054 1861 collyrio
1085 1788 1237 1844 oculi
1258 1787 1643 1860 inunguendi,
1666 1802 1781 1858 quo

151 1877 286 1933 bono
298 1893 370 1932 an
384 1876 560 1934 noxio
572 1877 805 1951 pulvere
817 1876 1230 1950 expulverandi
1241 1920 1255 1945 ,
1274 1893 1395 1950 qua
1410 1873 1782 1932 observantia

142 1965 449 2033 uutriendi,
481 1982 601 2039 qua
628 1965 856 2026 cautela
899 1966 1020 2022 sint
1064 1964 1464 2022 conservandi.
1520 1966 1779 2032 Quorum

150 2054 395 2112 omnium
426 2072 525 2111 me
570 2055 932 2128 perspiciens
974 2055 1470 2122 indoctissimum,
1520 2057 1782 2109 attamen

142 2143 253 2215 jam
267 2142 403 2200 olim
417 2144 686 2216 ejusdem
710 2143 861 2200 lucis
874 2148 1196 2200 amatorem
1210 2145 1477 2199 effectum
1488 2185 1501 2210 ,
1517 2140 1781 2198 libellum

148 2247 210 2288 ex
231 2231 462 2289 illorum
493 2232 669 2289 dictis
699 2233 814 2289 mei
844 2248 1024 2288 causa
1070 2233 1320 2303 condere
1373 2230 1529 2287 volui
1576 2230 1780 2300 istum,

148 2316 200 2377 in
223 2337 334 2394 quo
360 2319 513 2376 nihil
546 2336 581 2377 a
610 2337 703 2377 me
714 2320 1146 2377 meaiudustria
1158 2319 1471 2393 prolatum,
1498 2320 1561 2375 in
1577 2336 1779 2375 eorum

149 2408 581 2466 medicinalibus
610 2409 913 2465 inventum
945 2425 1317 2483 congererem
1370 2407 1780 2465 medicaminis

148 2497 471 2571 plurimum,
505 2514 614 2554 nec
640 2502 902 2554 taxarem
940 2498 1201 2571 priorum
1257 2496 1406 2553 ullos
1433 2514 1536 2569 per
1582 2512 1678 2553 me
1707 2494 1779 2551 li-

146 2586 363 2644 brorum
389 2587 545 2660 (39/1)
576 2587 932 2660 angiportus,
952 2586 1222 2657 lustrare,
1255 2587 1312 2642 in
1339 2587 1557 2659 quibus
1578 2585 1687 2642 etsi
1704 2586 1777 2643 ad

149 2674 348 2749 aliquid
378 2675 569 2732 facilis
600 2675 899 2746 introitus,
929 2693 1034 2748 per
1062 2675 1233 2749 plura
1262 2675 1522 2731 difﬁcilis
1564 2674 1774 2744 exitus;

146 2765 236 2821 sed
254 2764 380 2821 illos
400 2781 507 2839 per
537 2764 737 2821 omnia
765 2781 1060 2838 sequerer,
1104 2780 1427 2837 eorumque
1471 2763 1777 2837 gressibus

146 2853 329 2911 tritum
358 2853 565 2911 callem
597 2855 963 2927 aggrederer,
996 2854 1097 2926 qui
1114 2851 1452 2927 multigenis
1473 2851 1776 2908 scrutiniis

147 2942 348 3000 eisdem
375 2942 611 2999 diutina
636 2942 1100 3015 frequentatione
1129 2943 1471 3016 peragratis,
1496 2942 1622 3012 jam
1642 2942 1776 2996 abs-

149 3047 247 3106 que
271 3033 520 3106 alicujus
568 3030 923 3088 adminiculo
944 3032 1226 3098 ductoris,
1257 3031 1380 3088 solo
1428 3030 1648 3087 scilicet
1674 3027 1776 3102 qui

148 3137 234 3179 eos
258 3121 669 3190 circumﬂuxit,
702 3119 1047 3188 introtluxit,
1079 3124 1136 3177 et
1164 3119 1556 3192 praeterﬂuxit,
1598 3117 1775 3175 fontis

150 3208 347 3269 lumine
392 3214 711 3285 praeunte,
761 3209 1073 3267 comitante
1132 3212 1189 3265 et
1243 3214 1542 3282 sequente,
1590 3207 1773 3264 libero

149 3314 302 3356 cursu
330 3298 645 3357 valuerunt
670 3298 955 3356 incedere.

1892 634 2039 690 bene
2066 638 2234 691 sonet
2262 635 2321 691 in
2352 634 2600 695 cithara.
2631 636 2875 693 Adverte
2919 636 3119 712 igitur,
3176 637 3376 708 lector,
3412 640 3549 712 quis

1894 739 1987 778 me
2018 725 2089 779 ad
2120 724 2230 780 hoc
2260 724 2563 796 impulerit
2612 742 2815 798 angor,
2868 743 2994 799 qua
3041 724 3364 796 calamitas,
3419 745 3548 800 quae

1893 811 2210 869 necessitas
2242 813 2348 869 has
2392 814 2535 869 mihi
2589 814 2883 871 scribendi
2934 817 3351 873 monstraverit
3397 818 3545 874 vias.

1892 892 2089 957 Prima
2117 902 2354 974 quidem
2399 902 2486 975 (ut
2540 902 2978 976 recapitulaudo
3036 904 3227 960 dicam
3289 905 3547 979 planius)

1893 1006 2073 1047 causa
2103 990 2251 1062 (397)
2281 989 2589 1046 oblivionis
2608 992 2945 1059 fuitmetus,
2978 1009 3094 1065 quo
3120 998 3186 1048 ut
3215 998 3402 1049 totum
3423 1012 3551 1051 evo-

1892 1095 2051 1133 mam
2080 1078 2241 1135 virus
2265 1080 2591 1152 grassantis
2614 1081 2842 1147 veneni,
2876 1080 3069 1149 timui,
3103 1097 3177 1136 ne
3224 1083 3378 1138 sicut
3418 1084 3548 1155 jam

1892 1167 2221 1241 omnigenis
2247 1169 2401 1225 192
2430 1168 2706 1224 vitiorum
2729 1170 3039 1225 ruderibus
3056 1187 3399 1243 oppressus,
3425 1190 3548 1227 ma-

1890 1255 2201 1328 lorumque
2228 1256 2485 1312 tenebris
2514 1256 2783 1327 vallatus,
2816 1275 2881 1313 ac
2921 1259 3124 1314 multis
3167 1260 3542 1316 saecularium

1892 1361 2166 1400 curarum
2198 1345 2388 1402 noxiis
2418 1345 2825 1418 interpellatus
2843 1346 3222 1420 clamoribus,
3244 1349 3542 1405 oblivisce-

1891 1450 1985 1489 rer
2014 1450 2081 1487 ea
2111 1433 2367 1506 penitus,
2401 1434 2541 1489 dum
2566 1451 2658 1490 me
2689 1435 2910 1509 aliquid
2944 1453 3012 1491 ex
3041 1436 3134 1492 his
3164 1441 3536 1495 retractando

1889 1521 2348 1595 recolerepotius
2364 1540 2427 1579 se
2446 1523 2790 1579 multimodo
2830 1524 2943 1580 sim
2978 1524 3539 1596 gavisus.Secunda,

1890 1614 1977 1676 ut,
2009 1612 2149 1684 quia
2179 1612 2265 1685 (ut
2294 1611 2435 1685 dixi)
2467 1612 2683 1668 desunt
2710 1612 2865 1681 libri,
2900 1613 3113 1670 desunt
3151 1619 3209 1670 et
3257 1618 3542 1672 confabu-

1888 1698 2079 1756 lantes
2104 1699 2266 1768 socii,
2303 1701 2466 1757 adest
2495 1701 2736 1757 tristitia
2765 1703 3129 1768 excrucians,
3159 1721 3371 1761 maeror
3417 1707 3543 1779 ipse

1891 1788 2158 1845 animum
2181 1789 2580 1846 indesinenter
2594 1792 2928 1860 corrodens,
2944 1791 3219 1849 haberem
3234 1794 3291 1849 in
3315 1795 3421 1851 boc
3443 1795 3545 1851 ali-

1891 1878 2047 1950 quod
2081 1876 2378 1946 solatium,
2415 1883 2607 1935 uterer
2626 1896 2692 1935 eo
2723 1881 2893 1952 quasi
2912 1882 3543 1957 quodamcolloquente

1891 1956 2101 2032 amico,
2128 1967 2413 2023 refoverer
2431 1984 2498 2024 eo
2518 1969 2772 2041 quodam
2788 1969 2961 2025 veluti
2978 1969 3153 2028 socio.
3169 1973 3283 2028 Nec
3297 1956 3541 2046 questus

1891 2071 2045 2122 sum,
2069 2055 2239 2127 juxta
2268 2056 2582 2123 comicum,
2637 2063 2870 2131 egomet
2898 2058 3044 2113 mihi
3091 2060 3357 2117 dicendo:
3408 2065 3541 2132 Quis

1891 2144 2039 2218 leget
2067 2144 2209 2200 haec?
2237 2161 2331 2201 me
2358 2144 2652 2214 lectorem,
2687 2162 2782 2202 me
2810 2147 3002 2219 operis
3019 2147 3389 2206 solummodo
3409 2151 3539 2224 (etsi

1888 2250 2003 2289 non
2035 2233 2307 2305 alterum)
2337 2233 2511 2290 istius
2540 2234 2898 2307 perspiciens
2917 2241 3259 2308 amatorem,
3278 2241 3537 2311 quando-

1889 2320 2126 2393 quidem
2157 2319 2289 2377 aliis
2318 2320 2575 2393 [subaudi
2602 2320 2791 2393 libris]
2824 2321 3118 2395 indigens,
3175 2323 3283 2380 hoc
3326 2326 3534 2383 saltem

1888 2409 2064 2465 solari
2096 2425 2266 2481 posse
2296 2426 2430 2465 eum
2463 2409 2561 2482 qui
2593 2409 2741 2466 mihi
2769 2410 2958 2466 iuerat
2998 2411 3256 2468 viderem
3305 2414 3535 2487 legendi

1887 2514 2145 2554 amorem
2179 2498 2348 2570 (398).
2382 2497 2488 2562 Qui
2519 2497 2644 2553 vult
2671 2499 2869 2571 itaque
2899 2499 3071 2573 legat,
3109 2502 3211 2573 qui
3256 2503 3383 2558 vult
3431 2519 3533 2559 ne-

1887 2586 2092 2660 gligat:
2124 2603 2216 2642 me
2248 2603 2385 2642 nam
2430 2586 2813 2659 impulsorem
2865 2605 3038 2645 nemo
3085 2590 3260 2647 dicat.
3312 2593 3383 2647 Et
3430 2592 3533 2663 qui

1887 2674 1949 2749 [/1
1961 2718 1974 2743 ,
2011 2675 2168 2748 quia)
2195 2676 2268 2731 ad
2297 2676 2407 2731 hoc
2434 2680 2669 2748 tempus
2681 2677 2855 2749 paulo
2867 2680 3169 2735 vacantius
3186 2696 3361 2752 quam
3375 2680 3532 2737 volui

1886 2764 2095 2835 reperi,
2127 2764 2186 2819 in
2218 2764 2657 2836 praefationibus
2689 2766 2835 2837 (399)
2869 2767 3107 2839 quidem
3139 2786 3232 2826 me
3272 2787 3417 2842 pene
3441 2775 3535 2827 to-

1882 2857 2013 2909 tum
2041 2853 2296 2926 depinxi,
2326 2853 2740 2921 conditionem,
2773 2871 2978 2928 genus.
3012 2873 3245 2927 nomen,
3270 2860 3531 2918 officium

1884 2943 2291 2998 commissum.
2327 2944 2644 3009 fortunam,
2679 2943 2731 3000 si
2761 2943 2873 3000 dici
2903 2946 3133 3010 audeat,
3163 2947 3374 3018 ipsam,
3398 2966 3534 3022 sup-

1883 3031 2077 3105 plicia,
2111 3034 2387 3086 tortorem
2414 3030 2611 3103 ipsum
2645 3031 3002 3103 quibusdam
3032 3032 3268 3090 indiciis
3299 3036 3530 3108 scripti-

1883 3126 2016 3177 tans
2044 3135 2264 3187 meum,
2296 3123 2354 3175 et
2383 3119 2540 3191 quod
2591 3118 2676 3173 illi
2705 3124 2958 3186 maneat,
3018 3120 3132 3176 nisi
3193 3123 3524 3195 resipuerit,

1883 3208 2261 3282 supplicium,
2318 3224 2387 3263 ex
2412 3224 2549 3278 quo,
2605 3222 2766 3279 rogo,
2833 3212 2983 3262 Deus
3040 3206 3248 3264 liberet
3303 3210 3522 3281 ipsum.

1792 3284 1835 3353 C
1874 3298 2021 3356 Hinc
2047 3298 2261 3354 iterum
2293 3296 2433 3368 quid
2479 3296 2798 3370 gerendum
2849 3312 2954 3352 nec
3001 3299 3258 3369 gestum,
3288 3293 3521 3372 gestum

206 3390 289 3446 26.
319 3390 417 3464 Egi
447 3393 652 3446 autem
679 3387 808 3456 hoc,
838 3405 956 3444 non
1004 3392 1072 3444 ut
1101 3386 1210 3444 hac
1263 3391 1384 3444 arte
1437 3385 1767 3444 doctrinam
1875 3388 2050 3444 fuerit
2077 3402 2183 3442 nec
2233 3385 2576 3459 gerendum:
2611 3401 2738 3457 quae
2787 3401 2922 3440 cum
2963 3386 3163 3442 omnia
3209 3388 3378 3459 quasi
3408 3390 3520 3445 sub

150 3478 388 3536 conferre
416 3494 835 3553 praesumerem
884 3476 1082 3544 alicui,
1138 3477 1240 3532 sed
1273 3493 1345 3533 ne
1389 3492 1599 3532 rursus
1646 3474 1769 3531 haec
1875 3476 2141 3551 personis
2171 3474 2441 3542 aliorum,
2475 3490 2547 3530 ne
2596 3472 2762 3529 facile
2805 3472 3037 3530 valeant
3081 3475 3386 3547 expiscari,
3437 3478 3522 3533 vi-

151 3566 331 3624 cadem
358 3566 659 3636 meditata,
690 3569 757 3621 ut
794 3566 924 3639 jam
976 3565 1251 3634 fecerant,
1299 3564 1772 3637 subterfugerent
1876 3568 2126 3623 deantur
2154 3562 2398 3637 prolata,
2419 3562 2773 3619 mibitamen
2804 3562 2890 3618 ita
2904 3566 3042 3619 sunt
3068 3569 3284 3636 aptata,
3308 3571 3373 3621 ut
3387 3583 3522 3624 mox

151 3655 278 3712 mihi
305 3656 472 3731 (395).
488 3655 610 3714 Nec
621 3654 838 3711 mirum
864 3653 914 3711 si
932 3671 1120 3728 pauca
1130 3653 1769 3727 congeri,paucaetiam

151 3743 414 3803 valuerint
442 3744 758 3811 recordari,
785 3744 1088 3801 recordata
1115 3744 1290 3800 etiam
1346 3760 1461 3799 non
1492 3743 1635 3799 adeo
1683 3742 1772 3798 di-

154 3838 287 3891 serte
308 3835 451 3893 satis
478 3833 957 3905 decussatimque
1002 3832 1266 3906 proferri,
1317 3848 1454 3889 cum
1484 3837 1541 3888 et
1585 3833 1773 3888 abun-

156 3923 341 3981 danter
364 3929 486 3981 tam
519 3940 695 3997 parvo
724 3922 1022 3980 sufﬁciant
1044 3921 1223 3996 operi,
1256 3920 1451 3978 desint
1472 3920 1650 3977 etiam
1672 3921 1774 3993 qui

157 4010 407 4069 solatium
436 4013 630 4069 ferant
653 4010 811 4079 libri,
842 4010 1038 4068 absint
1065 4016 1123 4068 et
1148 4009 1547 4083 colloquentes
1578 4009 1774 4081 amici,

158 4101 485 4159 obuubilans
511 4100 690 4158 etiam
718 4100 910 4174 ipsam
941 4100 1157 4157 mentis
1190 4100 1376 4156 aciem
1406 4099 1562 4155 adsit
1613 4098 1779 4154 labor

158 4187 459 4262 infortunii,
489 4189 838 4249 memoriam
858 4206 993 4247 vero
1015 4206 1229 4246 maeror
1247 4187 1621 4256 hebetaverit;
1641 4204 1776 4244 cum

160 4279 406 4351 equidem
434 4285 492 4338 et
541 4280 669 4353 ipsa
716 4280 1118 4336 obmutescere
1166 4277 1351 4335 soleat
1402 4277 1696 4346 facundia,
1727 4275 1778 4333 si

222 4387 370 4515 (392))
386 4387 730 4470 Antevicinia
759 4387 896 4442 lucis
924 4389 1065 4441 sunt
1094 4385 1361 4457 quaedam
1392 4383 1542 4441 lucis
1589 4383 1775 4456 initia,

222 4473 273 4513 is:
396 4457 564 4515 Italis
590 4456 959 4515 appellantur
988 4458 1256 4514 barlume.

164 4473 273 4531 qus:
300 4456 370 4515 ab
396 4457 564 4516 Italis
590 4456 959 4531 appellantur
988 4456 1256 4514 barlume.

224 4529 360 4604 (39g)
388 4528 724 4604 Legendum
752 4529 997 4604 videtur,
1028 4545 1128 4585 nec
1151 4528 1669 4604 cessaremlustrare
1683 4543 1783 4600 per

167 4598 240 4657 me
263 4598 394 4674 ullos
423 4598 747 4674 aigiportus
778 4602 1045 4674 librorum
1058 4600 1340 4674 priorum,
1372 4598 1426 4653 id
1452 4602 1542 4674 est
1567 4598 1781 4671 prisco-

1880 3655 2022 3713 [lant
2050 3657 2269 3726 aperta,
2293 3668 2427 3708 cum
2443 3651 2743 3708 obtutibus
2760 3651 2974 3707 fuerint
2989 3656 3357 3724 praesentata:
3372 3673 3527 3727 quae-

1881 3761 1995 3818 que
2025 3741 2298 3798 universa
2325 3744 2449 3797 tam
2479 3745 2648 3796 caute
2678 3740 2935 3796 invenire
2948 3742 3159 3813 poterit
3178 3745 3526 3814 exsecuta,si

1881 3833 1973 3889 cui
1996 3832 2258 3888 studiose
2287 3829 2490 3886 eadem
2512 3827 2751 3884 libuerit
2779 3828 3203 3897 rimare,uthis
3225 3833 3531 3905 propalan-

1881 3923 1974 3979 dis
2005 3921 2199 3994 putari
2228 3919 2416 3993 possit
2444 3918 2737 3991 sagacitas
2765 3918 3064 3975 laborasse
3095 3925 3306 3976 nostra;
3338 3922 3529 3978 inten-

1881 4012 2059 4069 tionis
2090 4011 2150 4065 in
2182 4014 2303 4065 tam
2333 4007 2563 4082 prolixa
2588 4008 2738 4063 serie
2758 4006 3132 4079 prmfationis.
3155 4012 3375 4081 Corpus
3395 4028 3530 4067 vero

1881 4107 2069 4158 totum
2084 4097 2276 4173 cperis
2290 4098 2372 4154 ita
2386 4096 2648 4168 compegi
2658 4139 2670 4164 ,
2681 4100 2744 4151 ut
2755 4096 2829 4150 ab
2842 4096 3101 4151 oratione
3114 4097 3185 4151 ad
3200 4096 3505 4155 lectionem
3515 4141 3532 4168 ,

1884 4208 1920 4247 a
1948 4189 2194 4246 lectione
2223 4186 2292 4243 ad
2339 4185 2664 4241 orationem
2714 4199 3029 4239 conversus
3082 4185 3251 4257 (400),
3298 4185 3529 4244 nullum

1885 4295 1992 4336 nec
2021 4277 2250 4333 athletae
2269 4291 2373 4331 nec
2390 4272 2718 4329 adversario
2736 4270 3078 4340 colludium,
3093 4272 3315 4329 nullam
3342 4274 3533 4331 indul-

1959 4385 2104 4459 (395)
2132 4384 2193 4439 Id
2223 4387 2330 4459 est,
2365 4396 2436 4436 ne
2467 4379 2935 4453 subterfugerent
2957 4377 3121 4445 mihi,
3156 4384 3223 4436 ut
3242 4381 3364 4452 jam
3396 4382 3532 4438 sub-

1887 4458 2268 4526 terfugerant.

1961 4521 2107 4599 (396)
2142 4524 2289 4582 Male
2319 4524 2379 4579 in
2405 4521 2655 4594 vulgatis
2684 4538 2830 4599 ergo.
2862 4522 3083 4599 Sensus
3115 4527 3223 4579 est:
3259 4524 3532 4599 facundia
3566 4586 3575 4595 ,

1889 4592 2036 4657 solet
2065 4592 2485 4662 obmutescere,
2509 4592 2567 4667 si
2598 4592 2912 4667 quis'mger
2928 4592 3019 4649 sui
3048 4609 3289 4667 compos
3319 4596 3397 4652 sit
3419 4597 3531 4653 Ra-

167 4685 282 4727 rum
309 4662 621 4756 librorum,
646 4690 761 4756 quo
790 4662 1236 4756 nominelibros
1266 4662 1674 4756 et’scripto-res‘
1696 4687 1780 4753 sa-
1811 4662 1856 4728 D
1884 4671 2108 4756 theri‘us
2135 4673 2325 4724 autem
2354 4668 2432 4756 iob
2463 4662 2847 4756 chalamitates',
2880 4682 3027 4738 quas
3066 4662 3420 4741 patiebatur,
3471 4686 3536 4726 se

168 4757 281 4801 cros
295 4746 561 4828 superius
589 4741 935 4828 designavit;
985 4742 1091 4828 his.
1126 4741 1301 4828 enim.
1327 4741 1579 4828 maxime
1608 4741 1783 4828 libris

170 4814 494 4889 conveniunt
522 4814 848 4889 sequeutia:
881 4818 952 4889 In
974 4816 1170 4889 quibus
1197 4815 1301 4889 etsi
1339 4814 1410 4869 ad
1436 4814 1661 4889 alipuid
1695 4815 1781 4889 fa-

172 4885 579 4961 cilisiatroitus,
604 4885 706 4961 per
728 4889 897 4961 plura
919 4885 1165 4961 difﬁcilis
1192 4887 1398 4941 exitus:
1428 4901 1495 4961 ac
1522 4885 1784 4959 proinde

173 4956 332 5015 addit:
362 4958 463 5016 Sed
491 4956 620 5016 illos
639 4956 894 5087 (ignotos
920 4956 1268 5084 Patreszeg'er
1295 4957 1483 5013 omnia
1512 4956 1781 5029 sequerer,

173 5041 440 5088 eorumque
467 5033 642 5088 gressi
786 5033 980 5087 tritum
1022 5030 1107 5085 cal
1274 5027 1597 5088 aaarcderer
1615 5045 1634 5088 :
1693 5029 1787 5088 qui

175 5044 440 5110 eqmmque
466 5044 741 5111 gressibus
786 5044 980 5087 tritum
1022 5044 1218 5085 canem
1274 5044 1634 5112 aggrederer;
1693 5045 1787 5112 qui

175 5099 354 5175 qudem
366 5102 614 5174 (priscis,
629 5120 730 5159 seu
747 5102 1182 5175 Scripturarum
1208 5104 1551 5175 angiportis)
1568 5100 1789 5175 diutina

176 5170 587 5247 frequeniatione
600 5170 941 5247 peragratis,
974 5170 1316 5247 multigenis'
1339 5170 1644 5247 scrutiniis
1666 5172 1790 5247 jam

178 5242 355 5325 qbsque
380 5246 492 5302 ullo
519 5242 857 5325 adminiculo
906 5242 1162 5325 ductoris,
1218 5243 1373 5325 solo_.
1407 5283 1420 5297 .
1456 5284 1488 5325 ._
1509 5283 1522 5297 .
1554 5285 1567 5298 .
1611 5242 1785 5325 [cutis

181 5310 368 5389 lumine
386 5322 686 5389 praeeunte,
712 5319 1023 5385 comitante,
1046 5320 1107 5389 et
1130 5310 1691 5389 sequenlevaluerunt
1707 5315 1789 5368 in-

180 5383 342 5461 cedere
366 5383 521 5445 c'ursu
545 5383 731 5445 libero.
757 5388 981 5445 Insistit
1009 5383 1295 5461 allegoria}
1323 5385 1643 5461 labyrinthi,
1673 5401 1788 5461 quo

182 5456 393 5540 nomine
407 5476 602 5540 sacras
613 5461 734 5518 Scri
744 5465 843 5540 ptu
851 5477 946 5517 ras
961 5460 1031 5515 ad
1038 5463 1094 5540 t_e
1105 5456 1512 5540 appellaverat:
1526 5457 1791 5540 caoyrin-

184 5524 290 5608 thus
311 5528 712 5608 scripturarum
738 5524 916 5608 adimo
934 5524 1471 5608 perinagéressillilis
1486 5524 1660 5585 mihif
1678 5532 1792 5608 ilu-

177 5600 265 5683 jus
292 5600 479 5683 autem
506 5603 822 5683 labyrinthi
837 5600 1326 5683 angiportgsnseu
1347 5600 1634 5683 ﬂexuosas
1646 5600 1792 5668 vias,

186 5682 408 5744 quarum
438 5671 622 5733 facilis
652 5671 1017 5744 introitusfel
1048 5671 1309 5733 difﬁcilis
1324 5676 1413 5728 est
1428 5671 1637 5740 exitus,
1659 5688 1793 5744 san-

188 5740 282 5799 ctis
308 5743 561 5806 Patribus
589 5740 942 5807 ductoribus
958 5745 1070 5806 sibi
1099 5744 1437 5801 lustrandas
1468 5743 1796 5818 proposuit.

1889 4742 2064 4800 veluti
2100 4757 2320 4813 aegrum
2351 4739 2601 4813 prmt'ert.

1962 4814 2110 4887 (397)
2141 4808 2331 4868 Prima
2354 4808 2584 4887 scilicet
2612 4824 2797 4887 causa,
2831 4826 2936 4865 cur
2963 4808 3073 4865 hoc
3105 4826 3253 4887 opus
3283 4811 3535 4887 scripse-

1893 4881 1991 4956 rit,
2021 4881 2131 4941 fuit
2160 4887 2356 4940 metus
2386 4881 2715 4949 oblivionis,
2739 4888 2806 4937 ut
2835 4898 2904 4937 ex
2932 4881 3315 4955 sequentibus
3341 4881 3536 4955 palam

1894 4959 2011 5014 fiet.

1966 5029 2115 5101 (3‘38)
2146 5027 2205 5083 Id
2240 5029 2353 5082 est:
2382 5026 2488 5101 _Nec
2508 5031 2727 5101 questus
2748 5040 2891 5101 sum.
2924 5067 2937 5080 .
2977 5065 3040 5101 ,η
3077 5066 3089 5079 .
3105 5025 3539 5101 perspicieusme

1897 5096 2170 5156 lectorem.
2201 5114 2289 5153 me
2317 5096 2647 5153 solummodo
2643 5097 2788 5222 mi
2815 5111 2926 5150 non
2953 5096 3211 5161 alterum)
3240 5099 3541 5149 acutiorem

1897 5173 2074 5222 oneris
2102 5172 2285 5222 istius:
2328 5168 2641 5222 auamioaui
2812 5166 3063 5222 indicens
3109 5167 3241 5221 aliis
3297 5165 3541 5222 (scilicet

1896 5173 2074 5242 aperis
2102 5172 2285 5227 istius:
2328 5165 2764 5242 quandoquidem
2812 5166 3073 5242 indigens
3109 5167 3241 5242 aliis
3297 5165 3541 5237 (scilicet

1895 5237 2073 5315 libris)
2117 5237 2587 5315 videremsaltem
2639 5239 2737 5315 hoc
2789 5237 3164 5315 opere‘solari
3210 5253 3361 5315 posse
3414 5254 3542 5293 eum

1896 5308 2137 5371 amorem
2161 5312 2393 5382 legendi.
2429 5313 2533 5383 qui
2553 5313 2733 5383 inerat
2761 5309 2918 5383 mihi.
2952 5308 3089 5363 Post
3119 5308 3402 5383 nonnulla
3436 5326 3539 5382 pro

1896 5386 2181 5444 racantius
2215 5379 2491 5440 mendose
2521 5381 2579 5436 in
2611 5379 2860 5454 vulgatis
2884 5382 3012 5454 erat
3039 5382 3342 5454 vocantius.

1969 5458 2118 5530 (399)
2149 5456 2505 5530 Prwfalioues
2532 5456 2697 5507 vocat
2715 5449 2850 5506 tum
2884 5449 2998 5519 hic,
3030 5456 3157 5507 tum
3189 5451 3325 5508 alibi
3369 5452 3543 5510 hosce

1898 5524 2353 5603 prieloquiorum
2383 5524 2584 5603 libros.

1973 5546 2076 5585 zelo
2124 5546 2353 5583 morum
2384 5546 2584 5579 uaros.

1973 5546 2385 5673 (1100()Malein
2437 5593 2699 5673 vulgatis
2745 5608 3081 5673 capuersum.
3134 5594 3319 5673 Voces
3376 5612 3546 5667 porro

1902 5664 2167 5731 oratiouis
2214 5673 2271 5725 et
2323 5664 2574 5738 lectionis
2628 5664 2906 5738 peculiari
2934 5670 2992 5723 et
3038 5667 3320 5723 inusitato
3371 5664 3548 5738 sensu

1905 5742 2131 5816 accipit.
2166 5740 2420 5813 Utraque
2451 5737 2607 5795 enim
2640 5755 2779 5795 voce
2826 5738 2931 5796 hos
2984 5739 3434 5813 praeloquiorum
3480 5737 3549 5791 li-
