4054 6382
148 372 257 440 N9
1409 370 1512 442 DE
1556 370 1746 439 VITA
1779 366 1852 438 8.
1894 367 2276 441 URSMARI.
2566 392 2595 401 "
3418 374 3540 450 886

149 511 202 568 et
224 507 416 568 decem
461 503 934 568 hebdomadibus
979 505 1203 582 absque
1258 502 1537 565 alimonia
1571 503 1778 565 vixerit
1803 506 1860 576 Α
1885 501 3532 585 NamlicetnoveritprosalutehumanigenerisChristum

152 600 324 674 panis,
346 599 419 655 ob
450 598 859 673 aegritudinem
884 598 1165 672 corporis.
1199 595 1376 654 Cibus
1405 613 1559 665 vero,
1599 611 1776 669 quem
1883 597 2132 665 venisse,
2153 596 2628 655 nescienstamen
2643 598 2906 656 ordinem
2921 598 3284 659 liberationis
3299 608 3533 672 nostrae,

149 687 402 746 sumebat
429 688 579 761 ipse,
611 692 732 744 tam
785 686 977 744 tenuis
1006 689 1064 743 et
1109 685 1376 743 modicus
1423 689 1566 752 erat,
1615 688 1681 740 ut
1710 699 1776 740 eo
1885 685 2098 742 illusus
2127 690 2219 742 est
2247 690 2433 742 morte
2492 687 2811 756 dominica,
2870 690 3038 763 quasi
3069 691 3193 747 avis
3242 692 3530 765 decipula.

148 775 442 834 sustentari
473 776 682 834 saltem
704 776 897 848 quiret
912 775 1216 832 hominum
1236 791 1426 842 nemo,
1461 775 1574 830 nisi
1600 773 1777 829 mira-
1885 774 2133 830 Ostensa
2161 792 2420 848 namque
2452 776 2807 834 mortalitate
2837 795 3014 852 quam
3061 779 3160 835 ille
3199 779 3534 840 interimere

146 865 281 936 culo,
313 869 376 922 ut
403 869 462 922 et
489 865 638 938 ipse,
670 864 886 922 divino.
905 865 1120 921 Omnes
1141 867 1360 931 autem,
1381 863 1480 936 qui
1511 880 1645 919 eum
1660 879 1778 918 cer-
1886 864 2198 935 appetebat
2222 864 2437 931 carnis,
2467 865 2808 923 abscondito
2840 872 3047 940 captus
3069 873 3158 925 est
3187 868 3361 926 hamo
3391 871 3537 927 divi“-

147 955 344 1011 nebant
373 956 476 1009 aut
504 953 820 1009 audiebant
841 952 1198 1026 loquentem,
1233 953 1601 1008 mirabantur
1620 951 1774 1024 quod
1886 952 2109 1009 uitatis.
2141 953 2426 1008 Ceterum
2459 954 2509 1009 si
2539 954 2942 1012 indubitanter
2979 957 3156 1014 sciret
3202 957 3358 1015 hunc
3404 976 3534 1016 esse

144 1047 249 1102 tam
277 1042 557 1099 robustus
587 1045 741 1098 esset
774 1046 831 1098 et
876 1040 1176 1115 eloquens,
1223 1041 1446 1113 absque
1499 1039 1775 1096 alimonia
1884 1041 2180 1098 Christum
2215 1041 2424 1098 Filium
2457 1042 2558 1099 Dei
2573 1043 3061 1115 vivi,agnovisset
3081 1049 3285 1104 mortis
3306 1049 3537 1122 legibus

139 1133 298 1206 panis
321 1131 542 1188 vivens.
563 1132 728 1204 Aqua
752 1147 885 1188 vero
898 1132 1162 1202 ejuserat
1177 1134 1369 1203 potus,
1394 1134 1450 1185 et
1465 1129 1776 1202 aliquoties
1885 1147 2255 1204 nequaquam
2287 1148 2458 1203 posse
2489 1133 2693 1188 teneri.
2727 1133 2784 1190 Si
2817 1139 3159 1206 agnosceret
3199 1152 3371 1208 posse
3416 1155 3534 1194 non

147 1222 330 1287 sicera,
353 1223 678 1293 quatamen
693 1218 1000 1292 paululum
1015 1235 1261 1292 raroque
1275 1219 1567 1284 utebatur;
1585 1217 1776 1273 victus
1887 1219 2056 1286 mori,
2090 1237 2204 1275 non
2238 1220 2394 1276 hunc
2425 1222 2696 1277 suaderet
2719 1222 3000 1295 crucifigi.
3026 1224 3151 1280 Non
3181 1225 3339 1281 enim
3362 1225 3534 1282 intel-

147 1307 286 1365 illius
314 1308 364 1365 is
395 1312 541 1375 erat,
575 1325 748 1381 quem
779 1308 1002 1379 absque
1031 1307 1222 1362 ofﬁcio
1252 1306 1516 1362 dentium
1545 1323 1776 1362 sumere
1885 1307 2025 1364 lexit
2051 1308 2323 1364 humanae
2355 1309 2701 1382 perditionis
2727 1311 3158 1368 audacissimus
3189 1313 3343 1369 lanio
3375 1316 3533 1388 quod

145 1396 371 1454 valebat.
399 1397 592 1453 Tanta
620 1413 852 1468 quoque
873 1395 1001 1467 ejus
1031 1400 1155 1451 erat
1183 1394 1464 1468 patientia
1493 1395 1552 1450 in
1574 1393 1780 1466 hujus-
1885 1413 1994 1454 suo
2021 1398 2404 1454 frustraretur
2429 1398 2674 1470 imperio
2704 1399 2761 1454 in
2795 1399 3150 1456 Salvatorem
3181 1404 3387 1459 mundi
3426 1392 3556 1460 se?

145 1485 284 1542 modi
301 1489 475 1558 atque
486 1483 619 1540 aliis
631 1483 1131 1548 tribulationibus,
1147 1488 1213 1539 ut
1241 1487 1439 1556 posset
1451 1482 1775 1554 comparari
1883 1485 2670 1559 viendo.lgnoravitantiqua
2682 1487 2907 1544 malitia
2917 1489 3058 1560 quia
3069 1489 3171 1561 jus
3193 1491 3536 1564 perditionis

153 1573 429 1648 patientia
458 1573 574 1632 Job
601 1573 950 1641 beatissimi,
989 1573 1091 1646 qui
1145 1589 1256 1628 non
1305 1573 1561 1645 peccavit
1605 1571 1778 1628 labiis
1885 1574 2158 1630 humanae
2185 1591 2302 1631 non
2332 1574 2686 1643 admitteret,
2711 1575 2760 1630 si
2787 1592 2850 1632 se
2871 1592 2907 1631 a
2928 1577 3332 1650 Redemptoris
3353 1580 3539 1638 homi-

150 1662 279 1730 suis,
309 1679 412 1720 nec
469 1662 719 1719 stultum
747 1661 886 1734 quid
939 1667 1142 1718 contra
1190 1661 1377 1718 Deum
1421 1661 1652 1717 locutus
1684 1665 1776 1717 est
1886 1679 2030 1720 num
2061 1663 2346 1735 sanguine
2377 1663 2784 1720 continuisset.
2824 1663 2989 1720 Unde
3017 1668 3075 1719 et
3109 1666 3442 1738 Apostolus:
3477 1668 3538 1725 Si

145 1752 253 1825 (Job
278 1769 316 1819 ι,
346 1751 459 1824 22).
496 1751 751 1807 Laudem
777 1768 808 1806 θ
833 1754 1034 1807 contra
1062 1749 1296 1806 Domini
1327 1749 1550 1822 jugiter
1577 1749 1777 1805 conci-
1884 1754 2048 1808 hunc.
2081 1751 2292 1824 inquit,
2321 1754 2598 1824 principes
2623 1753 2814 1808 saeculi
2826 1755 3217 1824 cognovissent,
3250 1772 3540 1829 nunquam

150 1842 328 1943 nebat,
353 1845 533 1944 atque
564 1841 888 1940 secundum
909 1839 1254 1946 Prpphetam
1276 1839 1651 1938 benedicebat
1671 1839 1776 1894 Do-
1807 1880 1855 1946 Β
1885 1843 2176 1898 Dominum
2205 1840 2403 1946 Gloriae
2417 1841 2828 1946 mciﬁfisseni‘
2837 1843 2892 1942 (1
2905 1842 3024 1898 Cor.
3045 1859 3108 1912 ιι,
3140 1843 3217 1916 8).
3242 1843 3538 1919 Principes

150 1930 357 1987 minam
384 1929 447 1986 in
477 1928 643 1985 omni
671 1933 954 2002 tempore,
987 1927 1119 1984 laus
1148 1929 1277 2000 ejus
1309 1944 1542 2000 semper
1586 1928 1646 1982 in
1681 1942 1779 1984 ore
1811 1927 1855 1946 "
1888 1945 2023 1986 vero
2045 1946 2192 2002 quos
2220 1930 2431 1986 dixerit
2446 1929 2747 1997 saeculi,“
2776 1929 2891 1986 alia
2909 1931 3038 2001 ejus
3055 1933 3345 1989 sententia
3361 1935 3541 2007 conji-

148 2018 318 2093 ipsius
344 2018 660 2076 resonabat
707 2018 876 2090 (Psal.
926 2031 1126 2086 xxvm,
1177 2017 1254 2090 2).
1303 2017 1598 2088 Conjicere
1643 2033 1780 2073 vero
1888 2035 2017 2075 cere
2065 2035 2406 2091 possumus,
2455 2035 2572 2090 qua
2599 2018 2698 2074 ait:
2747 2020 2868 2076 Non
2895 2029 2976 2076 est
3019 2022 3179 2077 nobis
3223 2023 3538 2081 colluctatio

150 2124 448 2182 possumus
472 2106 850 2164 veraeissime
876 2107 1031 2180 quod
1063 2107 1153 2162 vir
1172 2106 1282 2162 iste
1311 2107 1386 2162 do
1415 2105 1516 2162 illo
1549 2105 1782 2161 vivebat
1887 2108 2144 2165 adversus
2169 2125 2393 2164 carnem
2421 2115 2474 2163 et
2495 2110 2846 2176 sanguinem,
2868 2108 2962 2164 sed
2983 2109 3238 2166 adversus
3261 2113 3539 2185 principe:

151 2214 282 2271 pane
306 2197 405 2270 qui
438 2197 513 2252 de
546 2196 688 2252 caelo
712 2213 814 2268 pro
836 2199 1035 2252 nostra
1059 2195 1360 2251 descendit
1375 2195 1582 2250 salute.
1608 2194 1778 2261 Nam,
1888 2207 1940 2255 et
1961 2205 2263 2269 potestates,
2297 2197 2554 2252 adversus
2582 2196 2780 2252 mundi
2809 2205 3039 2254 rectores
3070 2199 3417 2256 tenebrarum
3442 2202 3539 2257 ha-

151 2285 287 2343 sicut
314 2286 540 2342 fuimus
571 2284 813 2357 prefati,
848 2285 931 2340 ita
961 2285 1247 2340 facundus
1279 2289 1403 2339 erat
1432 2276 1582 2339 dono
1608 2283 1780 2355 spiri-
1887 2303 2032 2351 rum,
2063 2290 2255 2342 contra
2277 2285 2556 2358 spiritalia
2579 2286 2841 2357 nequitiae
2872 2287 2934 2340 in
2961 2288 3268 2344 caelestibus
3317 2289 3533 2362 (Ephes.

151 2375 300 2443 tuali,
330 2380 394 2430 ut
423 2371 1783 2448 quasifonsiluens,autfluviusinundansvide-
1887 2392 1966 2442 v1,
2036 2375 2145 2447 12).
2217 2375 2347 2446 Ipse
2401 2389 2634 2446 quoque
2707 2373 3025 2430 Dominus:
3083 2377 3366 2449 Princeps,
3425 2378 3528 2446 ait,

152 2468 313 2520 retur.
345 2467 720 2535 Quacunque
750 2479 885 2518 vero
916 2461 1270 2535 pradicabat
1315 2478 1435 2531 ore,
1484 2462 1784 2516 astruebat
1889 2466 2055 2538 hujus
2078 2462 2273 2520 mundi
2321 2464 2490 2529 venit,
2538 2479 2596 2518 ec
2647 2464 2706 2518 in
2738 2479 2964 2519 menon
3018 2465 3179 2522 habet
3232 2467 3537 2540 quidquam

151 2552 376 2623 actione,
407 2551 697 2609 validiora
724 2567 853 2609 esse
883 2551 1076 2608 sciens
1099 2549 1362 2624 exempla
1377 2566 1554 2625 quam
1584 2549 1779 2618 verba,
1890 2556 2074 2628 (10m...
2107 2571 2220 2622 χιν,
2251 2553 2363 2624 30),
2398 2551 2673 2618 Quamvis
2703 2556 2760 2608 et
2787 2552 2859 2607 de
2878 2553 3102 2609 Herode
3122 2559 3182 2610 et,
3209 2554 3393 2612 pilam
3418 2573 3535 2612 non

156 2645 207 2698 et
228 2641 354 2714 plus
382 2637 561 2716 opere
592 2641 797 2698 docere
822 2655 1000 2714 quam
1031 2656 1185 2696 voce.
1891 2643 2310 2715 incongruente
2356 2640 2542 2713 possit
2586 2639 2773 2713 accipi
2820 2642 3146 2698 secundum
3203 2642 3348 2700 illud
3380 2645 3537 2717 quod

1564 2754 1567 2755 ν
1891 2731 2212 2789 Psalmista:
2269 2746 2407 2788 voce
2454 2729 2687 2786 dicitur:
2747 2730 3050 2787 Astiterunt
3101 2747 3254 2800 reges
3299 2737 3463 2790 terra:
3488 2741 3542 2790 et

210 2824 262 2882 6.
292 2821 487 2896 Opera
518 2821 772 2895 pretium
804 2837 940 2877 vero
971 2820 1092 2876 fore
1112 2819 1449 2892 judicojam
1479 2834 1636 2874 nunc
1659 2833 1786 2890 pro-
1887 2822 2164 2894 principes
2185 2827 2552 2876 convenerunt
2575 2820 2637 2874 in
2665 2835 2860 2887 unum,
2884 2819 3146 2876 adversus
3176 2821 3471 2878 Dominum
3489 2829 3542 2881 et

151 2911 301 2984 sequi
321 2911 470 2985 stylo
501 2927 684 2983 quam
715 2910 921 2967 efficax
947 2909 1071 2965 viro
1093 2911 1294 2964 sancto
1314 2908 1696 2964 ineratvirtus
1708 2906 1782 2962 ad
1888 2910 2148 2967 adversus
2173 2909 2449 2964 Christum
2478 2909 2595 2980 ejus
2616 2908 2764 2976 (Psal
2813 2924 2872 2974 ιι,
2894 2909 2971 2980 2).
2995 2909 3104 2964 Scd
3135 2908 3218 2964 illi
3245 2909 3540 2984 principes

155 2999 476 3072 eﬂ‘ugandos
509 2998 700 3055 hostis
731 2997 956 3070 antiqui
989 2997 1284 3053 incursus.
1321 2997 1456 3054 Erat
1484 2996 1782 3068 quoddam
1891 2998 2218 3072 specialiter
2244 2997 2421 3052 unius
2450 2995 2672 3068 populi,
2705 3013 2820 3053 non
2840 2996 3132 3069 principes
3152 2997 3347 3054 saeculi
3369 3014 3541 3072 gene-

156 3089 587 3155 monasterium,
620 3087 770 3160 quod
786 3087 1002 3142 dicitur
1017 3084 1786 3157 Melbodium(40h),duodeo
1891 3088 2092 3144 raliter
2121 3084 2393 3159 appellati
2408 3089 2565 3140 sunt.
2581 3085 2722 3140 Cum
2739 3100 2876 3157 ergo
2905 3085 3351 3142 veracissimam
3374 3086 3452 3143 sit
3465 3089 3540 3144 Tu

157 3177 256 3233 cim
268 3178 444 3235 ferme
459 3175 732 3234 millibus
747 3177 1051 3233 aLaubaco
1064 3192 1182 3232 suis
1195 3173 1543 3248 provisionis
1556 3174 1783 3230 distans
1892 3194 1948 3234 es
1977 3176 2230 3232 Christus
2254 3173 2430 3229 Filius
2459 3174 2556 3229 Dei
2581 3174 2698 3228 vivi
2716 3173 2924 3244 (Matth.
2947 3189 3060 3241 xvx,
3084 3174 3538 3246 46),testimonio

156 3267 414 3338 canobio,
445 3267 508 3322 in
542 3282 658 3339 quo
704 3271 828 3322 erat
872 3263 1407 3321 sanctimonialium
1453 3265 1628 3320 turba
1663 3279 1778 3318 non
1809 3251 1854 3319 C
1889 3266 2041 3323 beati
2063 3263 2234 3324 Petri.
2261 3261 3538 3335 mendacissimumest:SoimusquiasisFilius

157 3355 384 3414 modica:
407 3370 662 3430 quarum
692 3370 872 3410 unam
921 3353 1164 3426 spiritus
1203 3352 1416 3408 invasit
1464 3352 1780 3425 malignus,
1890 3356 2009 3422 Dei,
2042 3351 2377 3409 testimonio
2409 3349 2648 3405 diaboli.
2685 3351 2753 3406 Et
2799 3349 2953 3405 sicut
2997 3351 3206 3407 Petrus
3253 3352 3402 3425 (liti)
3433 3353 3536 3412 ait:

157 3445 424 3518 coepitque
453 3460 588 3502 eam
617 3443 992 3500 vehementer
1037 3440 1310 3498 laniando
1356 3457 1563 3497 vexare
1609 3441 1780 3513 (MO),
1892 3445 2044 3517 Quia
2070 3457 2196 3498 caro
2241 3449 2294 3497 et
2321 3440 2550 3508 sanguis
2593 3455 2704 3494 non
2762 3441 3024 3496 reuelauit
3061 3440 3185 3506 tibi,
3229 3441 3321 3497 sed
3372 3443 3542 3499 Pater

157 3537 312 3606 atque
337 3551 440 3607 per
486 3551 556 3591 os
607 3529 738 3605 ejus
769 3531 1077 3588 immunda
1099 3535 1158 3587 et
1176 3530 1374 3603 turpia
1403 3529 1584 3603 loqui.
1611 3530 1784 3586 Porro
1889 3549 2062 3601 meus,
2096 3531 2194 3604 qui
2238 3533 2300 3586 in
2327 3530 2475 3586 caelis
2522 3535 2600 3584 est
2627 3527 2810 3600 (Ibid.,
2843 3529 2954 3601 17);
3004 3528 3089 3585 ita
3129 3534 3188 3585 et
3237 3529 3537 3613 diabolum

155 3617 261 3678 illic
285 3623 682 3681 inhabitantes
711 3621 951 3695 grandis
982 3619 1784 3692 horror,invasit,nimiusque
1891 3621 2178 3679 calliditas
2208 3618 2437 3675 astutias
2467 3623 2526 3674 et
2553 3617 2851 3674 subtilitas
2884 3621 3104 3674 natura)
3135 3617 3244 3676 hoc
3273 3619 3537 3677 conﬁteri

157 3725 315 3782 pavor
338 3712 516 3770 etiam
544 3712 719 3767 corda
740 3710 1065 3766 vicinorum
1114 3708 1445 3781 perterruit.
1495 3710 1784 3766 Tenentes
1890 3728 2005 3768 non
2039 3709 2194 3775 fecit,
2218 3709 2318 3764 sed
2349 3708 2435 3763 vis
2466 3711 2640 3778 atque
2671 3710 2930 3778 potestas
2959 3709 3109 3777 ejus,
3143 3707 3282 3781 quid
3308 3709 3381 3765 ad
3401 3725 3537 3766 eum

157 3805 333 3858 autem
361 3818 493 3858 eam
529 3816 758 3856 sorores
797 3799 1067 3855 dicebant
1111 3798 1183 3854 ad
1231 3797 1554 3853 daemonem
1598 3799 1783 3854 incre-
1891 3797 2312 3854 destruendum
2344 3795 2416 3850 de
2441 3794 2601 3850 oculis
2631 3793 2884 3850 advenit.
2915 3794 2987 3850 Ut
3006 3811 3138 3851 vero
3178 3795 3375 3852 divina
3416 3796 3536 3856 illic

157 3890 348 3960 pando:
384 3891 690 3958 Quomodo
720 3887 964 3946 introire
993 3903 1176 3943 ausus
1201 3903 1264 3944 es
1304 3885 1584 3943 famulam
1633 3887 1735 3943 Dei
1755 3887 1785 3943 ?
1889 3887 1949 3944 in
1980 3886 2220 3942 homine
2239 3884 2452 3940 latente
2481 3883 2792 3955 praesentia
2820 3888 3009 3940 tortus
3036 3884 3372 3941 mentiendo
3401 3902 3540 3944 vera

158 3976 217 4032 Et
241 3979 672 4054 subjungebant
698 3977 978 4034 dicentes:
1004 3975 1411 4050 Impurissime
1428 3976 1783 4043 daemon,exi
1890 3977 2036 4035 dixit
2066 3975 2302 4040 dubius,
2335 3973 2418 4028 ita
2461 3971 2556 4028 hic
2609 3971 2906 4028 dominica
2951 3973 3010 4028 in
3043 3972 3212 4029 beato
3261 3973 3537 4030 Ursmaro

158 4066 220 4122 ab
241 4083 320 4125 ea.
351 4069 577 4134 Quibus
605 4067 703 4124 ille
733 4067 1114 4140 respondens,
1148 4065 1393 4122 dicebat:
1425 4066 1551 4122 Non
1582 4081 1782 4122 exeam
1890 4069 2164 4138 operante
2195 4061 2473 4135 potentia,
2503 4077 2707 4116 verum
2736 4060 2880 4116 dixit
2909 4060 3146 4117 invitus:
3180 4061 3240 4116 in
3287 4065 3538 4135 utroque

159 4154 484 4230 priusquam
517 4157 829 4214 Ursmarus
848 4155 1159 4230 episcopus
1189 4154 1405 4219 veniat,
1436 4158 1495 4210 et
1523 4155 1650 4228 ipse
1689 4171 1784 4211 me
1888 4165 2025 4211 vero
2051 4169 2164 4208 non
2178 4153 2427 4207 suovoto
2453 4148 3534 4220 usus,sedjubentisimperiocoactus.

159 4243 294 4302 exire
320 4245 650 4320 compellat.
701 4247 863 4302 Hanc
917 4248 1112 4301 autem
1163 4245 1317 4300 200
1357 4244 1782 4301 confessionem
1887 4243 2084 4301 Altera
2112 4239 2291 4314 igitur
2321 4236 2414 4293 die
2442 4236 2749 4293 ordinante
2779 4235 2880 4292 Dei
2921 4235 3304 4308 providentia,
3349 4238 3539 4295 adfuit

159 4348 513 4410 nequaquam
544 4336 596 4393 ei
627 4335 978 4392 ascribimus
999 4333 1188 4407 quiab
1208 4331 1375 4389 initio
1392 4333 1782 4398 mendaxfuit,
1890 4333 2097 4388 beatus
2154 4327 2468 4385 Ursmarus
2515 4325 2847 4398 episcopus.
2893 4324 3158 4400 Cumque
3203 4325 3454 4383 relatum
3484 4327 3535 4384 ei

161 4425 210 4477 et
234 4423 289 4480 in
313 4426 551 4484 veritate
609 4443 725 4482 non
770 4425 934 4481 stetit
983 4425 1162 4497 (Joan.
1220 4439 1339 4487 vm,
1373 4422 1485 4494 d4);
1541 4423 1641 4479 sed
1681 4422 1782 4480 Dei
1889 4421 2102 4477 fuisset
2128 4418 2198 4473 de
2223 4433 2293 4472 ea
2321 4432 2451 4488 quae
2475 4431 2510 4470 a
2538 4413 2768 4470 diabolo
2793 4414 3107 4470 vexabatur
3126 4414 3541 4489 puella,jussit

161 4505 383 4585 imperio
412 4519 675 4588 cogente,
725 4530 862 4570 vera
899 4529 1032 4569 eum
1083 4513 1336 4568 fatemur
1379 4511 1616 4578 dixisse,
1666 4529 1781 4568 non
1889 4508 2043 4565 illico
2075 4505 2185 4564 sibi
2216 4501 2476 4561 exhiberi
2506 4519 2658 4559 eam.
2691 4503 2855 4569 Quod
2888 4519 3023 4559 cum
3054 4503 3276 4560 factum
3306 4503 3534 4573 fuisset,

163 4606 368 4690 sponte,
400 4605 556 4662 sicut
578 4603 639 4660 in
669 4601 997 4677 Evangelio:
1026 4601 1256 4668 Scimus,
1281 4599 1447 4657 aiunt
1467 4601 1783 4669 demones,
1811 4622 1860 4690 Ι)
1890 4598 1988 4690 ille
2014 4613 2130 4653 non
2162 4595 2233 4651 de
2263 4592 2544 4690 suat-sed
2577 4593 2649 4648 de
2701 4591 2927 4690 Domini
2971 4609 3336 4690 praesumens
3383 4589 3534 4652 201

163 4689 286 4759 quod
310 4695 384 4750 sis
411 4695 588 4751 Filius
615 4694 711 4749 Det
740 4691 925 4766 (ﬂare.
957 4708 1043 4758 ιιι,
1077 4691 1184 4763 12).
1216 4691 1380 4757 Quod
1409 4691 1612 4762 utique
1647 4707 1782 4746 cum
1811 4680 1854 4690 ’⁷
1890 4687 2126 4753 virtute,
2158 4680 3350 4755 acceptolibro,ccepitlegereexorcismum
3364 4699 3543 4757 super

164 4782 774 4849 essetveracissimum,
793 4784 1003 4854 praeter
1025 4779 1139 4836 alia
1162 4778 1614 4836 innumerabilia
1628 4780 1783 4836 beati
1891 4779 2066 4849 caput
2094 4775 2243 4846 ejus;
2275 4770 2487 4827 dehinc
2515 4770 2819 4828 benedicto
2849 4771 2976 4828 oleo
3008 4787 3180 4829 nares
3222 4770 3541 4846 oculosque

164 4863 297 4926 Petri
327 4872 518 4943 prodit
561 4869 987 4937 testimonium,
1036 4868 1245 4924 iisdem
1292 4868 1482 4924 verbis
1537 4868 1785 4924 Domino
1891 4869 1950 4922 et
1977 4880 2044 4920 os
2071 4863 2200 4935 ejus
2230 4859 3177 4932 linivit,etprotinusimmundum
3195 4861 3269 4918 ab
3289 4861 3543 4934 easpiri-

165 4951 522 5035 lnterroganti
539 4959 803 5035 gloriose
821 4957 1132 5032 praebentis
1150 4956 1532 5014 confessionis
1553 4973 1790 5030 respono
1891 4958 2020 5010 tum
2041 4949 2279 5025 fugavit.
2312 4949 2580 5006 Liberata
2603 4953 2801 5004 tamen
2834 4948 3045 5022 puella,
3079 4966 3257 5022 pavor
3275 4949 3539 5020 quidam,

167 5059 282 5102 sum
307 5048 508 5121 (Matth.
539 5067 596 5120 x,
625 5049 734 5121 10);
768 5053 967 5105 tamen
999 5046 1253 5120 quadam
1285 5045 1375 5102 sui
1407 5049 1570 5119 parte
1615 5062 1785 5102 men-
1893 5043 1994 5116 qui
2024 5037 2334 5114 praesentia
2363 5037 2579 5094 diaboli
2607 5037 2934 5095 semiustus
2951 5039 3159 5103 fuerat,
3192 5037 3385 5093 adhuc
3413 5053 3543 5110 pec-

169 5131 519 5197 dacissimam
546 5139 852 5196 mentitam
868 5152 995 5194 esse
1007 5133 1491 5204 malitiam,testis
1502 5139 1590 5191 est
1607 5134 1790 5191 domi-
1893 5131 2121 5188 toribus
2150 5128 2472 5184 vicinorum
2494 5127 2778 5183 ineraLAt
2797 5126 2884 5182 vir
2895 5125 3126 5182 Domini
3140 5125 3413 5198 praecepit
3425 5123 3540 5181 sibi

168 5219 284 5280 nica
308 5229 520 5300 passio,
553 5229 626 5285 ab
648 5225 848 5301 impiis
875 5223 1158 5281 instinctu
1199 5227 1431 5296 patrata
1472 5221 1782 5279 diabolica.
1892 5235 2106 5294 aquam
2136 5234 2270 5273 cum
2302 5215 2424 5272 sale
2452 5213 2700 5281 deferri;
2733 5214 2950 5286 quibus
2980 5211 3324 5270 benedictis.
3355 5212 3542 5286 jussit

231 5329 1530 5407 (1109)Melbodium,_seugMalbodiumcelebre
1560 5328 1784 5407 monia-
1891 5325 2143 5407 Aneonis
2201 5323 2336 5378 Vita
2381 5321 2607 5407 ‘desint,
2661 5320 2976 5407 Ra‘therius
3032 5318 3120 5407 vel
3175 5336 3245 5376 ex
3292 5319 3541 5393 pleniori

171 5391 300 5459 lium
320 5391 663 5496 (ξὶξιιξρὶριξι,
690 5391 874 5490 vulgo.
910 5403 1202 5496 Maulbeuge
1230 5401 1288 5457 in
1317 5401 1658 5496 ιΗιιιιιιριιὶιιη
1698 5403 1785 5496 Ade
1893 5397 2145 5496 Apsopis
2174 5392 2436 5466 exemplo
2482 5393 2779 5458 derivavit,
2831 5391 2918 5496 vel
2965 5391 3158 5464 potius
3189 5409 3220 5449 e
3252 5391 3359 5450 suo
3385 5409 3542 5468 penu

173 5487 275 5543 quo
299 5478 422 5536 vide
451 5471 833 5536 Mabilonium
861 5477 920 5533 in
952 5471 1153 5530 Vitam
1172 5477 1385 5530 sancta:
1423 5473 1774 5547 Aldegundis

173 5546 361 5617 saeculo
389 5551 641 5608 secundo
662 5551 798 5607 0rd.
832 5546 1069 5614 Bened.,
1102 5545 1174 5601 ad
1200 5546 1451 5617 an.§8h.

1933 5471 2494 5617 d(‘_ia‘1dt‘)t._Ait_scilicet,
2529 5535 2605 5617 Tu
2632 5549 2688 5591 es
2738 5479 2983 5617 Qhristus
3025 5535 3368 5617 FiliushDei
3389 5538 3533 5608 vivi;

235 5615 372 5706 ςιιιρ)
400 5605 946 5706 miscenti?
972 5605 1158 5706 υεάειεξ
1178 5616 1251 5706 μς
1298 5605 1425 5706 ille?
1464 5617 1651 5706 eme
1679 5618 1784 5706 at:
1897 5605 2690 5706 9939-éii_9‘1’li‘ifl?..fiidﬁiﬂ
2739 5606 2906 5706 rem
2952 5607 3277 5682 νεεροιπιίιι
3328 5607 3465 5669 eam
3491 5605 3548 5668 σε

179 5677 854 5769 ευῖἀιὲίᾷιιξεξὰεῖέινῖεὸο
876 5677 1266 5765 signavimus,
1297 5677 1431 5748 cum
1460 5687 1522 5747 in
1551 5677 1790 5763 vulgata
1897 5677 2129 5756 sanguis
2158 5697 2271 5739 non
2297 5677 2558 5737 reuelauit
2584 5678 2708 5747 tibi,
2739 5681 2854 5738 etc.
