4054 6392
505 371 631 445 ’381

1437 359 1814 436 ΒΑἸἮΕΒΙῙ
1857 365 2104 434 EPISC.
2149 365 2438 432 VERON.
2485 366 2660 433 OPP.
2707 368 2907 434 PARS
2951 367 3001 432 l.

3803 369 3911 432 352

513 501 712 590 spargi
743 493 1586 587 percuncta‘monasteriiloca
1613 493 2163 577 etsieomnispavor
2188 503 2244 573 Α
2273 502 2525 562 Obsecro
2558 507 2622 560 ut
2679 503 2894 578 rogetis
2942 500 3111 560 illum
3163 499 3236 560 ad
3286 519 3381 561 me
3427 501 3647 562 venire:
3698 502 3908 563 conﬁdo

515 623 652 662 cum
682 607 919 661 auctore
947 619 1056 658 suo
1085 599 1369 656 abscessit
1396 601 1629 652 Satana.

583 698 638 751 7.
668 693 794 750 Alio
821 708 1054 766 quoque
1081 694 1340 762 tempore
1371 688 1545 743 ducta
1575 688 1664 742 est
1695 685 1766 740 ad
1799 701 1933 739 eum
1969 681 2166 757 puella

509 784 785 858 quaedam
800 779 1114 847 saecularis,
1132 777 1301 850 plena
1315 773 1624 840 daemonio,
1655 790 1832 846 quam
1857 772 2038 844 jussit
2051 771 2163 828 sibi

513 874 575 930 in
605 871 928 929 oratorium
959 866 1186 924 deferri.
1217 866 1338 929 Quo
1370 865 1541 932 facto,
1569 863 1841 936 praecepit
1878 878 2007 916 eam
2037 861 2162 916 vin-

511 963 665 1020 culis
715 961 929 1034 quibus
987 955 1387 1028 stringebatur
1444 952 1687 1008 absolvi:
1747 957 1805 1007 et
1850 955 1985 1024 post
2040 951 2162 1005 haec

514 1051 690 1124 coepit
718 1049 817 1106 Dei
849 1047 1166 1120 potentiam
1192 1059 1370 1116 super
1417 1045 1591 1115 caput
1637 1040 1823 1114 ipsius
1871 1040 2157 1109 invocare,

513 1141 827 1212 ipsumque
857 1137 1182 1192 daemonem
1214 1136 1278 1189 ut
1309 1149 1343 1188 a
1371 1130 1658 1204 plasmate
1675 1130 1774 1186 Dei
1792 1129 1904 1184 vivi
1939 1128 2163 1185 recede-

510 1232 598 1284 ret
626 1227 947 1298 increpare.
980 1223 1196 1280 Mirum
1215 1222 1272 1276 in
1306 1222 1546 1276 modum
1561 1220 1744 1276 hostis
1766 1218 1861 1275 ille
1879 1218 2158 1290 antiquus

511 1315 681 1390 capit
709 1314 989 1371 continuo
1021 1311 1243 1368 anxiari
1276 1315 1333 1366 et
1363 1309 1628 1374 fremere,
1671 1308 2047 1378 diversasque
2092 1322 2158 1361 ac

511 1407 670 1462 diras
699 1420 870 1462 voces
899 1402 1187 1459 emittere.
1218 1402 1465 1455 Sanctus
1484 1414 1617 1454 vero
1643 1396 1956 1452 Ursmarus
1980 1394 2162 1466 jussit

509 1512 640 1553 eam
672 1499 838 1551 extra
889 1489 1209 1548 oratorium
1270 1487 1444 1554 trahi,
1503 1487 1745 1559 ipseque
1792 1485 2159 1556 subsequens

503 1565 958 1658 percussit'eam
992 1580 1181 1635 tribus
1203 1577 1427 1632 vicibus
1460 1574 1666 1630 baculo
1696 1591 1870 1646 quem
1895 1562 2161 1646 gestabat

513 1673 807 1730 manibus.
841 1671 990 1726 Tum
1023 1667 1265 1741 spiritus
1287 1679 1547 1738 'nequam
1579 1663 1718 1718 exiit
1735 1663 1806 1718 ab
1839 1679 1905 1717 ea
1932 1667 2052 1717 tam
2071 1678 2160 1717 ce-

510 1761 726 1831 leriter,
761 1777 827 1817 ae
857 1759 906 1816 si
959 1759 1084 1831 ipse
1140 1756 1350 1812 fuisset
1401 1769 1738 1827 percussus.
1799 1753 1982 1818 Quam
2026 1767 2158 1806 mox

506 1851 719 1908 beatus
749 1849 1007 1924 pontifex
1038 1844 1415 1902 sanissimam
1445 1842 1695 1898 oratorio
1729 1840 2002 1906 reddidit,
2027 1857 2154 1912 per-

505 1954 856 2013 ungensque
884 1936 1008 1994 oleo
1044 1933 1367 2001 henedieto,
1399 1931 1638 1988 liberam
1671 1930 1830 1986 abire
1865 1929 2152 2002 permisit.

583 2033 636 2086 8.
670 2028 932 2084 Habebat
960 2029 1201 2082 sanctus
1233 2021 1489 2096 pontifex
1520 2024 1748 2092 neptem
1782 2020 1974 2090 injam
2003 2018 2155 2072 dicto

513 2117 868 2176 monasterio
897 2113 1302 2182 Melbodiensi,
1333 2127 1508 2183 quam
1537 2109 1659 2183 ipse
1681 2107 1980 2182 parvulam
2003 2124 2157 2162 com-

507 2208 888 2266 mandaverat
905 2199 1608 2275 sanctzeAldegundiQuze
1624 2202 1934 2270 postquam
1951 2196 2158 2251 fuisset

511 2297 730 2365 adulta,
763 2299 889 2353 orta
917 2298 1007 2351 est
1036 2293 1298 2365 quaedam
1330 2290 1388 2344 in
1431 2289 1560 2359 ejus
1591 2287 1737 2342 collo
1783 2302 1934 2342 saeva
1979 2283 2156 2340 nimis

512 2387 844 2451 infirmitas;
874 2399 1000 2456 qua
1033 2381 1285 2454 gutteria
1315 2379 1462 2450 (M2)
1488 2375 1705 2432 dicitur
1732 2391 2000 2430 sermone
2029 2372 2158 2428 Gal-

510 2474 643 2533 lico.
687 2473 1041 2530 Astruenbat
1094 2485 1227 2524 vero
1285 2465 1514 2534 medici,
1549 2466 1702 2538 quod
1749 2462 1918 2518 aliter
1964 2461 2154 2518 curari

512 2547 807 2637 nequiret:
834 2561 947 2618 nisi
981 2575 1153 2615 carne
1181 2556 1368 2613 incisa
1386 2572 1521 2611 cum
1544 2553 1757 2610 uncino
1783 2553 1966 2608 ferreo
2002 2551 2155 2607 foras

513 2653 756 2710 morbus
785 2650 1133 2706 traheretur.
1159 2647 1276 2704 Hoc
1307 2649 1502 2700 autem
1536 2643 1652 2698 illis
1680 2643 1868 2698 facere
1901 2642 2155 2714 cogitan-

508 2741 692 2808 tibus,
717 2738 978 2811 contigit,
1004 2734 1376 2810 supervenire
1391 2737 1659 2811 sanctum
1682 2730 2157 2802 Dominipontiii-

511 2828 660 2887 sem:
693 2828 793 2903 qui
827 2825 1105 2883 accersito
1137 2825 1208 2880 ad
1239 2840 1301 2880 se
1331 2821 1558 2879 medico
1608 2819 1984 2894 interrogavit
2019 2836 2152 2875 eum

512 2919 731 2975 dicens:
766 2917 866 2974 Dic
898 2913 1041 2972 mihi
1079 2917 1355 2970 utrumne
1401 2910 1594 2968 valeas
1646 2925 1852 2967 sanare
1900 2927 2049 2966 eam.
2083 2911 2156 2964 At

507 3005 607 3065 ille
631 3007 732 3064 ait:
765 3006 1019 3078 Nequeo,
1053 3003 1164 3060 nisi
1187 3018 1322 3059 cum
1341 3001 1554 3057 uncino
1585 2997 2156 3056 ferreocarneincisa

509 3096 782 3153 morbum
817 3095 970 3151 foras
1002 3093 1252 3148 traham.
1287 3090 1543 3146 Audiens
1564 3093 1757 3144 autem
1779 3087 1866 3143 vir
1887 3088 1986 3143 Dei
2020 3087 2149 3152 hoc,

506 3185 768 3244 nmnimo
799 3185 985 3240 facere
1018 3180 1381 3255 prohibebat,
1401 3177 1540 3253 quia
1569 3177 1780 3251 oppido
1798 3193 1925 3233 eam
1953 3177 2153 3250 dilige-

2272 593 2424 649 enim
2460 594 2519 648 in
2543 597 2678 661 Deo,
2713 610 2806 649 me
2851 592 3227 649 revalituram
3269 594 3643 667 quantocius,
3695 594 3745 650 si
3788 612 3909 651 eum

2268 681 2467 739 videre
2499 699 2787 739 meruero.
2821 683 2984 747 Quod
3017 699 3151 738 cum
3183 683 3351 739 beato
3379 682 3501 738 viro
3533 683 3748 739 fuisset
3786 683 3911 739 inti-

2269 777 2518 839 matum,
2554 773 2775 845 absque
2805 788 2969 826 mora
3018 771 3090 828 ad
3142 770 3305 828 illam
3355 771 3626 828 accessit:
3674 788 3910 844 cumque

2270 861 2521 917 intuitus
2551 878 2679 917 eam
2713 861 2940 929 fuisset,
2973 860 3195 916 elevata
3234 879 3414 917 manu
3445 861 3686 933 signum
3733 862 3908 919 crucis

2271 967 2447 1022 super
2475 954 2750 1022 aegrotam
2782 949 2939 1021 fecit,
2971 954 3028 1006 et
3056 949 3210 1005 illico
3261 951 3461 1022 fugata
3507 950 3670 1006 febre
3718 950 3910 1006 mulier

2271 1037 2584 1108 convaluit,
2656 1039 2956 1111 vitamque
3031 1039 3141 1095 sibi
3199 1056 3234 1094 a
3282 1039 3398 1096 Deo
3456 1055 3563 1112 per
3633 1039 3908 1095 interven-

2269 1131 2396 1184 tum
2429 1129 2616 1184 sancti
2649 1128 2756 1183 viri
2776 1127 3063 1184 redditam
3082 1128 3408 1200 saepissime
3427 1128 3633 1185 multis
3655 1127 3782 1201 ipsa
3797 1146 3912 1184 nar-

2269 1217 2436 1273 ravit.

2343 1308 2430 1361 10.
2464 1307 2602 1362 Post
2630 1306 2751 1362 haec
2783 1307 2980 1379 itaque
3007 1306 3356 1363 venerabilis
3388 1306 3650 1380 pontifex
3681 1324 3905 1363 cernens

2269 1395 2552 1468 paulatim
2588 1396 2699 1451 sibi
2727 1396 2880 1450 vires
2913 1396 3172 1468 corporis
3221 1396 3430 1467 minui,
3479 1412 3720 1468 suaeque
3764 1397 3904 1451 diem

2267 1483 2588 1540 vocationis
2620 1483 2946 1552 imminere,
2977 1502 3176 1541 curam
3210 1487 3386 1558 cmpit
3417 1502 3530 1542 non
3556 1501 3793 1558 parvam
3821 1502 3904 1558 ge-

2268 1591 2416 1640 rere,
2441 1590 2511 1629 ne
2569 1590 2708 1645 grex
2737 1573 2848 1629 sibi
2907 1574 3261 1630 commissus
3309 1574 3744 1647 relinqueretur
3788 1574 3904 1630 sine

2269 1667 2518 1734 pastore.
2553 1664 2736 1726 Tunc,
2771 1667 3064 1719 annuente
3117 1665 3247 1731 Deo,
3300 1664 3642 1736 optantibus
3694 1663 3903 1719 cunctis

2267 1753 2325 1806 S.
2361 1751 2634 1808 Erminus
2664 1751 2902 1826 eligitur
2924 1752 3012 1808 vir
3043 1752 3202 1808 omni
3232 1753 3493 1809 bonitate
3525 1753 3801 1825 repletus,
3826 1757 3903 1809 at-

2269 1858 2380 1914 que
2407 1840 2689 1913 magistro
2722 1842 2986 1898 moribus
3034 1842 3454 1914 adaaquandus;
3508 1842 3737 1899 cunctis
3779 1859 3902 1898 vero

2269 1929 2566 1987 istiustem
2575 1930 2732 2004 poris
2745 1929 3084 1986 hominibus
3098 1931 3273 1987 tacito
3299 1930 3719 2004 praeferendus.
3733 1932 3902 1996 Quem

2267 2019 2558 2092 benignus
2586 2019 2753 2073 Pater
2783 2018 3043 2074 utfilium
3066 2018 3478 2076 charissimum
3505 2020 3899 2076 monuitama-

2268 2107 2482 2175 biliter,
2515 2113 2806 2179 quatenus
2836 2125 3071 2182 gregem
3105 2108 3217 2164 sibi
3249 2109 3636 2166 commissum
3668 2108 3898 2166 sollicite
3971 2181 3973 2185 ι

2268 2201 2547 2269 pasceret,
2582 2196 2843 2254 moribus
2871 2202 2927 2253 et
2953 2197 3145 2254 verbis
3172 2214 3375 2254 secum
3399 2199 3470 2254 ad
3489 2199 3711 2255 aethera
3731 2202 3902 2254 trans-

2268 2287 2416 2341 ferre
2447 2290 2750 2358 satageret.
2768 2286 2928 2349 Quod
2951 2287 3074 2359 ipse
3091 2288 3384 2360 agendum
3399 2288 3662 2362 suscepit
3680 2288 3899 2361 quidem

2267 2375 2527 2441 moleste,
2563 2376 2662 2431 sed
2696 2381 2807 2431 Deo
2839 2381 3204 2447 cooperante,
3235 2380 3472 2433 strenue
3521 2379 3772 2451 peregit:
3822 2377 3899 2431 in-

2265 2463 2492 2519 choavit
2522 2463 2841 2530 humiliter,
2870 2465 2970 2520 sed
3003 2465 3388 2537 perseveravit
3418 2465 3688 2523 fideliter.
3721 2467 3898 2522 Bonus

2266 2552 2446 2626 igitur
2474 2552 2668 2626 gregis
2700 2553 2915 2609 Christi
2949 2558 3149 2627 pastor
3179 2555 3514 2625 Ursmarus,
3569 2555 3827 2629 moribus
3855 2559 3903 2611 et

2265 2642 2436 2698 annis
2468 2647 2756 2710 maturus,
2790 2643 2970 2715 digna
2989 2647 3374 2716 suscepturus
3407 2646 3752 2702 meritorum
3775 2662 3900 2717 pra:-

2265 2731 2402 2802 mia,
2437 2731 2696 2788 cmlestia
2725 2731 3006 2788 invitatur
3036 2734 3107 2788 ad
3131 2750 3326 2806 regna.
3361 2734 3466 2798 Qui
3488 2735 3764 2808 precibus
3785 2734 3904 2790 cha-

2263 2820 2636 2876 rissimorum
2650 2838 2798 2894 quos
2813 2821 3107 2878 inGhristo
3121 2822 3411 2879 nutrierat
3438 2823 3718 2892 filiorum,
3739 2840 3898 2879 suum

2265 2909 2419 2966 ﬁdeli
2452 2910 2702 2966 Creatori
2740 2912 3159 2967 commendans
3189 2911 3482 2985 spiritum,
3503 2912 3653 2986 ipsis
3672 2929 3904 2987 praesen-

2262 2999 2424 3056 tibus
2455 2999 2756 3057 exsultans
2786 3000 2845 3056 in
2903 3001 3171 3070 Domino,
3225 3001 3420 3060 carnis
3471 3002 3892 3076 quartodecimo

2263 3088 2552 3144 Kalendas
2583 3089 2718 3144 Maii
2751 3107 2844 3146 an.
2875 3092 2983 3146 713
3013 3090 3258 3147 solvitur
3281 3093 3603 3166 ergastulo,
3648 3093 3892 3151 victurus

2261 3179 2318 3234 in
2353 3177 2564 3234 saecula
2594 3195 2727 3234 cum
2761 3178 3374 3254 Cbristo.Angelorum
3395 3186 3631 3238 evectus
3656 3181 3896 3238 ministe-

504 3273 626 3346 bat,
659 3279 715 3333 et
745 3252 1138 3348 periculosum
1169 3269 1278 3327 hoc
1296 3252 1602 3326 valdeesse
1625 3267 1912 3324 cernebat.
1935 3267 2151 3322 Verum
2183 3252 2226 3319 C
2265 3267 2372 3336 rio,
2405 3267 2621 3325 caelesti
2645 3268 2896 3325 infertur
2924 3252 3215 3342 paradiso,
3250 3271 3349 3326 ubi
3373 3271 3500 3327 sine
3521 3271 3640 3328 flne
3672 3270 3896 3346 patriar-

505 3361 814 3438 imponens
841 3377 1086 3417 manum
1117 3359 1332 3431 sapius
1362 3357 1455 3414 die
1484 3356 1585 3413 illa
1607 3373 1783 3440 super
1813 3357 2008 3429 ipsum
2030 3355 2153 3412 vul-

501 3451 664 3507 ‘ncris
693 3450 908 3515 locum,
963 3448 1211 3504 dicebat:
1240 3445 1406 3517 Vide,
1456 3444 1598 3512 ﬁlia,
1649 3462 1721 3501 ne
1752 3444 1995 3518 patiaris
2043 3444 2150 3500 tibi

505 3539 727 3596 ferrum
779 3536 1027 3610 imponi;
1079 3536 1252 3592 credo
1300 3535 1457 3591 enim
1509 3533 1568 3588 in
1626 3532 1856 3589 Domini
1917 3533 2148 3607 pietate,

507 3627 646 3701 quia
673 3627 798 3700 ipse
828 3631 884 3683 te
915 3623 1189 3682 liberabit
1217 3625 1288 3680 ab
1319 3623 1428 3679 hac
1461 3623 1818 3680 infirmitate.
1856 3623 2032 3680 Nocte
2062 3642 2152 3681 ve-

505 3729 570 3774 ro
601 3717 812 3772 eadem
836 3716 925 3771 vir
967 3719 1205 3770 sanctus
1263 3713 1592 3769 uberrimas
1651 3729 1853 3786 preces
1896 3713 2048 3768 fudit
2078 3715 2150 3770 ad

506 3803 823 3862 Dominum
855 3804 926 3859 ob
981 3804 1109 3874 ejus
1165 3801 1434 3858 salutem.
1495 3801 1845 3857 Lucescente
1887 3818 2020 3858 vero
2058 3803 2152 3859 die

505 3895 706 3962 altera,
765 3909 799 3950 a
857 3897 1040 3949 strato
1100 3907 1303 3964 sospes
1363 3890 1614 3947 surrexit
1682 3890 1894 3964 puella,
1954 3891 2149 3948 intan-

504 3985 632 4040 tum
662 3985 727 4038 ut
752 3999 861 4038 nec
890 3980 1201 4056 vestigium
1233 3979 1590 4035 infirmitatis
1619 3982 1942 4035 remaneret
1969 3980 2028 4035 in
2058 3997 2147 4037 ea.

569 4074 625 4129 9.
657 4071 870 4129 Eodem
901 4087 1136 4144 quoque
1163 4073 1421 4141 tempore
1451 4067 1569 4124 alia
1584 4076 1799 4141 aegrota
1817 4067 1969 4124 intra
1990 4069 2146 4140 ejus-

500 4163 631 4218 dem
661 4159 814 4219 202
846 4159 1190 4216 monasterii
1224 4162 1390 4232 septa
1410 4157 1644 4229 jacebat
1674 4161 1791 4213 tam
1823 4157 2149 4214 validolan-

499 4265 680 4326 guore
708 4252 1256 4317 obsessa,utomnes
1287 4247 1387 4322 qui
1402 4264 1529 4304 eam
1545 4246 1834 4315 videbant,
1869 4247 1939 4303 de
1961 4246 2148 4304 salute

500 4341 628 4412 ejus
658 4355 900 4413 prorsus
931 4339 1328 4413 desperarent.
1362 4338 1496 4404 Qua
1527 4355 1661 4394 cum
1692 4337 1956 4394 audisset
1997 4338 2145 4393 tanti

499 4429 606 4484 viri
635 4429 976 4496 adventum,
1007 4429 1180 4501 ccepit
1209 4427 1445 4496 virtute,
1492 4444 1609 4500 qua
1656 4431 1882 4499 poterat
1932 4427 2144 4484 dicere:

2263 3357 2506 3413 charum
2535 3357 2750 3413 fruitur
2781 3359 2912 3426 fide,
2930 3359 3343 3432 prophetarum
3357 3377 3479 3432 spe,
3506 3359 3890 3434 apostolorum

2261 3463 2564 3516 consessu,
2593 3451 2916 3521 martyrum
2945 3447 3208 3522 collegio,
3242 3448 3648 3508 confessorum
3697 3467 3760 3506 ac
3788 3447 3892 3504 vir-

2259 3535 2463 3607 ginum
2523 3536 2922 3603 contubernio,
2981 3541 3443 3612 cunctorumque
3515 3538 3892 3597 caelicolarum

2259 3623 2582 3680 oblectatur
2611 3625 2853 3698 perenni
2900 3627 3176 3700 tripudio.
3230 3627 3452 3701 Corpus
3503 3647 3643 3687 vero
3691 3627 3892 3687 illiusa

2259 3714 2565 3787 discipulis
2597 3714 2870 3788 religioso
2884 3716 3276 3790 compositum
3291 3717 3501 3786 officio,
3521 3718 3686 3776 cultu
3711 3717 3896 3775 estho-

2261 3804 2501 3858 norifieo
2531 3803 2909 3861 tumulatum.
2941 3805 3005 3861 In
3052 3807 3354 3864 cacumine
3403 3808 3622 3881 quippe
3669 3805 3888 3872 montis,

2259 3893 2428 3963 cujus
2459 3893 2757 3949 radicibus
2779 3894 2906 3966 jam
2938 3899 3296 3951 exstructum
3338 3895 3565 3969 adjacet
3614 3899 3891 3954 monaste-

2259 3982 2434 4049 rium,
2467 3982 2787 4038 oratorium
2818 3987 2907 4040 est
2929 3984 2990 4040 in
3008 3984 3228 4042 honore
3245 3991 3453 4042 sanctae
3473 3986 3570 4043 Dei
3601 3983 3891 4043 Genitricis

2258 4075 2679 4140 constructum,
2724 4071 2785 4127 in
2818 4089 2934 4145 quo
2987 4073 3387 4146 deposuerunt
3439 4075 3596 4132 beati
3651 4072 3891 4147 corporis

2255 4160 2620 4216 thesaurum:
2655 4161 2753 4216 ubi
2791 4160 2985 4218 divina
3015 4163 3202 4235 pietas
3233 4165 3595 4222 demonstrat
3625 4163 3886 4239 quotidie,

2257 4251 2427 4322 cujus
2459 4249 2652 4305 meriti
2682 4249 2799 4305 illic
2831 4250 3160 4308 habeantur
3189 4253 3446 4326 reliquiae
3473 4255 3545 4311 ad
3579 4253 3806 4312 laudem
3839 4253 3891 4306 et

2256 4338 2503 4413 gloriam
2537 4339 2861 4412 majestatis
2881 4358 3020 4410 suae,
3039 4343 3209 4415 cujus
3232 4342 3438 4414 honor,
3470 4343 3652 4402 decus
3675 4347 3730 4402 et
3748 4344 3889 4417 pote-

2259 4430 2380 4486 stas
2409 4433 2715 4502 permanet
2745 4429 2870 4487 sine
2899 4430 3033 4487 fine.
3064 4434 3268 4491 Amen.

575 4631 720 4702 (412)
745 4632 1167 4716 _Gutter§_a,_seu,
1201 4634 1268 4716 ut
1297 4631 1395 4688 alii
1441 4648 1575 4688 cum
1603 4633 1835 4690 Ansone
1873 4633 2158 4704 scribunt,
2195 4635 2492 4705 Grutterz'a,
2527 4638 2767 4695 morbus
2797 4639 3077 4712 gutturis,
3106 4641 3178 4696 de
3228 4657 3343 4713 quo
3370 4640 3501 4700 vide
3531 4641 3804 4716 Cangium
3834 4637 3887 4692 in

503 4691 818 4770 Glossario,
849 4719 903 4768 ν,
934 4691 1178 4760 Gutten’d
1205 4705 1258 4758 2.
