4054 6376
3810 358 3839 381 Γ.
3910 360 3936 377 Ἰ

3780 394 3937 463 m.

484 404 625 485 371"

555 555 611 611 5.
645 548 832 625 Major
860 550 1133 608 caeterum
1152 531 1311 624 ’(470)
1340 548 1531 605 fuerat
1564 547 1735 605 istius
1764 548 1912 604 forte
1940 544 2128 620 quali-
2157 544 2215 612 Α
2242 561 2390 602 caeco
2412 542 2681 619 prohibet
2697 540 3115 599 oﬂ‘endiculum
3135 535 3455 613 quemlibet
3474 552 3689 612 ponere
3705 534 3912 610 (Leuit.

482 647 576 700 tas
604 641 807 709 libelli,
835 640 1135 714 prmcisus,
1150 639 1277 710 jam
1299 642 1533 710 peracta
1560 636 1643 692 uti
1671 636 1992 693 succiditur
2011 634 2132 705 (Job
2241 633 2796 707 xxx,14).0btutibus
2817 647 3074 703 namque
3092 628 3378 703 quidlibet
3400 627 3737 701 subjectum
3762 625 3915 682 inef-

481 750 580 800 vu,
601 733 660 802 6)
687 730 823 799 tela,
850 729 909 785 ni
944 729 1307 799 t‘uisset,jam
1338 727 1441 783 fati
1486 727 1687 782 statim
1719 729 1783 781 ut
1811 724 2137 797 comperuit
2244 726 2393 781 ﬁcax
2432 740 2685 790 cernere,
2716 720 2911 778 nescio
2969 736 3043 776 an
3099 717 3291 792 putari
3321 734 3539 774 caecum
3596 733 3719 773 non
3750 731 3909 771 esse.

484 820 715 878 obitum
745 818 1040 884 Rodberti,
1075 833 1248 888 quem
1294 819 1491 871 tamen
1518 814 1702 871 falsus
1755 831 1957 869 rumor
2001 816 2136 870 ante
2246 814 2407 880 Quod
2422 811 2765 885 Apostolum
2786 823 2922 866 cum
2956 811 3183 865 constet
3213 806 3415 864 sedulo
3446 806 3688 875 cavisse,
3716 804 3913 878 (dum)

487 908 838 983 prmtulerat.
865 906 1025 971 Quod
1062 909 1118 961 et
1147 904 1256 960 iste
1286 903 1452 959 initio
1483 903 1749 976 procemii
1793 903 1939 959 satis
1981 919 2136 958 mor-
2247 903 2544 960 neminem
2575 902 2646 957 de
2692 917 2754 956 se
2795 898 2929 972 plus
2961 896 3185 971 aliquid
3227 896 3523 953 desiderat
3550 895 3914 983 aestimasse,

492 982 712 1053 daciler
737 994 941 1066 tangit,
974 996 1032 1048 et
1067 992 1127 1047 in
1167 993 1283 1048 ﬁne
1314 992 1573 1065 apertius
1618 992 1830 1065 prodit.
1864 990 2141 1064 Exempla
2250 1010 2427 1065 quam
2458 992 2613 1064 quod
2643 988 2704 1045 in
2735 1005 2802 1045 eo
2831 988 3072 1054 videret,
3087 990 3146 1042 et
3175 986 3247 1043 ab
3281 986 3408 1058 ipso
3437 984 3669 1041 audiret
3687 984 3768 1053 (II
3783 982 3910 1038 Cor.

1405 408 1784 478 unseen
1823 398 2072 476 EPISC.
2113 381 2409 473 vERON.
2454 405 2631 473 opp.
2672 405 2876 471 PARS
2917 401 2967 471 ι.

490 1101 626 1142 vero
651 1084 721 1140 de
739 1081 947 1149 Tullio,
967 1082 1221 1149 Marone,
1246 1082 1501 1150 Horatio,
1522 1080 1768 1137 diversis
1798 1084 1975 1153 atque
2002 1096 2139 1153 poe-

491 1172 569 1228 tis
599 1189 667 1228 ea
694 1170 881 1244 magis
911 1187 1018 1226 suo
1049 1170 1211 1243 operi
1240 1169 1561 1225 necessitas
1593 1185 1725 1225 eum
1746 1168 2031 1241 compulit
2057 1166 2143 1222 in-

492 1261 648 1331 dere,
662 1260 820 1333 quod
849 1258 1118 1315 hodierni
1150 1258 1319 1330 (proh
1362 1258 1583 1329 nefas!)
1603 1259 1884 1331 temporis
1916 1273 2141 1324 omnes,

493 1352 561 1405 ut
589 1352 648 1405 et
675 1349 820 1421 ipse,
846 1348 1023 1419 magis
1053 1345 1306 1419 siliquis,
1328 1346 1655 1402 lutosarum
1686 1351 1827 1403 sunt
1852 1364 1980 1419 quaa
2010 1362 2143 1418 pas-

495 1454 607 1495 cua
660 1452 859 1504 suum,
910 1452 1088 1509 quam
1144 1434 1366 1491 conviis
1423 1434 1804 1503 delectantur,
1848 1436 1970 1492 vita
2019 1451 2144 1508 qua;

495 1531 637 1586 sunt
663 1527 924 1583 felicium
954 1525 1309 1582 animarum.
1338 1523 1411 1581 Ut
1440 1523 1827 1597 frequentiam
1856 1524 2035 1598 igitur
2062 1524 2146 1582 eis

494 1615 756 1689 [subaudi
799 1613 1036 1688 libellis]
1084 1613 1409 1687 acquireret
1437 1614 1606 1687 (471).
1638 1613 1780 1671 talia
1829 1614 2149 1671 inseruisse

496 1704 799 1779 probatur,
834 1703 1141 1770 lectorum,
1165 1702 1305 1776 quia
1331 1718 1436 1759 nec
1466 1703 1717 1761 summis
1749 1708 1985 1761 noverat
2013 1705 2145 1762 atti-

2248 1098 2353 1150 χιι,
2372 1081 2452 1153 6);
2478 1080 2693 1149 horret,
2718 1075 3167 1150 deccptissimus
3189 1076 3239 1133 si
3261 1074 3450 1151 quivis
3475 1072 3735 1148 peritum
3755 1087 3911 1141 sese,

2252 1173 2355 1227 aut
2380 1168 2655 1237 nobilem,
2680 1169 2781 1223 aut
2804 1167 2983 1239 (quod
3016 1164 3201 1220 multo
3229 1163 3493 1236 iniquius
3521 1162 3911 1235 est)justum,

2252 1276 2367 1315 non
2406 1257 2682 1323 existens,
2733 1254 2966 1328 scriptis
2996 1253 3305 1329 praecipue,
3325 1270 3453 1326 quas
3509 1250 3719 1323 utique
3777 1252 3917 1322 post

2253 1352 2503 1404 mortem
2535 1363 2600 1403 eo
2650 1345 2857 1402 silente
2900 1343 3239 1417 loquantur,
3265 1340 3503 1398 mentiri
3532 1343 3590 1397 et
3638 1339 3793 1396 alios
3826 1339 3915 1394 fa-

2254 1437 2437 1505 ciens,
2459 1438 2702 1504 astruat,
2729 1449 2909 1506 seque
2934 1430 3349 1489 otl‘endiculum
3378 1429 3712 1505 ignorantia
3742 1427 3916 1485 caecis

2252 1525 2429 1583 faciat
2451 1524 2647 1599 ipsum
2679 1523 3165 1593 ob_scurum,cum
3194 1519 3380 1577 multo
3401 1518 3626 1576 felicius
3646 1518 3825 1587 foret,
3852 1521 3920 1573 ut

2255 1620 2482 1686 natum,
2507 1616 2591 1671 ita
2617 1613 2862 1671 latuisse
2891 1612 3253 1681 defunctum,
3275 1626 3453 1683 quam
3485 1607 3615 1664 falsi
3649 1606 3919 1664 rumoris

2254 1704 2428 1761 laude
2474 1702 2865 1777 perfunctum.
2890 1703 3011 1767 Quo
3042 1698 3128 1768 ﬁt,
3149 1702 3214 1754 ut
3250 1696 3624 1755 simulatores
3669 1711 3920 1769 peccare

496 1793 659 1867 gisse
708 1792 891 1849 labris
950 1808 1309 1865 quemquam
1339 1792 1432 1848 sui
1463 1792 1747 1849 similium
1806 1793 2148 1866 hujusmodi
2257 1811 2373 1851 non
2405 1792 2676 1850 desinant
2703 1791 2878 1847 etiam
2910 1787 3145 1857 mortui,
3164 1788 3309 1843 dum
3338 1802 3465 1844 sese
3495 1789 3631 1859 post
3657 1788 3920 1842 mortem

499 1880 807 1955 poculum;
840 1879 1009 1976 facile
1036 1879 1384 1959 investigata
1411 1880 1531 1937 sive
1552 1880 1692 1953 quia
1721 1881 1833 1938 cito
1861 1882 2149 1939 vilescunt
2176 1910 2227 1976 B
2258 1898 2491 1956 quoque
2521 1880 2744 1937 faciunt
2771 1878 2916 1935 falso
2958 1876 3208 1976 laudari.
3232 1875 3514 1976 Sufficiat.
3534 1872 3921 1976 igituristud

502 1970 753 2027 caelestis
782 1968 919 2026 doni
948 1971 1283 2026 nectareum
1313 1985 1603 2041 saporem,
1626 1987 1914 2027 venenum
1945 1972 2056 2027 hoc
2088 1972 2149 2028 ni
2176 1963 2226 1976 ”
2259 1973 2330 2029 de
2360 1971 2533 2027 istius
2577 1968 2879 2042 scriptoris
2939 1965 3184 2023 scientia
3238 1982 3345 2021 nec
3400 1963 3687 2021 invidiose
3715 1964 3923 2019 detra-

500 2062 844 2116 venenasset
868 2057 1377 2130 liquorem.Quam
1416 2057 1594 2130 igitur
1623 2059 1968 2133 simplicitas
1992 2077 2147 2131 vera,

499 2146 927 2222 prudentiaque
966 2145 1271 2219 displiceat
1313 2162 1494 2214 mera,
1526 2147 1777 2219 probant
1806 2149 2150 2222 hujusmodi

502 2237 796 2305 affectata;
830 2236 972 2292 dum
1001 2235 1136 2307 quis
1165 2235 1484 2308 sapientior
1512 2240 1581 2292 ut
1610 2230 1907 2309 appareat,
1940 2256 2057 2295 non
2089 2243 2153 2295 ut

501 2325 599 2395 sit,
620 2323 844 2382 cateris
863 2322 1141 2395 elaborat,
1161 2324 1516 2381 interserens
1537 2325 1682 2394 suis,
1701 2329 1766 2382 ut
1786 2326 1915 2397 iste,
1939 2327 2150 2398 aliena,

498 2413 715 2487 legisse
744 2415 973 2470 tantum
998 2427 1127 2469 sese
1173 2411 1444 2485 pluribus
1474 2428 1590 2484 quo
1621 2416 1970 2485 persuadeat
1999 2416 2152 2472 mul-

502 2506 592 2574 ta;
624 2500 916 2575 pannulos
946 2517 1082 2557 cum
1111 2501 1308 2573 potius
1329 2499 1440 2557 hoc
1469 2501 1547 2557 sit
1566 2502 1791 2560 artibus
1811 2505 2152 2576 detraxisse,

502 2607 621 2648 non
650 2589 811 2664 ipsas
855 2593 1007 2647 artes
1048 2588 1287 2659 habere,
1308 2594 1580 2663 appetere
1613 2590 1881 2664 gloriam,
1916 2610 2032 2650 non
2063 2612 2152 2651 se-

503 2679 605 2753 qui
635 2680 947 2751 maJorum.
974 2678 1014 2736 0
1041 2680 1346 2735 imitatores
1391 2695 1633 2748 servum,
1655 2681 1736 2736 ait
1778 2682 2017 2753 quidem
2050 2700 2155 2740 nec

499 2768 814 2835 mentiens,
852 2783 1018 2841 pecus
1061 2766 1300 2839 (Homer.
1332 2765 1369 2824 1.
1406 2784 1446 2834 ι,
1480 2785 1571 2840 ep.
1604 2767 1692 2837 19,
1714 2787 1863 2827 vers.
1897 2771 2005 2839 19),
2030 2788 2154 2828 car-

502 2858 696 2932 psisse
721 2873 870 2931 quos
925 2859 1128 2913 noster
1182 2871 1287 2911 nec
1318 2856 1519 2912 omisit
1563 2858 1815 2916 Beotius.
1850 2861 2002 2918 228
2034 2862 2157 2918 Sibi

497 2946 682 3021 igitur
710 2945 859 3019 (472)
890 2943 1157 3012 inutiles,
1185 2945 1448 3017 pernoxii
1481 2962 1611 3003 mea
1638 2947 1697 3003 in
1728 2948 1838 3005 hoc
1868 2952 2159 3008 sententia

503 3034 922 3107 omnibus,qui
943 3034 1215 3108 deceptos
1246 3032 1297 3090 si
1327 3051 1474 3107 quos
1504 3036 1884 3106 reddiderint,
1909 3039 2157 3097 aliorum

505 3124 773 3182 efﬁciunt
797 3125 1162 3196 deceptores;
1186 3122 1286 3194 qui
1312 3123 1533 3180 scilicet
1561 3125 1879 3198 particulas
1904 3129 2157 3186 scientiae

509 3214 737 3288 aliquas
768 3229 977 3270 meae...
1002 3212 1200 3268 minus
1231 3212 1473 3285 proinde
1493 3216 1950 3285 considerantes,
1973 3223 2157 3276 totam

512 3306 617 3359 aut
646 3301 964 3358 maximam
989 3300 1151 3356 illius
1169 3318 1465 3356 summam
1491 3302 1636 3374 ipsis
1657 3308 1868 3376 putant
1888 3307 2156 3379 cessisse,

514 3394 574 3446 et
588 3389 735 3445 alios
754 3387 1121 3461 praedicando
1142 3387 1363 3444 faciunt
1383 3394 1587 3461 putare
1611 3409 1624 3448 :
1650 3393 1805 3466 quod
1827 3393 2166 3455 interdictor

515 3475 801 3534 nimirum
832 3475 979 3532 mihi
1006 3475 1239 3532 videtur
1259 3492 1491 3549 quoque
1524 3477 1945 3548 innuere,dum
1969 3499 2164 3543 coram

514 3601 753 3682 imitari,
782 3616 855 3682 ne
881 3601 1331 3682 non
1354 3602 1550 3682 audiat
1589 3604 1838 3682 clamari
1849 3607 1958 3663 sibi
1984 3625 2019 3664 a
2036 3626 2168 3682 pro-

507 3674 679 3799 pheta
705 3690 727 3727 .-
748 3693 778 3724 «
804 3676 903 3729 Vae
926 3673 1023 3745 qui
1046 3671 1231 3727 dicitis
1254 3673 1464 3729 malum
1494 3676 1713 3759 bonum,
1738 3681 1790 3733 et
1819 3679 2020 3760 bonum
2036 3671 2166 3738 ’τηα-

535 3760 652 3799 um.
677 3763 707 3792 ››
729 3743 936 3799 Rursus
966 3742 1129 3799 laudo
1158 3741 1299 3799 auod
1329 3746 1491 3799 probe
1518 3752 1648 3799 emt.
1679 3764 1750 3799 ne
1776 3765 1902 3799 ams
1928 3767 2166 3799 mnmnr.

535 3760 653 3826 um.
677 3741 1134 3826 n'Rursus'laudo
1158 3741 1299 3826 quod
1324 3746 1494 3826 probe
1518 3748 1648 3826 egit,
1679 3741 1750 3804 ne
1776 3751 1902 3820 quis
1928 3767 2166 3826 memor.

510 3815 655 3891 degit
688 3813 863 3891 dente,
896 3831 966 3871 ne
1012 3813 1202 3891 beatus
1239 3813 1351 3891 _J_ob
1401 3813 1651 3873 videatur
1703 3813 1970 3891 opponere
2026 3824 2164 3880 illi:

510 3907 541 3937 ‹‹
571 3885 880 3941 Parvulum
907 3885 1102 3942 occidit
1128 3886 1362 3941 invidia.
1394 3908 1423 3937 »

582 3956 730 4039 (2479)
761 3956 1045 4039 Construe
1087 3974 1101 4013 :
1155 3958 1434 4039 .Cgeterum
1484 3958 1722 4039 qualitas
1748 3962 1956 4039 glibelli
1982 3965 2165 4039 istius

505 4028 651 4100 forte
675 4031 858 4108 [uerat
883 4029 1082 4108 major,
1111 4028 1227 4083 nisi
1561 4032 1776 4108 fuisset,
1807 4036 1892 4089 uti
1920 4035 2030 4091 tela
2041 4038 2163 4108 jam

500 4102 725 4171 peracta
752 4100 1084 4176 succiditur;
1118 4102 1379 4176 praecisus
1414 4100 1642 4176 fuisset,
1680 4102 1944 4176 inquam,
1975 4100 2162 4163 statim

504 4170 569 4226 ut
595 4174 893 4254 compemit
921 4170 1134 4254 obitum
1172 4170 1433 4254 deberti
1444 4173 1567 4243 jam
1591 4175 1700 4254 fati
1720 4170 1854 4254 _(seu
1879 4170 2007 4254 jam
2039 4194 2159 4234 me-

505 4242 741 4321 morati)
756 4259 923 4321 quem
954 4246 1139 4321 tamen
1168 4242 1393 4321 obitum
1435 4242 1627 4299 rumor
1649 4242 1824 4321 [alsus
1858 4242 1985 4321 (inte
2006 4264 2157 4321 prae-

508 4312 903 4391 tulerat._Eum
930 4314 1496 4391 quidem‘mortuum
1525 4312 1756 4388 praefert
1802 4318 1976 4391 paulo
2006 4312 2159 4376 ‘ante

506 4381 689 4439 libelli
719 4384 896 4441 ﬁnem
928 4381 1093 4441 rium.
1127 4385 1196 4439 19
1223 4389 1282 4440 et
1306 4387 1394 4440 21.

578 4455 989 4529 (471)_Explica
1039 4456 1281 4529 :___igitur
1324 4457 1592 4529 probatur
1648 4460 1943 4516 inseruisse
1997 4462 2156 4529 talia,

505 4527 568 4578 ut
590 4525 899 4608 nequiret-et
926 4528 1004 4582 eis
1044 4525 1665 4608 libellis'frequentiam
1708 4530 1997 4608 lectorum,-
2027 4525 2154 4604 quia

504 4598 735 4673 noverat
764 4612 1088 4673 quemquam
1132 4597 1407 4673 similium
1432 4600 1534 4673 _s_ui
1559 4615 1680 4673 nec
1725 4597 2156 4673 attigisse’sum-

2258 2063 2441 2126 ctum,
2469 2074 2574 2115 nec
2625 2058 2902 2113 mendose
2932 2054 3577 2129 superadjectum,ejus
3624 2053 3790 2125 quod
3841 2052 3924 2108 sit

2258 2148 2443 2205 totius
2474 2146 2772 2221 qualitatis
2802 2149 2979 2217 atque
3006 2143 3333 2200 conanimis
3362 2145 3806 2218 argumentum.

2637 2228 2999 2293 Breviarium‘
3013 2234 3278 2291 librorum
3309 2248 3551 2289 suorum.

2331 2327 2385 2384 6.
2420 2327 2508 2383 Sit
2550 2325 2731 2399 igitur
2760 2323 2929 2398 (473),
2963 2327 3029 2380 ut
3074 2321 3441 2395 capitulatim
3488 2317 3923 2394 opusculorum

2262 2416 2582 2473 retinemus
2614 2414 2898 2481 ordinem,
2930 2411 3040 2469 iste
3077 2410 3307 2483 primus
3336 2409 3472 2467 licet
3512 2407 3779 2483 praefatio
3810 2425 3921 2464 caa-

2262 2510 2540 2573 terorum,
2567 2503 2865 2576 quantitas
2890 2498 3185 2573 compellit
3209 2502 3405 2556 tamen
3430 2514 3565 2556 eum
3589 2513 3723 2554 esse
3746 2495 3924 2554 libel-

2262 2593 2408 2648 lum.
2440 2590 2729 2648 Volumen
2758 2608 2964 2646 unum.

2334 2681 2614 2755 Sequitur
2644 2680 2743 2753 qui
2774 2677 3052 2736 dictantis
3080 2678 3343 2735 continet
3370 2677 3601 2734 duabus
3631 2693 3771 2733 cum
3802 2675 3927 2750 epi-

2264 2770 2431 2829 stolis
2461 2771 2616 2828 224
2644 2770 2843 2838 ﬁdem,
2864 2786 3117 2843 quarum
3156 2786 3275 2825 una
3316 2768 3638 2824 Romanam
3668 2765 3925 2840 fatigare

2265 2859 2517 2934 querelis
2548 2877 2663 2916 non
2705 2858 2920 2915 desinit
2966 2858 3183 2927 sedem,
3209 2856 3689 2931 coepiscoporum
3736 2854 3926 2911 altera

2266 2964 2520 3025 gregem.
2552 2947 2840 3005 Volumen
2873 2965 3080 3004 unum.
3850 2950 3855 2953 ⁷

2338 3038 2568 3095 Tertius
2599 3036 3029 3111 querimoniam
3076 3036 3433 3111 quibusdam
3464 3051 3600 3092 cum
3647 3033 3926 3108 epistolis

2266 3126 2443 3182 habet
2473 3125 2592 3198 regi
2622 3124 2896 3182 delatam.
2924 3124 3211 3182 Volumen
3243 3141 3451 3181 unum.

2339 3215 2590 3280 Quartus
2620 3214 2768 3270 duas
2798 3213 3054 3270 continet
3080 3217 3332 3284 tantum,
3360 3211 3619 3269 Brunoni
3649 3210 3927 3269 brevissi-

2271 3320 2449 3372 mam,
2484 3303 2774 3359 Rodberto
2805 3303 2950 3360 satis
2991 3302 3299 3377 prolixam,
3325 3301 3604 3377 epistolas
3644 3302 3923 3375 praesuli-

2272 3393 2404 3450 bus.
2435 3391 2721 3448 Volumen
2751 3409 2958 3448 unum.

2344 3480 2596 3550 Quintus
2625 3480 3055 3553 querimoniam
3084 3481 3345 3539 Brunoni
3383 3480 3718 3555 specialius,
3742 3496 3924 3554 gene-

2278 3610 2424 3681 ipsas
2450 3612 2616 3681 artes,
2646 3610 2913 3681 appetere
2946 3606 3183 3676 gloriam
3223 3607 3519 3681 majorum,
3578 3621 3691 3663 non
3743 3608 3926 3681 sequi.

2347 3678 2495 3751 (472)
2525 3681 2819 3751 Construe
2839 3693 2866 3751 :_
2885 3678 3462 3751 Igituriinutiles'sibi,
3489 3682 3544 3735 et
3576 3680 3841 3751 pertingit
3865 3680 3926 3735 in

2274 3748 2373 3805 hoc
2401 3748 2545 3821 (mea
2587 3748 2875 3875 sententi?)
2906 3748 3176 3820 omnibus,
3197 3752 3301 3875 [qui
3337 3752 3389 3806 si
3426 3765 3558 3822 quos
3580 3748 3929 3806 reddiderint

2274 3819 2532 3875 decentes.
2556 3820 2801 3875 efﬁciunt
2865 3824 3132 3875 ecevtores
3160 3838 3194 3875 a
3221 3824 3416 3875 iorum.
3446 3822 3542 3875 ani
3573 3821 3782 3875 scilicet
3815 3825 3928 3875 mi-

2274 3766 2373 3805 noc
2401 3766 2545 3821 (mea
2587 3766 2875 3875 sementqu
2906 3766 3176 3820 omnwus,
3240 3767 3298 3805 ut
3337 3766 3388 3806 si
3426 3766 3558 3822 quos
3586 3766 3928 3806 reddiderint

2274 3819 2532 3901 deceptos,
2556 3820 2801 3945 ﬁniunt
2865 3824 3132 3892 eceptores
3160 3766 3416 3889 alqiorum,
3446 3822 3542 3892 qui
3573 3821 3782 3876 scilicet
3815 3825 3928 3877 mi-

2274 3908 2376 3945 nus
2407 3906 2563 3945 oram
2660 3892 3060 3945 considerantes
3102 3893 3319 3945 aliquas
3347 3892 3646 3945 particulas
3675 3893 3928 3945 scientia:

2271 3908 2376 3946 nus
2401 3892 2634 3963 proinde
2660 3892 3060 3949 considerantes
3102 3893 3319 3964 aliquas
3342 3892 3646 3965 particulas
3675 3893 3931 3951 scientia?

2271 3977 2431 4034 meae,
2455 3965 2507 4034 et
2530 3966 2728 4034 putant
2777 3966 2964 4030 totam,
3000 3971 3097 4020 ant
3138 3966 3446 4020 maximam
3472 3979 3746 4019 summam
3772 3965 3928 4022 illius

2272 4032 2546 4119 scientia:
2577 4035 2798 4089 cessisse
2839 4034 2955 4119 sibi
3004 4036 3160 4119 ipsis,
3204 4040 3270 4119 et.
3304 4034 3651 4119 praedicando
3674 4107 3685 4118 .
3709 4036 3927 4119 faciunt

2270 4105 2411 4159 alios
2437 4107 2635 4175 putare
2663 4123 2681 4159 :
2715 4105 2853 4175 quod
2882 4105 3151 4162 nimirum
3190 4105 3509 4162 interdictor
3542 4105 3685 4162 mihi
3711 4107 3928 4163 videtur

2271 4178 2768 4258 quoquejnnuere,
2818 4176 2947 4232 dum
2970 4177 3219 4258 probibet
3257 4178 3549 4249 quemlibet
3588 4181 3924 4258 penere__gf-_

2267 4247 2605 4321 [endiculum
2630 4318 2641 4321 _
2662 4263 2845 4321 coram
2893 4247 3046 4305 caeco.
3072 4247 3328 4321 Namque
3381 4247 3602 4306 cernere
3658 4247 3925 4320 quidlibet

2269 4318 2530 4390 inefﬁcax
2556 4318 2858 4392 subjectum
2884 4319 3182 4392 obtutibus,
3204 4318 3381 4376 nescio
3419 4337 3494 4376 an
3536 4318 3731 4392 putari
3754 4323 3924 4392 possit

2265 4403 2385 4463 non,
2400 4405 2516 4445 esse
2540 4390 2765 4463 arcum.
2801 4391 2952 4463 Quod
2987 4408 3111 4447 cum
3151 4396 3356 4448 constet
3395 4390 3710 4463 Apostolum
3734 4390 3922 4448 sedulo

2264 4462 2488 4526 cavisse,
2520 4460 2648 4515 dum
2689 4462 2960 4518 desiderat
3001 4464 3279 4519 neminem
3311 4460 3611 4520 aestimasse
3638 4462 3705 4518 de
3730 4479 3787 4519 se
3813 4464 3919 4519 ali-

2265 4531 2396 4613 quid
2434 4532 2582 4613 plus,
2615 4548 2794 4613 quam
2833 4532 2971 4613 quod
3029 4533 3235 4613 videret
3256 4536 3324 4613 in
3353 4550 3447 4613 6-0,.
3472 4538 3553 4613 et_
3580 4534 3801 4613 audiret
3853 4535 3920 4591 ab

2263 4601 2381 4673 ipso
2395 4617 2416 4664 ;
2435 4601 2638 4659 ’horret
2659 4601 2933 4676 (scriptor
2975 4608 3194 4677 noster)
3215 4607 3265 4661 si
3291 4605 3471 4677 quivis
3518 4605 3921 4677 deccptissimus

502 4665 1125 4749 mis.la‘bris__po‘culum
1155 4667 1487 4749 huj‘us‘modi,
1513 4670 1631 4749 sive
1677 4665 2017 4749 quia'facile
2065 4677 2153 4730 in-
2188 4684 2233 4749 D
2264 4665 2475 4749 astruat
2516 4688 2631 4749 sese
2653 4665 2914 4749 peritum,
2968 4684 3065 4732 aut
3101 4665 3360 4743 nobilem,
3393 4680 3490 4749 aut
3538 4665 3701 4749 (quod
3748 4677 3920 4749 multo

500 4735 768 4817 vestigata
796 4735 902 4791 cito
945 4735 1443 4817 vilescunt:(id_est
1472 4739 1644 4817 vilem
1684 4735 1966 4817 reddunt)
1998 4762 2155 4817 sapo-

500 4744 768 4803 vestigata
796 4744 902 4791 cito
945 4744 1214 4792 vilescunt
1245 4744 1323 4809 (id
1355 4744 1443 4793 est
1472 4744 1644 4795 vilem
1695 4744 1945 4798 reddunt
1998 4762 2155 4817 sapo-

498 4821 618 4888 rem
644 4809 961 4888 nectareum
983 4808 1117 4888 deni
1142 4809 1392 4888 caelestis,
1509 4827 1783 4888 penenum
1813 4813 1913 4888 hoc
1936 4744 2156 4888 Rexem-

500 4876 734 4951 plerum
766 4876 1158 4959 saecularium)
1174 4876 1486 4959 venenasset
1501 4882 1764 4959 liquorem
1779 4901 1801 4946 ;
1818 4876 1954 4959 quia
1984 4888 2156 4943 nimi-

496 4950 629 5028 rum
665 4950 883 5028 scripta
912 4950 1287 5028 quantumvis
1320 4950 2008 5028 coelestia_nou_sapiunt,
2039 4960 2149 5015 nisi

498 5021 915 5095 insperguntur
930 5021 1207 5095 profanis
1230 5021 1532 5095 exemplis.
1567 5024 1702 5080 Erat
1729 5024 1788 5080 in
1821 5021 1955 5094 ins.,
1978 5021 2147 5085 terre-

494 5093 629 5166 num
656 5093 756 5166 hoc
777 5093 1161 5166 invenenasset
1190 5094 1476 5164 liquorem,
1506 5096 1707 5166 procul
1756 5093 1948 5154 dubio
1982 5118 2148 5156 men-

496 5163 656 5232 dose,
690 5163 792 5220 ubi
822 5163 1264 5221 emendavimus
1306 5163 1571 5220 venenum
1598 5167 1695 5222 hoc
1723 5171 1786 5223 ni
1830 5178 2149 5228 venenasset

497 5234 782 5315 liquorem.
810 5236 1131 5315 Sequen‘tia
1161 5252 1354 5315 porro,
1389 5235 1472 5315 sic
1503 5242 1814 5315 construe;
1847 5244 2022 5313 Igitur
2050 5244 2147 5315 hu-

486 5306 732 5386 jusmodi
762 5306 1010 5379 affectata
1027 5306 1368 5386 (seu’nimio
1400 5308 1592 5386 studio
1615 5306 2147 5386 quaisita'exempla

495 5376 894 5456 profan_oru_m_
927 5376 1301 5456 scriptorum)
1336 5379 1589 5456 probant,
1631 5376 1807 5456 quam
1863 5376 2145 5456 displicieat

496 5398 874 5444 proximorum
927 5398 1301 5450 scriptorum)
1336 5398 1589 5449 prooem,
1680 5399 1807 5437 nam
1863 5398 2139 5456 displiceat

496 5458 627 5526 vera
654 5448 995 5526 simplicitas,
1024 5454 1075 5504 et
1121 5465 1275 5504 mera
1294 5451 1605 5526 prudentia,
1633 5398 1765 5509 dum
1793 5457 1915 5526 quis
1959 5457 2139 5512 elabo-

493 5518 602 5580 rat,
634 5520 695 5571 ut
722 5528 1003 5600 appareat,
1036 5535 1147 5600 non
1177 5529 1238 5600 ut
1266 5518 1337 5600 sit
1359 5524 1663 5600 sapientior
1703 5518 1934 5595 cwt'eris,
1970 5530 2140 5582 inter-

489 5602 672 5669 serens
700 5589 886 5669 uliena
912 5593 1046 5669 suis,
1077 5594 1138 5644 ut
1167 5592 1267 5669 i:te
1291 5589 1601 5669 interserit,
1637 5612 1740 5666 quo
1771 5589 1987 5652 tantum
2010 5615 2137 5669 per-

2265 4748 2344 4799 est
2373 4745 2901 4818 iniquiusfjustum,
2932 4764 3044 4801 non
3086 4750 3323 4804 existens
3374 4745 3795 4815 talis,'astruat,
3830 4748 3918 4804 in-

2266 4831 2468 4901 quam,
2497 4819 2772 4901 pfzecipue
2799 4819 3039 4901 scriptis,
3075 4833 3199 4901 quae
3245 4820 3433 4901 utique
3471 4834 3535 4901 eo
3553 4818 3776 4901 silente
3797 4824 3919 4901 post

2262 4891 2495 4962 mortem
2527 4887 2839 4962 loquantur,
2870 4887 3097 4962 faciens
3121 4895 3172 4946 et
3218 4887 3355 4945 alios
3386 4891 3645 4953 mentiri;
3676 4894 3730 4947 et
3756 4887 3811 4946 si
3830 4894 3915 4962 fa-

2257 4958 2367 5013 ciat
2390 4959 2631 5034 seipsum
2659 4958 2947 5034 obscurum
2981 4961 3365 5034 aﬂendiculum
3393 4963 3549 5017 caecis
3578 4958 3912 5034 ignorantia,

2257 5045 2379 5106 cum
2406 5032 2550 5100 [oret
2581 5032 2758 5106 multo
2789 5032 3254 5106 feliciusglatuisse
3282 5041 3342 5106 ut
3365 5036 3577 5101 natum,
3603 5032 3688 5089 ita
3713 5033 3912 5106 ide/un-

2256 5103 2421 5183 ctum,
2441 5116 2605 5183 quam
2631 5104 2979 5183 perfunctum
3010 5103 3171 5183 laude
3215 5104 3349 5177 falsi
3380 5106 3654 5183 rumoris.
3690 5103 3800 5173 Quo
3829 5105 3908 5176 ﬁt,

2255 5174 2315 5243 ut
2345 5172 2693 5227 simulatores
2721 5172 2891 5229 etiam
2945 5177 3152 5231 mortui
3191 5172 3303 5233 non
3359 5175 3615 5232 desinant
3666 5172 3907 5243 peccare,

2253 5241 2390 5331 (ἐπεὶ
2409 5245 3021 5331 cernerentnec
3043 5247 3263 5331 [αεξειῑτι
3312 5261 3424 5331 διέθει
3477 5248 3619 5331 falso
3663 5241 3905 5331 ἓατιάᾳνίέ

2254 5312 2710 5397 Sufﬁciatigitur
2732 5312 2884 5397 istud
2905 5312 3004 5373 nec
3031 5312 3297 5397 invidiose
3325 5312 3629 5397 detractum
3646 5319 3714 5375 de
3733 5321 3907 5397 scien:

2252 5388 2329 5468 tia
2356 5388 2641 5456 scriptoris
2657 5388 2847 5468 istius,
2887 5405 2986 5468 nec
3012 5390 3748 5468 mendose‘superadjectnm,
3772 5391 3907 5468 quod

2247 5459 2321 5537 sit
2372 5460 2765 5525 argumentum
2821 5462 2986 5516 totius
3043 5459 3542 5533 qualitatis—atque
3598 5459 3904 5519 conaminis

2249 5543 2465 5677 6112353)
2493 5600 2695 5677 Igitur,
2717 5605 2779 5677 ut
2801 5604 3154 5675 capitulatim
3179 5605 3472 5661 retinemus
3501 5603 3746 5660 ordinem
3780 5619 3904 5677 cpu-

488 5657 721 5740 suadent
771 5659 1026 5743 pluribus
1079 5678 1191 5719 sese
1246 5663 1437 5735 legisse
1480 5657 1659 5722 multa
1686 5686 1705 5721 :
1735 5684 1859 5722 cum
1915 5657 2026 5723 hoc'
2067 5672 2140 5725 sit
2245 5657 2540 5737 sculoruth
2574 5657 2701 5727 licet
2747 5657 3542 5783 iste‘primuswsit'praelatio-
3565 5657 3898 5746 lateraria,

486 5728 786 5783 detraxisse
851 5739 1024 5783 potius
1092 5736 1363 5783 nmmulns
1427 5739 1671 5783 artibus-
1752 5755 1857 5783 mm
1942 5740 2138 5783 hnhnm
2245 5745 2423 5783 fama”
2456 5744 2735 5783 nunnh‘rne
2766 5748 3041 5783 nnmnono'!
3071 5763 3190 5783 norm
3223 5761 3334 5783 οηο
3387 5747 3610 5783 διωηηιω

521 5732 786 5787 etramsse
845 5734 1024 5803 potius
1089 5732 1363 5807 pannulos
1427 5739 1671 5804 artibus,
1752 5755 1859 5795 non
1940 5740 2138 5799 habere
2245 5745 2423 5798 tamen
2456 5732 2735 5813 quantitas
2765 5732 3041 5819 compellit
3068 5732 3334 5808 eumes'se
3365 5732 3632 5806 libellum.
