4054 6376
452 363 589 435 8'19

1376 356 1757 426 RATHEPJI
1796 354 2049 423 EPISG.
2089 352 2391 425 VERON.
2427 356 2604 425 OPP.
2648 358 2849 426 PARS
2889 352 2946 426 Ῑ.

3751 351 3887 424 380

456 500 569 562 hoc
598 497 922 579 presertim
951 495 1205 575 negotio,
1241 496 1396 573 quod
1420 496 1609 553 totum
1639 492 1742 552 Dei
1770 492 1956 553 solius
1985 508 2105 550 res-
2130 490 2188 560 Α
2214 490 2326 550 hoc
2355 494 2559 569 utique
2588 496 2661 554 ad
2692 512 2878 569 aquas
2898 492 3379 576 contradictionis
3396 494 3875 572 (Deut.xnm,8;

457 596 628 667 pectu
659 595 717 649 et
746 590 834 647 fas
864 592 924 648 et
952 604 1195 647 necesse
1225 590 1379 645 esset
1408 584 1657 652 actitari,
1692 582 1930 639 nomine
1978 581 2118 639 mis-

459 686 618 738 ceret
647 679 739 753 [f.,
772 678 1367 752 nosceret].Subjecta
1385 674 1542 732 enim
1574 673 1743 745 (491),
1775 673 2113 739 ait,vestrze-

459 786 573 843 que
602 767 1042 825 dissertissimm
1070 764 1402 839 paternitati
1439 780 1557 819 non
1590 762 1962 837 cognitionis,
2009 761 2112 817 sed

458 856 883 931 recognitionis
902 872 1079 912 causa
1104 853 1298 910 delata
1312 858 1650 909 sanctorum
1661 852 1901 907 Patrum
1923 867 2115 906 exem-

460 944 579 1020 pla,
613 946 734 1001 fore
752 959 1249 1017 supervacaneum
1273 959 1383 998 sua
1402 939 1844 1014 perspicacitatc
1865 940 1953 1011 [f.,
1981 955 2113 1011 per-

460 1033 789 1107 spicuitate]
824 1032 1102 1098 fatentur,
1156 1030 1399 1087 cuilibet
1446 1030 1508 1101 [ι.
1559 1026 1895 1101 cujuslibet]
1934 1025 2113 1087 vestri

460 1121 835 1189 similium,et
859 1120 960 1193 qui
981 1119 1310 1193 recognitor
1337 1123 1512 1191 atque
1543 1121 1800 1174 servator
1836 1116 1915 1173 sit
1934 1116 2109 1189 aequi,

466 1226 637 1267 aures
668 1208 922 1266 inaniter
934 1208 1181 1280 fatigare
1205 1226 1218 1265 :
1245 1207 1462 1280 quibus
1479 1203 2112 1277 dilucidaturlegaliter

458 1298 854 1370 undecunque
898 1301 1296 1366 assumatum,
1346 1295 1611 1368 legaliter
1638 1293 1890 1360 locutus,
1920 1307 2111 1364 neque

459 1386 778 1460 semetipso
806 1385 1073 1453 veniens,
1106 1385 1207 1441 sed
1238 1384 1313 1440 ab
1341 1400 1429 1452 eo,
1463 1383 1554 1439 cui
1573 1386 1664 1439 est
1678 1380 1944 1438 mittendi
1974 1397 2109 1437 auc-

461 1475 689 1544 toritas,
722 1474 966 1543 missus,
999 1472 1279 1530 collatum
1308 1471 1657 1546 priesidendi
1685 1486 1917 1544 quoque
1936 1470 2109 1526 modo

458 1562 675 1622 alicubi
691 1559 1105 1635 pontificaliter
1125 1562 1383 1634 suscepit
1404 1560 1538 1634 quis
1554 1560 1604 1617 si
1626 1559 1806 1616 semel
1823 1558 2106 1627 officium,

457 1651 771 1725 indignum
801 1650 957 1722 licet,
989 1648 1148 1707 salvo
1200 1648 1488 1707 mittentis
1530 1647 1862 1723 pariterque
1909 1664 2112 1703 conve-

459 1740 773 1808 nientium,
804 1744 871 1797 ut
899 1739 981 1796 ita
1002 1740 1112 1796 fari
1144 1740 1417 1805 audeam,
1440 1743 1595 1795 statu
1628 1736 1904 1807 (malivoli
1928 1753 2109 1808 quan-

458 1846 640 1904 quam
665 1844 854 1902 usque
903 1829 976 1885 ad
1008 1845 1210 1885 necem
1241 1827 1571 1899 desaeviant)
1601 1826 1728 1883 loco
1757 1843 1922 1926 aosse
1950 1824 2106 1898 lega-
2137 1859 2186 1926 Β

458 1919 593 1977 liter
621 1934 884 1986 rursum,
917 1917 1141 1975 ordinis
1166 1921 1439 1973 manente
1468 1912 2108 1983 custodia,nullatenus

459 2008 699 2076 moveri,
732 2007 793 2063 ni
830 2007 1024 2063 forsan
1056 2006 1247 2079 magis
1268 2006 1410 2077 jura
1428 2005 1744 2078 praevalent
1768 2002 1897 2071 fori,
1932 2019 2111 2074 quam

460 2099 754 2153 sanctorm
811 2093 1109 2168 exempla;
1163 2098 1266 2151 aut
1310 2094 1553 2165 majorts
1599 2090 1965 2148 auctoritatis
2023 2094 2114 2147 est

456 2183 1078 2256 molendinnm,quam
1108 2181 1441 2256 pontificale
1472 2179 1923 2238 ofticium.lllius
1948 2196 2113 2235 nam-

457 2287 573 2347 que
602 2260 869 2345 pi'ovisor
891 2271 1028 2344 pelli
1081 2266 1286 2345 nequit
1313 2272 1385 2328 de
1442 2270 1621 2327 semel
1650 2273 1886 2341 accepta
1919 2268 2108 2340 provi-

456 2360 644 2430 sione,
666 2361 727 2416 ni
757 2360 1056 2418 audientis
1076 2358 1787 2433 praecedente,vicinorum
1808 2358 1935 2414 sine
1952 2373 2112 2413 mur-

456 2450 737 2507 murc.Ad
753 2448 1096 2522 episcopum
1110 2448 1541 2505 detrudendum
1556 2447 1668 2503 hoc
1693 2445 1955 2518 exemplo
1977 2443 2108 2499 nul-
2154 2508 2175 2527 .

455 2536 584 2593 lum
616 2535 868 2604 [nullum
911 2535 1198 2592 abundare
1242 2536 1501 2607 videtur],
1533 2534 1622 2591 vis
1652 2533 1816 2590 nulla
1856 2531 2108 2605 requiri-

455 2629 596 2694 tur;
628 2623 797 2692 ratio,
824 2622 961 2701 laus
990 2628 1049 2680 et
1076 2623 1444 2696 vituperatio,
1467 2624 1613 2680 281
1651 2622 1839 2695 plebis
1869 2637 2110 2677 consen-

458 2729 586 2779 sus,
619 2716 678 2769 et
705 2712 1023 2785 prohibitio
1052 2711 1199 2787 legis
1228 2711 1496 2786 partibus
1527 2710 1879 2768 conveniunt
1902 2709 2106 2782 aequis,

459 2799 822 2877 paribusque
851 2799 1163 2874 proficiunt
1191 2799 1404 2858 modis.

534 2890 620 2946 12.
654 2889 845 2963 Super
872 2904 990 2962 quo
1019 2888 1166 2963 (492)
1213 2894 1395 2946 Deum
1443 2889 1736 2956 timentes,
1768 2886 2105 2944 hominum-

460 2994 576 3052 que
604 2977 910 3035 infamiam
942 2982 1270 3036 reverentes
1308 2995 1534 3047 omnes,
1583 2993 1810 3047 omnes,
1835 2977 2102 3050 inquam,

459 3067 569 3142 (ait
600 3069 1237 3141 prosequens),omnes,
1266 3068 1421 3125 idem
1448 3067 1746 3125 simultate
1766 3065 2106 3124 omnimoda

458 3158 760 3215 confidens
790 3156 1145 3231 posthabita,
1169 3174 1275 3231 pro
1306 3174 1368 3214 se
1388 3157 1523 3230 quis
1543 3157 1685 3214 dum
1708 3155 2104 3227 facit,sibique

2220 582 2367 641 Psal.
2403 600 2566 653 Lxxx,
2598 586 2674 654 8),
2715 583 2817 640 ubi
2863 583 3099 657 probari
3146 587 3351 641 vestrae
3396 581 3586 640 valeat
3622 581 3881 639 firmitas

2221 669 2563 728 devotionis.
2579 672 2769 746 Hujus
2792 671 2916 745 spei
2942 672 3159 729 fiducia
3177 672 3393 745 oppido
3424 671 3727 728 animatus
3745 686 3881 742 per-

2218 758 2608 834 incongruum
2657 760 2861 834 judico
2914 761 3293 819 suasionibus
3331 760 3574 834 fatigare
3615 758 3881 833 aliquem

2218 852 2500 917 vestrum,
2541 866 2677 906 cum
2727 849 3236 906 mordacissimam
3283 865 3388 905 vos
3434 847 3698 904 noverim
3746 846 3885 903 Αιθρ

2218 937 2424 993 xandri
2456 954 2618 1011 papas
2647 938 2792 994 satis
2822 955 2994 994 nosse
3023 935 3378 993 sententiam
3413 934 3663 993 dicentis
3687 952 3702 990 :
3728 935 3883 999 Quia

2219 1023 2270 1081 si
2299 1026 2433 1098 quis
2463 1043 2526 1083 se
2547 1026 2621 1083 ab
2653 1025 2866 1083 auxilio
2895 1024 3104 1082 talium
3136 1024 3509 1093 subtraxerit,
3530 1041 3650 1080 non
3680 1040 3883 1080 sacer-

2219 1114 2346 1184 dos,
2370 1115 2471 1171 sed
2502 1115 2916 1172 schismaticus
2929 1108 3883 1187 judicabitur.Institutionis(493)

2219 1202 2435 1277 quippe
2464 1203 2854 1277 indignitatis,
2883 1220 3000 1260 non
3031 1219 3093 1260 se
3113 1207 3312 1259 tamen
3332 1202 3485 1259 ultro
3519 1200 3880 1274 ingerentis,

2217 1292 2318 1347 sed
2350 1291 2706 1366 praecipienti
2737 1291 3062 1349 obedientis
3090 1290 3208 1347 ista
3236 1294 3378 1348 sunt
3405 1289 3690 1363 suffragia
3708 1283 3880 1356 mese,

2217 1396 2344 1453 quae
2374 1381 2792 1439 sacratissimis
2823 1380 3099 1437 manibus
3128 1379 3383 1436 taxanda
3428 1378 3747 1435 committo
3783 1393 3887 1433 ve-

2216 1469 2374 1537 stris,
2406 1487 2510 1527 vos
2537 1474 2604 1527 ut
2634 1469 2928 1527 neminem
2958 1468 3397 1543 episcoporum,
3428 1467 3531 1541 qui
3561 1483 3757 1524 causae
3775 1466 3881 1524 ad-

2218 1560 2412 1628 fuerit,
2447 1577 2551 1633 per
2579 1558 2897 1616 Dominum
2926 1562 3266 1616 contestans
3294 1573 3497 1615 eorum
3536 1555 3889 1631 cognitione

2216 1648 2517 1718 fraudatis,
2566 1649 2668 1706 sed
2709 1664 2903 1721 nequa
2945 1647 3173 1704 occasio
3217 1663 3335 1704 non
3378 1662 3473 1702 me
3515 1645 3882 1703 defendendi

2213 1740 2420 1795 adesse
2449 1737 2655 1806 valeat,
2688 1736 3049 1793 ostendendo
3084 1736 3369 1793 omnibus
3398 1734 3746 1808 propalatis.
3778 1733 3889 1790 Hic

2214 1831 2551 1885 sanctorum
2582 1827 2827 1884 insanus
2858 1826 3121 1896 Patrum,
3151 1823 3395 1882 Antheri
3437 1822 3737 1892 videlicet,
3762 1823 3892 1881 Ca-

2218 1916 2366 1986 lixti,
2390 1921 2565 1989 atque
2584 1915 2845 1989 Gregorii
2874 1932 2944 1972 ex
2972 1913 3243 1981 decretis,
3267 1917 3736 1985 sanctorumque
3760 1929 3885 1968 non

2218 2022 2540 2080 paucorum
2571 2022 2634 2062 se
2661 2003 2924 2079 legaliter
2975 2002 3205 2060 vacanti
3254 1999 3735 2080 inthronizatum
3763 2000 3884 2056 Ec-

2217 2078 2406 2151 clesiae
2452 2078 3030 2151 astruereilaborans
3079 2091 3381 2164 exemplis,
3427 2105 3498 2147 ea
3558 2078 3883 2163 postquam

2217 2182 2423 2239 subter
2462 2181 2807 2251 inseruerat,
2853 2179 3068 2252 adjecit
3102 2198 3115 2237 :
3146 2180 3286 2237 Esto
3342 2178 3556 2254 aliquis
3606 2177 3886 2251 legaliter

2218 2272 2437 2329 factum
2469 2269 2716 2328 inficiari
2751 2269 2910 2326 nullo
2933 2269 3106 2326 modo
3128 2266 3350 2336 valens,
3368 2268 3650 2326 infectum
3662 2283 3882 2324 rursus

2216 2360 2338 2417 fore
2368 2359 2631 2416 criminis
2647 2358 2900 2431 alicujus
2929 2355 3302 2437 oppositione
3320 2355 3455 2413 velit
3473 2372 3609 2413 vera
3628 2355 3878 2425 falsave;

2215 2449 2339 2506 hzec
2367 2452 2527 2515 sunt,
2551 2448 2768 2521 quibus
2791 2446 3159 2513 innitor,Deo
3183 2444 3423 2519 gratias,
3439 2444 3655 2501 iterum
3678 2449 3878 2518 patro.

2215 2538 2403 2609 cinia;
2435 2539 2537 2595 sed
2564 2538 2788 2612 ignoro,
2811 2537 2932 2593 sint
2986 2540 3186 2592 utrum
3245 2533 3469 2607 aliquid
3508 2524 3872 2607 profutura:

2215 2632 2357 2684 sunt
2383 2625 2538 2684 enim
2561 2630 2829 2699 tempora
2849 2624 3016 2698 (proh
3047 2624 3214 2681 nefas
3233 2621 3476 2697 l)legem
3507 2638 3623 2679 non
3645 2621 3875 2679 admit-

2213 2717 2418 2773 tentia.
2467 2716 2730 2788 Cumque
2781 2716 3121 2770 sanctorum
3169 2713 3410 2769 Patrum
3453 2710 3873 2768 sanctionibus

2215 2806 2369 2863 282
2413 2821 2477 2862 se
2530 2803 2986 2870 incardinatum,
3017 2802 3194 2859 vestri
3226 2800 3515 2875 praecipue
3543 2801 3689 2874 (494)
3716 2816 3874 2873 pra:-

2214 2894 2403 2966 conio,
2432 2890 2844 2967 innegabiliter
2862 2889 3263 2965 probavisset:
3298 2894 3474 2963 atque
3518 2892 3865 2946 constructo

2213 2985 2285 3040 ab
2314 2983 2558 3051 eisdem,
2586 2998 2740 3056 papa
2784 2984 2850 3036 ut
2878 2980 2961 3037 ait
2986 2978 3399 3053 Telesphorus,
3428 2995 3492 3035 se
3532 2976 3702 3051 quasi
3744 2978 3866 3034 cir-

2211 3071 2737 3144 cumvallasset(ita
2760 3068 3154 3143 prosequitur)
3166 3084 3359 3141 muro,
3369 3066 3547 3125 vestri
3561 3083 3696 3123 vero
3716 3066 3866 3123 item

2213 3161 2531 3219 inchoancs
2562 3178 2597 3217 a
2624 3158 2940 3234 praeconio;
2974 3162 3114 3214 runt
3141 3161 3208 3214 ut
3236 3155 3431 3214 doceri
3463 3172 3579 3214 non
3634 3154 3869 3228 indiget

458 3225 865 3320 prospicieudo
895 3225 1635 3318 consulit,_sensuros,tum
1660 3245 1949 3318 praecipue
1979 3225 2101 3311 vos,
2132 3225 2182 3297 α
2218 3250 2440 3308 ειιιίειίί
2479 3225 2656 3307 vestr}
2701 3265 2869 3306 suam
2909 3225 3244 3320 prudentia)
3274 3244 3685 3318 hujuscemodi
3731 3225 3872 3318 p3,-

459 3334 555 3391 cui
584 3339 642 3390 et
668 3335 859 3407 major
884 3350 1089 3391 verum
1139 3333 1425 3407 sapiendi,
1471 3337 1549 3402 et,
1595 3350 1668 3389 ne
1714 3332 1858 3405 quid
1904 3335 2109 3388 contra

459 3422 617 3479 idem
648 3421 995 3490 moliamini,
1029 3422 1220 3495 potior
1246 3425 1336 3478 est
1363 3421 1530 3497 copia
1557 3438 1836 3478 concessa
1867 3418 2106 3477 cavendi

460 3526 624 3568 more
652 3509 1061 3580 usitatissimo,
1095 3527 1213 3579 ore,
1245 3526 1447 3579 manu,
1481 3511 1653 3567 corde
1685 3528 1698 3567 :
1730 3511 1889 3566 Zelus
1917 3508 2107 3566 domus

460 3608 569 3657 tvce
604 3598 832 3655 comedit
860 3613 946 3654 me
975 3598 1144 3659 (Psat.
1179 3615 1369 3667 vam,
1406 3599 1513 3668 10),
1537 3614 1652 3654 non
1680 3601 2108 3655 rememoratu-

460 3704 595 3745 rum
635 3687 845 3754 dicere,
876 3703 1379 3759 ascensurumque
1418 3704 1487 3743 ex
1511 3687 1775 3758 adverso,
1805 3686 2107 3760 oppositu-

461 3790 712 3848 rumque
727 3791 966 3830 murum
981 3780 1207 3832 vosmet
1227 3774 1585 3832 defensionis
1600 3793 1702 3848 pro
1720 3776 1891 3832 domo
1905 3772 2106 3841 Israel,

460 3869 529 3921 ut
553 3862 725 3921 stetis
754 3862 815 3920 in
847 3861 1042 3937 praelio
1073 3863 1135 3919 in
1156 3865 1252 3921 die
1286 3864 1520 3921 Domini
1541 3864 1757 3935 (Ezech.
1789 3882 1913 3934 xm,
1940 3866 2018 3939 6),
2050 3868 2109 3921 et

534 4022 1290 4109 (691)_Construe_:_Etenini
1329 4026 1573 4109 subjecta
1598 4026 1854 4109 essempla,
1892 4032 2105 4109 εαηριρ..

458 4096 586 4153 runt
612 4097 863 4164 Patrum,
898 4099 949 4152 et
975 4096 1157 4153 delata
1168 4102 1354 4170 vestrm
1370 4096 2103 4170 disertissimw'paternitati,

457 4184 569 4225 non
595 4183 763 4242 causa
806 4170 1156 4238 cognitionis,
1185 4169 1280 4225 sed
1326 4171 1734 4238 recognitionis,
1758 4169 1868 4225 sua
1891 4173 2107 4242 perspi-

459 4242 660 4298 cuitate
689 4241 934 4314 fatentur
961 4242 1079 4312 fore
1097 4257 1569 4314 supervacaneum
1599 4242 1846 4314 inaniter
1873 4241 2111 4314 fatigare

460 4326 620 4367 aures
644 4311 933 4383 cujuslibet
954 4311 1233 4367 similium
1263 4314 1449 4376 vestri,
1481 4316 1533 4367 et
1577 4311 1884 4383 cujuslibet,
1917 4314 2015 4383 qui
2039 4315 2110 4370 sit

461 4382 767 4455 recognitor
792 4385 844 4455 et
871 4390 1113 4455 servalor
1137 4384 1290 4454 aequi
1323 4400 1335 4438 :
1368 4384 1564 4455 quibus
1610 4382 1875 4455 exemplis
1910 4382 2109 4440 diluci-

462 4453 644 4520 datur,
665 4452 714 4527 si
743 4454 864 4522 quis
891 4453 1108 4527 toaitur
1138 4452 1392 4527 tegatiter'
1418 4454 1504 4527 (in
1548 4454 1740 4510 officio
1763 4452 2112 4527 episcOpali)

460 4540 560 4579 nec
582 4524 804 4595 veniens
831 4539 867 4578 a
893 4524 1199 4595 semetipso,
1226 4524 1322 4580 sed
1343 4526 1544 4580 missus
1571 4527 1643 4582 ab
1670 4541 1751 4591 eo,
1785 4528 1879 4581 cui
1906 4524 1989 4582 est
2005 4524 2110 4583 au-

2214 3339 2385 3414 plura
2412 3355 2517 3413 per
2543 3336 2975 3395 sacratissimas
3004 3335 3183 3393 divini
3204 3334 3498 3408 dogmatis
3526 3350 3768 3407 campos
3779 3333 3870 3389 di-

2214 3446 2436 3503 spersa,
2460 3432 2518 3485 et
2546 3425 2840 3494 facillime,
2869 3425 2920 3482 si
2978 3440 3216 3483 necesse
3244 3423 3442 3493 fuerit,
3470 3421 3824 3480 invenienda
3850 3438 3868 3478 ε

2214 3520 2317 3577 sed
2338 3517 2604 3575 sufﬁcere
2619 3515 2914 3574 credimus
2934 3514 3069 3584 ista,
3085 3530 3190 3570 nec
3201 3511 3874 3583 commemorandaquo—

2214 3624 2329 3681 que
2357 3606 2483 3681 ipse
2510 3604 2625 3662 nisi
2647 3602 2740 3661 cui
2766 3619 2866 3660 rex
2893 3601 3205 3677 Babylonis
3218 3600 3418 3659 oculos
3444 3598 3871 3673 Sedeciaaregis

2213 3694 2542 3756 Jerusalem
2573 3693 2725 3751 eruit
2745 3693 2805 3749 in
2838 3691 3124 3749 Reblatha
3144 3691 3273 3767 (Jer.
3305 3708 3498 3762 χχχιι,
3522 3691 3601 3759 6),
3626 3706 3756 3763 quze
3781 3688 3876 3745 iu-

2213 3788 2571 3858 terpretatur
2584 3780 2773 3839 multa
2790 3780 2933 3850 haec,
2949 3797 3129 3854 quam
3146 3796 3273 3837 sese
3285 3778 3577 3853 (Gregorio
3593 3777 3872 3834 novimus

2214 3875 2460 3932 docente
2488 3874 2571 3945 [in
2597 3874 2713 3930 Job.
2743 3869 2875 3939 va,
2893 3888 2949 3927 n.
2973 3871 3087 3943 37])
3109 3866 3869 3941 immoderatam,Stygium

2286 4033 2434 4118 (493)
2465 4034 2746 4116 construe
2780 4049 2793 4088 :
2826 4032 2935 4088 Ista
2960 4032 3157 4103 quippe
3184 4033 3315 4086 sunt
3340 4027 3608 4156 sagi-agia
3634 4028 3866 4110 institu-

2286 4121 2382 4156 mis
2401 4103 2748 4156 mdiamtatis
2774 4118 3043 4156 meamwn
3072 4118 3131 4156 se
3155 4109 3338 4156 tamen
3363 4118 3402 4156 u
3447 4115 3509 4156 ro
3534 4102 3865 4156 maerentis.

2215 4100 2382 4165 tionis
2401 4100 2748 4176 indignitatis
2774 4100 3131 4173 meae,non's'e
3155 4109 3338 4176 tamen
3363 4100 3509 4176 ultro
3534 4100 3865 4176 imerentis,

2214 4177 2308 4235 sed
2335 4172 2631 4248 obedientis
2658 4172 3174 4248 praecipienti,_quz
3202 4173 3473 4248 sit/Tragic
3501 4172 3755 4248 commito
3785 4178 3871 4227 ta-

2215 4247 2404 4307 xanda
2431 4245 2840 4302 sacratissimis
2875 4245 3132 4301 manibus
3171 4245 3386 4311 vestris,
3415 4245 3723 4299 contestans
3776 4257 3874 4297 vos

2213 4337 2313 4394 per
2340 4320 2649 4394 Dominum,
2673 4321 2734 4373 ut
2763 4332 2872 4372 non
2897 4316 3231 4394 defraudetis
3258 4314 3874 4394 eorum_suﬂragiomm

2216 4385 2527 4461 cognitione
2547 4389 2787 4461 aliquem
2815 4385 3208 4460 episcoporum,
3240 4388 3343 4461 qui
3370 4385 3614 4458 adfuerit
3659 4398 3870 4461 causae,

2216 4457 2309 4521 sed
2336 4457 2659 4518 ostendendo
2686 4476 2753 4516 ea
2780 4457 3033 4515 munibus
3058 4457 3378 4531 propatetis,
3404 4457 3475 4513 ne
3498 4472 3609 4528 qua
3659 4457 3872 4531 occasio

2218 4475 2309 4521 sca
2336 4475 2659 4518 ostendendo
2686 4476 2753 4516 ea
2780 4475 3033 4515 amnicus
3099 4475 3378 4531 repetens,
3404 4475 3475 4513 ne
3498 4475 3609 4528 qua
3659 4475 3872 4511 occas-io

2218 4551 2327 4591 non
2349 4533 2528 4589 valeat
2552 4531 2739 4603 adesse
2786 4475 3118 4603 ἀθῖεηάεηὲᾔ
3137 4546 3241 4586 me.
3273 4530 3373 4603 Hic
3399 4531 3635 4603 insanus
3666 4527 3746 4603 (id
3778 4537 3873 4582 est

714 4594 986 4679 mittendiz
1187 4597 1422 4679 suscepit
1431 4596 1691 4651 collatum
1706 4597 1951 4679 amciter]:
1968 4614 2110 4679 prfe-

2219 4604 2615 4679 phreneticus,
2629 4602 2721 4679 uti
2727 4602 2797 4679 ab
2812 4594 3158 4679 adversariis
3168 4599 3591 4679 appellabatur)
3611 4594 3873 4679 laborans

463 4662 680 4740 sidcndi
706 4664 1099 4740 pontiﬁcalier
1118 4666 1326 4740 alicubi
1341 4662 1354 4667 ⁷
1374 4681 1583 4740 quoquo
1629 4662 1807 4735 modo,
1836 4662 2109 4726 dilucida-

467 4744 579 4812 tur,
609 4733 875 4804 inquam,
906 4750 1031 4812 eun}
1057 4737 1181 4792 licet
1198 4733 2112 4812 indignum'assumptumjlegatiter

465 4804 844 4891 undecunque.
892 4805 1211 4891 nulltatenus
1230 4878 1244 4891 _
1256 4804 1429 4891 posse
1445 4824 1677 4891 rursuni
1691 4804 1707 4811 ’
1718 4804 1967 4891 legalitér
1993 4829 2112 4891 mo-

465 4878 587 4952 veri
615 4876 747 4952 loco,
779 4880 1036 4952 manente
1061 4876 1305 4935 custodia
1334 4879 1561 4948 ordinis,
1594 4881 1741 4937 salvo
1766 4876 1933 4952 statu,
1951 4893 2014 4940 ut
2034 4888 2113 4942 ita

465 4949 583 5023 fari
618 4947 871 5015 audeam,
922 4948 1214 5024 mittentis,
1274 4955 1326 5007 et
1380 4953 1594 5024 pariter
1648 4947 2109 5023 convenientium,

466 5019 797 5146 usque
820 5019 1074 5076 πιαιίυοιί
1100 5019 1401 5080 mm
1456 5040 1624 5097 αεριιε
1680 5024 1751 5080 αα
2048 5019 2115 5085 ηε

579 5109 674 5146 an.
803 5134 817 5146 .

491 5108 555 5153 ον
554 5108 674 5155 san,
707 5107 817 5148 θιο.

465 5096 686 5250 ζ(ῗῖἱέγῇ
707 5096 859 5250 (iam
889 5173 1157 5250 construe
1191 5181 1205 5220 ³
1234 5165 1412 5250 δαΙῖθν
1434 5176 1563 5250 ’9³9
1603 5166 1897 5250 ῳηβᾰθῃδ’
1929 5185 2113 5250 φηηῶ

469 5236 728 5310 timentes
772 5236 973 5310 Deum,
1013 5244 1067 5310 et
1108 5236 1411 5293 reverentes
1437 5236 1752 5310 infamiam
1807 5241 2110 5310 hominum,

469 5320 679 5388 omnes,
705 5306 934 5388 inquam
954 5306 1078 5388 (ait_
1107 5308 1452 5388 prosequens)
1469 5306 1667 5388 pinnes
1688 5325 1945 5388 sensuros
1972 5306 2115 5369 idern

465 5373 1582 5455 posthabita:animinoddsimuttateﬁum
1600 5382 1725 5455 quis
1751 5382 1890 5452 facit
1912 5399 2015 5455 pro
2036 5401 2110 5455 se,

472 5449 526 5501 et
551 5449 927 5529 prospiciendo
944 5451 1190 5529 consulit
1213 5451 1357 5515 sibi;
1386 5459 1504 5529 tum
1541 5449 1824 5529 pfwdpue
1868 5449 1959 5511 vos
1987 5449 2111 5511 senl

470 5532 626 5573 suros
658 5518 821 5601 idean,
859 5520 953 5601 cui
984 5536 1232 5601 concessa
1260 5527 1431 5601 est_et
1474 5518 1655 5601 mdjor
1681 5518 1839 5601 copia
1865 5529 2118 5601 capiendi

472 5604 680 5672 verunt,
703 5597 753 5644 et
780 5593 937 5672 copia
961 5593 1141 5662 potior
1166 5595 1485 5672 cavendi,ne
1510 5593 1647 5672 quid
1662 5593 2117 5672 moliamiizicon-

471 5663 561 5715 tra
589 5659 761 5744 idem,
942 5659 1126 5720 omnes
1143 5667 1364 5722 sensuri
1390 5659 1556 5744 sunt,
1581 5665 1829 5737 cavendi,
1862 5669 2113 5744 inquam,

473 5747 624 5790 more
653 5733 1026 5805 usitatissimO,
1058 5751 1171 5810 ore,
1200 5754 1397 5806 manu,
1427 5733 1606 5794 corde.

2219 4670 2466 4733 astruere
2492 4691 2547 4730 se
2576 4675 2826 4743 tegatiter
2853 4670 3289 4731 inthroniwtuin
3332 4671 3560 4743 vocanti
3576 4670 3873 4743 '_Ec_clesiae

2220 4765 2291 4805 ea:
2317 4748 2543 4803 decretis
2561 4739 2877 4801 sanctorum
2919 4746 3167 4801 Patrum.
3198 4742 3450 4799 videlicet
3477 4740 3725 4808 Antheri,
3759 4739 3873 4796 Ca-

2219 4821 2370 4887 lixti,
2400 4822 2562 4890 atque
2589 4816 2855 4890 Gregorii,
2885 4820 2939 4871 et
2969 4815 3233 4890 exemplis
3260 4828 3371 4869 non
3404 4827 3712 4890 paucorum
3738 4827 3871 4890 san-

2219 4884 2448 4956 ctorum,
2461 4884 2743 4961 postquam
2760 4888 2954 4961 saltent
2979 4884 3170 4961 subter
3196 4884 3506 4961 inseruerat
3529 4900 3594 4961 ea
3613 4884 3875 4961 (decreta

2221 4967 2279 5019 et
2305 4955 2605 5032 exempla)
2622 4958 2821 5032 adjecit
2852 4976 2871 5013 :
2900 4960 3024 5015 Esto
3054 4958 3259 5032 aliquis
3284 4956 3441 5012 nullo
3463 4955 3629 5032 rnon
3677 4955 3871 5032 patens

2222 5020 2493 5105 inﬁciari‘
2510 5020 2762 5102 teqatiter
2814 5038 3040 5105 tactum,
3068 5020 3201 5105 velit
3227 5042 3419 5105 rursus
3444 5029 3561 5105 fore
3596 5020 3873 5105 infectum

2221 5099 2551 5178 oppositione
2561 5099 2731 5178 'cera,
2761 5099 3018 5178 veifatsa
3038 5101 3291 5178 criminis
3319 5100 3575 5178 alicujus;
3597 5099 3727 5178 bace
3743 5105 3876 5178 sunt

2218 5168 2548 5249 patrocinia,
2596 5174 2794 5249 quibus
2851 5168 2957 5249 Deo
2992 5173 3216 5249 gratias
3230 5172 3438 5249 iterum
3461 5168 3696 5249 'innitor
3726 5185 3751 5249 ;
3780 5168 3874 5225 sed

2221 5242 2655 5371 ignoratuth
2680 5246 2793 5299 sint
2820 5242 3037 5316 aliquid
3054 5245 3350 5315 profutura
3368 5259 3387 5298 :
3408 5245 3539 5297 sunt
3565 5242 3711 5297 enim
3734 5248 3873 5296 tem-

2222 5334 2375 5371 nora.
2409 5333 2440 5371 e
2468 5332 2520 5371 c.

2291 5334 2375 5382 ra,
2409 5332 2520 5373 etc.

2218 5334 2780 5459 Ροῖῗρᾱῗῐῗίοῇὺθι-ῒευε
2810 5385 3538 5459 εοίιίοθεαιιοῌίθρὶερορμε
3564 5381 3872 5459 Treviren-

2224 5454 2328 5527 sis,
2352 5454 2527 5532 quem
2558 5457 2667 5513 hoc
2696 5457 2757 5512 in
2787 5473 2959 5532 opere
2984 5454 3319 5532 alloquitur,
3353 5454 3693 5532 Ratberium
3713 5454 3771 5509 in
3786 5471 3876 5510 or-

2224 5526 2542 5598 diuatione,
2557 5545 2660 5601 seu
2688 5526 3050 5601 promotione
3082 5526 3150 5601 ad
3186 5528 3385 5601 sedem
3402 5526 3821 5601 Leodicensem
3841 5543 3874 5581 e

2225 5608 2508 5678 suggestu
2565 5599 2930 5657 Coloniensis
2990 5600 3258 5657 Ecclesia:
3303 5599 3658 5667 laudaverat,
3696 5601 3763 5653 ut
3803 5612 3874 5652 ex

2226 5692 2389 5731 num.
2413 5678 2444 5731 1
2476 5671 2742 5731 prooemii
2770 5672 3082 5731 intelliges.

2226 5692 2389 5734 num.
2413 5688 2444 5731 1
2475 5688 2742 5748 prooemii
2770 5688 3082 5746 ιιιιθιιιεθε.
