4054 6386
144 348 262 415 ΞΒ

1523 418 1534 433 ,
1624 347 2091 419 PHRENESIS.

154 500 277 540 mea
340 483 638 540 invenitur
698 484 1007 553 sententia,
1073 480 1226 544 236
1288 485 1792 555 muliercularum,
1823 487 1877 553 Α
1910 486 2099 543 Facile
2131 489 2575 560 prudentissimi
2604 494 2672 548 ut
2702 488 2844 550 estis
2860 490 3112 568 (ingenii,
3147 495 3552 553 adaertereva-

158 572 328 628 moris
355 576 424 628 ut
467 574 572 641 est,
594 571 939 645 reciperetis
958 574 1187 640 oblata;
1216 574 1372 630 istud
1407 575 1602 630 inferri
1631 575 1798 629 vobis

156 660 494 735 phrenetica
520 662 647 733 ejus
676 661 897 735 pariter
925 663 1064 719 fecit
1087 663 1331 719 audacia
1352 664 1500 735 (rata
1531 663 1795 730 forsitan,

155 750 275 821 ejus
294 749 453 821 quod
478 747 766 822 pulsione,
786 750 944 807 fama
965 754 1031 806 ut
1050 751 1260 820 fuerat,
1284 755 1455 809 nacta
1489 753 1574 824 [[2,
1607 748 1796 824 pacta]

149 836 239 893 die
267 841 390 893 tam
422 836 696 907 solemni,
730 840 1021 897 anxietate
1061 856 1236 912 quem
1285 840 1593 896 omittebat
1638 838 1795 895 haud

154 926 423 1000 plangere
446 926 907 1000 querela,induti
936 929 1201 985 fuissetis
1230 928 1465 1001 planeta
1488 929 1526 999 ε]
1558 928 1621 985 Si
1639 918 1802 1001 offers

154 1032 347 1071 manus
376 1019 540 1072 tuum
565 1017 636 1073 ad
665 1018 859 1086 altare,
891 1025 942 1073 et
987 1018 1069 1073 ibi
1111 1018 1423 1074 recordatus
1447 1018 1643 1091 fueris,
1667 1019 1800 1090 quia

152 1107 319 1178 frater
345 1111 480 1161 tuus
520 1104 681 1161 habet
725 1106 941 1178 aliquid
978 1105 1267 1162 adversum
1297 1113 1384 1168 te;
1410 1107 1662 1179 relinque
1720 1106 1800 1162 ibi

154 1208 346 1248 munus
408 1196 573 1249 tuum
626 1201 751 1250 ante
807 1194 1004 1263 altare,
1028 1203 1080 1251 et
1107 1192 1241 1251 vade
1263 1196 1421 1266 prius
1448 1195 1801 1251 reconciliari

150 1283 307 1354 fratri
360 1286 458 1339 tuo
500 1301 515 1351 ;
571 1290 621 1338 et
678 1290 808 1338 tunc
860 1285 1085 1339 veniens
1140 1284 1334 1357 offeres
1388 1300 1591 1340 manus
1643 1292 1800 1340 tuum

156 1371 524 1442 (Hatlh.v,23,
543 1368 788 1441 24).Hic,
815 1372 1076 1440 Domine,
1110 1373 1368 1446 ambigo,
1389 1372 1646 1445 cujusvis
1661 1373 1800 1429 duo-

154 1475 276 1515 rum
305 1459 514 1515 mirari
547 1459 791 1517 debeam
821 1460 1081 1533 amplius
1111 1461 1618 1534 phrenesim.Esto
1640 1461 1797 1517 enim

155 1546 246 1604 ille
274 1546 477 1604 dolore
497 1552 666 1606 actus
684 1549 1024 1606 insanibat?
1044 1551 1268 1618 Vestra,
1285 1567 1443 1623 rogo,
1458 1551 1556 1606 ubi
1575 1550 1799 1608 sanitas

155 1637 352 1705 fuerit;
384 1640 445 1693 et
477 1636 578 1693 ubi
609 1654 885 1710 praesens,
919 1638 1019 1710 qui
1046 1642 1167 1695 tam
1198 1639 1365 1695 vobis
1396 1639 1636 1696 fueratis
1691 1640 1795 1707 ibi,

155 1723 409 1795 Domine,
444 1726 680 1783 absens.
712 1725 977 1783 Viluerat
1002 1729 1209 1783 merito
1229 1727 1514 1784 mittentis
1538 1729 1637 1784 sed
1652 1728 1796 1784 aesti-

154 1814 326 1871 matio
351 1831 367 1870 :
392 1816 633 1888 pensari
657 1819 716 1871 at
748 1816 950 1872 debuit
969 1817 1329 1874 dominantis
1348 1818 1674 1891 praeceptio.
1690 1818 1799 1874 Ob-
1822 1860 1833 1883 ε

154 1902 328 1959 tinere
357 1905 662 1977 petentem
684 1902 1033 1976 prohibebat
1063 1906 1414 1977 indignitas:
1450 1907 1682 1963 obedire
1698 1907 1801 1964 sed

154 1991 259 2048 sibi
289 1992 604 2048 tremenda
633 1992 860 2048 cunctis
878 1993 1263 2067 compellebat
1283 1994 1804 2066 majestas.Facere

158 2081 248 2137 sed
279 2080 525 2138 fortisan
559 2081 715 2154 quod
745 2082 1098 2154 petebamini
1118 2083 1521 2156 [l.petebatur]
1540 2083 1804 2139 defuerat

158 2169 413 2235 facultas.
449 2172 602 2228 Habe
627 2187 713 2229 me
748 2179 1068 2228 excusatum
1096 2172 1513 2244 respondere...
1539 2177 1607 2228 ut
1635 2171 1799 2243 quid,

158 2275 305 2332 rogo,
326 2258 595 2333 nequivit
616 2258 942 2316 humilitas.
961 2260 1046 2315 Ad
1070 2260 1373 2316 cumulum
1397 2259 1799 2334 quoqueinsa-

157 2347 359 2403 nientis
380 2346 649 2404 vobisut
678 2364 900 2404 morem
928 2349 1026 2420 ΠΖ,
1058 2366 1127 2405 ex
1155 2350 1342 2420 more]
1376 2351 1457 2404 ita
1488 2366 1640 2422 saepe
1669 2365 1799 2421 gar-

160 2436 323 2504 riens,
339 2437 817 2510 generavesaniae
832 2437 998 2510 quasi
1015 2438 1318 2494 aﬂ‘ectatus
1342 2438 1529 2493 multa
1536 2438 1663 2509 jam
1679 2455 1804 2510 per-

157 2534 432 2581 annorum
466 2525 783 2594 curricula,
816 2526 1142 2582 dicacitatis
1187 2527 1270 2582 ita
1321 2527 1482 2583 favor
1516 2528 1803 2599 desiperet

156 2616 348 2668 vestris
380 2612 469 2687 [Α
506 2614 759 2685 nostrai].
792 2618 858 2670 ut
885 2614 1283 2688 evangelicum
1314 2614 1458 2671 illud
1490 2620 1611 2671 tam
1641 2616 1803 2671 terri-

160 2700 266 2757 bile
285 2702 619 2759 tonitruum
651 2702 1033 2760 intellectuali
1063 2704 1417 2777 nequissetis
1449 2703 1649 2760 auditu
1669 2721 1798 2761 sen-

157 2788 276 2859 tire,
307 2795 362 2847 et
408 2791 569 2866 quod
625 2792 906 2865 seipsum,
939 2792 1113 2848 laesus
1158 2811 1192 2848 a
1236 2792 1401 2849 vobis
1451 2794 1551 2867 qui
1591 2794 1797 2863 fuerat,

160 2884 429 2950 moneret,
462 2879 777 2936 adversum
834 2898 938 2937 vos
980 2881 1214 2949 habere,
1250 2886 1306 2938 et
1335 2882 1473 2955 quia
1496 2883 1650 2953 jure,
1684 2898 1800 2954 quo

158 2965 262 3040 ipsi
294 2968 586 3026 deberetis
612 2974 896 3043 praecepto
927 2971 1156 3026 Domini
1180 2970 1562 3039 reconciliari,
1582 2971 1799 3027 valuis-

161 3056 289 3113 setis
318 3059 465 3135 281
508 3074 576 3114 eo
610 3057 726 3114 nisi
785 3058 1132 3131 explanante
1182 3059 1525 3134 intelligere,
1557 3059 1715 3116 istud
1769 3076 1799 3115 e

158 3145 387 3219 vestigio
408 3148 738 3203 maturavit
764 3148 1074 3222 porrigere.
1109 3149 1360 3225 Securus
1389 3151 1539 3219 (501i)
1568 3144 1715 3205 alter
1734 3152 1801 3204 ut

1908 573 2059 642 lctis,
2087 576 2135 631 si
2188 576 2414 634 dicente
2466 579 2767 653 Scriptura
2798 599 2811 637 :
2845 583 3094 653 Iniellige
3135 584 3456 655 proximum
3486 599 3556 640 ea:

1905 664 2186 737 temetipso
2216 665 2404 737 (Eccli.
2432 684 2585 736 xxxi,
2619 667 2730 741 18),
2775 669 2865 724 vir
2893 670 2983 742 [/.,
3013 670 3198 742 vigor]
3229 687 3346 727 non
3404 671 3556 728 desit

1906 750 2116 807 animae
2137 753 2273 824 jure
2304 754 2615 812 dominans
2669 761 2894 824 vestrae,
2930 758 3028 831 qui
3063 760 3210 815 forte
3268 759 3550 829 defuerat,

1908 855 2040 895 cum
2069 840 2366 914 Intelligite
2421 843 2541 902 haec
2593 847 2689 918 qui
2734 847 3133 904 oblivisczmini
3180 842 3349 904 Deum
3377 849 3550 923 (Psal,

1903 944 2053 997 xnix,
2083 931 2199 999 22),
2221 931 2596 1003 quibusdam,
2625 934 2726 1006 qui
2752 934 2973 991 scilicet
3002 939 3334 992 averterant
3353 937 3552 994 oculos

1905 1032 2065 1085 suos,
2093 1021 2159 1073 ut
2187 1036 2304 1075 non
2332 1020 2594 1077 viderent
2622 1022 2853 1090 cmlum,
2885 1039 3078 1096 neque
3110 1025 3555 1082 recordarentur
3643 1014 3647 1019 ⁷

1898 1105 2257 1176 judiciorum
2277 1110 2576 1180 justorum
2609 1111 2768 1183 (Dan.
2786 1111 2988 1184 xm,9)
3010 1129 3112 1185 per
3130 1129 3330 1169 verum
3349 1128 3556 1189 sugge-

1906 1208 2030 1250 rere
2060 1196 2258 1251 censui
2290 1197 2669 1253 antistitium.
2700 1199 2866 1254 Absit
2894 1215 3029 1272 ergo
3060 1200 3205 1269 (506,
3238 1201 3395 1257 absit
3432 1203 3545 1259 hoc

1902 1281 2302 1341 indesinenter
2328 1301 2517 1357 agere,
2551 1286 2745 1343 adhuc
2776 1288 2877 1360 qui
2898 1305 3013 1344 non
3036 1288 3447 1365 desinit,quod
3478 1291 3552 1348 ab

1903 1369 2072 1427 initio
2101 1374 2273 1428 verbo
2302 1375 2526 1447 utique,
2559 1376 2629 1432 de
2653 1377 2927 1431 cordibus
2956 1377 3263 1434 hominum
3304 1378 3553 1437 moliens

1905 1459 2166 1531 evellere,
2183 1463 2337 1535 quod
2358 1465 2622 1520 minatur
2634 1470 2905 1538 satagens
2926 1463 3181 1540 levigare
3190 1483 3437 1541 serpens
3455 1468 3554 1525 ille

1906 1548 2207 1622 antiquus.

1977 1639 2063 1692 17.
2088 1639 2255 1696 Absit
2283 1657 2314 1696 e
2343 1641 2570 1698 diverso
2600 1658 2934 1714 persuasor,
2966 1642 3138 1698 hodie
3170 1640 3269 1715 qui
3310 1642 3552 1721 legitur,

1903 1725 2150 1783 idoneus
2163 1744 2355 1785 sermo
2381 1729 2584 1802 utique
2600 1730 3303 1802 apostolicus.~Ascendite
3327 1731 3558 1805 pontiﬁ‘

1909 1813 2453 1889 cale,quaaso,aequi
2485 1823 2689 1873 contra
2718 1835 2821 1875 vos
2844 1819 3055 1891 judicii
3086 1819 3416 1876 tribunal...
3436 1822 3559 1877 Stet

1911 1919 2107 1959 coram
2134 1921 2335 1961 verum
2369 1923 2484 1962 non
2515 1906 2773 1963 dimtens
2805 1908 3188 1977 conscientia;
3210 1912 3267 1964 et
3282 1912 3559 1967 exvestra

1908 2009 2103 2054 meam
2128 1998 2326 2051 taxare
2351 1994 2532 2053 libeat
2562 2000 2840 2054 mentem.
2873 1997 3138 2071 Cumque
3167 1998 3317 2071 (507)
3351 1997 3557 2055 laesum

1904 2080 2255 2153 mequidem
2280 2081 2436 2138 haud
2469 2082 2690 2149 leviter,
2718 2083 3154 2141 interdictorem
3174 2101 3309 2142 vero
3322 2086 3555 2159 gravis-

1904 2167 2081 2237 sime,
2113 2170 2214 2226 sed
2249 2171 2466 2242 quibus
2505 2171 2866 2228 reconciliari
2925 2172 3184 2238 valeatis,
3212 2173 3556 2233 inveneritis

1909 2275 2091 2313 unum
2125 2259 2362 2331 quidem
2393 2260 2721 2327 absentem,
2752 2260 2992 2317 alterius
3032 2261 3555 2333 praesentissimam

1908 2347 2274 2419 majestatem
2295 2366 2307 2415 ;
2324 2348 2604 2409 recurrite
2620 2349 2692 2404 ad
2717 2349 3060 2422 Gregorium
3079 2349 3558 2409 saluberrimeita

1910 2440 2244 2493 monentem
2260 2455 2274 2492 ε
2289 2437 2580 2495 Debemus
2591 2438 2804 2510 quippe
2825 2438 2897 2494 ad
2910 2455 3066 2505 eum,
3083 2455 3256 2509 quem
3271 2437 3554 2507 tissimus,

1910 2523 2178 2595 quamvis
2206 2522 2378 2597 longe
2408 2522 2664 2595 positum
2698 2530 2893 2580 mente
2925 2525 3398 2599 ire,benignitate
3418 2544 3555 2585 eum

1909 2615 2084 2684 atque
2108 2612 2503 2669 submissione
2527 2611 2776 2684 placare.
2797 2614 2961 2681 Quod
2993 2612 3044 2668 si
3076 2612 3288 2682 facit-is,
3310 2615 3554 2674 etsicuti

1908 2700 2215 2768 nocuistis,
2249 2700 2331 2757 ita
2360 2718 2453 2759 me
2475 2702 2684 2773 juvare
2713 2702 3066 2776 disponitis;
3101 2718 3319 2763 munus
3350 2705 3555 2784 oil‘erre

1907 2789 2162 2846 Deo‘hac
2191 2790 2475 2846 duntaxat
2497 2807 2567 2846 ex
2598 2795 2758 2863 parte
2806 2790 3048 2847 licenter
3092 2790 3315 2853 valetis.
3349 2792 3411 2849 Si
3456 2810 3556 2851 ne-

1908 2877 2152 2957 gligitis,
2182 2879 2484 2935 Funieulus
2513 2880 2718 2951 triplex
2756 2896 2935 2952 quam
2979 2880 3212 2953 difﬁcile
3266 2883 3555 2954 rumpitur

1906 2966 2100 3034 (Eccle.
2135 2984 2206 3035 iv,
2241 2970 2354 3036 12),
2389 2967 2637 3040 experiri
2688 2969 3040 3041 quandoque
3088 2969 3283 3036 credo,
3313 2972 3371 3026 et
3391 2970 3555 3042 quod

1906 3055 2138 3127 [scilicet
2169 3055 2488 3129 funiculus]
2518 3057 2569 3111 is
2598 3044 2792 3123 fuerit,
2809 3073 2926 3129 quo
2959 3056 3242 3119 columbae
3271 3058 3556 3131 venalitas

1906 3143 2246 3215 perturbata
2258 3143 2563 3217 quondam
2573 3143 2673 3201 Dei
2688 3143 2802 3198 fuit
2821 3145 2894 3200 de
2909 3144 3128 3223 templo
3155 3145 3333 3217 (Joan.
3350 3162 3424 3217 ιι,
3441 3146 3551 3214 15),

163 3239 461 3305 queatesse
476 3235 871 3304 salutis,mihi
894 3237 1192 3310 quondam
1217 3223 1793 3307 dilectissimePater,
1827 3223 1870 3290 C
1909 3249 2038 3289 sero
2095 3232 2229 3290 licet
2286 3232 2589 3305 potueritis
2620 3231 2877 3303 [subaudi
2919 3233 3188 3306 experiri]
3221 3251 3234 3291 :
3264 3235 3421 3307 quod
3479 3252 3554 3295 ne

161 3324 335 3379 morbi
362 3316 604 3381 latentis
635 3325 960 3398 periculurn
995 3342 1111 3381 non
1139 3324 1330 3382 celare
1352 3326 1588 3398 quidem
1607 3325 1798 3395 alicui,

164 3413 471 3469 remedium
496 3414 702 3469 tamen
737 3431 852 3469 non
883 3415 1139 3487 praebere
1195 3414 1441 3483 consilii,
1474 3432 1669 3471 meum
1732 3431 1801 3470 ne

163 3500 336 3557 valeat
382 3518 544 3571 esse,
576 3502 828 3575 pristina
881 3503 1058 3559 vestri
1115 3504 1453 3559 dominatus
1506 3502 1803 3560 interdicit

166 3587 552 3647 beneﬁcentia.
588 3592 680 3647 Me
713 3591 852 3647 Imso
900 3591 1115 3663 potius,
1152 3608 1325 3665 quem
1377 3592 1643 3665 quamvis
1676 3594 1796 3664 [ms.

167 3678 717 3754 quamve]-graviter
772 3666 1452 3749 lteseritis,'reconciliari
1513 3685 1795 3754 oportere,

167 3764 342 3823 delata
367 3767 536 3825 vobis
567 3768 741 3824 modo
799 3768 1131 3843 evangelica
1159 3772 1358 3826 monet
1405 3769 1617 3843 legatio
1649 3770 1796 3843 (505)

166 3889 394 3965 fuissetis
415 3894 776 3965 planetagpro
804 3893 1056 3964 pulsione
1081 3894 1197 3965 ejus
1243 3901 1407 3950 nacta
1434 3893 1524 3952 die
1551 3902 1661 3949 tam
1710 3909 1798 3950 so-

169 3962 340 4038 lemni,
358 3962 520 4037 quem
532 3962 964 4038 hautl’omiltebat
982 3962 1242 4035 plangere
1257 3966 1531 4038 anxietate
1542 3965 1795 4038 querula)

169 4046 247 4099 ea,
279 4035 543 4119 inquam,
564 4035 799 4119 audacia
825 4039 959 4119 [edit
977 4037 1342 4119 infmiuobis
1369 4035 1619 4119 istud
1637 4035 1797 4119 offers

161 4111 538 4179 manustu-um,
553 4112 664 4163 etc.
680 4107 1393 4179 Qute'intraparentbesim
1418 4107 1792 4176 clauduntur,

165 4174 230 4252 ob
245 4193 458 4252 rerum!
477 4183 778 4252 gestorum
804 4174 1231 4252 ignorationem
1256 4180 1611 4252 perobscura
1632 4174 1791 4252 sunt.

166 4247 215 4324 et
241 4246 511 4324 fortassis
530 4250 703 4307 etiam
737 4246 1276 4324 mendosa,_necnori
1307 4250 1796 4324 interpunotionis

165 4320 396 4394 incertis.
430 4320 600 4394 Forte
629 4338 733 4394 pro
756 4329 937 4394 nacta,
961 4322 1028 4394 si;
1044 4321 1151 4377 hoc
1181 4320 1555 4394 participium
1579 4324 1792 4378 refera-

164 4388 688 4469 turadablativum
718 4388 992 4464 pulsione,
1015 4388 1330 4469 legendum
1356 4388 1541 4469 pacta,
1574 4394 1653 4469 de
1677 4411 1794 4469 qua

166 4459 376 4536 scilicet
393 4464 664 4536 pulsione
687 4459 931 4535 paetum,
966 4459 1486 4520 eeu'delibera'tum
1510 4459 1793 4521 fueritdie

165 4531 272 4586 tam
300 4531 545 4608 solemni
580 4553 594 4591 :
630 4531 818 4608 neque
847 4536 1004 4608 enim
1031 4544 1172 4608 (acta
1200 4536 1313 4608 legi
1348 4553 1517 4608 posse
1535 4537 1785 4605 videtur,

167 4615 284 4680 cum
315 4605 362 4660 si
383 4623 448 4663 eo
484 4607 577 4663 die
607 4605 776 4680 pulso
807 4607 1061 4680 Ratherii
1093 4612 1220 4663 acta
1245 4605 1472 4674 fuisset,
1506 4608 1565 4663 id
1594 4612 1683 4664 est
1714 4608 1791 4663 fa-

167 4674 391 4754 cto,_uon
412 4695 483 4734 ex
504 4674 659 4734 fam'a
688 4678 1319 4754 fui_sset_exploratum;
1345 4697 1411 4754 ac
1434 4683 1706 4754 praeterea
1722 4696 1789 4734 ea

165 4750 290 4823 Ῑὶςιξ
316 4754 596 4823 potestate
629 4751 865 4823 publica
896 4750 1207 4823 Ratherius
1260 4750 1475 4823 pulsus
1508 4751 1636 4823 fuit,
1672 4767 1790 4822 qua

167 4811 483 4878 Baldeiricus
508 4811 857 4891 electus,vet
887 4822 1192 4877 ordinatus
1218 4811 1279 4877 et
1303 4822 1361 4876 in
1384 4822 1521 4878 sede
1537 4811 1784 4889 locatus,

170 4898 396 4965 quorum
420 4899 697 4965 neutrum
728 4898 889 4948 tanto
920 4893 1056 4960 dici,
1076 4893 1135 4947 in
1166 4910 1280 4965 quo
1310 4892 1643 4965 episcopiin
1663 4893 1787 4949 suis

170 4958 434 5036 clljusque
462 4963 725 5021 ecclesiis
756 4981 929 5036 sacra
952 4958 1257 5036 peragunt,
1273 4958 1377 5019 nec
1391 4965 1460 5019 ad
1477 4958 1787 5036 electiones

169 5034 258 5107 aut
282 5036 671 5093 ordinationes
693 5034 1064 5100 conveniunt,
1080 5034 1366 5107 congruit.
1383 5035 1529 5102 Quid
1554 5035 1603 5091 si
1625 5044 1785 5092 nacta

170 5098 513 5189 feferendum
535 5108 804 5189 credatur
824 5107 895 5162 ad
921 5098 1096 5189 fama,
1113 5098 1295 5189 quaesi
1328 5098 1448 5163 huic
1475 5107 1531 5162 id
1550 5107 1786 5189 factum

170 5177 313 5247 nacta
335 5178 519 5247 fuerit,
540 5196 656 5234 seu
687 5176 1006 5235 detexerit?
1033 5176 1181 5245 Quid
1212 5177 1261 5234 si
1305 5195 1473 5235 voces
1529 5176 1617 5235 die
1674 5182 1788 5234 tam

169 5242 378 5332 f-O‘l‘en‘zni
406 5242 730 5332 referantur
758 5251 828 5306 ad
850 5242 1116 5332 plangere
1135 5254 1160 5303 Υ
1182 5249 1364 5332 Sedin
1398 5267 1465 5332 re.
1483 5248 1653 5332 plane
1692 5249 1785 5332 in_-

170 5312 346 5394 yoluta
373 5325 427 5376 et
455 5323 703 5378 obscura
731 5312 938 5394 praeter
959 5312 1132 5377 {idem
1151 5321 1366 5378 codicis
1388 5312 1786 5394 nihilingvoci-

169 5379 267 5441 bus
278 5394 697 5464 emendandum
712 5379 1089 5463 credidimus,
1111 5410 1214 5449 nec
1227 5393 1296 5449 de
1309 5392 1707 5464 sontentiahuj
1718 5409 1786 5448 us

173 5461 512 5539 Paﬁepthesis
544 5465 866 5539 quidquam
900 5465 1038 5539 certi
1062 5461 1333 5539 volumus
1364 5464 1674 5539 afﬁrmare.

232 5526 362 5603 (504)
386 5533 454 5608 _In
487 5526 732 5594 maneret
760 5539 940 5593 securi
953 5537 1183 5608 alterius
1204 5544 1385 5608 queat,
1401 5536 1561 5608 nullo
1583 5552 1782 5608 sensu.

175 5591 570 5681 Eoi-rectionem
584 5591 941 5681 vexﬁingenio
952 5591 1253 5664 inductam
1268 5591 1783 5681 Suasitsententia',

176 5672 249 5752 ξξϐ
274 5672 418 5752 e_nim
448 5684 716 5752 construe
751 5672 863 5738 :"Ut
887 5680 1030 5752 alter
1049 5688 1210 5752 queat
1242 5694 1465 5736 securus
1492 5695 1604 5752 esse
1640 5672 1788 5752 salu-'-

170 5738 259 5813 ιιι,
283 5743 439 5810 Pater
452 5751 594 5812 mihi
620 5752 892 5831 quondam
922 5738 1289 5824 dilectissime,
1308 5753 1555 5832 pristina
1584 5750 1783 5831 beneﬁ-

1910 3322 2225 3395 contingat,
2258 3338 2361 3395 per
2388 3321 2653 3378 hodierni
2679 3320 3072 3379 ministerium
3106 3322 3353 3380 festivos
3382 3324 3551 3395 adju-

1909 3411 2091 3466 rando
2113 3427 2472 3468 commoneo.
2508 3410 2568 3469 Si
2601 3409 3002 3483 dedignamini
3028 3410 3194 3482 mihi,
3218 3412 3553 3469 reconcilia-

1909 3500 2054 3556 mini
2085 3500 2641 3572 Deo,cujuscunque
2669 3500 2861 3555 medio
2890 3499 3205 3559 resolidare
3234 3500 3551 3574 gestientes

1907 3590 2119 3645 tactam
2152 3607 2254 3663 per
2280 3606 2380 3645 vos
2413 3587 2725 3662 specialius
2741 3589 2894 3647 288
2927 3592 3007 3656 (et
3035 3594 3101 3646 ut
3129 3606 3269 3662 pace
3297 3590 3432 3647 licet
3450 3606 3552 3646 ve-

1905 3695 2038 3737 rum
2065 3677 2255 3734 dicere
2269 3677 2480 3739 vestra)
2495 3676 2732 3735 omnino
2750 3677 3396 3741 fracturam.,Advertite
3408 3695 3550 3735 sane

1906 3784 2163 3840 namque
2204 3766 2368 3836 (508),
2401 3767 2453 3822 si
2512 3765 2720 3837 placet,
2756 3766 3018 3839 (potestis
3070 3766 3325 3843 optime)
3370 3784 3550 3840 quam

1903 3892 2082 3946 centia
2105 3890 2418 3947 dominatus
2444 3891 2615 3946 vestri
2642 3888 2919 3963 interdicit
2938 3890 3085 3959 (licet
3096 3906 3322 3963 sequens
3341 3883 3550 3963 maleﬁJ

1902 3965 2083 4019 centia
2110 3979 2223 4019 non
2249 3962 2461 4019 desinat
2479 3962 2687 4033 cogere)
2717 3977 2789 4017 ne
2804 3963 2986 4018 valeat
3002 3978 3116 4021 esse
3135 3962 3320 4021 meum
3331 3978 3442 4021 non
3461 3979 3546 4019 ce-

1905 4032 2750 4106 larequidemalieuipericulum
2758 4033 2936 4106 morbi
2949 4034 3300 4106 latentis,non
3308 4034 3548 4106 praebere

1904 4103 2085 4161 tamen
2114 4106 2414 4161 remedium
2433 4103 2690 4160 consilii.
2724 4103 3022 4173 Meliorem
3039 4103 3542 4174 emendationem,

1903 4182 2005 4232 aut
2035 4176 2526 4232 constructionem
2548 4175 2597 4231 si
2629 4174 2761 4246 quis
2791 4170 3012 4240 afferat,
3037 4170 3428 4245 libentissime
3451 4170 3553 4231 sui

1903 4247 2241 4320 scipiemus.

1972 4338 2121 4405 (505)
2152 4335 2434 4391 Construe
2454 4351 2479 4405 :7
2501 4334 2722 4403 Legatio
2738 4333 3063 4405 evangelica
3082 4328 3244 4389 modo
3263 4332 3442 4390 delato
3458 4349 3548 4391 υοο

1903 4404 1989 4464 bis
2018 4408 2099 4479 (id
2131 4411 2220 4463 est
2248 4407 2423 4463 verba
2449 4404 2535 4462 illi
2566 4405 2864 4477 Evangelii
2895 4404 3068 4476 paulo
3100 4408 3236 4463 ante
3265 4405 3543 4479 recitata:

1902 4479 1959 4534 Si
1984 4480 2144 4551 offers
2164 4494 2363 4560 munus
2382 4478 2715 4560 luunt-etc.)
2745 4480 2926 4560 monet
2954 4484 3214 4560 oportere,
3242 4493 3341 4560 me.
3360 4478 3558 4548 potius.

1899 4547 2061 4624 quem
2093 4551 2346 4623 quamvis
2376 4549 2632 4607 laeseritis
2659 4549 2920 4619 graviter,
2943 4547 3294 4604 reconciliari
3322 4547 3471 4605 laeso.

1971 4639 2282 4712 (Construe
2315 4656 2327 4694 :
2356 4639 2512 4712 Absit
2564 4653 2712 4706 ergo,
2743 4637 2916 4712 absit
2971 4653 3214 4712 serpens
3241 4637 3339 4694 ille
3394 4638 3545 4693 anti-

1898 4709 2038 4783 quus
2066 4714 2320 4782 satagens
2350 4710 2592 4783 levigare
2616 4709 2757 4780 quod
2775 4710 3064 4783 minatur,-
3094 4709 3238 4783 absit
3265 4725 3430 4783 agere
3443 4712 3553 4783 in-

1896 4780 2203 4839 desinenter
2232 4782 2349 4851 hoc,
2379 4783 2474 4854 qui
2502 4781 2678 4838 adhuc
2696 4780 2926 4854 moliens
2951 4797 3064 4837 non
3089 4780 3293 4854 desinit
3318 4781 3546 4839 evellere

1895 4855 1960 4910 dc
1987 4854 2235 4910 cordibus
2275 4852 2577 4921 hominum,
2609 4852 2749 4925 quod
2804 4853 2872 4908 ab
2922 4854 3086 4909 initio
3138 4853 3299 4909 verba
3357 4853 3546 4922 utique

1896 4927 2111 4982 evulsit.

1966 5016 2115 5083 (507)
2144 5014 2383 5085 Cumque
2411 5015 2736 5070 inveneritis
2765 5030 2852 5070 me
2879 5014 3099 5085 quidem
3128 5012 3539 5085 laesumggravi—

1897 5082 1997 5165 ιϐτν,
2016 5089 2071 5141 in
2080 5082 2424 5165 {erdictorem
2435 5102 2561 5165 pero
2572 5086 2654 5165 (id
2668 5090 2845 5165 es_t_l)e
2853 5082 2974 5155 um)
2991 5084 3311 5165 gravis-sime
3323 5082 3535 5165 lwsum,

1894 5160 1982 5213 seb
2013 5175 2041 5214 e
2070 5158 2295 5230 duobus,
2328 5158 2525 5230 quibus
2566 5157 2794 5230 valeatis
2823 5156 3190 5230 reconciliari,
3214 5154 3538 5230 inveneritis

1893 5246 2069 5284 unum
2097 5222 2316 5300 quidem
2335 5222 2413 5300 (id
2437 5232 2526 5283 est
2545 5232 2661 5296 me)
2680 5229 2957 5300 absentem
2977 5223 3356 5300 (Mgguntiam
3381 5222 3538 5300 enim

1895 5246 2069 5284 unum
2097 5232 2316 5300 quidem
2361 5232 2413 5283 id
2437 5232 2526 5283 est
2545 5232 2661 5296 me)
2680 5232 2957 5283 absentem
2977 5232 3356 5297 (Moguntiam
3381 5232 3538 5279 enim

1895 5318 2025 5356 sese
2056 5232 2365 5373 receperatg
2393 5300 2622 5354 alterius
2646 5314 2773 5373 uero
2793 5296 3037 5365 (scilicet
3057 5295 3179 5365 Dei)
3199 5296 3541 5368 majestalem

1889 5371 2407 5445 praesentissimum;
2442 5371 2721 5435 recurrite,
2755 5373 2863 5425 etc.
3372 5442 3381 5447 _

1965 5462 2112 5540 (508)
2165 5461 2308 5516 Sane
2360 5474 2598 5540 namque
2653 5456 2943 5540 advertite,
2962 5456 3017 5540 si
3065 5456 3244 5540 placet
3299 5457 3541 5540 (potestis

1893 5528 2113 5606 Optime)
2144 5548 2306 5603 quam
2337 5536 2523 5657 αἶαν-ιθ
2542 5529 2816 5612 decretum
2841 5528 3077 5611 Antheri
3127 5542 3288 5600 papae
3307 5528 3542 5613 ’ρενςτιτκ

1897 5605 1980 5682 bet
2026 5603 2356 5682 judicium__
2383 5602 2958 5682 oquacitatzsmestraz,
2991 5602 3075 5656 uti
3105 5608 3158 5682 et
3176 5617 3361 5682 omnis
3390 5617 3539 5682 elus-

1891 5669 2381 5757 dcm'auctoriwtis
2409 5669 3539 5757 weaéwiwiaumimpcoemab‘uaum

1893 5752 2083 5814 contra
2110 5761 2198 5807 me
2225 5762 2244 5805 :
2276 5758 2411 5805 cum
2437 5738 3017 5825 scilicet‘judicatuni
3044 5743 3173 5819 fuit,
3188 5738 3536 5809 Rathei‘ium
