4054 6386
441 328 570 417 an

1373 315 1753 385 annnam
1794 311 2041 379 EPISC.
2087 304 2379 401 VERON.
2423 305 2595 372 OPP.
2640 305 2842 373 rans
2884 306 2937 372 1.

3741 299 3884 400 33a

453 464 652 534 aperte
677 457 918 517 Antheri
947 474 1108 531 papae
1139 456 1760 526 decretum,abuptum
1792 465 1884 505 me
1901 448 2101 503 contra
2129 443 2183 508 Α
2214 443 2458 534 dimisso
2509 441 2800 534 tabulatu,
2832 441 3118 534 threnico,
3153 441 3562 534 beatusiquo'd
3612 437 3874 534 Job,‘d_ie

453 549 774 624 improvide
803 547 1174 619 loquacitatis
1201 550 1403 600 vestrae
1426 539 1844 616 pcrturbat,uti
1869 541 1926 592 et
1945 537 2095 606 ejus-

452 640 586 696 dem
618 637 981 694 auctoritatis
1005 637 1194 691 omnis
1215 634 1449 706 longius
1465 631 1778 703 judicium.
1797 628 1944 683 Nam
1960 638 2094 679 cum

451 727 702 800 benigne
749 725 892 782 satis
943 723 1056 779 mei
1105 723 1165 778 in
1213 739 1392 778 causa
1420 718 1821 794 praemisisset,
1844 714 2092 770 dicens:

455 817 703 888 Utrisque
738 822 940 880 autem,
976 812 1032 867 id
1067 816 1143 868 est
1173 816 1225 868 et
1253 814 1456 874 famem
1483 808 1633 864 verbi
1658 805 2016 878 patientibus,
2047 808 2096 855 et

451 905 714 977 episcopis
743 904 1134 968 necessitatem,
1157 900 1372 972 quando
1403 898 1856 954 inthronizantur
1883 894 1949 948 in
1969 891 2097 945 aliis

448 993 788 1064 civitatibus,
869 1007 980 1047 non
1054 989 1270 1045 modica
1338 988 1628 1044 exhibetur
1697 979 2094 1039 misericordia.

448 1083 720 1154 Negantes
750 1089 930 1135 autem
961 1079 1077 1145 hoc,
1107 1077 1342 1150 speciem
1393 1077 1516 1131 licet
1538 1073 1762 1145 pietatis
1806 1069 2098 1125 videantur

449 1172 666 1236 habere,
684 1171 941 1226 virtutem
971 1170 1089 1240 ejus
1121 1167 1397 1238 abnegant
1418 1183 1440 1230 ;
1470 1162 1638 1237 quasi
1669 1161 1730 1216 in
1759 1177 1860 1216 vos
1880 1155 2099 1230 specia-

447 1260 562 1316 lius
575 1259 962 1325 inveheretur,
985 1271 1298 1327 coramque
1314 1253 1540 1320 essetis,
1556 1251 1736 1323 digito
1756 1245 2096 1304 intentionis

444 1348 608 1405 vobis
639 1349 794 1418 (509)
826 1345 990 1419 quasi
1020 1349 1302 1418 porrecto,
1329 1346 1565 1415 repente
1594 1337 1908 1396 subintulit
1928 1354 1939 1391 :
1959 1337 2098 1390 Nam

448 1440 505 1494 in
529 1439 632 1494 tali
659 1439 872 1508 negotio
900 1435 1219 1507 prosapiam
1246 1450 1363 1488 non
1391 1445 1642 1502 agnosco.
1678 1428 1735 1483 Si
1766 1428 1886 1498 quis
1917 1433 2094 1480 tamen

445 1528 802 1598 sapientium,
835 1540 965 1597 quos
992 1522 1383 1594 insipientibus
1419 1518 1752 1590 tempestatis
1779 1515 1943 1586 hujus
1971 1529 2096 1584 pro-

445 1616 585 1671 cella
604 1615 831 1670 socia-vit
849 1613 979 1668 aliis
995 1611 1337 1678 auctoribus,
1352 1611 1664 1682 facinorum
1674 1604 2099 1678 participatione

446 1703 757 1759 maculatur
783 1701 1038 1773 splendor
1059 1702 1327 1770 sapientis
1346 1717 1370 1764 ,ο
1399 1700 1499 1754 etsi
1527 1696 1963 1753 communionem
1989 1692 2097 1746 cri-

445 1795 665 1848 minum
692 1792 948 1859 incurrit,
984 1790 1156 1846 nescit
1185 1791 1368 1843 tamen
1396 1786 1586 1842 ducem
1613 1801 1669 1840 se
1692 1782 1938 1855 praebere
1965 1796 2094 1852 pec-

447 1880 723 1938 cantibus.

520 2015 606 2070 18.
639 2012 1196 2070 Obedientissimum
1228 2014 1504 2085 praeterea
1525 2009 1595 2064 ad
1629 2005 1845 2073 omnia,
1871 2021 1997 2077 quae
2023 2003 2095 2058 1i-

444 2103 641 2159 buerit
669 2101 999 2174 praecipere,
1025 2118 1120 2157 me
1147 2099 1419 2157 valebitis
1448 2097 1730 2163 invenire,
1755 2094 1804 2152 si
1834 2094 1990 2165 quod
2005 2093 2098 2163 ju-

445 2197 602 2247 stum
626 2207 754 2248 esse
768 2190 973 2258 nostis,
989 2188 1329 2262 plenissime
1343 2185 1581 2258 exsequi
1605 2201 1718 2240 non
1737 2180 2098 2254 dedignami-

443 2280 533 2350 ni;
553 2281 662 2336 hoc
687 2279 815 2335 dico
844 2279 905 2334 in
928 2277 1158 2351 negotio
1173 2277 1354 2348 juste.
1379 2274 1621 2331 Talibus
1644 2272 1824 2344 igitur
1839 2285 2096 2341 namque

444 2370 728 2442 protervis
741 2385 873 2424 cum
887 2366 1026 2423 nulo
1042 2366 1306 2437 rescripti
1323 2380 1583 2421 remorsa
1599 2361 1804 2417 fuisset
1816 2375 2095 2430 responso

445 2458 715 2514 licentia:
741 2457 799 2512 in
831 2460 1059 2511 tantam
1091 2457 1249 2518 (nam
1283 2453 1602 2508 deteriores
1631 2465 1836 2506 omnes
1863 2463 2092 2516 sumus,

444 2546 720 2603 Chremes
746 2550 811 2600 ut
841 2544 938 2604 ait)
958 2560 1174 2599 vesana
1202 2541 1442 2597 libertas
1473 2539 1741 2612 prorupit
1767 2535 2093 2606 audaciam,

445 2639 512 2690 ut
540 2633 748 2707 viginti
771 2635 896 2704 jam
915 2631 1284 2688 voluminum
1304 2625 2092 2702 loquacissimagarrulitate,

447 2740 574 2796 quae
607 2727 804 2778 tamen
857 2719 1214 2776 inconstanti
1247 2718 1389 2775 satis
1438 2716 1668 2773 levitate
1698 2716 1757 2770 in
1787 2713 2094 2769 duodecim

446 2829 654 2868 rursus
713 2815 956 2867 conatur
1010 2809 1350 2882 astringere,
1387 2804 1796 2879 magnitudine
1851 2803 1977 2876 pari
2029 2818 2096 2858 ea

445 2900 706 2974 gestiens
729 2903 1239 2972 coaptare,omnes
1257 2913 1373 2952 non
1397 2896 1628 2951 desinat
1654 2890 2095 2958 infestare,illos

445 2989 762 3064 praecipue,
791 3005 940 3061 quos
969 2987 1066 3043 hic
1096 2985 1364 3042 valebitis
1403 2982 1857 3057 deprehendere,
1898 2980 1950 3036 si
1979 2997 2094 3037 non

445 3077 750 3152 displiceat
778 3076 999 3150 legere;
1021 3073 1242 3131 nullius
1272 3073 1564 3148 dignitati,
1583 3070 1804 3128 nullius
1826 3086 2092 3143 parcens,

2208 531 2433 586 ululatu
2468 551 2480 587 :
2523 533 2752 587 Verebar
2803 532 2943 604 quod
3000 534 3150 588 enim
3207 531 3407 586 accidit
3453 529 3594 601 (Job.
3630 545 3713 593 ιιι,
3749 529 3870 598 25).

2202 620 2360 675 Abiit
2391 637 2548 688 nam,
2564 638 2736 693 quem
2753 621 2831 684 (5|
2845 621 2901 683 Ο)
2915 619 3321 685 insectabaris,
3338 623 3397 675 et
3428 617 3603 691 proh!
3624 616 3880 672 minime

2204 724 2544 765 reversurus
2575 709 2879 779 abscessit,
2912 709 3117 765 abesse
3152 724 3389 781 quoque
3423 710 3673 763 sortitus
3703 709 3877 760 aeter-

2205 815 2369 853 num.
2393 797 2658 871 Clangor,
2685 797 2832 854 eheu
2861 797 2872 852 l
2904 799 3306 854 manetutiste
3333 793 3864 869 signorum.0biit,

2206 902 2379 958 quam
2413 887 2583 955 abiit;
2606 887 2920 959 praecessit,
2958 903 3135 959 quam
3175 886 3479 942 abscessit.
3507 882 3872 958 Nugigerulo

2207 976 2346 1046 nugi
2399 975 2523 1048 ipse
2567 993 2752 1049 nugas
2807 977 3139 1042 etl'undens,
3168 976 3474 1032 divinabas
3504 975 3588 1028 uti
3620 975 3874 1052 demens

2208 1080 2343 1120 cum
2376 1065 2613 1137 populo,
2647 1063 3021 1121 insultaveris
3069 1082 3274 1121 caveas
3323 1067 3554 1122 mortuo
3604 1064 3758 1118 dico.
3785 1061 3873 1117 Ne

2207 1152 2473 1225 fatigare,
2526 1169 2743 1226 quasso,
2793 1153 3110 1225 garrulitas
3174 1153 3374 1226 inepta
3438 1151 3666 1209 diutius
3717 1149 3872 1206 nulli

2206 1242 2465 1298 curanda
2477 1243 2770 1297 dictando.
2789 1243 2921 1309 Quis
2934 1243 3207 1315 legethmc
3225 1242 3361 1297 ?sed
3380 1240 3574 1314 potius
3591 1239 3870 1297 famelico

2206 1329 2554 1402 resipiscens
2584 1330 2677 1385 dic
2699 1346 2833 1384 cum
2862 1331 3110 1400 satyrico
3135 1348 3147 1386 :
3182 1329 3386 1384 didicit
3416 1345 3552 1385 nam
3603 1329 3746 1402 quia
3779 1329 3871 1384 di-

2202 1435 2302 1474 ves
2351 1418 2471 1487 alit,
2524 1423 2589 1473 ut
2644 1420 3024 1492 conqueritur
3078 1437 3311 1490 avarus,
3361 1423 3595 1476 tantum
3656 1417 3872 1474 mirari

2203 1510 2433 1563 tantum
2468 1507 2706 1564 laudare
2763 1508 3011 1564 disertos
3036 1508 3295 1580 plebeios
3351 1509 3713 1565 atl‘ectaveris
3761 1525 3866 1563 ne-

2206 1595 2531 1668 quidquam
2583 1597 2975 1652 rumusculos.
3009 1599 3252 1670 Denique
3280 1613 3392 1652 non
3435 1613 3618 1653 omnes
3676 1596 3876 1653 eadem

2205 1686 2823 1756 mirantur,amantpue.
2835 1685 2995 1741 Mitte
3016 1689 3360 1740 cunctorum
3374 1686 3598 1742 favores
3611 1685 3877 1740 inaniter

2207 1789 2422 1846 quaeso.
2447 1778 2698 1845 captare.
2716 1774 2831 1829 Son
2856 1773 3167 1830 meledicas
3193 1775 3393 1843 surdo,
3412 1791 3551 1830 neve
3574 1774 3873 1847 obloqua-

2206 1863 2288 1918 ris
2343 1861 2588 1929 sbsenti,
2621 1861 2766 1918 alias
2825 1879 2963 1918 sane
3021 1863 3222 1935 probo,
3275 1862 3499 1919 caeteris
3558 1880 3666 1919 nec
3719 1864 3872 1920 adeo

2205 1951 2528 2006 inhumano
2555 1967 2656 2023 pro
2688 1955 2947 2024 tempore
2976 1955 3149 2024 atque
3171 1950 3315 2020 loco,
3342 1951 3451 2006 tibi
3469 1951 3604 2008 licet
3623 1951 3870 2009 infesto.

2203 2040 2404 2096 Clama
2434 2041 2534 2096 sed
2569 2041 2786 2112 potius,
2817 2040 3134 2097 vociferare
3166 2039 3532 2097 medullitus.

2345 2175 2625 2246 Incipiunt
2655 2190 2842 2229 versus
2881 2173 3031 2240 (511)
3063 2174 3130 2230 ab
3176 2175 3362 2231 eodem
3407 2177 3714 2248 compositi,

2273 2311 2361 2365 20.
2398 2308 2544 2382 Quid
2575 2313 2812 2365 teneant
2840 2309 3000 2365 intus
3032 2309 3238 2380 nostri,
3273 2309 3322 2364 si
3355 2309 3500 2365 forte
3531 2308 3717 2366 libelli

2204 2397 2356 2453 Cura
2386 2397 2522 2453 velit
2554 2397 2738 2453 solers
2760 2397 2991 2454 lectoris
3021 2398 3265 2463 discere,
3294 2415 3484 2454 sume.

2205 2487 2313 2542 Dat
2342 2487 2626 2554 studium,
2652 2487 2916 2559 scriptor,
2952 2487 3139 2543 socios
3166 2504 3282 2559 quo
3311 2487 3536 2543 vindice
3579 2504 3715 2544 vero

2204 2574 2526 2641 Concutiat,
2560 2579 2799 2639 sternat,
2834 2574 3064 2642 relevet,
3093 2575 3397 2643 confortet,
3422 2575 3668 2642 adunet,

2205 2663 2454 2729 Solatur,
2488 2669 2723 2732 recreet,
2759 2665 2999 2736 enimet,
3030 2665 3370 2732 conformet,
3404 2665 3688 2734 adornet;

2203 2755 2371 2809 [Etna
2399 2753 2498 2825 qui
2531 2754 2765 2826 gravius
2796 2753 3065 2822 tolerant,
3093 2754 3241 2809 ben!
3275 2755 3527 2826 pondus,
3571 2755 3786 2812 amice.

2205 2843 2279 2899 Ut
2307 2860 2415 2899 sua
2445 2859 2578 2898 nam
2612 2843 2849 2916 stringit
2886 2843 3171 2915 quemvis,
3203 2848 3487 2916 vexatque
3527 2843 3824 2918 cbiragra,

2203 2932 2496 3005 Opprimit
2524 2936 2581 2988 et
2600 2931 2814 3006 gibbus
2845 2931 3054 2989 sideris
3079 2932 3399 3006 incongrue
3427 2933 3623 3002 dorso,

2204 3021 2496 3077 Maternas
2526 3024 2662 3076 trux
2690 3019 2970 3077 dilacerat
2998 3023 3063 3077 ut
3091 3021 3286 3078 bellua
3315 3025 3527 3090 costas,

2204 3110 2485 3166 Exstincti
2514 3113 2574 3166 et
2599 3109 2810 3166 vindex
2840 3109 3120 3186 genitoris
3141 3114 3327 3166 tentat
3348 3110 3549 3167 haberi
3575 3128 3590 3179 ;

442 3171 512 3223 ιιι
541 3165 847 3256 Phrenesis
876 3167 1084 3222 ωθτίίο
1105 3182 1139 3221 ﬁ
1160 3163 1323 3221 νοδίδ
1343 3165 1548 3256 WE“!
1567 3160 1755 3256 Ροὲείτ
1773 3158 1979 3256 Vidit“)
1999 3174 2096 3230 P°‘
2123 3172 2168 3243 α
2204 3158 2572 3255 ἶιᾎῖιῖιζέὲιῖἑ
2603 3158 3506 3256 {illa};°§é§iﬁi§é€é§§hﬁéﬁ3

441 3255 661 3324 tentias,
711 3261 1018 3328 patronam
1093 3271 1222 3326 quae
1275 3269 1391 3309 non
1457 3251 1671 3307 habeat
1719 3247 2089 3322 probitatem,

442 3345 712 3417 quamvis
743 3344 1059 3400 maximam
1093 3359 1280 3414 nuper
1307 3342 1646 3396 eorumdem
1680 3339 1911 3409 [scilicet
1937 3335 2096 3392 volu-

443 3433 697 3503 minum]
713 3432 869 3487 fama
888 3433 967 3488 sit
979 3448 1114 3487 eum
1130 3429 1473 3487 obliterasse
1493 3431 1742 3501 partem,
1759 3429 2094 3482 mansuetu-

443 3522 580 3577 dine
609 3519 914 3576 clementis
945 3520 1100 3592 regis
1127 3519 1437 3590 cujusdam
1469 3533 1571 3589 pro
1603 3531 1799 3572 amore
1831 3519 2090 3586 cogente;

443 3610 601 3682 quod
639 3613 697 3664 te
730 3613 927 3665 tamen
974 3608 1182 3664 fecisse
1221 3609 1464 3663 demens
1499 3605 1664 3661 fateri
1695 3620 1810 3660 non
1855 3603 2089 3660 desinit.

444 3697 740 3770 Quidquid
808 3715 922 3753 non
975 3700 1325 3768 speraverat,
1364 3696 1492 3766 jam
1541 3694 1778 3766 quidem
1827 3692 2090 3765 contigit,

445 3786 784 3843 immaniter
812 3786 1009 3842 dolore
1040 3787 1125 3857 [f.,
1158 3783 1708 3852 dolore],addidisse
1732 3785 2006 3855 praeterea
2027 3785 2093 3836 ut

439 3872 788 3944 judicemini
803 3873 970 3945 quasi
983 3871 1231 3929 calcaria
1244 3876 1450 3945 sponte
1467 3869 1744 3938 currenti;
1761 3869 2092 3926 insolentis-

447 3961 662 4018 simam
686 3960 1047 4027 exhausisse,
1079 3966 1138 4018 et
1164 3961 1237 4016 ad
1268 3964 1610 4033 carpentum
1643 3959 1954 4032 quoslibet,
1988 3975 2091 4015 vos

443 4051 755 4124 pracipue,
775 4051 1206 4123 quodammodo
1235 4066 1583 4124 provocasse
1603 4048 1880 4104 videmini
1899 4048 1956 4102 in
1981 4047 2090 4104 hoc

439 4139 607 4196 valde
637 4140 971 4213 superbiam
1000 4157 1014 4196 :
1048 4140 1224 4212 quod,
1255 4139 1341 4196 uti
1374 4140 1581 4196 Festus
1614 4139 1765 4195 239
1790 4138 2088 4210 quondam

440 4228 782 4301 Apostolum
817 4230 1108 4286 insanisse
1139 4228 1348 4286 litteris
1380 4228 1609 4302 putavit
1637 4228 1772 4297 (Act.
1795 4244 1949 4294 xxvx,
1975 4227 2088 4300 24),

442 4319 597 4391 quod
627 4317 888 4375 dixeritis
914 4336 1050 4375 eum
1081 4318 1339 4391 [subaudi
1366 4317 1625 4374 insanire
1651 4316 1902 4387 litteris].
1921 4316 2091 4390 longe

442 4406 615 4464 aliter
641 4424 742 4464 vos
767 4409 1045 4464 eumdem
1077 4407 1404 4463 aestimasse
1435 4424 1569 4463 cum
1614 4406 1690 4462 sit
1741 4406 1930 4480 magis
1961 4423 2089 4463 cre-

443 4496 722 4555 dendum.

518 4629 603 4683 19.
627 4628 713 4683 Ah
739 4628 751 4683 !
787 4628 1056 4697 sile,sile,
1077 4646 1236 4702 rogo,
1270 4628 1404 4697 sile;
1423 4631 1549 4702 jam
1581 4629 1847 4703 opposita
1861 4630 2090 4686 nuntia-

442 4721 542 4772 tur
559 4732 696 4771 nam
711 4717 913 4773 deesse
926 4718 1407 4788 persona.Desine
1425 4719 1763 4774 nummulos
1775 4719 2096 4791 dilapidare

445 4803 712 4863 emendis
745 4804 803 4859 in
836 4805 1638 4881 pellibus,mnducendisque
1656 4807 2094 4865 tabellionibus.

448 4895 662 4951 Insana
689 4911 820 4951 vere
850 4895 1173 4967 procacitas
1201 4900 1304 4953 tua
1341 4896 1803 4970 phreneticoque
1859 4899 2096 4954 tandem

453 5072 484 5112 e
520 5054 848 5131 Leodicensi
875 5056 1010 5111 sede
1040 5056 1414 5131 ejiciendum,
1445 5062 1746 5131 propterea
1773 5059 1926 5131 quod
1945 5063 2097 5114 esset

457 5128 768 5201 episcopus
782 5128 1151 5201 Veronensis,
1167 5130 1398 5184 tametsi
1413 5128 1806 5185 eVeronensis
1821 5130 2097 5186 cathedra

446 5199 678 5272 pulsus,
693 5217 821 5257 eam
839 5199 1094 5272 amplius
1116 5218 1231 5256 non
1251 5201 1557 5257 obtineret.
1574 5203 1878 5256 Decretum
1900 5205 2093 5256 autem

446 5271 709 5344 Antheri,
743 5273 897 5344 quod
929 5271 1222 5328 sincerum
1255 5279 1394 5328 tunc
1425 5273 1768 5344 habebatur,
1803 5273 2093 5342 ejusmodi

443 5342 737 5413 judicium
760 5342 972 5398 contra
1001 5343 1345 5400 Ratherium
1377 5344 1622 5411 editum,
1640 5343 1839 5398 minus
1861 5359 2094 5414 aequum

448 5415 906 5469 demonstrabat.

521 5484 873 5559 (509)_Vob_is_,
905 5485 962 5540 id
1011 5491 1103 5559 est
1150 5487 1445 5559 Rotberto,
1480 5485 1664 5559 cujus
1695 5485 2097 5559 insigniserat

450 5553 746 5683 prosapia.
779 5553 989 5611 Filium
1016 5558 1172 5613 enim
1203 5562 1325 5614 erat
1381 5553 1724 5613 Theodorici
1766 5553 2019 5627 comitis,
2039 5562 2098 5613 et

501 5624 734 5680 einildis
765 5642 794 5680 e
824 5626 1145 5683 Fresonum
1195 5633 1252 5683 et
1280 5629 1577 5683 Danorum
1626 5645 1838 5683 genere
1885 5645 2096 5683 orcae-

501 5624 734 5710 einildis
761 5642 794 5710 e
824 5626 1252 5710 Fresonumuet
1280 5629 1577 5710 Danorum
1626 5645 1838 5710 gene_r_e
1885 5624 2096 5710 proge-

449 5697 608 5771 nitae,
640 5713 706 5760 ac
755 5697 935 5760 frater
988 5697 1282 5761 Mathildis
1329 5700 1563 5782 reginae,
1587 5697 1714 5779 quae
1768 5697 2023 5766 Henrico
2049 5701 2095 5786 l.

2201 3288 2481 3360 Abjurata
2510 3288 2626 3344 Deo
2649 3292 2832 3344 certat
2861 3287 3026 3361 plebs
3057 3289 3230 3346 dente
3259 3289 3491 3356 canino,

2201 3378 2514 3434 Mordendo
2544 3377 2894 3435 alterutrum
2925 3378 3293 3434 consciscens
3327 3377 3509 3451 impia
3531 3378 3675 3449 jura

2203 3467 2266 3522 In
2294 3471 2470 3538 caput
2499 3471 2555 3522 et
2573 3467 2851 3522 vertenda
2880 3468 3236 3524 sumendum
3267 3467 3400 3540 quis
3429 3466 3862 3542 propriumque

2201 3555 2359 3611 Velle
2390 3555 2489 3611 Dei
2522 3572 2738 3612 curans
2759 3554 3060 3628 lymphata
3089 3561 3285 3612 mente
3306 3556 3549 3626 laborat,

2199 3644 2487 3700 Ancillata
2509 3644 2624 3701 Deo
2656 3648 3047 3717 paveant'quo
3079 3645 3254 3701 corda
3283 3644 3560 3718 maligno.

2201 3733 2455 3789 Grandia
2484 3750 2660 3804 parva
2692 3734 2857 3789 docet
2885 3733 3122 3803 stultus,
3151 3735 3291 3789 dum
3324 3734 3575 3807 quisque
3606 3736 3855 3794 sinistra

2200 3822 2511 3894 Componit
2532 3821 2768 3888 dextris,
2803 3821 3050 3878 distorta
3079 3826 3135 3878 et
3164 3827 3321 3880 recta
3350 3823 3582 3894 fatetur,

2199 3911 2343 3968 Alba
2374 3911 2578 3984 nigris,
2613 3910 2896 3983 quadrata
2927 3911 3214 3978 rotundis,
3249 3930 3401 3968 saeva
3429 3913 3702 3988 benignis

2199 4001 2514 4057 Mutavisse
2535 4002 2720 4073 juvat,
2754 4004 2811 4056 et
2835 4017 3069 4073 carpere
3089 4001 3254 4073 justa
3281 4018 3294 4058 :
3320 4003 3491 4059 beare

2199 4089 2300 4146 His
2331 4091 2594 4159 adversa,
2618 4089 2792 4146 vehat
2816 4091 3050 4147 sibimet
3080 4107 3196 4163 quo
3228 4096 3548 4149 tartareum
3579 4111 3662 4149 vae

2199 4179 2568 4235 Confundens
2596 4183 2792 4234 natam
2823 4179 3058 4235 Domini
3090 4180 3245 4252 quod
3269 4197 3510 4237 munere
3538 4186 3766 4241 rectum

2199 4267 2468 4335 Protulit,
2502 4271 2559 4323 et
2591 4267 2779 4323 firmis
2809 4268 3101 4341 compegit
3131 4268 3376 4324 nexibus
3407 4268 3552 4326 olim

2197 4357 2735 4429 Temporibus,quae
2751 4357 3000 4430 quisque
3014 4357 3139 4414 suis
3151 4375 3372 4430 proque
3384 4358 3587 4416 ordine
3604 4360 3862 4434 puchro.

2199 4446 2516 4503 Constituit
2544 4447 2744 4502 doctor
2773 4446 3074 4502 debriatus
3106 4451 3336 4503 nectare
3367 4448 3521 4505 divo.

2118 4546 2166 4614 D
2198 4536 2292 4593 Sic
2314 4537 2432 4592 ruit
2462 4536 2520 4591 in
2544 4553 2801 4609 praeceps
2831 4537 3009 4592 decus
3039 4540 3096 4592 et
3123 4536 3492 4595 veneratione
3534 4555 3781 4612 prorsus

2199 4626 2515 4682 Ordinibus
2546 4625 2757 4682 collata
2785 4626 2967 4682 sacris
2999 4630 3054 4682 et
3075 4625 3323 4696 coalitus,
3358 4644 3423 4682 ac
3453 4628 3538 4683 sic

2207 4715 2360 4773 240
2440 4715 2719 4788 Ephraim
2818 4716 3167 4784 Manassen,
3245 4716 3547 4773 Manasses
3617 4717 3837 4775 infesta

3461 4805 3786 4878 [Ephraim,

2206 4894 2501 4951 Debellare
2528 4893 2704 4951 simul
2734 4893 2766 4949 J
2775 4895 2950 4951 udam
2979 4895 3343 4967 tenduntque
3375 4894 3562 4967 parati

2205 5054 2529 5111 Germaniae
2564 5055 2684 5128 regi
2716 5056 2937 5127 nupsit,
2971 5059 3029 5111 et
3058 5056 3546 5128 Ottonemiregem
3597 5058 3820 5128 genuit.

2275 5128 2513 5199 (501)-ln
2549 5127 2658 5184 ms.
2692 5128 2970 5199 mendose
3033 5144 3153 5199 que.
3180 5127 3441 5199 Respicit
3494 5127 3858 5186 Rodbertum

2206 5198 2709 5270 archiepiscOpum
2723 5198 3143 5270 Trevirensem,
3165 5199 3264 5270 qui
3281 5198 3860 5256 mortuusferebatur

2205 5269 2496 5343 dumhaec
2527 5269 2730 5343 auctor
2759 5269 2996 5343 scripsit
3031 5288 3042 5325 :
3076 5269 3134 5325 in
3167 5269 3362 5342 ipsum
3393 5271 3549 5326 enim
3577 5271 3673 5327 hic
3711 5272 3861 5328 liber

2207 5339 2551 5396 lucubratns
2581 5341 2709 5396 fuit.

2278 5413 2422 5484 (511)
2448 5413 2598 5468 Num
2622 5416 2934 5485 sequentes
2963 5431 3165 5485 versus
3195 5413 3514 5469 hexametri
3548 5413 3628 5468 ita
3653 5413 3854 5470 minus

2205 5484 2916 5557 accurate,qetpertubate
2947 5484 3163 5540 fuerint
3192 5485 3411 5556 scripti,
3452 5489 3513 5540 ut
3543 5502 3576 5540 a
3604 5485 3852 5557 phrene-

2205 5556 2331 5640 tic‘o‘
2349 5554 2518 5640 effusi
2550 5554 2904 5640 viderentur,
2928 5554 3634 5640 ignoramus—Sententia
3662 5563 3853 5640 "certe

2202 5626 2650 5762 zlaloqgtqb‘scura
2678 5631 2735 5685 et
2763 5626 3020 5688 difﬁcilis
3051 5632 3158 5700 est,
3187 5631 3254 5687 ut
3285 5628 3378 5689 vix
3405 5627 3466 5688 in
3488 5628 3602 5690 ﬁne
3625 5627 3866 5712 aliquid.

2263 5717 2280 5758 ι
2477 5739 2494 5758 .

2205 5715 2494 5763 eliciatur.
