4054 6390
134 371 246 436 389

139 503 374 577 Agmine
405 506 696 571 conserto,
727 496 921 560 nullos
951 500 1216 560 habitare
1246 502 1598 576 triumphos,

143 594 518 649 Immemores
547 591 778 649 Domini
809 590 1001 648 civilia
1025 593 1271 650 condere
1301 591 1455 648 bella

143 684 202 738 In
232 698 292 738 se
322 681 630 754 proprium
660 681 825 754 gnari
858 685 915 737 et
943 684 1213 753 torquere
1242 681 1561 756 ﬂagellum,

143 771 287 835 Quos
317 769 414 826 his
447 774 650 826 nostra
677 787 891 826 manus
920 769 1172 826 intactos
1202 770 1465 843 linquere
1493 772 1634 826 dum
1667 787 1783 828 non

140 858 436 916 Praestruit
465 856 770 926 auxilium,
802 859 1084 916 tribuisse
1117 860 1418 932 putabitur
1448 859 1655 934 ingens

140 946 395 1015 Afﬂictis,
421 946 645 1018 iniquis
675 946 914 1003 inimica
943 952 1138 1004 mente
1169 949 1404 1005 notarit.

142 1039 278 1092 Dum
308 1035 522 1092 recitat
549 1052 793 1110 seseque
818 1037 1009 1110 magis
1039 1054 1217 1110 quam
1249 1043 1449 1094 nostra
1478 1038 1740 1111 probarit

144 1125 469 1181 Ridendum
501 1126 726 1181 cunctis
756 1125 964 1182 merito
994 1126 1138 1182 dum
1162 1126 1396 1184 valdius
1426 1127 1538 1200 ipsi

143 1213 392 1270 Insanire
421 1213 586 1283 libet,
620 1213 801 1270 furias
831 1219 889 1270 et
918 1231 1056 1272 cura
1087 1216 1402 1272 ministrat.

143 1303 278 1376 Ergo
308 1305 522 1375 potens
552 1303 705 1359 adsit
733 1303 793 1359 in
827 1303 1081 1374 dextera,
1110 1320 1320 1377 meque
1347 1303 1635 1360 volentem

143 1395 324 1465 Syrtes
355 1407 496 1448 cum
524 1391 819 1460 brevibus,
845 1391 1096 1465 Scyllam
1125 1409 1454 1465 saevamque
1475 1393 1786 1466 Carybdim

145 1483 390 1539 Evitasse
424 1484 574 1540 ferat
605 1484 887 1540 miserans
917 1485 1249 1541 miserando
1268 1487 1572 1557 juvamcn,

145 1573 312 1644 Inque
343 1590 549 1630 sacras
577 1574 893 1630 venerandi
926 1578 983 1630 et
1013 1573 1306 1647 dogmatis
1339 1574 1502 1631 ocius
1530 1591 1696 1631 arcas

146 1661 432 1720 Invenisse
462 1678 698 1736 queam,
731 1663 915 1736 prosit
946 1663 1100 1736 quod
1132 1662 1402 1736 pluribus
1433 1679 1595 1734 aeque

145 1751 315 1808 Hosce
338 1753 609 1824 juvando
638 1752 808 1821 levet,
841 1751 973 1810 illos
1005 1753 1284 1810 lrenando
1315 1753 1589 1820 retardet,

147 1839 222 1896 Ne
245 1839 505 1897 voluisse
534 1857 710 1898 suum
733 1841 965 1898 valeant
994 1841 1317 1915 complesse
1346 1842 1576 1899 retenti.

145 1931 239 1986 Ast
265 1944 553 2002 oppressa
583 1931 685 1987 diu
715 1931 1003 2004 perversis
1035 1931 1284 2004 legibus,
1308 1935 1483 2004 atque

147 2021 308 2075 Fessa
334 2019 714 2076 sacerdotum
745 2035 991 2092 magnas
1019 2019 1128 2077 hoc
1160 2037 1401 2077 munere
1432 2025 1629 2077 turma

147 2107 434 2182 Concipiat
461 2107 652 2177 vires;
685 2108 916 2165 Domini
947 2109 1018 2165 de
1049 2110 1323 2183 dogmate
1353 2110 1561 2166 ﬁrmus

149 2198 361 2266 Murus,
384 2200 444 2254 et
473 2196 763 2254 infractus
787 2201 1041 2266 maneat,
1071 2195 1462 2272 Telesphorus
1490 2199 1617 2272 ipse

153 2287 439 2344 Structum
471 2304 628 2360 papa
655 2287 788 2360 pius
819 2286 988 2343 nobis
1019 2304 1195 2360 quem
1225 2287 1451 2344 dixerat
1479 2288 1640 2356 olim,

151 2375 272 2448 Ipsa
302 2376 519 2433 cohors
550 2375 801 2443 nullum,
825 2376 938 2432 nisi
971 2394 1145 2449 quem
1178 2377 1420 2450 fregisse
1449 2376 1683 2444 valeret,

150 2466 315 2535 Cujus
344 2465 403 2520 in
436 2465 725 2520 auxilium
759 2469 1130 2522 constructus
1162 2465 1421 2521 cernitur
1449 2483 1596 2534 esse,

151 2553 491 2627 Propulsum
525 2554 704 2627 septis
735 2555 950 2628 gemit:
978 2555 1105 2627 Ipse
1136 2555 1381 2627 quilibet
1409 2572 1546 2628 ergo

151 2643 303 2700 Haud
332 2644 616 2717 dignetur
643 2649 908 2699 nostrum
943 2645 1153 2716 poterit
1181 2645 1320 2717 quia
1350 2648 1503 2700 certe

152 2732 322 2788 Multa
351 2733 563 2790 tulisse
595 2732 706 2789 sibi
735 2749 1100 2806 percongrua
1126 2749 1306 2805 seque
1328 2734 1556 2805 juvare,

154 2821 244 2878 His
272 2822 383 2879 nisi
416 2821 692 2890 defuerit,
720 2825 883 2877 curet
911 2821 1012 2893 qui
1044 2821 1184 2877 talia
1214 2822 1380 2877 forte.

155 2911 286 2968 Nam
316 2927 513 2985 genus
542 2911 651 2968 hoc
680 2911 990 2967 hominum
1021 2910 1383 2967 crebrescere
1414 2909 1637 2967 solibus
1668 2909 1799 2967 istis

157 2997 397 3071 Constat,
419 3016 573 3073 quos
603 2999 885 3056 Dominus
915 3001 1122 3066 vertat,
1144 3001 1412 3072 deposco,
1445 2999 1758 3073 benignus,

155 3087 378 3146 Praestet
406 3094 465 3146 et
501 3106 814 3162 oppressos
842 3089 1078 3161 gravius
1099 3089 1226 3160 jam
1258 3089 1412 3144 fasce
1440 3087 1640 3146 levari.

155 3177 292 3234 Dum
321 3195 453 3236 mea
476 3180 609 3252 jam
638 3178 838 3234 videor
867 3177 1179 3250 specialius
1208 3178 1377 3233 edere
1405 3177 1570 3233 vobis

1605 365 2068 436 PHRENESIS.

1807 505 1862 570 Α
1963 503 2218 575 Dignum
2252 507 2407 560 sorte
2435 505 2532 558 tua
2563 497 2798 560 torserit
2826 500 2982 560 hunc
3009 501 3227 577 aliqua.

3417 367 3538 436 390

1894 594 2041 649 241
2073 593 2281 647 Lamas
2304 609 2407 647 nec
2431 591 2596 646 Erebi
2626 593 2846 665 tangat,
2869 593 3182 666 nigrasque
3203 593 3465 668 paludes,

1963 681 2246 737 Cerberus
2277 681 2544 747 absistat,
2570 681 2840 754 Gorgona
2867 683 3167 760 despiciat,

1891 769 2008 826 Nec
2038 769 2268 842 Stygios
2296 770 2497 826 innare
2526 769 2710 838 lacus,
2745 774 2845 826 aut
2875 776 3022 828 tetra
3054 771 3242 829 videre

1964 860 2205 914 Tartara
2234 859 2552 930 contingat,
2587 875 2761 931 quem
2789 861 2883 915 via
2913 861 3114 917 dextra
3139 862 3324 932 juvat.

1893 947 2008 1003 Nec
2038 947 2245 1015 Chaos,
2277 951 2379 1003 aut
2408 946 2762 1020 Phlegethon
2788 949 2973 1021 nigris
3008 950 3346 1007 habitacula
3373 968 3539 1008 mon-

3278 1041 3460 1113 [stris.

1966 1123 2114 1192 Sint,
2148 1141 2276 1196 quae
2302 1124 2388 1182 vel
2421 1125 2644 1194 subeat,
2674 1125 2761 1182 vel
2793 1127 3098 1183 subeunda
3127 1129 3281 1186 ﬂeat.

1894 1217 2149 1285 Scrupea
2177 1213 2370 1287 Cocyti
2400 1214 2590 1270 videat
2618 1231 2724 1271 nec
2753 1219 2981 1287 tesqua,
3005 1217 3234 1288 jube‘to,

1966 1302 2070 1357 Cui
2101 1302 2351 1374 patriam
2383 1301 2592 1358 cmlum
2623 1320 2758 1376 spes
2783 1303 2893 1358 fuit
2921 1321 3047 1360 esse
3077 1306 3208 1362 sibi.

1895 1391 2288 1446 Eumenidum
2319 1390 2610 1448 thalamos
2643 1391 2894 1448 crevisse
2925 1399 3131 1466 negato
3162 1397 3391 1469 piorum

1967 1478 2217 1552 Agmina
2246 1479 2585 1552 conspiciat,
2617 1498 2679 1535 se
2710 1481 2884 1536 simul
2917 1500 2983 1537 ac
3013 1483 3220 1541 videat.

1899 1569 2063 1623 Ilunc
2093 1568 2188 1623 via
2217 1567 2451 1624 tartarei
2481 1585 2725 1642 vergens
2753 1570 3094 1627 Acherontis
3127 1575 3197 1628 ad
3229 1576 3419 1634 undas

1968 1657 2220 1724 Nesciat,
2251 1657 2408 1713 hunc
2437 1657 2646 1712 coelum
2678 1658 2850 1727 nerit,
2886 1659 3100 1717 habere
3127 1662 3282 1720 velit.

1898 1744 1988 1802 Nil
2021 1761 2151 1802 mea
2183 1750 2239 1802 te
2269 1750 2515 1802 noceant
2543 1746 2932 1817 incommoda,
2966 1751 3274 1808 commoda
3307 1736 3510 1811 multis

1971 1837 2152 1901 Quem
2183 1835 2468 1892 struxisse
2496 1835 2708 1905 ferunt,
2743 1837 2842 1910 qui
2874 1838 3029 1896 bona
3059 1841 3182 1897 sola
3210 1841 3398 1902 vehis.

1899 1923 2276 1980 Conformant
2295 1924 2528 1996 magnis
2544 1925 2749 1993 multa,
2768 1931 2826 1982 et
2845 1927 2992 1983 bene
3010 1932 3175 2001 gesta
3194 1929 3545 2003 loquuntur;

1973 2012 2075 2068 His
2105 2012 2334 2068 diversa
2361 2012 2553 2080 silent,
2585 2014 2756 2070 noxia
2785 2031 2856 2070 ne
2884 2021 3178 2088 superent.

1902 2100 2043 2165 Quis
2075 2100 2290 2167 faveas,
2322 2099 2528 2174 rogito,
2553 2101 2764 2169 solum,
2793 2119 2899 2158 nec
2931 2105 3116 2160 millia
3146 2106 3355 2175 vincat,

1971 2190 2056 2244 Sit
2085 2190 2408 2262 pergrande
2436 2189 2591 2259 licet,
2626 2190 2708 2245 nil
2737 2191 2891 2248 Deus
2922 2193 3155 2250 ofﬁciat.

1902 2277 2326 2346 Cunctivalens,
2349 2282 2623 2350 praestare
2655 2279 2817 2347 facis,
2845 2285 2908 2335 ut
2936 2281 3078 2338 velle
3110 2283 3343 2352 favebit,

1973 2370 2214 2422 Dextera
2242 2383 2374 2421 nam
2408 2367 2638 2422 dextras
2669 2367 3110 2439 splendiﬁcante
3140 2376 3265 2432 tua.

1904 2456 2179 2519 Quamvis
2211 2472 2388 2528 parva
2418 2457 2624 2522 scient,
2646 2457 2902 2512 vanescit
2933 2475 3141 2532 nempe
3171 2461 3430 2530 sinistra,

1975 2545 2397 2600 Flammivorus
2429 2545 2634 2601 boreas
2665 2546 2887 2617 disjgcit
2917 2551 2982 2601 ut
3010 2548 3226 2620 paleas.

1904 2632 2050 2689 Hinc
2068 2633 2212 2688 tuba
2230 2633 2549 2690 terribilem
2572 2634 2829 2690 sonitum
2854 2635 3292 2708 insperantibus
3313 2640 3515 2707 edens,

1974 2722 2126 2778 Dum
2159 2739 2266 2777 sua
2295 2739 2400 2794 pro
2433 2722 2656 2778 meritis
2686 2724 2926 2795 praemia
2955 2725 3163 2798 cuique
3191 2727 3374 2785 dabit.

1904 2810 2171 2866 Evasisse
2201 2811 2347 2866 ferat
2373 2810 2649 2880 discedite,
2681 2811 2730 2868 si
2763 2817 2938 2885 negat
2965 2830 3097 2886 euge
3125 2834 3145 2871 :

1977 2900 2115 2955 Sors
2146 2916 2214 2954 ea
2241 2916 2377 2956 nam
2410 2899 2628 2956 multos
2660 2900 2780 2958 hinc
2814 2901 2991 2959 habet
3018 2904 3301 2978 egregios.

1904 2989 1986 3046 Ne
2015 2991 2247 3044 metuas
2278 3005 2514 3060 pavens,
2542 2989 2642 3057 ait,
2667 3006 2698 3045 ο
2729 3006 2888 3062 grex,
2912 2993 3268 3066 complacuit
3297 3011 3435 3051 nam

1977 3078 2057 3132 Te
2087 3076 2232 3134 solio
2261 3077 2424 3148 regni
2454 3076 2795 3134 nobilitasse
2825 3065 3063 3136 Patrisr
3549 3065 3557 3069 I

1909 3165 2066 3222 Felix
2091 3164 2187 3220 ille
2214 3168 2434 3232 tamen,
2468 3181 2747 3221 concessa
2776 3168 2876 3240 qui
2907 3169 3247 3226 benedictus

155 3267 194 3323 Ο
221 3283 349 3341 pars
380 3271 590 3325 sancta
616 3267 826 3336 virum,
850 3266 1085 3323 Domini
1132 3283 1258 3323 sors
1290 3270 1463 3339 atque
1494 3267 1763 3323 ministra

1977 3254 2162 3310 Sorte.
2202 3253 2385 3310 Venite
2412 3252 2587 3324 capit,
2621 3255 2729 3322 est,
2764 3253 2890 3324 erit,
2925 3259 3099 3326 atque
3129 3255 3257 3312 fuit.

153 3356 316 3413 Arma
343 3357 580 3414 dedisse
612 3373 774 3428 paro,
808 3355 1025 3426 quibus
1057 3358 1114 3411 et
1146 3372 1253 3411 sua
1277 3355 1416 3426 jura
1444 3357 1615 3425 tueri,

154 3444 215 3502 Et
242 3463 362 3503 sese
389 3450 654 3526 vestrum
684 3444 872 3501 valeat
901 3443 1056 3516 quis,
1088 3445 1356 3517 praeduce
1385 3444 1632 3513 Christo,

154 3532 426 3592 Victorem
458 3537 522 3592 et
549 3537 876 3590 monstrare
907 3533 1080 3589 malis
1109 3535 1250 3588 dum
1283 3534 1541 3606 perﬁdus
1573 3532 1742 3590 illum

155 3623 404 3698 Attigerit
430 3641 660 3681 cuneus
685 3639 698 3679 :
721 3621 910 3678 vincet
940 3639 1079 3678 nam
1108 3639 1242 3680 mox
1271 3623 1425 3678 Deus
1455 3621 1602 3694 ipse,

157 3710 343 3770 Vincet
369 3717 427 3770 et
454 3714 590 3787 ipsa
620 3729 725 3768 suo
757 3710 962 3767 victrix
991 3711 1320 3767 constantia
1349 3714 1527 3766 recto.

159 3799 398 3874 Semper,
429 3807 492 3859 et
520 3801 644 3857 haec
674 3799 949 3856 comitata
981 3799 1108 3855 suis
1141 3797 1488 3855 fautricibus
1519 3815 1724 3855 omnes

159 3886 405 3960 Infestos,
437 3907 683 3959 nocuos,
715 3887 985 3945 inimicos
1016 3891 1276 3961 proterat
1303 3887 1524 3955 hostes,

158 3976 364 4050 Vincat,
395 3981 719 4055 perturbet,
745 3977 998 4047 mutilet,
1023 3994 1182 4050 rogo,
1206 3975 1461 4049 postulo,
1487 3993 1684 4050 posco.

158 4067 343 4139 Amen,
374 4070 457 4128 sic
492 4070 614 4138 ﬁat,
649 4069 888 4125 reboent
916 4070 974 4123 et
1003 4070 1222 4122 cuncta
1249 4082 1510 4138 reposco.

219 4160 301 4214 21.
320 4159 520 4228 Parce,
543 4159 720 4227 Deus,
740 4155 959 4213 famulo
980 4157 1150 4226 (512),
1176 4155 1462 4211 miserens
1485 4155 1798 4211 miseresce

1373 4243 1721 4317 [redempto,

222 4336 357 4395 Cum
389 4337 592 4412 requie
619 4335 850 4392 veniam
881 4333 1019 4390 huic
1055 4332 1147 4407 pie
1177 4333 1368 4390 dando
1401 4332 1580 4404 piam.

165 4422 243 4479 Nil
270 4425 428 4496 mihi,
453 4425 538 4484 nil
571 4425 708 4498 quia
737 4441 870 4480 sum
901 4422 1029 4491 tibi,
1058 4422 1159 4478 sed
1187 4437 1462 4494 peccasse
1493 4419 1796 4493 probatur,

227 4513 293 4571 Ut
319 4498 576 4572 mactare
605 4512 762 4580 velit,
787 4511 887 4585 qui
917 4527 1096 4586 pecus
1127 4509 1390 4566 alterius.

167 4600 278 4659 Non
307 4604 510 4678 pecudi
542 4619 700 4671 nam,
726 4603 826 4658 sed
856 4601 1103 4658 Domino
1134 4616 1268 4655 reus
1299 4596 1395 4654 ille
1426 4601 1676 4664 tenetur,

229 4692 335 4750 Lex
361 4694 538 4751 habet
567 4693 626 4748 in
655 4691 828 4748 terris
859 4689 1132 4746 omnibus
1164 4705 1282 4744 una
1312 4686 1510 4744 simul.

170 4779 245 4836 Tu
274 4782 428 4840 solus
454 4782 711 4854 veniam,
731 4784 795 4836 tu
830 4779 994 4836 solus
1026 4779 1172 4835 ferre
1202 4775 1511 4845 medelam,

230 4869 283 4925 Si
314 4872 598 4944 parcendo
626 4870 788 4939 velis,
819 4886 953 4925 mox
981 4866 1244 4940 potuisse
1273 4865 1422 4922 clius
1453 4866 1513 4938 [ι.
1548 4863 1725 4938 pius].

171 4956 299 5015 Hinc
328 4965 382 5018 te
410 4979 584 5035 posco
616 4961 772 5016 Deus
801 4959 1026 5014 tribuas
1061 4956 1268 5011 obnixe
1299 4959 1556 5028 rogatus,

231 5049 392 5106 Liber
420 5057 486 5108 ut
515 5050 830 5123 astrigeras
861 5047 911 5104 is
938 5049 1114 5119 queat
1140 5046 1222 5101 ire
1252 5044 1396 5100 vias.

173 5135 460 5198 Porthmea
487 5142 822 5198 contemnat
852 5136 1008 5203 felix,
1042 5151 1147 5191 nec
1179 5150 1323 5189 cura-
1347 5132 1609 5188 timentis

236 5245 372 5318 (512)
401 5248 463 5303 Id
521 5251 610 5304 est
666 5245 955 5301 Rodberto
991 5239 1465 5318 archiepiscopo,
1506 5255 1701 5312 quem,
1733 5241 1800 5294 ut

177 5310 510 5387 mansimus,
532 5319 654 5374 vita
683 5319 948 5372 functum
982 5310 1462 5387 famaurétuler‘at.

241 5378 720 5465 (513)3813ticum
743 5389 1080 5465 episcopum
1107 5381 1556 5465 Ultrajectinum
1580 5378 1798 5465 intelli-

180 5451 719 5542 git,quem_majore_m
746 5451 1312 5542 Ifaldrz'ean‘z'vocavit
1341 5451 1597 5542 in_titulo
1628 5453 1797 5542 sexti,

179 5525 389 5602 septimi
412 5539 469 5590 et
487 5525 671 5591 octavi
694 5527 1180 5602 voluminis.Vide
1201 5525 1526 5602 proemium
1553 5542 1715 5602 n_um_.
1739 5525 1798 5602 ε).

241 5595 378 5676 (514)
408 5605 686 5662 Similiter
715 5603 775 5659 in
805 5601 1083 5676 prooemio
1109 5595 1286 5676 num.
1309 5600 1363 5669 2,
1387 5595 1544 5654 hunc
1575 5595 1798 5654 Baldri-

179 5671 297 5732 ouin
325 5671 615 5738 immunem
643 5677 776 5737 dicit
802 5671 837 5735 ῐι
857 5672 1145 5757 phrenesis
1172 5671 1326 5733 vitio.

1907 3345 2182 3399 Crescens
2213 3358 2420 3414 nempe
2453 3359 2598 3398 suus
2628 3346 2963 3399 sanctorum
2994 3349 3202 3402 cuncta
3226 3346 3417 3402 tuenti

1975 3431 2049 3488 Ut
2079 3448 2383 3499 numerus,
2417 3430 2694 3486 meritum
2725 3447 2955 3505 semper
2981 3437 3039 3489 et
3067 3433 3192 3505 ipse
3221 3434 3351 3489 fuit.

1903 3520 2022 3577 Hoc
2043 3521 2196 3576 Deus
2223 3520 2510 3576 immense
2525 3519 2685 3588 audi,
2704 3524 2768 3575 tu
2791 3520 2898 3576 hoc
2921 3522 3013 3594 pie
3034 3538 3276 3579 munere
3292 3527 3556 3580 nostram

1975 3609 2142 3664 Haud
2173 3608 2454 3664 frustrare
2483 3607 2626 3664 velis
2655 3625 3159 3683 connumeresque
3189 3611 3322 3684 piis.

1904 3697 2180 3769 Impetret
2208 3696 2316 3752 hoc
2346 3695 2596 3769 genitrix
2625 3700 2746 3764 tua,
2778 3697 3002 3754 Christe
3031 3698 3301 3772 benigne,
3323 3698 3508 3755 Maria
3539 3716 3554 3756 :

1974 3787 2259 3858 Exposcat
2289 3787 2471 3840 castus
2501 3784 2638 3840 huic
2668 3785 2898 3841 veniam
2932 3803 3210 3859 superus;

1904 3875 2190 3932 {Etherius
2221 3878 2438 3931 reseret
2463 3873 2660 3930 valvas
2689 3874 2894 3930 Petrus
2925 3879 3101 3948 atque
3129 3876 3360 3943 beatus,

1974 3965 2123 4020 Tum
2156 3963 2340 4020 sancti
2373 3966 2701 4031 occurrant,
2727 3965 3144 4037 suppetiasque
3175 3965 3383 4022 ferant.

1903 4054 1995 4110 Sic
2025 4071 2156 4110 mea
2185 4057 2242 4109 te
2274 4056 2458 4118 vexat,
2495 4052 2599 4120 sic,
2635 4069 2666 4106 ο
2698 4052 3010 4121 Rodberte,
3040 4053 3378 4123 Phrenesis,

1976 4142 2090 4211 Sic,
2123 4143 2387 4214 inquam,
2422 4139 2557 4196 felix
2587 4140 2690 4209 sis,
2726 4145 2912 4213 rogat,
2947 4158 3014 4196 ac
3044 4142 3277 4199 frueris.

1992 4278 2126 4334 Item
2154 4274 2444 4332 Ratherius
2471 4277 2661 4330 contra
2688 4272 3007 4330 Baldricum
3028 4273 3176 4348 (513)
3196 4274 3468 4332 invidum.

1973 4413 2062 4467 22.
2096 4407 2516 4466 Pensitaverim
2547 4424 2687 4464 sane
2717 4424 2852 4464 cum
2893 4424 3066 4480 saepe,
3090 4410 3155 4464 ut
3191 4408 3433 4466 absente
3462 4425 3559 4466 re-

1904 4500 2042 4556 licto
2073 4499 2224 4556 242
2255 4501 2446 4553 tecum
2497 4513 2688 4570 agam,
2737 4495 2930 4552 adhuc
2960 4512 3236 4568 praesens,
3269 4495 3556 4566 Baldrice,

1827 4616 1875 4682 D
1904 4590 1964 4646 in
1995 4587 2236 4682 edendis
2257 4585 2584 4659 opusculis;
2619 4583 3305 4682 quze_contraillum,vel,
3330 4601 3437 4682 pro
3457 4585 3558 4682 illo

1907 4677 2194 4752 praecipue
2241 4691 2704 4748 composueram.
2745 4674 2893 4730 Nam
2940 4677 2996 4730 te
3046 4677 3368 4747 exceperat,
3401 4674 3558 4748 quod

1908 4766 2191 4824 immunis
2210 4766 2356 4840 (514)
2377 4765 2448 4821 ab
2468 4764 2708 4835 illo,quo
2726 4767 2854 4820 uter
2873 4767 3142 4820 nostrum
3165 4763 3462 4821 laborasse
3483 4764 3560 4820 fe-

1909 4858 2163 4923 rebatur,
2187 4854 2420 4927 penitus
2449 4852 2736 4920 fueras,id
2760 4857 2850 4908 est
2879 4853 3183 4926 phrenesis
3204 4851 3556 4909 litteratoria:

1906 4943 2333 5013 vitio,nummis
2351 4960 2528 5014 quam
2550 4942 2716 4997 libris
2738 4941 2941 5014 utique
2958 4941 3359 5009 nitens,armis
3377 4957 3555 5012 quam

1909 5031 2379 5105 armariis,copia
2401 5032 2722 5088 amicorum
2745 5047 2923 5102 quam
2947 5029 3170 5102 judicio
3203 5028 3552 5100 priscorum.

1908 5126 2102 5180 Tuum
2127 5123 2272 5195 (515)
2299 5126 2365 5176 ut
2393 5119 2724 5192 exemplum
2751 5119 2851 5175 Dei
2883 5118 3064 5173 fuisse
3096 5115 3354 5172 cernitur
3383 5115 3558 5171 infor-

1981 5230 2128 5304 (5l5)
2141 5229 2203 5305 In
2228 5227 2693 5305 sequentibusad
2719 5227 3104 5305 ﬁnem‘usque
3135 5221 3216 5305 ita
3243 5219 3556 5305 multanoc-

1907 5292 2150 5358 currunt
2179 5292 2481 5356 itentidem
2514 5299 2814 5363 mendosa,
2847 5299 2912 5367 ut
2939 5292 3044 5349 nec
3075 5294 3252 5366 probe
3283 5292 3550 5367 intelligi,

1907 5391 2012 5431 nec
2044 5378 2165 5429 tute
2193 5369 2489 5427 emendari
2519 5368 2831 5442 potuerint.
2865 5366 3084 5421 Sensus
3119 5370 3314 5442 tamen
3348 5366 3555 5442 praeci-

1906 5463 2060 5519 puus
2076 5445 2170 5499 hic
2185 5435 2846 5519 essevidetuertas‘s‘et
2864 5442 3064 5519 auctor
3080 5454 3140 5492 se
3157 5435 3328 5519 citius
3346 5435 3556 5519 edidis-

1907 5508 1970 5574 se
1999 5517 2173 5572 hosce
2203 5513 2452 5580 libellos,
2483 5508 2982 5580 dum—Rodbertus
3003 5508 3234 5565 viveret.
3259 5509 3553 5576 Quosdam

1905 5607 1975 5646 ex
1991 5589 2083 5645 his
2100 5579 2479 5658 quidem_ip30
2497 5579 3013 5658 adhucsuperstite
3023 5580 3146 5658 ja_m
3165 5580 3557 5658 anteamultis

1906 5651 2293 5746 praesentibus
2334 5651 2571 5734 legerat,
2604 5651 2854 5734 aliisque
2891 5651 3169 5735 legendos
3199 5653 3518 5715 tradiderat
3535 5670 3562 5730 5-
