4056 6380
461 386 581 466 3.93
1385 377 1760 444 RATHEBII
1804 375 2047 443 EPISC.
2094 376 2379 443 VERON.
2427 374 2598 443 OPP.
2644 376 2847 441 PARS
2890 374 2939 441 Ι.
3750 370 3881 439 396Δ

458 526 524 576 ut
553 516 807 592 perjurio
860 532 1036 572 suaso
1090 531 1276 588 nuper
1304 531 1338 569 a
1366 514 1621 586 quodam
1676 513 1731 570 vi
1790 512 2098 570 extorseris
2126 514 2185 581 Α
2212 511 2617 586 praesidiorum
2680 528 2785 585 pro
2843 510 3274 568 constructione
3326 509 3416 566 vel
3480 511 3874 571 restructione

457 624 642 667 unum
676 607 843 680 (518),
880 606 1037 679 quod
1064 609 1256 660 tamen
1299 618 1401 676 per
1449 618 1511 659 se
1559 603 1704 659 satis
1752 601 2013 670 noxium,
2045 600 2105 657 in
2215 604 2359 675 quot
2410 600 2744 669 homicidia,
2805 598 3253 668 exoculationes,
3314 599 3873 673 exmembrationes,

457 695 894 771 comparatione
951 693 1199 750 aliorum
1254 708 1384 749 esse
1434 695 1665 748 constat
1716 690 2101 759 vilissimum;

454 786 584 844 volo
612 790 670 843 te
715 785 827 842 hoc
877 782 1162 842 desiderio
1211 781 1442 851 satiare,
1474 786 1533 838 et
1571 780 1734 853 talia,
1767 784 2105 849 tanta,‘tam

458 874 729 932 inaudita
750 877 1042 947 gestuum,
1076 872 1125 927 si
1166 875 1362 928 tamen
1394 875 1449 926 et
1474 870 1875 927 inventionum
1897 870 1984 942 ΠΖ,
2016 869 2104 924 iu-

459 963 809 1034 tentionum]
838 961 1239 1018 considerasse
1283 958 1391 1015 tibi
1439 952 1644 1015 datum
1690 957 1919 1026 fuisset,
1950 958 2107 1031 ipso-

462 1069 596 1109 rum
638 1051 929 1107 insaniam
978 1048 1049 1105 de
1097 1064 1191 1105 me
1238 1047 1366 1121 ipso
1414 1046 1646 1116 referre,
1679 1050 1746 1103 ut
1773 1046 2107 1103 oneratissi-

464 1158 627 1197 mum
654 1145 710 1196 te
754 1138 920 1206 meis,
952 1136 1184 1194 etiamsi
1239 1135 1403 1193 nulla
1459 1136 1695 1209 propria
1739 1135 1847 1192 tibi
1891 1139 2107 1203 essent,

462 1230 700 1286 reddam
731 1227 1072 1294 sceleribus,
1104 1229 1169 1282 ut
1211 1225 1429 1281 habeas
1458 1225 1661 1298 utique
1709 1226 1768 1280 in
1816 1224 1930 1282 ista
1958 1227 2111 1292 Qua-

461 1317 812 1391 dragesima,
843 1316 998 1390 quod
1030 1315 1294 1388 plangas,
1319 1315 1462 1370 dum
1491 1330 1553 1370 es
1595 1329 1743 1386 pene
1772 1313 1930 1370 omni
1961 1318 2110 1371 tem-

460 1423 601 1481 pore
622 1424 656 1462 a
684 1405 904 1463 talibus
935 1404 1179 1460 otiosus.
1213 1404 1325 1461 Sed
1375 1419 1447 1459 ne
1493 1402 1689 1475 ipsum
1720 1403 1878 1475 quod
1914 1401 2110 1475 impu-

459 1495 582 1552 listi
639 1493 964 1569 perjurium
1024 1510 1138 1549 non
1197 1508 1326 1548 esse
1383 1490 1635 1547 aestimes
1690 1495 1881 1557 tuum,
1931 1491 2108 1547 Evam

461 1585 787 1651 considera,
821 1598 1049 1650 moneo,
1100 1584 1158 1638 et
1205 1582 1264 1636 in
1313 1583 1580 1653 serpente
1625 1579 1945 1636 diabolum.
1978 1581 2108 1637 Ser-

462 1690 609 1745 pens
667 1673 881 1745 quippe
939 1669 1143 1737 suasit,
1204 1671 1317 1726 Eva
1373 1670 1647 1742 peccavit,
1695 1670 1796 1726 sed
1854 1670 2111 1727 suadens

464 1760 626 1817 nullo
696 1761 898 1829 modo,
959 1758 1308 1832 delinquens
1374 1759 1602 1815 veniam
1672 1757 1888 1815 meruit
1956 1758 2111 1816 250

2215 691 2443 764 praedm,
2476 689 2765 757 incendia,
2796 689 3039 746 vastitas
3082 690 3163 745 ac'
3193 688 3568 762 depopulatio
3607 690 3874 764 contige-

2217 780 2355 836 rint.
2388 779 2597 835 Norica
2620 779 2790 853 (520),
2815 777 3001 845 Italia,
3024 776 3355 845 Germania,
3399 781 3576 851 atque
3625 780 3877 837 Francia

2220 884 2314 924 me
2344 867 2555 924 melius
2588 867 2774 936 fateri,
2798 866 2947 924 251
2984 882 3078 922 me
3108 866 3321 923 iterum
3344 866 3752 924 miserrimam
3783 872 3874 925 ta-

2218 956 2357 1025 lem,
2379 956 2579 1030 .qualis
2624 956 2836 1013 fuerim
2862 954 2951 1012 vel
2981 953 3096 1011 dici
3132 954 3268 1012 talis
3306 956 3619 1028 potuerim,
3649 956 3872 1014 valent.

2220 1046 2342 1102 Duo
2368 1044 2647 1119 legitima,
2663 1061 2793 1103 mea
2812 1043 3003 1117 culpa,
3019 1043 3329 1101 dissociavi
3348 1045 3654 1119 conjugia;
3679 1063 3875 1104 unum

2219 1134 2387 1207 quasi
2411 1152 2545 1191 cum
2570 1151 2631 1191 re
2651 1135 2740 1207 [f.,
2765 1132 2935 1206 quasi
2956 1133 3134 1206 jure],
3161 1132 3410 1190 alterum
3436 1134 3762 1192 miserabili
3785 1153 3878 1193 so-

2218 1222 2521 1280 lummodo
2549 1222 3080 1297 vanitate.Cogitet,
3109 1222 3212 1295 qui
3238 1226 3453 1295 potest,
3484 1223 3641 1280 istud
3671 1224 3873 1282 solum

2219 1313 2424 1386 quanti
2483 1317 2541 1369 et
2592 1311 2886 1384 ponderis,
2935 1313 3214 1367 metiatur
3265 1311 3476 1381 scelus,
3538 1313 3876 1371 consideret

2218 1403 2650 1459 enormitatem.
2676 1401 2824 1466 Quid
2855 1402 3083 1457 miserae
3112 1400 3226 1457 heu
3255 1401 3556 1458 dicebant!
3591 1418 3740 1474 quos
3767 1419 3872 1477 ge-

2221 1490 2420 1560 mitus,
2443 1508 2570 1563 quae
2601 1489 2856 1563 suspiria
2885 1490 3142 1546 dabant?
3172 1506 3306 1546 cum
3338 1507 3456 1547 una
3485 1507 3687 1548 earum
3719 1492 3875 1549 riva-

2217 1581 2331 1637 lem
2364 1581 2422 1636 in
2451 1580 2607 1637 edito
2635 1580 2856 1648 sedere,
2884 1579 3050 1636 basia
3072 1579 3185 1636 sibi
3216 1580 3411 1653 potius
3441 1580 3636 1638 debita
3665 1581 3877 1640 misce-

2219 1686 2299 1739 re,
2337 1669 2537 1725 domui
2585 1667 2896 1740 dominari,
2918 1667 3145 1742 agenda
3162 1669 3491 1742 disponere,
3505 1685 3569 1727 se
3591 1669 3871 1742 voluisse,

2219 1758 2536 1832 aspernari,
2569 1775 2632 1815 se
2673 1757 2896 1813 videret
2945 1757 3241 1814 adhaerere
3289 1758 3493 1815 cineri.
3525 1758 3723 1817 Altera
3750 1760 3876 1817 lon-

465 1866 699 1923 quoquo
773 1850 966 1905 modo.
1034 1848 1219 1904 Judaei
1300 1847 1564 1919 Cruciﬁge
1636 1846 2033 1905 clamaverunt
2091 1862 2107 1904 :
2141 1884 2188 1950 Β
2216 1847 2349 1921 gius
2380 1847 2532 1917 licet,
2570 1845 2842 1903 zemulam
2873 1846 3110 1950 divitem
3150 1847 3396 1916 audiret,
3431 1863 3610 1921 seque
3649 1866 3875 1924 paupe-

464 1940 836 1996 cruciﬁxores
867 1937 1136 1995 Cruciﬁxi
1179 1938 1526 2011 sanguinem
1566 1938 1627 1993 in
1656 1936 1905 1993 salutem
1950 1937 2110 1994 bibe-

466 2034 626 2085 runt.

533 2121 587 2175 2.
621 2118 835 2174 Verum
868 2121 932 2173 ut
951 2116 1270 2189 jam,quod
1298 2115 1564 2189 promisi,
1590 2115 1865 2184 efﬁciam,
1897 2114 1972 2172 ab
2014 2116 2110 2171 in-

463 2208 648 2265 fantia
674 2207 802 2280 ipsa
831 2206 1088 2278 pejorem
1121 2219 1215 2262 me
1257 2208 1315 2260 et
1355 2203 1800 2276 implicatiorem
1844 2204 2110 2276 ejusdem

462 2296 651 2354 aetatis
674 2295 832 2351 vitiis
860 2311 975 2350 non
998 2293 1103 2350 tibi
1126 2309 1276 2367 opus
1304 2296 1395 2349 est
1424 2310 1699 2365 quaerere.
1720 2293 1804 2349 Ad
1831 2292 2108 2365 juvenile,

461 2402 597 2444 cum
642 2385 843 2441 datum
891 2386 1000 2452 est,
1028 2398 1216 2437 aevum
1264 2399 1397 2438 cum
1427 2382 1739 2449 venissem,
1770 2381 1982 2438 abhinc
2030 2382 2111 2437 ita

459 2480 518 2532 et
546 2479 668 2531 tam
699 2477 927 2529 mature
970 2471 1117 2543 coepi
1161 2470 1353 2526 modis
1383 2469 1793 2526 diversissimis
1822 2469 2107 2537 lascivire,

457 2562 706 2631 lenitati,
731 2561 884 2633 jocis
913 2576 980 2627 ac
1020 2558 1356 2615 scurrilitati
1386 2575 1610 2626 vacare,
1642 2562 1708 2614 ut
1743 2558 1974 2615 etiamsi
2004 2559 2109 2615 tibi

460 2651 665 2709 audire
697 2649 904 2706 fuisset
932 2648 1172 2705 omnino
1204 2647 1433 2715 inutile,
1461 2646 1606 2703 mihi
1630 2654 1827 2704 tamen
1858 2664 1962 2720 per
1988 2648 2109 2705 sin-

458 2740 602 2814 gula
643 2753 984 2795 enumerare
1031 2739 1187 2793 esset
1233 2734 1466 2808 penitus
1514 2734 1894 2809 impossibile.
1925 2737 2113 2809 Abju-

460 2833 590 2884 rata
610 2827 756 2901 (519)
785 2825 1014 2899 Hugoni
1048 2842 1150 2897 pro
1176 2825 1289 2881 ﬁde
1317 2824 1678 2894 ambitionis,
1701 2829 1874 2897 atque
1894 2827 2113 2882 animo-

460 2918 674 2985 sitatis,
701 2915 1155 2974 imooblivionis
1185 2931 1412 2984 eorum,
1436 2931 1565 2988 quae
1590 2932 1746 2972 nunc
1779 2916 1986 2973 merito
2016 2933 2113 2990 pa-

458 3008 573 3063 tior
598 3004 854 3081 (mentiri
884 3005 1100 3077 quippe
1131 3019 1244 3060 non
1276 3003 1453 3073 novit,
1478 3003 1578 3076 qui
1610 3002 1792 3060 dixit:
1834 3005 1940 3073 Qui
1993 3006 2114 3063 red-

459 3097 541 3153 dit
571 3097 719 3152 mala
756 3111 858 3166 pro
891 3094 1066 3164 bonis,
1090 3107 1202 3149 non
1230 3093 1438 3149 recedet
1471 3094 1640 3167 plaga
1683 3092 1748 3149 de
1793 3094 1946 3151 domo
1993 3096 2112 3168 ejus

462 3187 645 3257 [Prov.
677 3201 814 3253 xvu,
841 3182 960 3254 13];
996 3183 1152 3256 quod
1183 3181 1244 3237 in
1276 3185 1333 3238 te
1362 3180 1424 3255 [ἰ.
1453 3181 1514 3237 in
1545 3182 1660 3254 me]
1692 3181 1916 3255 liquido
1948 3200 2110 3257 cpm-

462 3252 730 3348 pletum),
763 3252 883 3329 non
913 3252 1120 3341 debes,
1154 3252 1520 3327 miserrimus
1550 3252 1703 3340 dico,
1733 3252 2108 3340 conscientia,
2140 3252 2184 3320 (ἶ

465 3380 592 3435 quae
621 3378 778 3417 nunc
808 3361 938 3433 ipsa
966 3360 1053 3431 [[2,
1078 3359 1225 3432 ipse]
1256 3358 1481 3431 loquar,
1505 3359 1707 3416 mirari
1737 3377 1842 3433 pro
1874 3360 2112 3431 scelere,

463 3476 840 3551 ambigimus,
875 3476 1017 3547 quin
1051 3479 1186 3551 tam
1218 3474 1687 3551 prolixum‘ppus
1724 3475 1793 3551 in
1841 3477 2108 3551 Lobiensi

463 3546 817 3620 monasterio
867 3546 1248 3620 custoditum,
1278 3550 1465 3620 totum
1512 3546 1656 3620 illud
1689 3548 1786 3615 sit,
1814 3549 1971 3620 quod
2004 3550 2112 3605 Ra.

462 3620 686 3677 therius
715 3619 907 3692 reipsa
942 3616 1316 3692 _l‘u_cubravit_,_
1334 3618 1561 3692 cuique
1586 3616 1849 3692 Excemti'
1869 3620 2108 3692 titulum

462 3698 519 3748 et
564 3688 819 3746 formam
861 3688 1092 3758 indidit,
1134 3692 1199 3745 ut
1244 3688 1359 3745 alia
1402 3688 1665 3761 quaedam
1717 3688 2110 3763 praetermissa

460 3764 752 3818 innueret.

530 3832 681 3905 (518)
717 3834 890 3907 Unum
937 3831 1154 3907 scilicet
1196 3832 1432 3904 facinus,
1466 3832 1522 3887 id
1554 3836 1643 3907 est
1682 3850 1868 3907 unum
1911 3835 2106 3907 perju-

460 3906 652 3988 rium;
687 3904 860 3972 unde,
884 3906 1018 3976 post
1046 3918 1252 3976 pauca,
1277 3906 1457 3975 ipsum
1486 3904 1624 3975 quod
1671 3904 1943 3978 imputisti
1978 3904 2105 3978 per-

488 3993 693 4033 unum.

452 3995 693 4175 ﬂigi?)
706 4048 894 4103 Locus
914 4045 1274 4119 perdifﬁcilis
1299 4050 1356 4102 et
1376 4046 1714 4114 mendosus,
1742 4046 1799 4102 in
1829 4063 1943 4119 quo
1966 4066 2109 4105 non-

458 4138 537 4175 nu
566 4120 630 4175 lae
651 4119 827 4175 etiam
850 4134 1017 4175 voces
1049 4122 1213 4175 extra
1247 4117 1547 4175 nronrium
1578 4116 1771 4174 locum
1802 4136 2104 4175 nerneram

458 4116 630 4176 nullae
651 4116 827 4192 etiam
845 4116 1017 4192 voces
1049 4122 1213 4192 extra
1247 4117 1547 4190 proprium
1578 4116 1771 4174 locum
1802 4116 2104 4192 perperam

457 4192 736 4247 traductae
760 4190 1055 4263 qvidentur.
1088 4191 1227 4263 Quae
1254 4193 1319 4244 ut
1346 4205 1671 4263 congruum
1698 4190 1940 4247 sensum
1971 4192 2105 4263 red-

458 4264 620 4334 dant,
655 4262 863 4334 aptiori
919 4260 1044 4317 loco
1091 4260 1483 4334 restituendae
1505 4267 1674 4334 sunt,
1700 4278 1765 4317 ac
1817 4266 1939 4318 tota
1983 4262 2105 4319 haec

459 4330 734 4407 perindus
781 4332 864 4388 sic
912 4332 1173 4407 construi
1231 4349 1353 4407 seu
1391 4330 1668 4407 explicari
1719 4337 1955 4405 potest:
1995 4335 2104 4405 Ego

456 4404 801 4475 {miserrimus
842 4405 1179 4460 conscientia
1205 4404 1540 4471 ambitionis,
1571 4404 1733 4475 atque
1778 4404 2102 4462 animosita-

456 4479 548 4547 tis,
581 4479 690 4549 imo
718 4477 1275 4549 oblivionisﬁeorum,
1300 4489 1449 4549 quae
1475 4492 1642 4549 nunc,
1673 4478 1869 4533 merita
1920 4479 2105 4549 patior

2219 1953 2342 1993 rem
2371 1936 2627 1993 videret?
2663 1936 2773 1992 Sed
2825 1934 2987 2008 quid,
3041 1936 3257 2009 inquis,
3292 1937 3588 1996 dicerent?
3634 1938 3878 2013 Rogas?

2220 2026 2377 2098 quod
2408 2024 2514 2080 tibi
2545 2024 2725 2082 miser
2753 2024 2916 2096 juste
2944 2025 3188 2097 contigit
3225 2024 3391 2081 forte.
3422 2029 3506 2082 Tu
3536 2027 3693 2084 enim
3723 2029 3875 2085 dua-

2218 2113 2332 2170 bus
2360 2113 2549 2170 tulisti
2587 2114 2850 2181 maritos,
2881 2117 2938 2170 te
2982 2115 3103 2170 duo
3151 2113 3445 2188 episcopia
3489 2116 3909 2188 perdiderunt~

2218 2203 2410 2258 virum
2440 2203 2611 2276 (521),
2639 2220 2697 2259 et
2725 2202 2950 2258 utinam
2980 2202 3130 2259 nihil
3172 2202 3279 2258 tibi
3309 2203 3383 2259 ob
3427 2203 3538 2261 hoc
3567 2205 3878 2280 contingat

2217 2290 2538 2347 infaustius
2562 2290 2576 2346 i

2288 2380 2342 2437 3.
2370 2381 2451 2436 De
2495 2381 2762 2437 Warneri
2813 2381 3010 2438 fratris
3058 2382 3356 2454 quondam
3404 2383 3572 2441 ducis
3617 2386 3875 2443 Canonis

2219 2471 2368 2543 (522)
2421 2486 2654 2542 quoque
2679 2469 2924 2544 :ﬂagitio
2967 2469 3113 2526 mihi
3151 2470 3550 2529 infelicissimo
3597 2474 3871 2549 contigit,

2218 2560 2374 2632 quod
2432 2558 2682 2617 habetur
2722 2558 2782 2615 in
2833 2559 3058 2632 psalmo
3091 2576 3105 2616 :
3137 2560 3272 2617 Cum
3316 2561 3603 2634 adulteris,
3652 2563 3872 2637 inquit,

2212 2649 2520 2719 portionem
2574 2656 2729 2704 tuam
2778 2650 3017 2721 ponebas
3046 2649 3216 2721 (Psat.
3247 2666 3397 2720 xmx,
3433 2650 3546 2724 18).
3586 2651 3667 2708 De
3722 2652 3875 2713 locis

2220 2735 2536 2812 provisioni
2585 2753 2727 2793 meae
2776 2737 3132 2806 commissis,
3164 2755 3485 2813 eorumque
3533 2740 3874 2815 dilapidatis

2219 2826 2588 2897 substantiis,
2641 2827 2953 2884 animabus
3009 2826 3313 2900 neglectis,
3359 2845 3433 2886 ne
3478 2846 3638 2903 rogo,
3689 2831 3877 2889 inter-

2220 2932 2389 2990 roges
2419 2933 2432 2972 :
2465 2914 2646 2972 istum
2685 2915 3054 2973 solummodo
3092 2916 3245 2981 vide,
3274 2920 3331 2975 et
3373 2918 3768 2991 conjecturam
3797 2922 3903 2979 de“

2219 3020 2287 3061 eo
2312 3021 2472 3077 cape.
2505 3004 2616 3060 Sed
2664 3004 2804 3077 quia
2845 3003 3053 3061 defecit
3098 3006 3400 3075 memoria,
3425 3022 3561 3064 cum
3612 3010 3879 3068 abundet

2219 3094 2601 3151 dicendorum
2658 3093 2991 3152 miserrima
3033 3095 3219 3168 copia,
3270 3111 3507 3153 summa
3543 3098 3690 3170 (523)
3736 3098 3875 3168 tibi,

2220 3200 2437 3257 quaeso,
2470 3181 2726 3239 sufﬁciat
2752 3181 2903 3256 ipsa,
2933 3181 3017 3238 nil
3046 3182 3159 3240 nisi
3190 3184 3494 3257 proprium
3524 3185 3727 3260 utique
3756 3188 3876 3245 col-

2222 3272 2489 3340 lectione,
2520 3271 2654 3329 licet
2700 3271 2961 3342 alterius,
2993 3288 3202 3345 parum
3246 3271 3383 3331 licet
3430 3275 3684 3348 propria,
3716 3274 3875 3333 reia-

2219 3365 2373 3419 tura.

2217 3477 2360 3554 lieni
2393 3478 2594 3554 favere
2612 3478 2779 3554 visus
2801 3481 2899 3554 est
2927 3479 2999 3535 de
3029 3492 3145 3552 quo
3174 3479 3304 3536 vide
3351 3498 3480 3554 quae
3509 3480 3570 3538 in
3600 3481 3733 3540 Vita
3775 3484 3869 3542 fu-

2217 3550 2341 3606 sius
2375 3549 2764 3607 disseruimus
2793 3552 2821 3619 §
2849 3551 2901 3605 4.

2311 3622 2437 3697 520)
2469 3620 2781 3697 Provinciae
2821 3621 3185 3697 indicantur,
3204 3623 3521 3697 inquibus
3552 3625 3871 3686 Ratherius

2216 3691 2597 3766 eVeronensi
2625 3692 2770 3749 urbe
2808 3692 2994 3761 exsul,
3028 3710 3094 3750 ac
3133 3691 3400 3766 pluribus
3430 3696 3871 3757 calamitatibus

2216 3764 2837 3841 obnoxiusdivagatus
2858 3769 2965 3841 est.
2991 3765 3057 3841 I_n
3078 3764 3369 3841 Qualitatis
3387 3769 3699 3841 conjectura
3725 3788 3783 3826 n.
3807 3772 3868 3841 3,

2215 3834 2463 3912 Italiam,
2516 3834 2843 3912 Eranciam,
2896 3834 3667 3912 Noricam,_Burgundiam,
3727 3834 3870 3899 Pro;

2213 3907 2486 3980 vinciam,
2519 3906 2965 3980 Septimaniam,
3008 3908 3341 3978 Saxoniam,
3367 3906 3431 3967 ct
3459 3906 3731 3969 Sueviam
3762 3931 3871 3970 no-

2217 3979 2423 4034 minat.

2287 4050 2432 4127 (52_1)
2464 4048 3048 4127 Batheriusscilicet
3085 4050 3205 4127 hac
3256 4052 3495 4127 scripsit
3523 4070 3658 4111 cum
3687 4054 3869 4113 Vero-

2215 4122 2381 4248 nepsi
2405 4121 2685 4248 primuin,
2712 4121 2845 4177 dein
2867 4138 3001 4179 vero
3024 4123 3360 4181 Leodicensi
3374 4121 3729 4200 episcopatu
3755 4127 3877 4201 pri-

2215 4211 2286 4249 va
2313 4210 2384 4248 us
2440 4208 2595 4249 uisse
2628 4234 2640 4248 .

2212 4210 2384 4250 vatus
2414 4210 2640 4249 Ιυιεεθι.

2286 4264 2431 4342 (522)
2451 4263 2644 4342 guno,
2678 4281 2781 4342 seu
2801 4264 3157 4342 Conotaiias
3183 4266 3485 4342 Qonradus
3515 4269 3867 4342 appellatus,

2257 4337 2314 4417 ui
2356 4336 2690 4417 Lutharden
2721 4335 2950 4417 Qttpnis
2980 4337 3161 4417 ﬁliam
3192 4339 3379 4417 duxit,
3401 4335 3867 4417 supremumque

2214 4353 2314 4463 3111
2356 4353 2690 4393 Lutnaruen
2721 4353 2950 4393 Utwnls
2980 4353 3161 4393 unam
3192 4353 3379 4408 auxit,
3401 4358 3867 4415 supremumque

2224 4408 2375 4483 *Λίθωῇ
2399 4407 2545 4463 obiit
2572 4423 2724 4483 anpo
2747 4408 2874 4483 955,
2900 4408 3286 4483 Lotharingiae
3317 4412 3435 4467 dux
3477 4412 3606 4468 fuit.
3640 4414 3802 4470 Idem
3831 4431 3869 4471 a

2213 4479 2625 4554 Continuatore
2647 4479 2963 4554 Reginonis
2987 4479 3211 4538 annum
3236 4482 3344 4539 943
3366 4484 3522 4554 [llius
3553 4485 3868 4542 Werinberi

452 4563 553 4618 pro
731 4547 985 4627 abjurata
1013 4547 1231 4627 IIugoni
1259 4547 1504 4671 imentiri
1547 4548 1744 4629 quippe
1790 4547 2104 4605 non—novit
2132 4554 2178 4619 D
2208 4551 2451 4617 dicitur,
2501 4547 2760 4623 ejusque
2812 4551 2990 4608 frater
3046 4547 3385 4610 Warnerius
3441 4553 3540 4612 ille
3593 4556 3865 4614 fortassis

457 4619 555 4672 aui
618 4625 725 4672 iacit
753 4634 771 4671 :
801 4620 909 4672 OUI
939 4617 1132 4672 reddit
1158 4633 1254 4672 ma
1281 4634 1315 4672 a
1357 4634 1459 4672 oro
1501 4616 1694 4672 bonis.
1727 4636 1842 4672 non
1876 4621 2103 4672 recedet
2209 4627 2317 4672 est-
2342 4622 2443 4672 (mi
2472 4620 2532 4672 in
2563 4622 2696 4672 Vita
2733 4622 2792 4672 S-
2813 4622 3056 4672 Joannis
3094 4624 3444 4672 Gnrziennin-
3471 4644 3629 4672 num,
3664 4626 3745 4672 12Δ
3775 4631 3865 4672 πίτ-

457 4616 555 4699 gui
580 4616 725 4699 dicit
753 4616 909 4699 :_’Qui
939 4617 1132 4699 reddit
1158 4616 1321 4699 mala
1356 4634 1459 4699 pro
1501 4616 1694 4699 bonis,
1727 4636 1842 4699 non
1876 4621 2103 4699 recedet
2132 4616 2167 4619 _
2209 4616 2444 4699 est_,4q_ui
2472 4616 2550 4677 in'
2563 4616 2696 4699 Vita
2733 4622 2792 4679 S.
2813 4622 3056 4699 Joannis
3094 4624 3455 4699 Gorciensis,
3471 4644 3634 4685 num.
3664 4626 3752 4699 13,
3775 4631 3866 4685 vir

496 4688 627 4770 laga
658 4689 729 4743 de
758 4688 932 4770 domo
972 4688 1100 4770 ejus
1133 4705 1145 4742 :
1181 4688 1578 4770 quoditiquido
1625 4690 1913 4770 impletum
1939 4694 2100 4770 inte,

455 4707 627 4815 plaga
658 4707 729 4743 ne
758 4707 932 4743 nomo
972 4707 1100 4770 ejus
1133 4707 1145 4742 :
1181 4707 1321 4758 quoa
1370 4707 1578 4759 iiquiao
1625 4707 1913 4761 impletum
1939 4709 2002 4747 κη
2029 4707 2100 4758 te,

477 4776 566 4843 eg.
600 4761 661 4842 in.
686 4762 813 4827 me),
844 4774 957 4829 ego,
989 4775 1237 4843 inquam,
1266 4761 1609 4842 miseruimus
1636 4761 1775 4829 dico,
1806 4779 1919 4843 non
1945 4762 2102 4843 debes

451 4831 656 4905 mirari
683 4845 808 4905 qum
847 4846 995 4905 nunc
1023 4832 1136 4902 ipse
1163 4831 1374 4905 loquar,
1408 4831 1689 4889 nimirum
1718 4836 1846 4905 quot
1871 4835 2099 4890 homici-

450 4904 563 4970 dia,
611 4902 1038 4970 exoculationes,
1088 4903 1591 4969 exmembrationcs,
1641 4902 1855 4971 praedis,
1909 4908 2097 4961 incen-

449 4976 563 5040 dia,
596 4976 849 5048 vastitas_
880 4990 944 5048 ac
998 4973 1340 5048 depoputatio
1378 4976 1701 5048 contigerint
1750 4992 1863 5048 pro.
1900 4979 2100 5034 scelere

450 5051 772 5103 memorato
802 5045 1081 5116 abjuratze
1129 5045 1349 5119 scilicet
1376 5046 1533 5111 ﬁdei,
1560 5062 1660 5119 pro
1697 5045 2100 5105 constructione

447 5120 531 5173 vel
561 5120 920 5192 restractione
940 5117 1330 5192 praesidiorum
1357 5117 1574 5192 contra
1597 5119 1872 5174 eumdem
1902 5120 2097 5192 Hug’o-

450 5207 612 5261 nem;
646 5190 745 5245 ubi
774 5207 850 5245 eae
883 5188 1244 5245 calamitates
1275 5189 1629 5257 indicantur,
1652 5206 1779 5261 quae
1811 5207 1880 5245 ex
1911 5188 2096 5248 reb'el-

449 5259 602 5334 lione
655 5261 713 5334 in
745 5261 1048 5334 Hugonem
1092 5265 1414 5334 consecutae
1444 5265 1602 5318 sunt.
1626 5259 1934 5334 Quatenus
1962 5279 2096 5321 vero

450 5329 587 5406 haec
620 5333 691 5387 ab
746 5329 1257 5406 aliisperpetrata
1311 5332 1569 5406 facinora
1624 5332 1881 5406 Ratherii
1912 5333 2093 5406 culpa:

450 5349 569 5385 meo
620 5349 691 5387 an
746 5349 876 5388 ams
919 5349 1257 5458 perpetrata
1311 5349 1569 5389 Iacmora
1624 5349 1881 5388 natnern
1912 5349 2093 5406 culpae

447 5401 591 5487 verti
617 5402 865 5487 possint,
959 5420 1055 5487 em
1102 5404 1227 5476 ipse
1268 5403 1520 5487 explicat
1548 5420 1730 5486 _num.
1762 5405 1833 5487 24
1865 5421 1889 5487 :_
1909 5404 2093 5487 Siqui-

447 5471 597 5549 dem,
612 5471 825 5549 inquit,
839 5474 1005 5549 _nihil_
1028 5471 1230 5549 [corum
1253 5471 1380 5549 feci,
1413 5477 1510 5531 aut
1528 5474 1799 5549 jussi,vet
1827 5482 1889 5530 ut
1916 5471 2088 5549 ﬁeret,

444 5543 626 5621 uolui;
654 5543 746 5597 sed
772 5543 887 5621 tale
910 5544 1060 5621 quid,
1091 5562 1161 5602 ex
1187 5543 1343 5619 cujus
1382 5543 1658 5621 occasione
1684 5547 1791 5602 ista
1835 5543 1967 5621 sunt
1988 5543 2090 5621 pa;

445 5617 607 5680 truta,
638 5615 904 5687 commisi.
927 5615 1059 5670 Haec
1090 5615 1285 5674 autem
1311 5618 1539 5676 occasio
1569 5616 1699 5687 fuit,
1724 5633 1859 5675 cum
1888 5615 2090 5676 Arnol-

442 5687 607 5760 dum,
666 5685 942 5766 Bajoarice
991 5687 1223 5763 ducem,
1253 5688 1494 5751 Veronae
1538 5685 1847 5771 recipiens,
1898 5690 2090 5755 rebel-

2206 4695 2412 4774 nobilis
2438 4697 2697 4774 vocatur,
2729 4699 2788 4750 et
2816 4695 2875 4774 in
2895 4695 3290 4774 _I_.otharingia
3313 4714 3415 4770 per
3443 4697 3565 4755 haec
3594 4695 3864 4774 tempora

2209 4764 2860 4843 poll_ebat;‘quippe_cui
2892 4765 3055 4843 idern
3088 4764 3349 4843 sanetus',
3380 4774 3697 4843 antequam
3722 4764 3862 4828 ino-

2208 4835 2464 4914 nachum
2497 4835 2783 4914 indueret.
2816 4837 3155 4914 inqunﬁnio
3194 4835 3432 4914 Tulténsi
3458 4835 3719 4914 ('Ijullum
3752 4844 3859 4900 Lo-

2207 4908 2514 4981 tharingiae
2560 4907 2763 4981 civitas
2792 4912 2930 4981 iest)
2981 4907 3149 4966 causa
3202 4907 3561 4970 ecclesiae'S.
3610 4916 3861 4972 Lauren-

2207 4982 2291 5058 tii.
2447 4994 2506 5058 se
2532 4980 3002 5058 nornine_l)_omin_i
3038 4983 3275 5058 socians,
3304 4985 3424 5057 ejus
3465 4986 3663 5058 ofﬁciis
3692 5004 3864 5058 quam

2203 5052 2566 5129 ﬂzmiliariter
2620 5052 2922 5129 insistebat.
2965 5051 3530 5129 Ratheriusauten'i
3585 5051 3862 5129 quondam

2431 5122 2712 5203 .Cu-uonem
2760 5123 2869 5193 ait;
2925 5123 3065 5195 quia
3113 5141 3249 5182 cum
3297 5126 3420 5184 haec
3471 5122 3726 5203 scripsit,
3761 5129 3862 5188 ille

2194 5194 2320 5266 jam
2353 5193 2592 5266 obierat.

2274 5266 2420 5343 (523)
2451 5265 2677 5343 Su_mma
2718 5262 2972 5343 appellat
3011 5273 3357 5343 sequentem
3387 5270 3850 5343 Confessionem,

2201 5336 2304 5418 seu
2334 5336 2645 5418 formulam
2675 5336 3058 5418 coui'essiopis
3082 5336 3393 5418 generalis,
3417 5344 3587 5418 cujus
3605 5336 3851 5418 generis

2201 5408 2326 5464 alia;
2350 5406 2410 5463 in
2432 5406 2597 5464 libris
2619 5406 3117 5474 pcenitentialibus
3138 5406 3539 5471 inveniuntur.
3558 5406 3852 5474 Idvtortas-

2201 5479 2575 5558 si_s_indicant
2602 5478 2892 5558 illa,__licet
2947 5481 3115 5558 valde
3158 5483 3433 5558 implexa,
3460 5487 3549 5543 nil
3604 5488 3852 5545 relatura

2195 5553 2309 5608 nisi
2341 5553 2627 5624 proprium
2673 5552 2877 5626 utique
2904 5552 3326 5626 colledionefid
3371 5552 3482 5626 est,
3511 5557 3853 5617 collectione

2197 5638 2304 5709 seu
2341 5622 2584 5709 summa
2625 5622 2882 5709 generali
2924 5624 3189 5709 omnium
3219 5622 3556 5709 criminum.
3602 5629 3853 5709 Reliqua

2196 5693 2429 5758 lineolis
2455 5692 2685 5756 inclusa
2706 5692 3123 5778 interpretetur
3151 5698 3255 5778 qui
3282 5702 3497 5779 potest.
