4056 6388
181 397 300 464 405

1038 396 1516 496 EXCEBPTUM
1562 396 1664 462 EX
1705 396 2042 465 DlALOGO
2085 401 2729 468 CONFESSIONALI.

3465 391 3584 466 466

183 552 286 604 me,
315 539 368 593 et
395 549 490 608 ego
518 533 762 592 revertar
796 526 868 591 ad
909 548 1001 592 vos
1042 533 1255 608 (Malae.
1285 551 1368 604 III,
1398 534 1456 607 6)
1489 553 1503 592 :
1535 535 1678 603 Noli,
1726 533 1820 590 in-
1848 533 1906 603 Α
1936 535 2118 592 situm
2169 537 2552 611 professionis
2601 554 2742 597 meae
2799 552 3066 608 reversus
3118 534 3382 596 fuissem.
3413 535 3580 592 Nunc

187 625 328 700 quit,
368 625 607 682 occidere
650 640 767 692 nos,
797 625 1060 698 quoniam
1106 624 1368 680 habemus
1396 627 1680 682 thesauros
1711 625 1828 680 abs-

183 715 418 774 conditos
445 715 506 770 iu
536 730 690 784 agro,
721 722 772 770 et
791 728 905 769 non
931 714 1125 770 occidit
1149 730 1238 770 eos
1267 715 1399 787 (Jer.
1430 732 1543 782 XLI,
1571 714 1648 785 8).
1682 714 1828 770 The-

184 821 392 862 saurus
417 802 798 860 absconditus
826 801 886 858 in
921 818 1082 876 agro,
1104 820 1237 876 spes
1264 808 1353 860 est
1371 803 1431 859 in
1463 803 1821 876 pcenitentia.

181 895 395 953 Caetera
423 891 578 948 unde
605 892 762 948 istud
795 891 1022 965 sumpsi
1049 891 1298 964 require.

246 985 332 1039 16.
368 984 548 1052 Quare
575 986 638 1037 tu
656 997 906 1048 enarras,
937 979 1150 1052 inquit,
1172 983 1453 1054 justitiam
1471 981 1818 1054 meas?(Psal.

180 1089 323 1137 LXIX,
357 1071 474 1143 l6).
505 1071 625 1144 Ego
655 1074 878 1137 contra,
909 1069 960 1124 si
1007 1069 1122 1125 dici
1182 1070 1260 1126 sit
1291 1069 1658 1135 conveniens,
1691 1069 1773 1125 ita
1806 1087 1818 1126 :

181 1164 316 1231 Quia
341 1162 543 1218 melior
589 1167 666 1215 cst
716 1159 1094 1215 misericordia
1135 1164 1232 1216 tua
1272 1177 1437 1231 super
1477 1161 1639 1226 vitas,
1673 1160 1823 1214 labia

177 1267 292 1307 mea
319 1249 630 1306 laudabunt
655 1253 707 1304 te
735 1247 906 1320 (Psal.
942 1265 1077 1318 LXII,
1107 1248 1472 1321 4).Sequitur
1501 1249 1658 1304 enim
1688 1251 1823 1321 post

179 1339 542 1397 severitatem
565 1338 814 1410 justitize
846 1338 919 1392 de
946 1337 1160 1409 pietate
1191 1337 1508 1393 consolatio
1538 1337 1596 1392 in
1616 1338 1818 1393 eodem

177 1428 399 1502 psalmo
431 1425 696 1500 piissime
725 1425 1113 1499 promulgata:
1128 1427 1408 1499 Sacriﬁcio
1438 1427 1620 1481 laudis
1651 1427 1818 1482 hono-

174 1518 408 1589 riﬁcabit
436 1532 545 1584 me,
577 1520 628 1572 et
658 1515 778 1571 illic
816 1516 936 1584 iter,
970 1531 1074 1588 quo
1121 1515 1402 1572 ostendam
1443 1516 1534 1571 illi
1577 1515 1818 1572 sal-utare

177 1608 275 1664 Dei
303 1606 480 1679 (Psal.
505 1622 656 1673 XLIX,
675 1605 765 1675 23)
790 1622 804 1674 ;
837 1605 992 1677 quod
1014 1609 1209 1661 tamen
1242 1605 1594 1661 sacrificium
1624 1605 1814 1678 magis

175 1700 258 1753 est
280 1694 478 1770 operis
507 1711 686 1767 quam
714 1693 892 1761 vocis,
925 1697 984 1750 et
1013 1697 1208 1750 tamen
1237 1694 1412 1752 vocis.
1448 1694 1594 1750 Nam
1630 1698 1692 1749 ut
1718 1711 1814 1750 no-

171 1786 315 1842 veris
345 1800 532 1858 quare
550 1783 637 1838 vel
650 1783 743 1837 cui
760 1782 1070 1839 interdicat
1089 1783 1354 1855 justitias
1367 1798 1636 1839 enarrare
1649 1800 1809 1851 suas,

1936 625 2114 698 igitur
2144 628 2283 700 quid
2304 627 2333 684 ‘l
2359 629 2624 700 Videtur,
2654 630 2919 703 inquam,
2951 629 3120 698 mihi,
3153 628 3254 685 sed
3287 626 3454 700 quasi
3477 641 3580 698 per

1934 716 2204 772 tenebras
2227 717 2406 773 dubia
2433 717 2747 790 luce,quod
2777 719 2827 775 ei
2854 719 3076 791 possim
3107 734 3271 774 servo
3302 732 3580 788 congrue-

1935 819 2015 869 re,
2049 805 2148 877 qui
2179 805 2318 878 fuga
2354 804 2576 879 lapsus,
2609 806 2902 880 longoque
2948 813 3209 880 tempore
3257 824 3292 863 a
3337 805 3574 862 domino

1932 893 2294 962 absentatus,
2326 897 2562 952 tandem
2611 896 2925 969 aliquando
2975 895 3302 951 minitantis
3351 893 3573 950 domini

1932 986 2150 1038 terrore
2197 984 2557 1057 compulsus,
2591 1003 2663 1041 ne
2712 986 2928 1054 subito,
2959 985 3181 1043 scilicet
3219 984 3359 1040 dum
3391 982 3578 1040 nescit

1932 1072 2543 1144 comprehendatur,et
2567 1079 2670 1130 aut
2698 1074 2960 1147 patibulo
2992 1078 3093 1131 aut
3123 1072 3433 1146 suppliciis
3455 1076 3572 1128 tra-

1930 1159 2120 1226 datur,
2155 1162 2254 1234 qui
2283 1161 2482 1219 missis
2512 1161 2719 1236 legatis
2750 1167 2946 1236 sperat
2973 1163 3209 1236 aliquod
3245 1161 3570 1218 remedium

1928 1248 2184 1320 pietatis.
2207 1250 2316 1315 Qui
2347 1254 2514 1319 sunt;
2537 1250 2858 1322 inquis,tui
2891 1251 3157 1326 legati?Si
3190 1252 3330 1323 quid
3360 1250 3566 1316 enitor,

1927 1335 2190 1409 inquam.
2225 1338 2285 1394 Si
2315 1343 2512 1396 tamen
2558 1341 2806 1397 eniterer
2851 1341 2911 1396 in
2961 1341 3062 1396 Dei
3109 1339 3342 1397 servitio
3389 1340 3567 1406 forte;

1927 1429 1984 1482 et
2014 1427 2060 1482 si
2089 1444 2204 1483 non
2235 1426 2415 1496 aliud,
2443 1430 2799 1485 desiderium
2830 1430 3035 1486 saltem
3080 1430 3325 1502 loquens
3365 1429 3570 1500 utique

1927 1531 2058 1570 cum
2095 1515 2361 1586 Domino,
2385 1521 2441 1573 et
2470 1517 2696 1574 utinam
2728 1517 2925 1590 ipsum
2955 1517 3042 1574 vel
3074 1521 3432 1584 ceterorum,
3465 1513 3568 1587 qui

1927 1604 2000 1660 ad
2032 1605 2141 1662 hoc
2170 1609 2312 1662 sunt
2340 1606 2682 1681 suppliciter
2708 1606 3124 1674 invocandi;sic
3143 1605 3298 1662 enim
3319 1605 3569 1661 habetur

1927 1693 1984 1748 in
2013 1694 2240 1766 psalmo
2268 1712 2280 1751 :
2306 1697 2646 1753 Desiderium
2665 1713 2964 1769 pauperem
2992 1697 3277 1752 exaudivit
3305 1696 3566 1750 Dominus

1927 1782 2093 1854 (Psal.
2135 1802 2190 1855 X,
2242 1786 2352 1859 l7),
2392 1787 2564 1858 quasi
2608 1786 2869 1843 diceret:
2921 1785 3289 1842 Desiderium
3338 1782 3566 1856 fugitivi

173 1875 218 1932 si
247 1873 556 1948 sequentia
586 1889 702 1928 non
733 1871 1053 1939 sufficiunt,
1086 1873 1223 1928 audi
1253 1872 1408 1944 quod
1440 1872 1709 1944 superius
1725 1877 1815 1929 est
1839 1908 1888 1974 Β
1925 1872 2082 1929 novit
2111 1874 2328 1946 optime
2372 1875 2655 1932 Dominus
2703 1877 2851 1947 ejus.
2879 1875 3028 1932 Audi
3074 1874 3231 1931 enim
3281 1873 3450 1946 quasi
3495 1873 3566 1928 de

171 1962 544 2038 premissum
575 1977 590 2017 :
625 1962 854 2018 Immola
893 1962 1000 2018 Dec
1031 1963 1367 2033 sacriﬁcium
1415 1960 1596 2017 laudis
1625 1961 1808 2031 (Ibid.,

172 2055 274 2121 14).
298 2050 656 2109 Prohibeor‘l
686 2049 902 2122 inquis.
936 2049 1285 2117 Prohiberis,
1318 2051 1581 2122 inquam,
1614 2050 1810 2122 prohi-

168 2142 337 2210 beris,
371 2141 425 2198 si
461 2139 648 2196 facere
676 2139 833 2211 quod
875 2139 1145 2211 sequitur
1189 2138 1438 2212 negligis
1471 2157 1484 2195 :
1516 2143 1582 2196 Et
1627 2139 1807 2208 redde,

169 2229 740 2305 inquiens,Altissimo
769 2235 890 2284 vota
919 2235 1014 2284 tua
1039 2227 1247 2301 (Ibid.).
1281 2229 1430 2284 Vota
1458 2245 1613 2294 vero,
1644 2227 1807 2284 Chri-

167 2321 369 2389 stiane,
413 2335 545 2392 quae
574 2316 695 2375 sint
722 2320 842 2384 tua,
876 2316 926 2372 si
957 2317 1104 2372 forte
1131 2315 1808 2389 oblitus,requiris,quod

166 2411 221 2466 in
264 2409 564 2483 baptismo
593 2404 914 2479 promisisti
947 2409 1082 2474 Deo,
1116 2405 1475 2461 memineris.
1507 2405 1806 2474 Monache,

166 2499 213 2555 si
241 2514 446 2571 rogas;
479 2512 608 2569 quae
638 2498 770 2567 post
798 2493 975 2550 etiam
1005 2493 1619 2567 spopondisti,moneo
1649 2511 1807 2550 reco-

165 2587 267 2657 las,
293 2587 445 2644 illud
473 2583 818 2654 redde;dicit
847 2583 1084 2656 sponsio
1115 2582 1444 2639 Conditoris
1478 2600 1492 2638 :
1525 2584 1589 2639 Et
1618 2586 1810 2640 invoca

167 2679 314 2735 260
340 2691 431 2734 me
461 2678 524 2731 in
551 2675 641 2730 die
668 2673 1064 2740 tribulationis,
1095 2680 1147 2729 et
1176 2689 1366 2729 eruam
1395 2681 1465 2743 te,
1497 2681 1548 2729 et
1585 2677 1806 2744 magni-

165 2767 346 2839 ﬁcabis
372 2781 467 2821 me
494 2763 677 2833 (lbid.,
707 2762 824 2834 45).

231 2858 316 2912 17.
350 2856 556 2925 Quare,
607 2851 829 2924 inquis,
882 2852 1058 2906 tristis
1102 2867 1177 2920 es,
1224 2853 1416 2908 anima
1461 2856 1630 2908 mea?
1657 2853 1805 2909 Audi

163 2946 312 3002 unde
340 2941 664 3001 consoleris
696 2957 709 2996 :
756 2942 925 3013 Spera
971 2942 1030 2995 in
1071 2942 1222 2996 Deo?
1258 2942 1492 3006 Quare?
1539 2942 1808 3010 Quoniam

164 3035 332 3092 adhuc
359 3032 656 3104 conﬁtebor
681 3030 772 3085 illi
799 3029 969 3100 (Psal.
1002 3029 1415 3102 xm,5),adhuc
1443 3028 1590 3099 vivo,
1624 3031 1803 3104 spiro,

165 3129 219 3181 et
245 3123 500 3198 pedibus
530 3119 678 3177 meis
707 3135 802 3175 me
829 3117 1083 3191 propriis
1112 3126 1302 3192 porto,
1335 3119 1527 3176 adhuc
1565 3125 1655 3176 est
1680 3121 1805 3177 dies

165 3213 385 3281 salutis,
442 3209 636 3268 adhuc
683 3212 918 3280 tempus
966 3207 1321 3279 acceptabile
1364 3210 1435 3281 (II
1461 3209 1582 3264 Cor.
1615 3227 1690 3276 v1,
1723 3213 1801 3280 2).

1919 1963 2229 2034 cujusdam
2284 1963 2511 2020 itineris
2584 1964 3008 2037 praeparatione
3052 1982 3065 2020 :
3125 1964 3565 2035 Praeparationes

1917 2052 2094 2107 cordis
2123 2068 2311 2108 eorum
2357 2053 2572 2110 audivit
2599 2055 2754 2110 auris
2793 2058 2888 2110 tua
2919 2053 3122 2127 (Ibid)
3156 2053 3360 2109 Nonne
3405 2051 3563 2107 enim

1916 2141 2022 2196 tibi
2051 2141 2279 2198 videtur
2314 2143 2581 2214 quaedam
2609 2141 2820 2214 legatio
2842 2159 2971 2199 esse
3002 2141 3227 2215 fugitivi
3273 2143 3344 2196 ab
3373 2140 3562 2196 alieno

1917 2230 2163 2288 Domino
2192 2231 2840 2299 evadendi,medullitus
2853 2231 3198 2288 clamantem
3211 2231 3352 2286 dum
3367 2229 3559 2285 audis:

1917 2321 2080 2392 Eripe
2125 2337 2210 2376 me
2256 2320 2323 2377 de
2366 2337 2540 2377 manu
2583 2321 2916 2393 peccatoris?
2947 2321 3115 2394 (Psal.
3167 2337 3292 2388 LXX,
3339 2319 3414 2389 4).
3445 2319 3558 2374 Iste

1917 2409 2076 2464 enim
2105 2409 2229 2464 vult
2253 2409 2511 2476 evadere,
2543 2411 2646 2465 sed
2691 2426 2806 2464 non
2850 2409 3020 2477 valet,
3054 2408 3168 2464 nisi
3218 2425 3252 2463 a
3297 2407 3558 2480 legitimo

1915 2498 2162 2555 Domino
2188 2498 2514 2570 adjuvetur,
2548 2499 2665 2554 imo
2695 2499 2890 2571 potius
2920 2497 3560 2571 eripiatur.Prseparare

1917 2587 2096 2643 etiam
2127 2588 2326 2660 fugam
2358 2604 2551 2644 nonne
2599 2591 2790 2661 potest
2816 2587 2997 2643 videri
3048 2588 3119 2655 is,
3149 2587 3250 2660 qui
3299 2585 3513 2642 clamat
3545 2601 3558 2640 :

1914 2678 2184 2732 Paratum
2212 2693 2305 2733 cor
2331 2694 2534 2741 meum,
2567 2679 2728 2744 Deus,
2754 2685 3018 2749 paratum
3046 2693 3138 2733 cor
3175 2692 3359 2732 meum
3390 2676 3560 2748 (Psal.

1918 2783 2026 2834 LVI,
2059 2766 2136 2838 8),
2169 2767 2219 2821 si
2267 2770 2464 2822 tamen
2513 2767 2797 2823 veraciter
2844 2765 3100 2822 clamat?
3132 2765 3192 2822 Si
3240 2766 3396 2822 enim
3446 2781 3563 2820 non

1916 2853 2206 2927 ﬂagitium
2250 2854 2545 2926 duplicat;
2575 2856 2677 2911 sed
2723 2855 2876 2911 sicut
2926 2854 3234 2928 fugitin
3269 2854 3456 2910 redire
3489 2853 3560 2909 ad

1915 2943 2225 2999 dominum
2257 2943 2504 3016 quilibet
2517 2948 2801 3016 tyrannus
2815 2943 3116 3014 etiniquus
3133 2960 3437 3015 possessor
3450 2943 3557 2998 im-

1914 3031 2092 3105 pedit,
2126 3036 2203 3098 et,
2237 3049 2308 3088 ne
2337 3032 2616 3088 evadendi
2649 3032 2921 3089 facultate
2951 3032 3224 3104 potiatur,
3245 3033 3392 3089 261
3428 3031 3561 3087 illa-

1914 3120 2199 3193 queat;sic
2228 3123 2284 3176 et
2311 3120 2601 3198 diabolus,
2626 3125 2691 3176 ut
2716 3122 2889 3177 modo
2919 3121 3094 3177 etiam
3127 3121 3304 3189 sensi,
3333 3120 3560 3176 diversa

1915 3210 2128 3284 ingerit
2156 3209 2594 3282 impedimenta,
2629 3214 2694 3265 ut
2723 3214 2823 3265 aut
2853 3210 3019 3277 nolit,
3048 3215 3149 3265 aut
3178 3213 3562 3282 nequeat,aut

165 3280 420 3374 Itemque
457 3317 470 3357 :
503 3297 877 3356 Lenocinaris
905 3296 1156 3352 nimium
1195 3297 1325 3365 tibi,
1360 3297 1556 3370 inquis
1588 3314 1602 3353 :
1638 3299 1805 3371 (Non)
1836 3280 1879 3348 Ο
1917 3280 2204 3371 desperet,
2238 3280 2539 3355 autetiam
2567 3299 2984 3355 verecundelur
3013 3299 3221 3366 redire,
3255 3280 3356 3354 aut
3383 3303 3560 3368 certo,

164 3389 501 3466 ignoremus
550 3388 721 3462 (534),
755 3386 906 3443 sicut
948 3386 1029 3442 ait
1072 3385 1480 3459 Hieronymus,
1523 3387 1805 3459 poeniten-

165 3480 319 3550 tiam,
353 3495 467 3537 nec
495 3477 665 3534 facile
691 3491 998 3550 peccemus
1025 3492 1040 3543 ;
1072 3492 1147 3530 ne
1176 3491 1502 3548 peccemus,
1541 3475 1804 3548 inquam.

165 3569 303 3634 Quid
335 3567 596 3641 amplius
626 3565 987 3639 peccandum
1007 3563 1036 3618 ‘l
1065 3563 1474 3636 superabunde
1505 3569 1807 3636 peccatum

165 3663 264 3716 est.
294 3655 526 3715 Tabula
554 3659 645 3712 est
688 3653 801 3710 ista
846 3657 978 3726 post
1025 3653 1421 3726 naufragium,
1459 3670 1575 3709 non
1623 3653 1810 3710 solida

164 3749 338 3805 navis.
372 3748 439 3805 Si
471 3745 818 3804 desinamus
844 3757 1178 3816 peceare,ea
1206 3743 1409 3814 utique
1439 3743 1641 3799 referri
1662 3744 1810 3800 vale-

165 3853 288 3894 mus
312 3838 385 3894 ad
417 3833 649 3902 salutis,
681 3833 836 3890 unde
866 3848 970 3905 per
993 3831 1283 3888 incuriam
1315 3831 1810 3905 defleximus,por-

162 3928 300 3982 tum.
339 3925 455 3982 Sed
507 3928 575 3980 ut
621 3921 843 3994 aliquid
895 3936 1250 3994 praesumere
1296 3921 1568 3988 audeam,
1600 3923 1810 3978 docent

163 4016 369 4090 quippe
396 4031 508 4072 nos
537 4018 770 4069 terrena
784 4026 934 4083 saepe
964 4009 1106 4082 quid
1134 4010 1452 4066 debeamus
1481 4027 1716 4083 sperare
1738 4012 1810 4068 de

164 4101 509 4161 coelestibus.
540 4101 854 4159 Invisibilia
882 4098 1039 4155 enim
1069 4100 1206 4170 ejus,
1243 4103 1308 4154 ut
1356 4098 1438 4155 ait
1475 4099 1806 4172 Apostolus,

161 4211 252 4267 per
267 4212 330 4251 ea
354 4209 484 4268 quae
511 4195 659 4264 facta
677 4197 806 4246 sunt
829 4189 1241 4258 intelliguntur
1270 4188 1442 4261 (Rom.
1477 4207 1515 4257 I,
1549 4191 1661 4258 20).
1698 4191 1809 4246 Fu-

168 4282 375 4355 gitivus
405 4283 456 4339 si
489 4279 952 4354 comprehensus
999 4294 1034 4332 a
1081 4277 1317 4334 dumino
1367 4277 1542 4334 fuerit
1590 4279 1811 4352 absque

169 4389 272 4428 sua
306 4371 628 4436 voluntate,
663 4368 803 4442 quid
852 4370 1042 4440 potest
1070 4366 1352 4439 sperare?
1389 4367 1513 4422 Non
1565 4367 1810 4424 dubium

170 4461 304 4533 quin
336 4459 628 4534 supplicia
675 4457 873 4514 debita
917 4456 1127 4512 debeat
1170 4456 1545 4526 respondere.
1597 4456 1655 4512 Si
1703 4469 1813 4513 sua

171 4554 368 4622 sponte
407 4547 745 4614 revertitur,
796 4543 987 4616 quid?
1036 4543 1498 4599 misericordiam
1567 4545 1808 4617 utique;

1917 3388 2072 3460 quod
2121 3386 2304 3442 multo
2354 3390 2443 3442 est
2489 3386 2745 3458 gravius,
2793 3389 2915 3442 tam
2963 3384 3375 3442 exsecrabilem
3425 3401 3561 3441 eum

1917 3476 2151 3550 proprio
2183 3476 2356 3532 faciat
2382 3475 2650 3544 Domino,
2682 3479 2748 3531 ut
2778 3475 2965 3549 magis
2994 3476 3173 3549 eligat
3200 3491 3335 3531 eum
3369 3475 3562 3531 subito

1918 3583 2120 3639 rapere
2149 3571 2204 3622 et
2234 3565 2586 3638 perennibus
2618 3565 2922 3638 suppliciis
2950 3566 3198 3633 tradere,
3233 3581 3412 3637 quam
3443 3582 3560 3621 suae

1917 3656 2116 3729 gratia;
2166 3671 2269 3728 per
2319 3654 2720 3727 poznitentiam
2780 3653 3160 3711 reconciliari.
3211 3654 3371 3718 Quod
3423 3657 3563 3709 tunc

1918 3744 2170 3800 maxime
2202 3744 2584 3811 obtinet,cum
2616 3759 2719 3815 per
2743 3743 3078 3816 superbiam
3110 3745 3182 3800 de
3207 3745 3410 3800 eadem
3430 3732 3562 3800 cum

1916 3833 2202 3907 legatione
2234 3849 2495 3906 precum,
2519 3832 2790 3888 desiderii
2819 3837 2920 3888 aut
2951 3833 3200 3904 alicujus
3233 3837 3335 3889 aut
3366 3834 3563 3907 magni

1918 3927 2021 3980 aut
2051 3923 2210 3995 parvi
2239 3921 2611 3978 securitatem
2643 3920 2694 3976 ei
2715 3921 3002 3989 immittit,
3035 3927 3138 3977 aut
3167 3922 3562 3978 extollentiam

1917 4012 2075 4080 boni,
2111 4015 2212 4067 aut
2242 4015 2395 4067 certe
2429 4011 2649 4082 absque
2681 4009 2878 4082 aliqua
2922 4012 3230 4067 securitate
3272 4015 3564 4082 torporem

1917 4101 2004 4158 vel
2054 4101 2370 4174 ignaviam.
2421 4101 2567 4154 Nam
2617 4103 2755 4154 sunt
2804 4098 3090 4165 nonnulli,
3124 4098 3313 4169 qualis
3358 4103 3413 4154 et
3458 4115 3563 4171 ego

1919 4191 2111 4247 adhuc
2162 4207 2316 4256 sum,
2349 4188 2450 4260 qui
2498 4189 2752 4260 quadam
2798 4187 3049 4259 segnitia
3097 4187 3350 4254 remissi,
3382 4187 3464 4242 ita
3503 4204 3565 4244 se

1920 4285 2073 4336 totos
2098 4279 2282 4334 libero
2313 4276 2594 4349 neglecto,
2628 4277 2784 4348 quod
2819 4277 2966 4332 Deus
3010 4276 3213 4348 utique
3263 4281 3319 4332 et
3366 4275 3564 4349 exigit,

1920 4369 2161 4425 arbitrio
2191 4365 2582 4439 negligunt,et
2613 4365 2780 4436 quasi
2815 4365 2914 4420 Dei
2944 4365 3144 4437 pietati
3167 4365 3565 4436 committunt,

1921 4463 1986 4514 ut
2015 4457 2231 4530 eligant
2262 4455 2539 4510 otiositati
2572 4455 2736 4510 frena
2763 4454 3040 4521 1axare,et
3059 4455 3360 4511 oscitando
3390 4454 3566 4512 etiam

1922 4548 1980 4602 in
2015 4545 2276 4613 ecclesia,
2310 4548 2367 4600 et
2395 4542 2842 4600 somniculando
2894 4547 3070 4610 stare,
3110 4543 3568 4617 circumquaque

172 4638 422 4712 alioquin
453 4636 660 4696 vitium
691 4630 1221 4699 crudelitatis,dum
1252 4631 1574 4705 nonipsum
1593 4633 1814 4707 fugisse
1844 4653 1891 4720 Β
1922 4636 2248 4692 discurrere
2282 4651 2396 4689 non
2430 4634 2602 4688 modo
2635 4649 2894 4705 corpore,
2927 4633 3029 4690 sed
3061 4637 3118 4689 et
3145 4635 3568 4704 mente;sedere

172 4727 480 4785 Dominum
534 4724 746 4800 poterit
791 4720 1126 4794 conjectari.
1174 4721 1573 4778 Misericordia
1617 4727 1813 4780 tamen

173 4816 278 4874 ista
299 4818 464 4889 juste
491 4833 557 4873 ac
589 4814 835 4870 ﬁrmiter
863 4813 1192 4876 roboratur,
1216 4809 1265 4865 si
1295 4810 1608 4868 securitate
1626 4829 1814 4869 rever-

175 4907 348 4964 sionis
379 4911 439 4964 et
467 4905 647 4962 venias
679 4920 795 4960 non
825 4900 1069 4974 incipiat
1088 4899 1565 4972 superbire,auta
1580 4901 1815 4958 servitio

177 4995 526 5070 torpere;sed
551 5009 786 5066 semper
815 4989 1141 5064 recogitans
1173 4989 1322 5060 fugae
1354 4988 1662 5061 flagitium,
1682 5007 1816 5046 cum

178 5085 426 5143 maxima
453 5081 789 5142 humilitate
820 5080 1054 5137 studeat
1099 5077 1224 5134 dies
1273 5081 1587 5151 noctesque
1630 5081 1816 5135 conti-

181 5179 449 5245 nuare,ut
475 5178 534 5231 et
560 5170 893 5246 neglectum
922 5168 982 5223 in
1003 5168 1141 5240 fuga
1165 5181 1611 5239 recompensare
1634 5169 1818 5240 possit
1871 5219 1875 5222 .

183 5265 496 5333 servitium,
529 5267 586 5320 et
614 5262 825 5318 addere
857 5257 1076 5331 aliquid
1112 5257 1266 5312 unde
1288 5257 1463 5327 justas
1495 5257 1821 5314 retributio-

184 5353 270 5410 nis
294 5353 542 5426 accipiat
561 5350 858 5408 meritum.

249 5444 334 5499 48.
368 5443 544 5499 Putas
573 5438 843 5513 te,ais,ad
877 5439 1058 5493 istum
1088 5435 1237 5492 servi
1269 5435 1441 5490 istius
1469 5435 1660 5491 adhuc
1690 5453 1818 5507 per-

183 5534 403 5590 venisse
433 5529 722 5605 gradum‘l
751 5529 1044 5596 Putarem,
1074 5525 1338 5597 inquam,
1393 5525 1443 5579 si
1489 5524 1560 5579 ad
1611 5543 1818 5599 propo-

1923 4725 2013 4782 vel
2039 4726 2438 4797 jacere,quam
2470 4722 2555 4778 vel
2586 4721 2785 4794 aliquo
2818 4723 2968 4779 bono
2998 4739 3191 4795 opere,
3209 4723 3298 4781 vel
3327 4723 3570 4780 lectione

1925 4819 2023 4872 aut
2056 4814 2335 4881 oratione,
2372 4811 2462 4868 vel
2501 4816 2655 4868 certe
2703 4812 2840 4868 boni
2893 4812 3142 4885 aiicujus
3195 4813 3571 4870 meditatione

1925 4904 2180 4978 legatum
2215 4902 2470 4975 aliquem
2502 4901 2602 4958 Dei
2635 4901 2837 4974 pietati
2868 4901 3208 4976 dirigere,ut
3224 4903 3574 4975 quandoque

1927 5012 1959 5051 a
1991 4993 2204 5050 diaboli
2237 4991 2463 5064 laqueis
2496 4991 2724 5063 plenius
2755 5009 2854 5048 eos
2886 4992 3158 5065 dignetur
3187 5008 3408 5047 eruere.

1999 5085 2085 5138 19.
2120 5085 2252 5138 Item
2279 5089 2398 5153 post
2442 5079 2714 5154 quadam.
2743 5081 2859 5137 Hoc
2890 5097 3029 5136 sane
3061 5079 3202 5134 mihi
3233 5079 3480 5146 videtur,
3509 5083 3572 5134 tu

1928 5171 2078 5229 senti
2113 5171 2267 5243 quod
2299 5169 2523 5242 placet;
2561 5169 2698 5242 quia
2742 5169 2895 5225 sicut
2943 5185 3113 5224 nemo
3165 5184 3226 5224 se
3275 5167 3426 5224 valet
3473 5186 3575 5240 per

1929 5278 1991 5317 se
2018 5261 2089 5317 ad
2119 5259 2374 5332 aliquem
2408 5260 2656 5333 gradum
2687 5257 2950 5313 Ecclesiae
2975 5272 3341 5328 promovere;
3369 5257 3451 5314 ita
3472 5275 3574 5314 ne-

1930 5366 2025 5405 mo
2055 5365 2118 5405 se
2148 5353 2359 5421 potest,
2384 5347 2614 5404 etiamsi
2662 5345 2819 5414 velit,
2852 5345 3090 5400 omnino
3115 5345 3404 5418 deponere
3432 5348 3572 5420 (Vid.

1932 5435 2584 5513 Conjecturam,num.6),
2606 5434 2810 5507 quovis
2839 5433 3147 5491 institutus
3176 5435 3254 5492 sit
3279 5435 3368 5493 vel
3401 5437 3577 5494 etiam

1927 5527 2206 5585 victitarit
2237 5527 2408 5581 modo
2439 5523 2524 5580 vel
2557 5525 2781 5579 ordine.
2816 5521 3060 5580 Videtur
3089 5525 3245 5597 quod
3276 5526 3451 5584 etiam
3483 5547 3576 5584 ca-

254 5711 397 5786 (5ε4)
428 5709 779 5770 Particulam
806 5726 919 5767 non
946 5709 1252 5766 contextus
1290 5705 1590 5762 sententiae
1621 5709 2018 5768 necessariam
2049 5704 2470 5782 supplevimus.
