4056 6376
475 376 596 441 415

1347 415 1357 428 .
1394 371 1768 438 RATHERII
1809 371 2053 438 EPISC.
2087 369 2387 437 'VBRON.
2435 370 2610 437 OPP.
2655 371 2854 438 PARS
2895 369 2946 438 Ῑ.

3766 371 3890 434 416

476 482 740 586 quidquid
769 510 831 566 in
857 507 1047 567 ovibus
1067 507 1474 582 paterfamilias
1501 509 1762 564 utilitatis
1804 509 1992 563 minus
2017 523 2118 580 po-
2147 509 2201 576 Α
2231 523 2347 574 ma,
2381 507 2660 580 spelunca
2689 507 2983 564 latronum
3015 503 3407 580 nequissimal
3436 505 3534 564 Ha
3565 518 3658 572 ne,
3691 502 3784 562 has
3815 520 3890 561 ne

476 603 641 658 tuerit
672 602 938 657 invenire.
972 603 1046 656 At
1093 600 1236 672 (551)
1280 598 1732 666 verecundabar,
1783 598 2120 669 respondes,

475 708 580 764 pro
611 689 930 746 reverentia
953 689 1285 746 senectutis.
1317 688 1596 754 Mentiris,
1642 691 1796 742 certe
1835 686 2121 752 mentiris,

473 784 532 837 et
563 781 816 852 teipsum
835 779 1077 850 decipis;
1102 795 1214 833 non
1231 777 1388 832 enim
1407 780 1785 841 senectutem,
1809 777 1910 831 sed
1933 775 2122 847 magis

474 869 812 942 superbiam
843 866 901 922 in
933 867 1030 921 illo
1061 865 1452 934 veneraberis;
1471 866 1620 937 quod
1643 870 1765 921 erat
1785 867 1986 935 utique
2005 864 2122 936 pla-

475 962 675 1014 centas
705 956 914 1028 regina
943 954 1068 1010 coeli
1100 953 1424 1023 1ibare(Jer.
1457 972 1556 1021 vn,
1578 955 1684 1024 18),
1718 952 2036 1019 diabdum,
2057 957 2123 1008 ut

476 1047 600 1119 ipse
631 1045 684 1102 ei
713 1043 1061 1118 persuadere
1093 1044 1390 1100 nitebatur
1418 1061 1671 1116 quoque,
1705 1043 1797 1098 cui
1822 1043 2119 1097 ministra-

472 1135 617 1190 bant
637 1132 846 1206 angeli,
890 1133 1149 1188 adorare.
1184 1131 1239 1186 Si
1298 1137 1495 1187 autem
1547 1131 1606 1187 in
1637 1131 1749 1188 isto
1797 1131 2118 1198 diabolum,

472 1238 648 1294 quem
675 1221 1013 1294 superbiam
1048 1221 1198 1286 dico,
1230 1225 1395 1276 tanta
1421 1221 1792 1276 veneratione
1838 1221 2116 1289 habebas,

470 1316 535 1368 ut
563 1312 718 1383 quod
755 1312 904 1366 Deus
933 1310 1206 1382 praecepit
1237 1324 1392 1383 (cum
1420 1310 1523 1364 tibi
1543 1327 1648 1365 nec
1672 1326 1807 1365 eum
1839 1311 1898 1380 [l.
1919 1325 2116 1376 suum,

467 1418 565 1457 seu
594 1399 764 1470 illud]
790 1398 997 1454 vitium
1031 1399 1245 1454 referre
1277 1399 1540 1466 auderet)
1565 1399 1754 1458 dicere
1780 1397 1862 1452 illi
1886 1415 1999 1453 non
2022 1415 2121 1453 au-

469 1491 658 1558 deres;
692 1489 836 1560 quid
871 1488 1089 1542 faceres
1121 1485 1170 1543 si
1203 1491 1335 1542 ante
1361 1485 1787 1542 Diocletianum
1813 1486 2120 1542 stetisses?

470 1579 825 1634 Audierasne
866 1593 1159 1648 unquam:
1221 1577 1332 1644 Qui
1370 1591 1459 1630 me
1510 1577 1808 1644 erubuerit,
1863 1584 1913 1632 et
1967 1591 2116 1631 meos

467 1681 781 1725 sermones;
809 1671 862 1719 et
889 1665 1034 1718 hunc
1073 1665 1246 1718 Filius
1272 1665 1517 1719 hominis
1544 1665 1836 1730 erubescet,
1876 1681 1999 1720 cum
2030 1680 2114 1720 ve-

466 1756 616 1810 nerit
647 1756 707 1808 in
735 1754 914 1825 gloria
942 1754 1144 1821 Patris,
1163 1760 1214 1808 et
1225 1758 1750 1824 suasum-torumque
1769 1755 2118 1823 angelorum?

469 1844 623 1915 (Luc.
657 1860 730 1907 ix,
769 1842 886 1914 26.)
943 1841 1278 1907 Considera,
1338 1859 1558 1914 quasso,
1610 1842 1898 1914 ignaviam
1944 1842 2031 1898 tui
2061 1845 2118 1898 et

465 1929 864 1988 timiditatem.
897 1934 960 1986 ln
991 1933 1222 1985 tantum
1247 1929 1404 1984 enim
1435 1935 1491 1986 te
1513 1946 1784 1986 noveram
1801 1931 2109 1986 elationem

466 2021 598 2091 ejus
627 2021 979 2077 detestatum
1013 2018 1228 2090 saepius
1287 2019 1490 2088 fuisse,
1525 2025 1590 2075 ut
1639 2037 1784 2092 pene
1833 2021 2007 2076 fuerit
2037 2021 2108 2074 ad

467 2107 668 2164 odium
694 2124 883 2179 usque
914 2108 1100 2180 ipsius
1130 2107 1377 2164 venisse.
1411 2110 1480 2164 Et
1505 2125 1639 2164 cum
1671 2110 1752 2165 ita
1776 2109 1970 2177 fuerit,
2003 2110 2112 2164 for-

465 2196 919 2256 midolositatem
951 2201 1009 2253 et
1037 2196 1189 2253 circa
1219 2196 1564 2257 charita’tem
1595 2200 1680 2253 tui
1713 2198 1902 2254 cordis
1952 2203 2110 2270 tepo-

465 2303 590 2343 rem
619 2285 966 2358 deplangere
998 2289 1050 2341 te
1079 2285 1238 2340 omni
1270 2293 1552 2358 tempore,
1586 2287 1743 2342 aliud
1775 2285 1823 2341 si
1861 2271 2112 2352 deesset,

465 2374 700 2448 penitus
727 2374 1014 2430 convenit.
1046 2374 1283 2447 Negasti
1302 2375 1518 2447 quippe
1538 2375 1900 2443 Deum,dum
1925 2375 2113 2447 illipe—

465 2463 722 2537 pereisti,
753 2463 1002 2536 negasti.

466 2556 600 2610 Item
627 2553 956 2680 apostrtha
1000 2553 1238 2624 ejusdem
1283 2553 1354 2608 ad
1382 2553 1670 2624 quemdam
1726 2555 1955 2610 alterius
2010 2555 2114 2610 loci

872 2624 1047 2679 batem
1075 2626 1224 2693 (552)
1255 2627 1413 2693 quasi
1441 2626 1780 2693 religiosum.

904 2639 1047 2679 atem
1075 2639 1224 2693 (eos)
1255 2641 1412 2694 quasi
1441 2639 1780 2696 religiosum.

539 2713 583 2769 Ο
614 2711 959 2777 imitatores,
991 2711 1073 2768 ait
1102 2713 1202 2767 sed
1236 2712 1498 2784 quidam,
1548 2731 1780 2772 servum
1831 2731 2008 2787 pecus
2036 2715 2048 2770 l
2081 2733 2114 2772 0

467 2806 558 2858 est
587 2802 646 2856 in
680 2800 902 2876 angelis
931 2801 1368 2873 pravitas,proh
1383 2803 1590 2874 pudor,
1607 2802 1851 2875 reperta!
1870 2805 2111 2873 (Job.iv,

467 2890 584 2959 48.)
615 2891 762 2958 Quid
797 2906 977 2962 nepos
1034 2889 1268 2962 agebas,
1315 2907 1451 2948 cum
1512 2891 1866 2949 avunculum
1919 2893 2114 2949 nescio

469 2981 644 3047 unde,
672 2979 760 3035 vel
794 2978 1026 3036 dulcius
1059 2978 1254 3035 Italico
1284 2979 1506 3036 scilicet
1531 2981 1773 3038 barbam
1815 2983 1986 3054 (553),
2036 2983 2117 3039 ita

467 3068 724 3126 insanire
748 3067 1021 3124 videbas?
1052 3068 1154 3125 Ubi
1179 3073 1319 3133 erat,
1355 3071 1462 3138 Qui
1503 3071 1677 3136 audit,
1737 3072 1909 3128 dicat:
1952 3074 2118 3128 Veni?

464 3159 647 3232 (Apoc.
677 3175 814 3224 χχιι,
851 3156 966 3228 17,)
995 3156 1101 3213 Ubi
1132 3157 1362 3227 saltem,
1381 3160 1587 3228 Diliges
1611 3163 1930 3233 proximum
1957 3165 2117 3217 tuum

2233 601 2399 653 erant
2425 597 2636 653 itiones
2664 602 2721 656 et
2748 597 3060 654 reditiones
3083 597 3452 656 creberrime
3494 597 3643 668 (555)
3679 596 3890 652 Lemni

2233 687 2294 758 [ι.
2332 685 2673 760 Lemnum]?

2299 776 2388 830 25.
2424 776 2736 846 Perpende,
2771 791 2928 849 rogo,
2965 776 3278 849 perpende,
3333 775 3434 847 qui
3485 776 3777 831 festucam
3811 775 3888 830 de

2229 866 2394 919 trabe
2423 865 2731 920 conabaris
2762 865 2887 920 heri
2919 864 3147 936 ejicere,
3171 869 3229 920 et
3275 865 3643 938 negationem
3696 864 3801 920 Dei
3833 867 3893 920 et

2229 953 2626 1008 adorationem
2645 953 2858 1008 diaboli
2874 953 3018 1009 nulli
3037 953 3292 1026 amplius
3309 970 3632 1025 praesumus
3649 969 3889 1026 sequare

2231 1059 2436 1098 moneo
2469 1042 2963 1098 crimini.Nullius
2981 1042 3196 1115 quippe
3209 1042 3441 1109 horum,
3459 1059 3586 1114 qua:
3609 1041 3892 1114 superius

2231 1130 2370 1203 (Vill.
2403 1148 2572 1203 supra
2600 1149 2659 1186 n.
2691 1133 2747 1203 2]
2780 1131 3117 1187 confessum
3162 1147 3256 1187 me
3295 1132 3478 1187 fuisse
3526 1131 3879 1199 recordaris,

2227 1219 2677 1275 homicidiorum
2691 1220 2914 1291 utique,
2932 1219 3421 1286 exoculationum,
3436 1219 3893 1276 exmembratio-

2228 1325 2391 1378 num,
2426 1309 2852 1376 incendiorum,
2889 1310 3242 1382 praedarum,
3295 1314 3712 1365 caatererumve
3762 1308 3893 1382 plu-

2228 1397 2401 1464 rium,
2438 1413 2529 1452 me
2560 1398 2788 1454 noveris
2811 1397 2999 1471 magis
3031 1415 3194 1454 reum
3221 1415 3399 1469 quam
3431 1397 3626 1466 istius;
3650 1398 3701 1454 si
3747 1398 3886 1470 qui-

2227 1486 2360 1541 dem
2391 1485 2535 1541 nihil
2559 1485 2768 1541 horum
2801 1487 2931 1556 feci,
2964 1486 3252 1558 autjussi,
3283 1485 3392 1551 vel,
3419 1486 3676 1557 utﬁeret,
3698 1487 3885 1553 volui,

2227 1576 2328 1631 sed
2362 1575 2476 1631 tale
2506 1576 2670 1647 quid,
2699 1593 2764 1631 ex
2797 1577 2966 1647 cujus
3000 1575 3304 1631 occasione
3334 1575 3448 1631 ista
3473 1579 3612 1631 sunt
3628 1579 3887 1648 patrata,

2229 1664 2497 1718 commisi
2525 1681 2538 1718 :
2574 1663 2707 1718 istic
2737 1668 2933 1720 autem
2967 1664 3100 1736 plus
3132 1664 3352 1736 aliquid
3384 1664 3651 1734 habetur;
3687 1664 3889 1737 siqui-

2226 1752 2358 1808 dem
2384 1752 2536 1821 licet,
2576 1757 2640 1807 ut
2673 1753 2854 1820 ﬁeret,
2875 1754 3450 1826 nequepraeeeperim
3481 1770 3673 1827 neque
3689 1754 3888 1810 volue-

2227 1841 2339 1896 rim
2370 1841 2503 1897 dedi
2535 1846 2732 1897 tamen
2765 1858 2894 1897 mea
2935 1841 3110 1914 culpa
3165 1842 3379 1910 locum,
3413 1847 3479 1899 ut
3527 1843 3711 1911 ﬁeret,
3765 1859 3889 1900 non

2224 1929 2606 2002 prohibendo,
2641 1931 2797 2002 quod
2829 1929 3038 1986 saltem
3072 1930 3252 2003 quivi,
3285 1947 3360 1987 ne
3388 1932 3570 1987 ﬁeret.
3619 1931 3892 1987 Gaudere

2221 2023 2451 2075 tantum
2485 2036 2576 2075 me
2608 2018 2858 2086 noveris,
2891 2021 3045 2092 quod
3077 2020 3299 2092 absque
3346 2019 3459 2076 mei
3509 2023 3598 2076 est
3647 2018 3892 2075 licentia

2221 2108 2468 2177 factum,
2493 2108 2789 2180 siquidem
2810 2107 3038 2164 videtur
3053 2125 3182 2165 esse
3204 2108 3436 2182 aliquod
3464 2108 3887 2165 levamentum.

2222 2198 2430 2253 Delicta
2460 2199 2582 2269 quis
2608 2198 2912 2267 intelligit?
2941 2196 3022 2252 ait
3043 2197 3374 2264 Psalmista,
3390 2197 3762 2254 subinferens
3779 2213 3886 2254 ne-

2219 2287 2471 2342 cessario
2496 2302 2508 2342 :
2542 2287 2618 2341 Ab
2648 2287 2844 2342 ocultis
2872 2289 3009 2342 meis
3036 2287 3246 2342 munda
3290 2303 3394 2356 me,
3426 2288 3674 2351 Domine,
3724 2294 3779 2343 et
3806 2287 3878 2342 ab

2219 2374 2424 2428 alienis
2449 2389 2616 2444 parce
2641 2389 2795 2430 servo
2823 2381 2914 2429 tuo
2930 2390 2951 2434 :
2982 2374 3464 2446 subjungensque
3489 2392 3502 2430 :
3535 2373 3597 2430 Si
3621 2377 3738 2430 mei
3760 2391 3883 2430 non.

2219 2463 2433 2533 fuerint
2459 2462 2747 2529 deminuti,
2785 2462 2993 2535 inquit,
3025 2463 3230 2535 utique
3259 2461 3451 2519 aliena
3476 2466 3732 2535 peccata,
3751 2470 3886 2518 tunc

2220 2551 2609 2606 inmaculatus
2661 2568 2773 2617 ero,
2804 2557 2856 2607 et
2911 2551 3248 2608 emundabor
3296 2569 3331 2607 α
3379 2551 3576 2608 delicto
3629 2553 3884 2608 Μακέτηο

2222 2640 2391 2708 (Psal.
2425 2655 2584 2707 xvm,
2618 2639 2706 2709 43,
2733 2641 2846 2712 14),
2877 2640 3724 2713 maximo,inquam,maximo.
3749 2641 3881 2697 Non

2223 2729 2377 2785 enim
2402 2745 2518 2784 non
2533 2729 2638 2784 tibi
2654 2729 2883 2784 videtur
2909 2730 3252 2798 maximum,
3272 2729 3370 2802 qui
3399 2729 3604 2802 viginti
3622 2730 3882 2786 duarum

2219 2817 2505 2874 librarum
2537 2835 2644 2874 suo
2675 2817 2894 2890 flagitio
2922 2823 3011 2874 est
3049 2818 3293 2885 debitor,
3341 2817 3580 2875 alterius
3627 2818 3880 2874 crimine

2223 2906 2518 2979 octoginta
2548 2908 2693 2980 (556)
2743 2907 2802 2962 in
2834 2906 3296 2962 cumulationem
3353 2907 3537 2964 debiti
3595 2907 3708 2963 sibi
3733 2907 3880 2978 jun-

2223 2994 2416 3052 xisse?
2448 2997 2515 3051 Et
2543 3013 2575 3050 0
2608 2996 2824 3052 misera
2855 2996 3220 3068 principandi
3253 2995 3526 3052 conditio!
3562 2996 3722 3061 Quis,
3762 2996 3881 3052 nisi

2225 3084 2315 3141 sui
2346 3101 2606 3154 securus,
2635 3084 2976 3156 hujusmodi
3009 3102 3124 3142 non
3139 3087 3273 3157 jure
3304 3085 3491 3158 fugiat
3519 3085 3885 3158 periculum?

2221 3173 2381 3230 A'lter
2407 3178 2608 3246 peccat
2637 3179 2693 3230 te
2723 3174 3037 3243 nesciente,
3057 3178 3115 3230 et
3142 3179 3206 3230 tu
3231 3191 3432 3248 pmnas
3449 3173 3606 3231 luere
3627 3174 3879 3248 cogeris.

464 3250 605 3305 sicut
635 3249 872 3320 teipsum
891 3246 1158 3337 ?_(ll!atth.
1192 3247 1438 3315 x1x.49,)
1467 3250 1553 3304 Tu
1569 3251 1907 3307 transitoria
1920 3251 2118 3307 omnia
2143 3251 2186 3318 C
2222 3262 2440 3319 verum
2471 3267 2536 3318 ut
2565 3265 2833 3335 nepotem
2867 3262 3039 3336 paulo
3071 3246 3340 3337 superius
3361 3246 3728 3336 pralibatuui
3753 3279 3878 3320 me-

463 3337 897 3403 contemnebas,
931 3335 1095 3391 illum
1127 3337 1483 3393 transitoriis
1530 3339 1923 3409 anhelantem,
1976 3358 2112 3397 cum

463 3428 620 3481 esset
647 3423 775 3489 tibi,
808 3422 918 3478 hoc
947 3423 1123 3480 etiam
1149 3428 1352 3480 contra
1368 3426 1651 3498 regulam,
1671 3427 2111 3496 dilectissimus,

466 3513 712 3569 minime
733 3510 1090 3584 eorrigebas,
1114 3529 1300 3567 unum
1326 3514 1602 3570 eduobus
1624 3516 1779 3572 haud
1808 3534 2111 3591 creperum

471 3602 544 3668 [id
573 3610 650 3657 est
678 3599 948 3666 dubium,
984 3609 1078 3656 aut
1108 3602 1344 3673 anceps]
1378 3607 1533 3672 erat;
1569 3606 1721 3661 210
1751 3612 1854 3662 aut
1883 3612 1946 3662 tu
1996 3625 2111 3664 non

465 3707 615 3756 eras,
651 3689 806 3762 quod
836 3687 1016 3744 videri
1048 3687 1135 3744 vel
1169 3689 1283 3745 dici
1313 3690 1564 3761 volebas,
1598 3693 1886 3751 autillum
1907 3696 2113 3754 oderas

469 3777 666 3850 potius
698 3794 876 3849 quam
907 3779 1147 3835 amabas
1171 3795 1186 3848 ;
1210 3778 1260 3836 si
1289 3781 1445 3836 enim
1497 3799 1816 3854 amaveras,
1865 3803 1968 3841 cur
1998 3803 2112 3842 non

465 3871 681 3935 tecum,
713 3883 827 3938 quo
884 3871 947 3921 tu
1000 3868 1300 3935 tendebas,
1359 3868 1514 3926 idem
1570 3873 1631 3944 [ι.
1688 3875 1982 3947 eumdem]
2039 3877 2111 3932 ad

465 3957 651 4014 Deum
682 3957 928 4012 traxisse
958 3957 1261 4014 certabas?
1288 3957 1450 4027 Vide,
1485 3976 1712 4030 moneo,
1748 3968 1804 4019 et
1831 3965 1982 4037 quis,
2017 3968 2116 4036 qni

463 4045 631 4114 cadit,
664 4053 716 4102 et
739 4047 819 4101 sic
853 4048 1190 4118 aperiuntur
1235 4049 1379 4104 oculi
1419 4050 1536 4122 ejus
1584 4051 1764 4123 (Num.
1814 4071 1968 4121 xxxv,
2016 4055 2110 4126 4);

462 4136 592 4192 vide
621 4140 838 4203 tamen,
873 4136 1089 4193 suadeo
1139 4137 1517 4195 exclamativc
1567 4141 1637 4197 ad
1696 4140 1887 4198 locum
1939 4145 2110 4216 (551),

464 4226 566 4282 ubi
595 4225 762 4299 quasi
788 4229 1019 4282 oratum
1050 4229 1390 4300 pergebant,
1421 4245 1697 4286 nummos
1719 4232 2112 4290 continentem

465 4333 569 4389 pro
603 4315 704 4371 tali
763 4331 939 4371 causa
994 4315 1256 4390 largitos.
1292 4317 1335 4372 Ο
1363 4317 1672 4390 spelunca,
1734 4321 2043 4393 spelunca!
2077 4341 2110 4380 o

464 4405 636 4474 facta,
663 4402 714 4462 si
744 4407 832 4461 est
855 4408 920 4460 ut
949 4404 1172 4475 dicunt,
1208 4406 1279 4463 de
1308 4407 1483 4465 domo
1514 4408 1793 4466 orationis
1811 4411 2109 4469 sanctissi-

539 4630 687 4706 (551)
720 4631 845 4686 llaec
875 4648 1061 4706 usque
1093 4633 1165 4687 ad
1197 4632 1372 4706 finem
1405 4635 1632 4690 numeri
1661 4635 1810 4706 ejus,
1844 4641 2110 4697 saeerdo-
2139 4621 2194 4696 Π

466 4703 553 4782 tis;
573 4703 746 4782 verba
776 4707 942 4782 sunt,
967 4705 1065 4775 qui
1114 4704 1452 4782 confessarii
1502 4703 1810 4782 personam
1857 4711 2024 4782 gerit.
2059 4713 2112 4768 Is

468 4773 657 4850 primo
690 4773 946 4850 Ratherii
974 4773 1403 4832 excusationem
1437 4773 1734 4850 proponit:
1765 4782 1831 4836 At
1858 4773 2113 4839 uerecun-

466 4845 660 4912 dabar,
715 4845 1022 4918 respondes,
1081 4863 1179 4918 pro
1244 4845 1561 4906 reverentia
1604 4854 1916 4910 senectutis:
1977 4856 2109 4912 dein

467 4916 756 4999 ejusmodi
785 4916 1217 4999 excusatio—nem
1255 4919 1541 4977 refellens.
1596 4923 1794 4980 statim
1845 4927 2109 4999 reponit:

467 4990 715 5046 Mentiris
742 4999 902 5057 certe,
933 4993 1040 5046 etc.

541 5063 698 5140 (552)
718 5060 820 5140 ῌὶο
851 5062 1051 5140 abbas,
1081 5077 1254 5140 quem
1289 5061 1628 5140 alloquitur,
1647 5082 1813 5138 nepos
1843 5072 1966 5125 erat
1985 5069 2114 5140 ejus

471 5131 770 5223 monachi,
811 5135 922 5223 qui
979 5135 1065 5223 in.
1099 5131 1622 5223 “antecedentibus
1659 5131 1929 5223 pumeris
1987 5131 2114 5223 per-

472 5205 720 5288 strictus
745 5204 871 5288 fuit,
908 5211 1208 5288 propterea
1249 5207 1397 5288 quod
1457 5204 2116 5288 que‘mdampbbat‘iam

472 5275 773 5354 octoginta
795 5275 963 5354 libris
993 5275 1230 5346 emerat,
1265 5275 1492 5354 etnsine—
1508 5279 1628 5354 ulla
1676 5281 1931 5354 Ratherii
1983 5300 2118 5354 pro-

473 5346 681 5402 visoris
736 5347 969 5404 licentia
1011 5349 1349 5405 monasterii
1400 5349 1702 5406 servitium
1761 5346 2115 5412 deseruerat.

473 5415 575 5495 Hic
607 5423 815 5495 autem
835 5421 1178 5495 monachus,
1225 5421 1325 5495 qui
1356 5420 1540 5495 valde
1586 5439 1765 5495 senex
1806 5423 2117 5495 indicatur,

475 5487 738 5570 ejusdem
768 5490 995 5545 abbatis
1025 5487 1749 5570 avunculusdicitur.Ilunc
1772 5513 1940 5570 porro
1962 5487 2118 5554 inse;

474 5561 764 5686 pissetait,
795 5578 926 5616 cum
961 5569 1341 5619 memoratam
1365 5561 1979 5640 abbatiasemptionem
1993 5585 2123 5626 eon-

503 5646 619 5686 raxi
658 5672 670 5684 .

503 5646 670 5686 ι’θκιι.

546 5703 700 5830 (5532
733 5702 945 5761 Notata
967 5704 1147 5777 digna
1173 5710 1264 5764 est
1311 5706 1630 5783 antiquitas
1683 5709 1863 5784 hujus
1912 5711 2122 5772 Italicis

549 5790 632 5830 eis
701 5775 834 5830 arba
864 5793 966 5830 nro
994 5777 1306 5830 avunculo.

473 5773 632 5834 vocis
667 5773 834 5831 barba
863 5793 966 5852 pro
994 5773 1306 5836 avunculo.

2221 3369 2359 3408 cum
2389 3353 2461 3408 de
2492 3351 2760 3425 neglectu
2789 3353 3082 3420 eumdem,
3134 3369 3282 3425 opus
3312 3357 3377 3408 ut
3419 3353 3626 3422 fuerat,
3656 3351 3880 3424 pariter

2221 3440 2524 3497 coercendi
2551 3456 2841 3507 excusem,
2900 3441 3082 3497 videri
3130 3440 3284 3498 valet
3328 3444 3386 3496 et
3414 3457 3508 3497 me
3539 3440 3879 3512 exemplum

2221 3529 2541 3587 attendisse
2566 3529 2796 3598 medici,
2814 3528 2958 3585 illud
2977 3531 3282 3603 desperato
3295 3531 3367 3586 de
3387 3530 3506 3586 vita
3530 3528 3697 3598 nihil,
3716 3531 3877 3603 quod

2221 3634 2424 3691 capere
2441 3617 2596 3688 velit,
2631 3617 3054 3674 interdicentis.
3103 3619 3265 3676 Unde
3296 3625 3352 3676 et
3382 3619 3767 3693 Hieronymus
3811 3619 3877 3676 in

2222 3723 2401 3764 causa
2430 3707 2749 3764 consimili:
2774 3707 2952 3764 Aiunt
2970 3708 3200 3777 medici,
3220 3708 3332 3782 ait,
3361 3709 3614 3780 majores
3641 3709 3886 3766 morbos

2221 3815 2337 3852 non
2369 3814 2496 3854 esse
2527 3798 2840 3865 curandos,
2875 3798 2976 3853 sed
2994 3797 3376 3854 dimittendos
3408 3802 3742 3865 naturm,ne
3755 3814 3885 3854 me-

2222 3885 2353 3942 dela
2381 3885 2640 3942 dolorem
2672 3891 2992 3960 exasperet.
3025 3887 3086 3943 Si
3116 3887 3274 3943 enim
3304 3886 3696 3943 obstinatione
3719 3903 3884 3943 mor-

2220 3976 2390 4032 tifera
2421 3980 2621 4032 contra
2652 3976 2744 4032 sui
2775 3977 2922 4033 271
2957 3977 3324 4050 propositum
3345 3975 3883 4049 irrecuperabiliter

2221 4081 2356 4120 eum
2385 4065 2608 4121 viderat
2639 4066 3014 4134 obduratum,
3047 4066 3187 4138 quid
3207 4066 3502 4139 profuerat
3530 4065 3884 4122 interdicere

2220 4153 2456 4226 aliquod
2485 4153 2534 4208 ei
2567 4152 2761 4208 saeculi
2794 4153 3214 4210 commodum?
3245 4171 3318 4208 an
3355 4157 3421 4208 ut
3456 4152 3590 4210 istic
3637 4151 3879 4225 dispen-

2219 4243 2406 4310 dium,
2441 4246 2497 4298 et
2525 4241 2644 4298 illic
2677 4242 3357 4315 pateretursupplicium,
3393 4241 3715 4316 praesertim
3738 4258 3878 4298 cum

2219 4331 2393 4388 sciret
2421 4330 2641 4403 optime
2681 4348 2800 4387 suae
2851 4331 3194 4404 perditionis
3247 4333 3470 4388 foveam
3522 4347 3639 4387 non
3671 4330 3877 4388 minus

2219 4436 2515 4477 secernere
2536 4419 3033 4492 ipsumilloceine
3044 4425 3167 4478 erat
3179 4419 3482 4480 Dominiea
3508 4419 3672 4481 omni
3689 4418 3875 4479 etiam

2294 4643 2442 4714 (554)
2473 4643 2660 4699 Locus
2691 4643 2904 4715 aliquis
2917 4645 3404 4713 sacerindicatur,
3435 4643 3535 4698 ubi
3565 4642 3878 4715 dememo-

2224 4719 2350 4772 rata
2378 4715 2672 4788 emptione
2693 4714 3027 4788 Simoniaca
3055 4721 3269 4788 aetum,
3291 4733 3357 4771 ac
3386 4732 3490 4788 pro
3519 4731 3588 4770 ea
3617 4714 3878 4786 pretium

2223 4785 2519 4858 octoginta
2547 4786 2830 4842 librarum
2862 4786 3121 4843 solutum
3149 4787 3277 4842 fuit.

2292 4854 2442 4926 (555)
2473 4857 2601 4913 Haec
2631 4875 2700 4913 ex
2729 4859 2997 4931 Terentio
3015 4863 3272 4931 sumpta,
3297 4857 3398 4930 qui
3430 4856 3490 4912 in
3519 4854 3882 4931 Phormione

2223 4933 2333 4985 act.
2367 4946 2420 4995 γ,
2455 4945 2613 4985 scen.
2673 4932 2725 4996 8,
2758 4947 2812 4984 v.
2844 4931 2911 4985 2t
2972 4929 3177 4986 habet}
3240 4929 3486 4985 {istacine
3531 4935 3694 4984 erant
3749 4929 3880 4983 itio-

2222 5017 2317 5057 nes
2388 5000 2615 5066 crebraz,
2683 5009 2734 5057 et
2785 5002 3092 5057 mansiones
3161 5002 3400 5058 diutina:
3474 5001 3712 5056 Lemni?
3781 4998 3880 5054 Hs:

2224 5075 2419 5148 autem
2477 5073 2672 5148 itiones
2725 5079 2774 5148 et
2829 5072 3150 5148 reditiones,
3203 5089 3332 5148 quas
3389 5070 3692 5148 hoc_.lece
3745 5086 3882 5148 per-

2225 5143 2618 5215 stringuntur,
2646 5143 2908 5198 indicant
2920 5144 3187 5201 fortassis
3203 5141 3430 5215 itinera,
3443 5144 3503 5198 in
3528 5141 3720 5215 locum
3735 5141 3882 5215 ante

2227 5212 2616 5273 memoratum
2635 5219 2928 5288 suscepta,
2953 5217 3109 5288 quod
3127 5216 3344 5289 emptio
3375 5214 3477 5271 illa
3504 5212 3882 5270 concludere-

2225 5293 2345 5342 tur.

2299 5358 2447 5425 (556)
2507 5355 2991 5435 Quia-nimirum
3045 5356 3526 5435 monachus__ille
3581 5354 3884 5435 octoginta

2228 5427 2511 5485 librarum
2563 5428 2815 5502 pretium
2863 5428 2923 5485 in
2973 5431 3285 5502 cujusdam
3334 5428 3579 5486 abba-tie
3629 5427 3884 5502 emptio-

2229 5517 2365 5556 nem
2424 5499 2796 5574 persolveret,
2877 5504 2958 5574 ut,
2993 5499 3214 5574 patebit
3267 5519 3336 5556 ex
3395 5518 3559 5574 num:
3635 5500 3764 5574 550,
3819 5499 3882 5553 in

2229 5589 2403 5644 quem
2425 5570 2562 5626 vide
2606 5577 2805 5628 notam
2862 5570 3012 5629 577C
3051 5575 3184 5641 Quae
3241 5591 3376 5630 vero
3407 5573 3479 5629 ad
3527 5570 3878 5644 Rather-ium

2228 5643 2578 5710 referuntur,
2638 5645 2840 5712 viginti
2894 5645 3131 5702 duarum
3161 5666 3164 5670 ·
3199 5645 3472 5702 librarum
3515 5658 3610 5698 suo
3667 5643 3884 5714 ﬂagitio

2229 5723 2305 5773 est
2333 5716 2567 5783 debitor,
2595 5715 2886 5788 explicata
2914 5717 3150 5780 fuerunt
3179 5733 3357 5790 supra
3373 5720 3500 5774 net.
3532 5715 3658 5772 548.
