4056 6400
150 394 262 462 495

993 388 1476 461 EXCERPTUM
1519 390 1623 458 EX
1664 389 2004 462 DIALOGO
2047 391 2684 464 CONFESSIONALI.

3423 399 3543 464 426

154 529 440 591 denuntiet
475 520 709 589 attende
741 542 756 587 :
791 528 905 604 Qui
931 531 1458 602 scandalizaverit,
1488 531 1780 602 inquiens,
1812 531 1868 598 Α
1895 531 2074 589 fuerit
2129 551 2345 603 causa;
2380 534 2526 589 mihi
2582 534 2833 602 videtur,
2867 533 3024 605 quod
3081 549 3176 589 me
3233 532 3294 606 [ι.
3325 532 3386 588 in
3425 534 3541 605 me]

152 639 314 679 unum
335 621 412 678 de
437 619 664 691 pusillis
694 619 838 687 istis,
860 620 958 692 qui
987 619 1151 675 inme
1168 621 1437 687 credunt,
1460 620 1687 687 expedit
1704 620 1777 687 ei,

147 721 204 768 ut
215 710 606 782 suspendatur
621 710 777 766 mota
791 709 1068 766 asinaria
1085 711 1145 764 in
1160 709 1304 765 collo
1323 709 1467 779 ejus,
1481 714 1536 763 et
1560 709 1782 764 demer-

144 811 303 871 gatur
328 801 394 856 in
422 798 784 869 profundum
803 799 995 854 maris
1024 797 1261 870 (Matth.
1295 813 1454 864 mn,
1485 797 1562 868 6).

225 894 230 897 ’
587 891 844 959 Itemque
866 895 999 960 post
1028 888 1315 960 quaedam.

201 981 283 1035 33.
342 975 755 1048 Tergiversari,
789 975 890 1042 ait,
935 975 1188 1030 nimium
1245 974 1461 1030 videris
1520 974 1686 1042 mihi,
1721 978 1780 1030 et

143 1068 258 1124 colli
285 1067 473 1121 instar
495 1063 750 1120 volucris
780 1064 1056 1120 Enniana;
1113 1062 1368 1119 colorem
1429 1079 1563 1118 cum
1613 1067 1778 1118 motu

141 1161 374 1214 mutare.
405 1153 572 1210 Nunc
604 1153 762 1209 enim
813 1152 1066 1208 nimium
1125 1151 1402 1225 rigorem,
1433 1152 1585 1207 279
1618 1168 1775 1207 nunc

141 1249 192 1302 iu
217 1249 270 1301 te
293 1243 615 1300 maximam
633 1241 891 1298 admiror
921 1239 1226 1296 mollitiem
1253 1259 1266 1309 ;
1295 1255 1450 1295 nunc
1470 1239 1639 1310 quasi
1662 1240 1773 1296 fer-

137 1349 338 1400 vorem,
389 1331 563 1387 modo
610 1336 908 1403 teporem:
941 1346 1096 1384 nunc
1149 1327 1560 1396 constantiam,
1615 1344 1772 1384 nunc

140 1423 328 1479 studeo
360 1419 503 1493 [leg.
539 1420 736 1490 video}
761 1418 1206 1475 dissolutionem
1230 1435 1244 1487 ;
1265 1433 1422 1472 nunc
1453 1417 1675 1473 sincero
1693 1418 1774 1480 (et

137 1513 347 1568 utinam
380 1509 470 1566 vel
502 1507 1028 1581 aliquoties),nunc
1050 1506 1324 1564 simulate
1345 1505 1769 1578 mihi,ut,proh

134 1600 313 1658 nefas!
365 1615 599 1670 semper
673 1600 882 1652 cuncta
937 1596 1154 1652 videris
1210 1597 1423 1651 referre
1482 1598 1538 1650 et
1593 1595 1769 1650 modo

133 1687 437 1746 miserabili
468 1687 736 1760 quaedam
768 1685 1099 1742 conﬁtendo
1117 1701 1350 1757 quoque
1381 1683 1595 1751 celare;
1616 1683 1770 1739 sicut

131 1779 258 1836 illud
286 1777 572 1851 primum,
606 1775 762 1847 quod
791 1774 936 1830 mihi
969 1773 1167 1842 etiam;
1202 1773 1302 1844 qui
1333 1777 1390 1828 te
1421 1789 1536 1828 non
1567 1771 1765 1828 minus

131 1884 289 1942 quam
335 1867 499 1922 idem
530 1864 759 1938 agnovi,
790 1864 874 1919 ita
902 1861 1117 1936 legenti
1147 1860 1549 1961 occulitur,ﬂac
1581 1860 1632 1917 si
1654 1860 1766 1916 mi-
1792 1894 1842 1961 B

131 1958 271 2014 nime
301 1956 615 2012 diceretur.
647 1953 750 2018 Ita,
778 1951 1042 2024 inquam,
1076 1951 1158 2006 ita
1181 1967 1312 2006 esse
1341 1949 1637 2017 conﬁteor,
1669 1965 1766 2022 pa.

131 2045 253 2103 riter
278 2049 335 2102 et
380 2042 616 2100 actibus
675 2041 1033 2096 demonstro.
1068 2039 1149 2095 De
1205 2039 1303 2094 illo
1356 2042 1573 2106 tamen,
1606 2039 1762 2111 quod

130 2136 274 2204 faris,
303 2132 450 2207 quia
479 2130 649 2204 pejus
680 2129 822 2196 fore,
855 2127 906 2184 si
937 2127 1212 2184 omnibus
1243 2131 1486 2199 pateret,
1517 2127 1759 2195 adverti;

129 2225 379 2282 sufficere
409 2218 654 2286 credidi,
686 2216 735 2274 si
767 2217 974 2290 quovis
1007 2217 1179 2272 modo
1218 2220 1283 2270 tu
1331 2214 1494 2272 solus
1539 2215 1762 2272 valeres

126 2313 243 2369 inde
271 2310 490 2368 melius
521 2306 846 2363 certiﬁcari.
879 2307 960 2362 Te
984 2321 1120 2360 vero
1152 2305 1293 2360 dum
1323 2303 1609 2376 alloquor,
1629 2321 1765 2359 ocu-

126 2401 290 2457 latum
339 2396 689 2472 quemlibet,
723 2393 957 2467 qualem
1007 2392 1228 2449 scilicet
1270 2391 1470 2464 regula
1517 2409 1552 2447 a
1593 2390 1760 2448 nobis

125 2497 484 2564 transgressa
513 2486 739 2552 suadet,
769 2483 1007 2556 aspicio,
1041 2481 1141 2552 qui
1199 2481 1402 2552 utique
1451 2498 1561 2537 sua
1607 2481 1762 2536 norit

124 2596 327 2650 curare,
342 2582 401 2634 et
433 2577 628 2632 aliena
655 2574 899 2630 vulnera
927 2589 1042 2628 non
1073 2573 1342 2643 detegere
1361 2574 1419 2626 et
1437 2570 1756 2643 publicare.

125 2669 254 2725 Nam
283 2685 389 2724 nec
420 2667 606 2722 debes
637 2662 920 2730 oblivisci,
951 2663 1106 2734 quod
1141 2662 1212 2716 de
1243 2660 1506 2732 neglecta
1535 2659 1759 2715 diutius

123 2757 476 2813 confessione
504 2752 774 2826 superius
807 2751 1042 2807 audisti.
1077 2751 1284 2817 Quare,
1319 2749 1538 2820 inquis,
1572 2752 1629 2804 et
1663 2748 1758 2804 cui

125 2845 424 2916 conﬁteris,
453 2844 502 2900 si
534 2841 770 2898 affectas
801 2839 1016 2896 celari?
1045 2843 1182 2905 Deo,
1215 2837 1479 2910 inquam,
1508 2839 1565 2892 et
1589 2836 1756 2893 mihi.

124 2934 225 2990 Deo
269 2932 417 2990 cur?
454 2931 670 3003 inquis.
707 2929 831 2986 Non
863 2932 929 2983 ut
977 2926 1217 2994 noverit,
1250 2927 1514 2997 inquam,
1543 2925 1642 2997 qui
1675 2923 1758 2980 nil

123 3022 259 3080 valet
279 3023 576 3096 ignorare,
609 3019 711 3075 sed
740 3022 807 3074 ut
836 3018 1111 3090 dignetur
1133 3015 1445 3071 remittere.
1479 3013 1564 3069 Ita
1599 3013 1758 3070 enim

126 3113 282 3169 audio
309 3117 368 3168 et
397 3107 773 3182 Prophetiam
794 3121 1167 3180 praesumere,
1189 3103 1334 3159 mihi
1356 3107 1418 3158 ut
1445 3102 1758 3174 aliquando

123 3202 295 3258 verius
353 3205 535 3272 atque
584 3197 848 3254 securius
903 3190 1129 3250 valeam
1190 3193 1429 3248 dicere:
1469 3193 1756 3249 Delictum

122 3307 293 3348 meum
322 3266 529 3348 coram
558 3303 646 3342 me
672 3291 752 3342 est
782 3300 1012 3354 semper
1043 3283 1217 3356 (Psat.
1253 3299 1303 3350 L,
1333 3281 1413 3353 5),
1441 3281 1594 3353 quod
1645 3297 1762 3336 non
1791 3266 1835 3333 C

124 3379 294 3436 fuerat
319 3379 554 3451 utique,
573 3375 623 3432 si
653 3392 767 3432 non
799 3373 1140 3447 contigisset
1160 3370 1496 3443 scripsisse:
1518 3369 1764 3425 dictum-

125 3485 224 3540 que
251 3468 512 3543 gaudere
539 3469 786 3523 :Beatus
818 3464 918 3536 qui
940 3477 1164 3533 semper
1194 3465 1275 3517 est
1303 3459 1546 3528 pavidus
1565 3461 1760 3526 (Prov.

127 3574 305 3627 XXVIII,
339 3556 456 3630 14).
488 3556 599 3611 Et:
633 3557 763 3624 Cor,
822 3552 973 3624 quod
1021 3551 1250 3606 noverit
1305 3546 1766 3604 amaritudinem

127 3647 318 3705 animae
327 3661 472 3715 suae,
486 3644 544 3700 in
555 3643 773 3715 gaudio
786 3642 950 3698 illius
961 3657 1074 3696 non
1100 3638 1434 3694 miscebitur
1449 3641 1766 3695 extraneas

128 3736 306 3807 (Prov.
337 3733 712 3801 mv,lO).Sed
750 3729 983 3798 melius,
1007 3727 1228 3800 inquis,
1250 3726 1438 3782 fuerat
1467 3725 1527 3780 in
1544 3723 1766 3780 tabulis

128 3826 302 3882 cordis
331 3822 668 3895 scripsisse.
704 3817 1214 3890 Melius,inquam,
1237 3814 1468 3883 melius,
1497 3818 1555 3870 et
1571 3813 1689 3868 illic
1711 3816 1770 3868 et

129 3914 246 3971 istic
258 3931 391 3972 vero
406 3917 551 3987 puto
570 3909 964 3984 praestantius.
981 3907 1274 3963 Habemus
1286 3921 1419 3961 vero
1433 3920 1565 3960 cum
1578 3904 1770 3976 Augu-

131 4001 257 4060 stini
279 4018 516 4078 quoque
539 3999 801 4072 exemplo
823 3999 883 4053 in
907 3995 1267 4053 membranis
1279 3993 1472 4050 ovium
1487 3993 1769 4049 conﬁten-

132 4095 239 4149 tem
253 4091 622 4166 Apostolum:
640 4090 750 4160 Qui
755 4091 913 4162 prius
922 4088 1008 4159 fui
1021 4086 1365 4157 blasphemus
1377 4087 1430 4138 et
1436 4089 1767 4155 persecutor,

134 4186 178 4238 et
201 4183 622 4239 contumeliosus
653 4181 702 4252 (Ι
727 4180 859 4234 Tim.
891 4195 927 4246 ι,
961 4176 1068 4249 13).
1101 4173 1374 4246 Subrepit
1395 4172 1522 4242 tibi,
1548 4170 1766 4242 inquis,

132 4269 254 4327 hinc
284 4275 388 4328 aut
417 4267 704 4343 superbiai
725 4271 827 4322 aut
853 4266 1047 4322 inanis
1065 4263 1283 4337 gloriae,
1304 4266 1405 4318 aut
1434 4265 1587 4316 certe
1610 4277 1768 4314 vanae

131 4360 448 4417 securitatis
480 4357 726 4415 tentatio
753 4355 971 4428 aliqua.
1000 4358 1171 4422 Pene,
1205 4353 1470 4423 inquam,
1495 4365 1680 4420 usque
1698 4348 1767 4403 ad

131 4448 586 4522 desperationem
619 4445 1000 4503 mortiferam.
1035 4459 1169 4498 cum
1200 4441 1357 4497 enim
1401 4439 1597 4505 audio,
1633 4437 1774 4510 quia

129 4538 306 4596 Justus
335 4541 400 4596 in
429 4535 765 4610 primordio
792 4542 1099 4591 accusator
1135 4541 1216 4588 est
1245 4531 1335 4585 sui
1363 4531 1563 4592 (Prov.
1604 4541 1768 4595 xvm,

1888 621 2006 689 illa,
2042 640 2217 695 quam
2272 626 2634 694 putaveram,
2675 626 2852 689 esset,
2904 622 3044 695 quia
3102 622 3408 678 humilitas
3469 621 3546 676 sit

1887 709 2158 767 elationis
2172 713 2339 781 (572),
2357 712 2520 781 pejor
2531 710 2724 765 ruina.
2743 710 2884 766 Inde
2896 711 3054 766 enim
3075 710 3370 782 superbio,
3384 711 3542 765 unde

1888 815 1982 854 me
2042 799 2554 871 despectissimum
2585 799 2912 854 certissime
2943 803 3001 854 et
3049 799 3202 854 infra
3230 799 3535 854 universos

1888 889 2142 954 attendo,
2166 905 2300 942 cum
2333 887 2520 943 caeleri
2552 887 2688 942 inde
2717 887 2943 944 soleant
2971 887 3230 960 gloriari,
3249 888 3403 943 unde
3423 903 3532 942 caa-

1884 977 2026 1032 teris
2057 994 2118 1033 se
2145 977 2345 1032 vident
2383 975 2677 1032 excellere.
2711 977 2874 1041 Quod
2933 976 3046 1032 nisi
3101 975 3530 1050 turpiloquium

1885 1065 2092 1122 saltem
2124 1065 2183 1120 in
2206 1065 2319 1120 isto
2351 1068 2638 1138 praecepto
2671 1065 2937 1136 vitarem,
2972 1065 3291 1137 apostolico
3322 1065 3529 1120 condi-

1883 1170 1996 1226 gno
2029 1154 2392 1210 enuclearem
2424 1153 2580 1210 280
2609 1153 2890 1225 exemplo.
2924 1155 2996 1209 At
3019 1154 3158 1226 quia
3189 1154 3385 1210 deﬁcit
3407 1153 3528 1210 elo-

1882 1244 2111 1315 quium,
2144 1260 2250 1298 nec
2297 1243 2428 1309 fari,
2463 1243 2617 1314 quod
2649 1259 2684 1298 a
2713 1258 2806 1298 me
2834 1242 2962 1315 ipso
3011 1243 3221 1314 patior,
3253 1258 3521 1314 possum,

1881 1331 2134 1388 exterius
2163 1332 2304 1387 dum
2337 1347 2429 1386 me
2458 1331 2562 1385 tibi
2587 1347 2759 1386 cerno
2781 1331 3263 1399 notissimum,ne
3281 1330 3526 1388 interius

1879 1420 1984 1475 tibi
2017 1436 2248 1491 quoque
2273 1419 2510 1486 lateam,
2538 1419 2725 1491 dirigo
2756 1423 2812 1474 te
2843 1419 2914 1474 ad
2944 1419 3288 1491 Gregorium
3334 1417 3523 1475 Deilo-

1879 1525 2087 1581 quum,
2118 1507 2286 1563 illum
2315 1508 2642 1580 interroga;
2667 1507 2809 1579 quid
2832 1509 2903 1562 de
2926 1507 3186 1578 reprobis
3206 1506 3525 1580 hypocritis

1877 1601 1935 1652 et
1965 1597 2376 1669 arrogantibus
2413 1595 2651 1661 sentiat,
2683 1595 2854 1651 hauri
2888 1613 2900 1650 :
2934 1594 3013 1650 ibi
3046 1613 3140 1652 me
3193 1596 3524 1668 conspicere

1875 1689 2065 1742 totum
2111 1685 2350 1741 valebis.
2387 1684 2448 1740 In
2507 1685 2840 1754 evitatione,
2890 1683 3109 1756 inquis,
3160 1683 3520 1741 soloecismo-

1875 1792 2008 1831 rum
2068 1772 2522 1830 constructionis
2575 1789 2754 1845 quam
2813 1773 3055 1830 raiionis
3108 1789 3266 1843 vero,
3315 1773 3520 1830 dictio-

1875 1880 2018 1920 num
2050 1879 2229 1936 quam
2259 1863 2558 1919 actionum
2609 1862 2789 1919 videri
2826 1863 2980 1920 valet
3007 1864 3404 1936 perspicacius
3461 1868 3521 1920 te

1873 1969 2002 2008 esse
2033 1952 2186 2026 quod
2219 1951 2382 2020 dicis,
2407 1952 2550 2006 dum
2581 1951 2777 2024 magis
2804 1953 3007 2024 utique
3038 1953 3298 2020 affectas,
3322 1953 3372 2010 si
3393 1970 3521 2009 suc-

1872 2042 2100 2097 cederet
2154 2044 2372 2106 tamen,
2404 2039 2587 2114 videri
2645 2039 2946 2112 eloquens,
2984 2059 3162 2113 quam
3193 2042 3320 2114 ipse
3358 2042 3517 2114 quod

1871 2131 2016 2186 bene
2028 2129 2285 2202 loqueris
2297 2128 2812 2201 (573),exsequens.
2823 2129 3518 2187 Plantareslibentissime

1869 2219 2057 2286 video,
2093 2222 2295 2275 contra
2353 2218 2729 2273 interdictum
2779 2217 2932 2287 licet,
2963 2217 3024 2274 in
3055 2220 3228 2276 domo
3283 2219 3517 2275 Domini

1870 2325 2100 2375 nemus,
2120 2307 2220 2380 qui
2253 2308 2312 2362 in
2335 2305 2781 2362 arbusculorum
2812 2307 2930 2363 situ
2960 2311 3083 2363 tam
3113 2325 3175 2364 es
3191 2307 3514 2365 studiosus.

1871 2397 2060 2465 Mane,
2089 2397 2356 2467 inquam,
2388 2412 2561 2451 mane
2616 2395 2860 2464 videbis,
2893 2397 3028 2468 quis
3066 2396 3200 2464 sim,
3235 2397 3515 2469 spondeo,

1870 2485 2106 2554 clarius,
2143 2501 2250 2540 nec
2277 2488 2472 2540 tamen
2505 2484 2858 2556 reprimetur
2885 2488 3084 2541 tumor
3111 2485 3184 2541 ob
3210 2484 3268 2540 id
3309 2484 3513 2554 semel,

1868 2575 2167 2647 promitto,
2201 2578 2538 2645 conceptus.

1939 2665 2028 2719 34.
2059 2665 2428 2734 Iniquitatem,
2463 2662 2543 2718 ait
2572 2661 2928 2731 ,Psalmista,
2959 2664 3010 2718 si
3038 2665 3231 2734 aspexi
3265 2664 3328 2718 in
3357 2663 3517 2720 corde

1865 2745 2002 2821 meo,
2036 2768 2147 2807 non
2203 2751 2462 2807 exaudiet
2505 2752 2767 2807 Dominus
2798 2752 2968 2814 (Psal.
3001 2769 3126 2822 va,
3185 2753 3292 2816 18).
3349 2753 3509 2819 Quod

1867 2841 2003 2897 licet
2047 2857 2151 2914 pro
2201 2839 2440 2896 arbitrio
2494 2839 2580 2895 sic
2603 2838 2693 2896 vel
2741 2839 2824 2896 sic
2853 2840 3043 2896 valeat
3069 2839 3338 2913 intelligi,
3372 2840 3513 2896 dicit

1866 2931 2021 2986 enim
2061 2928 2340 2984 Dominus
2369 2945 2382 2984 :
2415 2927 2476 2983 Si
2498 2945 2610 2983 non
2658 2931 2984 2984 remiseritis
3029 2929 3339 2985 hominibus
3380 2943 3507 3000 pec-

1865 3023 1989 3075 cata
2039 3033 2248 3085 eorum,
2276 3033 2379 3071 nec
2417 3018 2584 3072 Pater
2611 3021 2784 3073 vester
2832 3019 3060 3074 caelestis
3088 3019 3324 3074 remittet
3362 3017 3511 3073 vobis

1868 3108 2066 3180 (Marc.
2099 3123 2177 3174 x1,
2212 3107 2322 3168 25).
2351 3105 2418 3160 Et
2459 3105 2632 3160 alibi:
2669 3107 2773 3174 Qui
2819 3108 3016 3162 avertit
3060 3123 3254 3162 aurem
3289 3122 3446 3161 suam
3476 3122 3512 3160 a

1870 3198 2105 3253 clamore
2131 3196 2414 3267 pauperis,
2447 3198 2499 3250 et
2543 3196 2656 3266 ipse
2679 3195 2940 3250 clamabit
2967 3199 3020 3250 et
3047 3211 3160 3251 non
3185 3194 3515 3250 exaudietur

1873 3286 2054 3356 (Prov.
2086 3302 2201 3351 xxx,
2235 3283 2324 3355 l3)
2360 3301 2372 3339 :
2400 3283 2675 3354 'exemplo
2726 3283 2965 3339 Herodis
3013 3283 3344 3357 hypocrita,
3377 3283 3518 3354 quia

1873 3375 2056 3431 Deum
2090 3373 2221 3430 ﬁcte
2261 3377 2548 3445 quaerunt,
2583 3389 2885 3443 nunquam
2914 3373 3170 3428 invenire
3201 3376 3519 3441 merentur,

1872 3463 2030 3520 Nulli
2061 3478 2194 3518 vero
2247 3477 2399 3533 saepe
2452 3459 2852 3517 continuatius
2910 3460 3256 3534 psalmodiis
3286 3464 3518 3529 vacant,

1875 3551 2137 3608 crebrius
2167 3550 2485 3605 missarum
2518 3549 2806 3605 solemnia
2834 3549 3147 3618 celebrant,
3168 3549 3524 3622 pauperibus

1875 3640 2209 3697 necessaria
2226 3639 2514 3706 tribuunt,
2531 3639 2927 3711 proedicationi
2942 3639 3197 3712 amplius
3219 3639 3522 3708 insistunt,

1875 3730 1936 3785 in
1958 3728 2172 3802 quibus
2203 3727 2429 3783 cunctis
2458 3727 2894 3783 evidentissime
2916 3727 3098 3783 videri
3128 3727 3274 3784 mibi
3304 3727 3526 3801 experi-

1877 3822 2074 3874 mento
2101 3816 2387 3890 praecipue
2430 3817 2543 3871 mei
2586 3817 2884 3885 conﬁteor,
2916 3816 3287 3889 iniquitatem
3343 3833 3523 3890 quam

1877 3908 2017 3964 dicit
2047 3907 2259 3978 ipsam,
2293 3922 2469 3978 quam
2491 3906 2548 3959 in
2577 3922 2669 3960 me
2701 3905 3024 3977 considero,
3059 3906 3179 3962 fore
3209 3905 3521 3979 duplicita-

1876 4000 2016 4052 tem.
2045 3994 2284 4051 Duabus
2317 3994 2474 4048 enim
2505 3993 2674 4064 quasi
2707 3992 2925 4066 linguis
2956 3995 3070 4049 duo
3120 3995 3386 4066 quaedam
3427 4011 3524 4049 re-

1878 4086 1989 4141 cito
2004 4082 2562 4150 (574),audientibus
2593 4080 2852 4153 psalmos
2870 4081 2960 4137 vel
2973 4081 3128 4138 aliud
3162 4081 3523 4153 quid,cordis

1877 4171 2189 4246 inspectori
2224 4171 2393 4241 longe
2425 4169 2739 4225 dissimilia
2769 4169 2883 4226 alia
2907 4173 2963 4226 et
2990 4169 3338 4238 innumera;
3370 4169 3525 4225 sicut

1880 4262 1938 4317 in
1972 4263 2084 4317 ista
2114 4263 2301 4326 nocte,
2333 4258 2488 4314 istud
2517 4258 2685 4328 cujus
2716 4261 2803 4313 est
2834 4275 3004 4314 mane
3035 4257 3258 4331 (vigilia
3284 4274 3416 4314 vero
3437 4261 3528 4313 est

1881 4349 2281 4423 apostolorum
2313 4346 2566 4418 Philippi
2589 4350 2645 4402 et
2664 4347 2890 4410 Jacobi)
2910 4363 3043 4402 cum
3060 4346 3319 4419 impulsu
3334 4347 3530 4404 adver-

1882 4439 2022 4496 sarii
2051 4437 2352 4510 vigilarem
2375 4440 2439 4490 ut
2470 4436 2912 4507 saepe,dormire
2939 4453 3072 4492 cum
3091 4435 3296 4492 utilius
3326 4435 3530 4508 utique

1881 4530 2048 4597 foret,
2065 4528 2121 4581 in
2137 4525 2328 4582 cubile
2341 4524 2531 4581 adhuc
2543 4527 2804 4580 tumente
2818 4541 2994 4597 super
3006 4524 3236 4591 rc,mihi
3249 4526 3530 4598 quaa(575)

135 4628 722 4700 i7);submurmurat
739 4624 952 4681 misero
985 4621 1129 4678 mihi
1156 4615 1768 4684 miserrimastultitia,
1804 4637 1852 4702 D
1883 4620 2085 4673 contra
2111 4619 2310 4670 votum
2362 4612 2669 4669 acciderat.
2699 4613 2905 4669 Bonito
2960 4630 3216 4686 namque
3257 4618 3397 4671 tuus
3445 4615 3534 4671 la-

125 4715 206 4773 vel
241 4715 599 4774 stultissima
628 4712 884 4781 miseria,
919 4711 1074 4784 quod
1104 4709 1364 4764 imitator
1406 4706 1465 4761 in
1520 4705 1631 4760 isto
1662 4703 1775 4760 sim

129 4803 315 4862 infelix
336 4805 592 4877 alicujus
610 4805 932 4875 justorum,
955 4804 1012 4856 et
1032 4799 1111 4855 ita
1129 4814 1265 4869 erga
1295 4793 1694 4850 miserrimum
1711 4797 1770 4849 et

141 4893 620 4965 perditissimum,
637 4891 686 4947 si
719 4891 802 4946 ita
829 4887 1009 4956 vadit,
1025 4887 1117 4959 agi
1140 4884 1458 4956 conspicio,
1477 4886 1543 4937 ut
1556 4886 1778 4953 specta-

136 4981 302 5040 bilius
333 4981 594 5054 conspici
616 4981 674 5035 in
694 4983 850 5035 terra
865 4981 1197 5032 monstrum
1223 4990 1338 5028 non
1355 4971 1529 5027 fuerit
1549 4971 1773 5025 datum.

140 5069 272 5128 Cum
303 5071 462 5128 enim
493 5067 793 5142 superbia,
820 5083 1070 5138 semper,
1104 5063 1162 5119 id
1188 5065 1276 5118 est
1307 5059 1573 5130 ambitio,
1595 5059 1777 5114 ruinae

203 5232 353 5301 (572)
384 5231 675 5288 Gonstrue
706 5245 720 5283 ι
755 5225 903 5286 Mihi
931 5225 1174 5294 videtur,
1197 5193 1353 5301 quoet
1380 5220 1570 5301 illain
1599 5236 1784 5301 mecs-

141 5293 221 5375 set
245 5293 421 5360 ruina
448 5303 635 5375 pejor,
651 5317 826 5374 quam
841 5307 1191 5369 putaveram
1212 5293 1234 5361 ξ
1250 5294 1384 5368 quia
1397 5293 1467 5348 sit
1484 5293 1784 5348 humilitas

141 5374 427 5433 elationis.
452 5374 463 5375 ί
1699 5428 1703 5434 .

202 5448 348 5520 (573)
382 5446 705 5520 Construe:
745 5444 964 5509 Verum,
996 5440 1205 5514 inquis,
1227 5438 1286 5494 in
1300 5435 1612 5520 evitatione
1626 5435 1787 5490 solae-

139 5510 475 5592 cismorum,
499 5516 558 5572 id
590 5520 681 5572 est
701 5531 995 5592 errorum,_
1021 5510 1656 5592 constructionis-quam
1686 5523 1788 5591 νας

140 5592 306 5647 tionis
332 5580 652 5646 dictionum
685 5603 864 5660 quam
879 5587 1172 5660 actionum
1199 5582 1349 5660 valet
1372 5580 1558 5660 videri
1572 5580 1793 5660 perspi-

141 5665 329 5719 cacius
362 5671 419 5718 te
451 5676 571 5717 esse
601 5649 753 5732 quod
783 5658 946 5732 dicis,
969 5656 1106 5732 clum
1121 5654 1309 5725 magis
1335 5653 1536 5732 utique
1554 5649 1792 5724 affectas

144 5736 216 5806 (si
235 5743 428 5790 tamen
443 5723 788 5806 succederet)
804 5723 989 5806 videri
1003 5723 1291 5801 eloquens,
1305 5723 1478 5798 quam
1497 5723 1620 5796 ipse
1639 5737 1796 5778 exse-

147 5803 310 5886 Quens
340 5805 492 5881 quod
522 5804 663 5860 bene
690 5803 974 5876 loqueris.

467 5933 728 6001 Persen.
771 5926 1094 5998 CXXXVI.

1885 4722 2042 4774 nam,
2064 4705 2238 4776 jussu
2258 4701 2483 4774 absque
2512 4719 2661 4772 meo,
2682 4701 3055 4775 dispensasse
3086 4703 3386 4776 fratribus,
3405 4705 3534 4759 fue-

1883 4799 1973 4850 rat
2002 4791 2346 4860 nuntiatus;
2372 4807 2624 4862 cumque
2645 4793 2759 4848 ista
2777 4797 2835 4848 et
2861 4791 2976 4848 alia
3003 4791 3417 4866 illegaliterhic
3446 4809 3537 4849 ac-

1885 4884 2078 4939 cidere
2098 4897 2532 4953 exaggerarem,
2552 4885 2610 4935 et
2637 4881 2887 4954 vigilans
2912 4898 3113 4938 eorum
3131 4882 3272 4938 mihi
3289 4882 3532 4955 phanta-

1885 4975 2076 5029 smata
2105 4973 2609 5042 repraesentarem,
2643 4972 2877 5042 perveni
2912 4972 3174 5044 cogitans
3203 4970 3329 5026 loco
3362 4970 3532 5040 (576),

1887 5061 1988 5116 ubi
2018 5059 2267 5115 habetur
2295 5057 2354 5112 in
2386 5075 2474 5125 ea,
2509 5075 2688 5130 quam
2720 5059 2920 5116 miseri
2952 5056 3533 5129 abdicavimus,lege,

1963 5221 2110 5290 (574)
2137 5219 2590 5292 Βεοὶῐοίεοίιίοβι
2621 5236 2718 5276 ore
2749 5219 3008 5292 psalmos
3054 5217 3446 5292 audientibus,
3481 5221 3540 5273 et

1893 5288 2063 5349 corde
2090 5288 2275 5348 recito
2306 5291 2419 5346 alia
2445 5296 2503 5347 et
2532 5288 2840 5346 innumera
2883 5290 3051 5362 longe
3081 5288 3396 5345 dissimilia
3424 5293 3539 5344 Deo

1894 5363 2212 5435 inspectori
2243 5363 2457 5418 cordis.

1967 5431 2118 5506 (575)
2154 5435 2216 5490 In
2275 5432 2609 5506 apograpbo
2641 5431 2963 5506 glegebatur
3007 5431 3272 5506 mihique.
3328 5436 3547 5506 Sensus

1899 5502 2366 5562 emendationem
2388 5502 2700 5576 suggessit,
2723 5502 2791 5558 et
2821 5506 3092 5576 construe
3125 5502 3235 5561 :ln
3265 5505 3441 5561 cubile
3459 5505 3552 5561 ad-

1903 5579 2006 5635 huc
2056 5580 2297 5634 tumente
2351 5574 2527 5646 super
2569 5591 2646 5641 re,
2677 5589 2801 5646 quae
2855 5574 3132 5632 acciderat
3184 5577 3330 5633 mihi
3371 5586 3558 5633 contra

1910 5654 2123 5792 υοξέἒῗὶ)
2145 5719 2207 5775 Id
2225 5720 2318 5792 est
2339 5718 2412 5773 ad
2445 5733 2571 5774 eum
2602 5717 2798 5792 locum,
2820 5717 2917 5772 ubi
2941 5719 3253 5792 habebatur
3270 5721 3411 5775 inea
3441 5721 3558 5788 lege

1903 5788 2130 5871 (regula
2159 5788 2380 5850 scilicet
2401 5788 2925 5878 monastica)quam
2942 5791 3140 5850 miseri
3153 5791 3555 5858 abdicavimus;

3158 5917 3236 5992 14
