4056 6418
128 389 228 460 ‘33
953 392 1426 462 EXCEBPTUM
1469 393 1575 461 EX
1615 389 1958 460 DIALOGO
2001 387 2634 462 GONFESSIONALI.
3377 383 3518 474 434.¹

129 526 430 603 arrogantiae
453 525 539 586 vel
569 526 998 602 inquietudinis
1021 531 1294 602 vanitate,
1323 532 1396 588 ob
1425 530 1582 588 aliud
1615 547 1730 588 non
1759 529 1816 597 Α
1842 530 1988 585 oculi
2017 532 2100 586 tui
2129 531 2344 603 (Thren.
2369 547 2452 599 ιιι,
2479 531 2586 600 18).
2623 531 2687 589 Ut
2707 530 3000 588 divisiones
3029 546 3301 605 aquarum
3329 529 3505 591 deduJ

128 619 244 675 mihi
263 619 468 676 videris
486 619 711 686 fecisse,
735 619 850 675 nisi
878 623 943 676 ut
966 619 1126 677 illius
1154 620 1427 678 facinoris
1450 621 1740 693 magnitu—
1845 624 1932 676 cat
1961 621 2148 676 oculus
2175 636 2329 676 meus
2353 622 2568 690 (Thren.
2593 638 2677 690 ιιι,
2712 621 2821 693 48),
2855 637 3078 692 posses,
3114 625 3177 676 ut
3201 625 3492 694 compete-

125 708 234 765 dine
252 708 632 780 posses,quod
654 707 713 764 in
736 713 792 764 te
819 725 1114 778 noveram,
1143 710 1395 783 levigare
1416 715 1733 783 utcunque.
1846 712 1953 776 ret,
1985 709 2044 763 in
2075 708 2219 764 hora
2250 708 2460 766 ultima
2489 714 2692 766 contra
2721 710 3060 766 insistentes
3091 709 3295 766 saltem
3327 728 3494 767 accu-

122 798 234 870 Ego,
255 797 486 868 inquam
530 813 636 870 ego
666 801 732 852 ut
753 798 848 853 fur
867 797 1001 854 etin
1029 798 1140 855 hoc
1160 816 1392 872 quoque
1417 799 1736 872 deprehen-
1844 801 2067 854 sutores
2113 798 2388 869 proferre,
2433 799 2533 871 qui
2583 798 3104 855 calumniabuntur
3143 799 3489 870 certissime,

123 903 220 954 sus,
239 886 368 958 quid
392 887 776 960 respondeam
810 887 1004 943 nescio
1044 905 1304 960 prorsus.
1331 890 1546 960 Stupeo
1575 905 1730 955 vero,
1844 885 2071 942 nullum
2102 890 2338 942 tuorum
2377 892 2432 943 te
2487 888 2823 957 criminum,
2856 888 3162 961 scripseris
3214 905 3282 944 ea
3333 889 3487 957 licet,

121 980 282 1030 tamen
314 974 363 1032 si
393 976 549 1048 quod
582 992 751 1048 agere
777 977 1074 1048 competit,
1098 977 1244 1033 facio
1277 977 1579 1044 attonitus,
1604 994 1732 1050 per-
1843 980 2238 1048 competenter
2275 976 2540 1044 deﬂesse,
2575 979 2939 1047 emendasse,
2987 977 3350 1049 paenituisse,
3385 995 3490 1034 nec

121 1063 334 1136 pendere
365 1080 479 1119 non
507 1063 649 1120 satis
675 1063 1016 1136 praevalens,
1041 1082 1146 1121 cur
1172 1065 1284 1121 hoc
1314 1083 1407 1122 me
1440 1067 1625 1122 facere
1643 1065 1731 1121 vel
1839 1062 2198 1121 visceraliter
2225 1081 2488 1137 unquam
2519 1070 2752 1138 optasse
2785 1083 2798 1120 :
2834 1068 2963 1136 Quis
2992 1067 3144 1123 dabit
3173 1069 3344 1138 capiti
3372 1085 3494 1124 mea

118 1152 428 1225 permiserit,
445 1152 534 1208 vel
552 1152 798 1208 voluerit
814 1153 1076 1210 Deus.Ut
1092 1154 1278 1222 video,
1298 1154 1517 1227 inquis,
1538 1157 1732 1210 mente
1839 1169 2058 1225 aquam,
2091 1162 2141 1210 et
2169 1155 2341 1209 oculis
2370 1156 2508 1210 meis
2535 1159 2739 1227 fontem
2762 1157 3134 1229 lacrymarum
3156 1157 3282 1228 (Jer.
3311 1173 3386 1225 ix,
3412 1160 3486 1226 1),

119 1241 507 1315 excessit,quod
532 1242 591 1297 in
605 1243 730 1314 jam
754 1241 892 1298 dicti
913 1241 1101 1315 legisti
1124 1243 1353 1316 dialogo
1380 1246 1452 1299 dc
1474 1245 1729 1316 quodam
1840 1245 1905 1298 ut
1935 1241 2156 1314 plorem
2189 1243 2592 1298 contritionem
2633 1261 2844 1312 meam,
2868 1246 3086 1300 nedum
3118 1244 3316 1317 populi
3349 1246 3487 1312 mei,

117 1329 405 1403 Chrysario,
439 1330 616 1386 divite
645 1331 1071 1403 superbissimo
1102 1332 1305 1401 (Gnsc.
1328 1333 1543 1402 Dialog.
1577 1333 1614 1387 1.
1648 1349 1728 1398 iv,
1839 1330 1948 1386 hoc
1977 1334 2083 1398 est,
2107 1331 2302 1403 gregis
2335 1332 2476 1387 mihi
2504 1332 2848 1388 commissi?
2877 1334 3023 1388 Nam
3054 1334 3197 1388 dum
3223 1334 3486 1406 proximo

117 1435 154 1475 c.
171 1419 269 1491 38),
289 1419 384 1492 qui
415 1419 558 1475 dum
590 1425 934 1487 moreretur,
965 1420 1304 1477 insistentes
1336 1421 1448 1477 sibi
1480 1421 1729 1478 humani
1839 1423 2142 1476 cantares:
2171 1421 2402 1490 Ululate,
2430 1426 2694 1494 pastores,
2728 1425 2780 1476 et
2809 1423 3058 1489 clamate,
3097 1426 3367 1495 aspergite
3393 1441 3485 1481 vos

114 1507 304 1580 generis
332 1508 704 1565 adversarios
735 1509 898 1577 vidit,
923 1509 1190 1566 inducias
1220 1510 1307 1566 vel
1339 1527 1528 1583 usque
1558 1527 1730 1568 mane
1837 1509 2050 1571 cinere;
2078 1513 2135 1564 et
2163 1525 2176 1564 :
2208 1510 2434 1581 Plange,
2471 1511 2629 1581 quasi
2656 1512 2827 1582 virgo,
2856 1511 3008 1583 plebs
3033 1528 3155 1568 mea
3186 1515 3317 1581 (Jer.
3351 1530 3479 1582 xxv,

115 1596 359 1668 quaesivit,
383 1613 531 1670 quas
575 1601 772 1654 tamen
816 1599 1063 1655 minime
1111 1600 1356 1672 accepit,
1389 1603 1446 1656 et
1477 1600 1727 1656 circum-
1837 1599 1905 1654 34
1926 1616 1938 1666 ;
1961 1600 2100 1655 Joel.
2122 1616 2160 1666 ι,
2183 1599 2260 1672 8);
2284 1599 2416 1672 quis
2437 1600 2496 1656 in
2519 1605 2619 1656 tuo
2641 1599 2802 1658 vultu
2827 1600 3046 1673 aliquid
3071 1603 3286 1658 nedum
3306 1603 3486 1658 tristi-

116 1685 364 1743 stantibus
391 1685 600 1754 celare,
633 1687 787 1760 quod
818 1687 1169 1760 patiebatur,
1195 1689 1341 1746 281
1375 1705 1491 1744 non
1521 1689 1724 1745 valuit.
1835 1687 1952 1757 tiae,
1977 1686 2186 1743 saltem
2232 1688 2562 1762 gravitatis;
2596 1689 2732 1762 quis
2770 1691 2830 1745 in
2863 1689 3046 1746 oculis
3085 1690 3396 1764 lacrymas,
3425 1695 3492 1747 ut

115 1775 178 1831 Ex
201 1791 302 1848 quo
331 1776 595 1847 ejusdem
616 1775 804 1832 sancti
830 1776 1091 1850 Gregorii
1112 1777 1453 1833 auctoritate
1475 1782 1724 1846 constat,
1837 1774 1938 1843 ita,
1967 1775 2121 1832 sicut
2173 1777 2512 1850 scripseras,
2537 1779 2691 1836 288
2744 1779 3058 1835 criminose
3107 1785 3487 1853 congruerat;

117 1864 238 1936 quod
265 1881 361 1938 pro
389 1863 583 1932 nobis,
613 1881 726 1920 non
759 1881 863 1937 pro
895 1882 956 1921 se
987 1864 1129 1922 talia
1156 1865 1354 1921 vivens
1385 1865 1512 1923 sine
1532 1867 1726 1922 fructu
1757 1904 1805 1970 B
1835 1865 1989 1937 quis,
2027 1865 2292 1938 inquam,
2327 1883 2431 1938 pro
2462 1867 2580 1922 tuis
2611 1866 2821 1924 saltem
2867 1871 2989 1923 tam
3039 1869 3334 1942 gravibus,
3368 1873 3490 1924 tam

117 1953 341 2010 utilitatis
364 1953 575 2010 viderit
599 1970 738 2010 suae.
758 1954 844 2010 Ita
863 1968 999 2028 ergo
1023 1958 1078 2010 et
1099 1955 1170 2010 de
1200 1959 1300 2011 tuo
1324 1955 1434 2011 isto
1469 1955 1728 2012 mirabili
1757 1952 1805 1970 "
1839 1952 2062 2021 multis,
2097 1957 2216 2009 tam
2248 1954 2434 2021 fcedis,
2468 1971 2540 2010 ne
2579 1956 2721 2011 dum
2763 1972 2868 2028 pro
2898 1957 3005 2012 tibi
3035 1958 3490 2015 commissorum

114 2041 236 2102 vales
261 2042 565 2115 astimare,
599 2047 839 2099 autumo
888 2043 1060 2112 facto,
1087 2047 1169 2113 ut,
1195 2044 1244 2100 si
1275 2044 1381 2100 tibi
1414 2045 1559 2101 forte
1611 2063 1726 2102 non
1841 2041 2089 2110 delictis,
2113 2043 2173 2098 in
2205 2046 2508 2116 pastorum
2542 2045 2687 2116 (589)
2724 2062 2856 2101 cum
2889 2061 3048 2102 esses
3090 2047 3402 2119 dupliciter
3429 2049 3490 2104 in

113 2133 328 2203 prodest,
356 2132 637 2205 prodesse
665 2132 854 2189 valeat
883 2133 1080 2189 forsan
1109 2132 1371 2202 lecturis,
1398 2135 1541 2189 dum
1575 2133 1634 2190 in
1666 2151 1728 2191 se
1837 2131 1924 2188 tui
1956 2131 2281 2188 miserrime
2311 2133 2717 2204 praejudicium
2739 2135 3492 2209 numero,vel_condignum

111 2237 303 2294 quoque
329 2221 470 2277 talia
500 2221 959 2294 recognoverint,
977 2220 1174 2294 qualia
1201 2225 1257 2278 te
1280 2223 1352 2278 de
1374 2227 1429 2279 te
1451 2223 1578 2296 ipso
1600 2240 1730 2279 con.
1840 2221 2062 2276 audivit
2099 2220 2460 2294 suspirium?
2494 2222 2564 2277 Et
2589 2225 2730 2278 tunc
2761 2222 3019 2295 quidem,
3045 2224 3197 2280 sicut
3225 2223 3490 2296 plurimi,

110 2309 293 2367 fessum
335 2311 484 2368 bono
535 2309 730 2366 animo
763 2310 946 2367 fuisse
995 2310 1280 2383 putarint,
1304 2327 1443 2367 cum
1495 2313 1728 2369 dicente
1837 2326 1941 2382 pro
1972 2309 2292 2366 reverentia
2311 2309 2470 2366 illius
2489 2311 2669 2366 tridui
2692 2312 2839 2384 (590)
2859 2329 2991 2368 eras
3025 2313 3369 2384 abstemius,
3403 2313 3490 2368 si-

110 2399 408 2473 Scriptura:
462 2401 618 2456 Venit
675 2401 902 2467 amicus,
953 2401 1311 2470 investigabit
1363 2418 1489 2457 eum
1541 2401 1725 2474 (Prov.
1836 2397 2254 2476 lens,crimina
2282 2403 2385 2455 tua
2417 2401 2773 2469 describens,
2799 2401 3135 2472 paschalem
3157 2402 3324 2474 quasi
3359 2419 3488 2474 azy-

110 2505 238 2560 xvm,
268 2490 370 2562 17),
396 2491 466 2546 de
509 2494 564 2546 te
615 2489 854 2546 meliore
886 2491 1156 2562 quamvis
1204 2489 1472 2563 loquens,
1506 2507 1622 2546 non
1657 2478 1734 2547 de.
1837 2505 2000 2543 mum
2033 2505 2395 2562 praeparans;
2430 2490 2530 2545 sed
2553 2491 3027 2563 subterfugerant
3051 2491 3394 2564 improvido,
3419 2496 3484 2547 ut

113 2577 309 2650 futuris,
332 2579 525 2652 possis
547 2579 828 2635 veraciter
845 2578 1014 2647 scire,
1030 2579 1168 2653 quia
1199 2580 1587 2636 ostentatione
1616 2597 1724 2652 po-
1833 2581 2057 2633 cretum
2079 2582 2454 2651 est,agrestes
2471 2578 2863 2647 lactucae,sine
2879 2580 3095 2652 quibus
3107 2581 3193 2637 fas
3215 2597 3331 2637 non
3352 2597 3481 2637 esse

113 2666 206 2723 tius
224 2672 274 2724 et
293 2667 608 2742 plausuum
626 2667 1082 2738 alfectatione,ct
1101 2668 1363 2741 ingenita
1383 2669 1723 2741 tibi,utjam
1835 2666 2120 2723 debueras
2149 2668 2400 2733 credere,
2423 2667 2759 2740 paschalem
2780 2686 2998 2743 agnum
3029 2687 3132 2743 pro
3160 2674 3218 2726 te
3248 2674 3306 2726 et
3333 2669 3481 2726 occi-

113 2757 394 2830 sepissime
417 2761 812 2814 monstratum
835 2758 1215 2829 est,quadam
1243 2757 1476 2827 mentis,
1498 2762 1562 2813 ut
1581 2759 1720 2829 dixi,
1834 2771 1967 2811 sum
1998 2756 2320 2812 comedere.
2352 2756 2482 2812 Jam
2533 2761 2671 2813 tunc
2717 2758 3155 2832 praeﬁgurabas,
3188 2759 3393 2828 fateor,
3425 2763 3481 2814 te

112 2843 476 2918 inquietudine
498 2851 558 2902 et
579 2846 980 2902 inventionum
1002 2850 1237 2902 tuarum
1260 2845 1722 2919 peculiarissimo
1834 2844 2374 2917 quandoque,quod
2397 2850 2594 2902 actum
2625 2858 2732 2914 est,
2757 2846 2961 2920 utique
2991 2847 3480 2921 obliturum,quid

113 2951 274 2992 amore
287 2932 464 3010 (quod
496 2936 906 3008 arrogantibus
937 2935 1271 3009 proximum
1297 2935 1560 2992 noscitur
1579 2937 1720 3010 fore)
1832 2932 1903 2987 de
1934 2949 2098 2987 servo
2140 2933 2431 3004 judicaris
2463 2951 2711 3002 reverso,
2733 2936 2861 3006 jam
2893 2935 3079 3008 signis
3127 2937 3483 3009 quibusdam

109 3026 151 3079 te
173 3025 595 3098 deprehendant
618 3023 757 3080 talia
786 3024 1169 3097 congessisse.
1199 3024 1360 3080 Unde
1381 3029 1437 3080 te
1468 3042 1584 3081 non
1618 3025 1722 3081 mi-
1831 3020 2127 3089 fatebaris,
2149 3037 2263 3076 non
2286 3023 2458 3078 modo
2489 3041 2604 3079 non
2627 3024 3018 3096 cogitaturum
3040 3029 3096 3080 te
3117 3026 3328 3081 saltem
3354 3029 3487 3099 post

111 3113 198 3167 rari
218 3115 486 3171 debueras
511 3112 684 3188 paulo
707 3113 978 3186 superius
1010 3113 1261 3187 frete[/.,
1288 3114 1429 3170 frete
1453 3131 1555 3187 pro
1585 3132 1720 3170 con-
1831 3109 2055 3166 Pascha
2097 3110 2312 3166 nedum
2362 3111 2678 3180 dicturum,
2717 3114 2871 3185 quod
2918 3112 3293 3170 exclamative
3339 3115 3484 3169 mihi

111 3201 336 3275 ﬁdenter]
357 3205 569 3273 dicere,
584 3204 738 3276 quod
763 3201 932 3259 siccis
963 3203 1148 3259 oculis
1177 3202 1318 3259 talia
1336 3203 1557 3260 valeres
1587 3220 1718 3276 pro-
1829 3198 2059 3254 dixeras
2087 3217 2100 3254 :
2130 3199 2212 3254 Ne
2245 3215 2572 3272 peccemus,
2596 3200 2838 3273 inquam
2859 3219 2872 3258 :
2893 3203 3033 3274 quid
3065 3201 3322 3274 amplius
3352 3219 3484 3274 pec-

111 3289 391 3361 ferre.Quis
418 3291 579 3350 enim
601 3291 904 3349 charitatis
935 3292 1109 3348 ardor
1131 3307 1423 3364 eam,quae
1455 3292 1515 3347 in
1545 3295 1600 3348 te
1629 3295 1721 3348 est
1751 3279 1794 3346 C
1833 3288 2129 3344 cundum?
2151 3288 2572 3361 Superabunde
2597 3294 2905 3363 peccatum
2927 3295 3017 3348 est
3039 3309 3051 3347 :
3075 3291 3244 3365 quasi
3266 3291 3487 3348 delibe-

112 3377 408 3453 frigiditatis
428 3381 678 3457 glaciem
699 3382 759 3438 in
782 3381 933 3438 rivos
954 3380 1268 3437 resolveret
1288 3380 1681 3454 lacrymarum
1697 3382 1726 3437 ?
1834 3394 2028 3434 rasses
2041 3378 2167 3449 jam
2189 3377 2444 3451 amplius
2465 3396 2582 3435 non
2605 3396 2876 3452 peccare;
2910 3382 3011 3438 sed
3040 3381 3280 3438 Balaam
3301 3399 3489 3438 exem-

113 3468 289 3527 Cereus
318 3487 454 3527 sane
485 3474 644 3527 totus
696 3487 829 3526 cum
860 3469 964 3538 sis,
999 3487 1114 3526 non
1146 3473 1235 3526 est
1283 3469 1642 3542 mirandum,
1674 3469 1724 3526 si
1834 3466 2089 3540 plo,jam
2115 3467 2331 3539 quibus
2362 3469 2742 3525 benedixeras
2763 3469 3329 3543 virtutibus,incipis
3352 3487 3488 3526 con-

114 3555 383 3631 aliquoties
412 3560 617 3632 aliqua
641 3559 873 3616 elicitur
901 3575 972 3616 ex
999 3565 1056 3615 te
1086 3558 1425 3632 lacrymula,
1451 3576 1628 3632 quam
1657 3577 1727 3615 ex
1835 3555 2034 3612 silium
2062 3555 2322 3612 scandali
2355 3556 2850 3630 ministrare,jam
2884 3560 3090 3615 reverti
3129 3562 3195 3616 ut
3223 3559 3385 3616 canis
3415 3560 3490 3616 ad

115 3645 454 3706 instabilitate
475 3653 545 3706 ut
563 3648 800 3706 Balaam
827 3648 986 3704 illius
1006 3648 1259 3721 [subaudi
1277 3647 1494 3723 potius]
1526 3666 1725 3722 proce-
1835 3645 2287 3716 vomitum,jam
2329 3645 2388 3700 in
2421 3647 2648 3719 eodem,
2671 3664 2787 3720 quo
2819 3649 3046 3704 dudum
3087 3649 3301 3715 fueras,
3326 3665 3489 3705 coeno

117 3735 412 3813 dere,quam
433 3757 506 3796 ex
526 3738 746 3796 salubri
766 3738 1236 3811 compunctione,
1255 3737 1399 3793 illud
1422 3739 1726 3811 perSpicue
1835 3734 2032 3802 lutari,
2048 3734 2174 3806 jam
2209 3751 2323 3790 non
2367 3738 2762 3809 curare,quod
2794 3738 3118 3793 cavendum
3151 3737 3210 3793 in
3241 3739 3492 3795 amboue

117 3830 376 3898 approbat,
402 3829 562 3903 quod
593 3827 798 3884 elicere
828 3844 944 3883 non
969 3825 1125 3884 vales
1155 3826 1443 3900 lacrymas
1472 3826 1722 3901 aliquas,
1835 3823 1895 3879 in
1924 3823 2148 3879 Pascha
2177 3823 2398 3892 dixisti,
2429 3842 2501 3880 ne
2532 3824 2757 3882 scilicet
2799 3826 2859 3882 in
2905 3827 3357 3900 quadragesima
3386 3829 3490 3884 do-

118 3913 208 3970 nisi
231 3921 282 3973 te
309 3917 523 3992 aliquis
546 3917 756 3985 videat,
779 3920 881 3972 aut
899 3933 1095 3972 coram
1118 3919 1173 3972 te
1193 3915 1520 3989 plorantem
1543 3916 1726 3973 alium
1836 3929 2002 3968 mum
2044 3917 2440 3970 constructam
2489 3917 2783 3970 transacto
2816 3916 3090 3972 vecordes
3131 3915 3361 3989 Pascha
3389 3917 3488 3972 de-

116 4018 305 4074 cernas,
335 4008 488 4080 quod
523 4011 580 4063 et
608 4024 639 4063 e
667 4005 911 4081 vestigio
943 4006 1312 4079 subsequens
1344 4006 1728 4062 immoderata
1835 4005 2217 4067 strueremus,
2237 4006 2339 4057 aut
2384 4003 2650 4059 immisso
2700 4004 3178 4061 comburercmus
3227 4005 3380 4077 igne,
3417 4022 3488 4060 ne

117 4100 367 4153 monstrat
405 4098 486 4154 ita
516 4112 645 4163 esse
689 4112 945 4168 persaepe
993 4094 1281 4150 hilaritas.
1316 4095 1497 4158 Quem
1528 4099 1726 4150 tamen
1836 4091 2145 4164 expulsum
2174 4109 2208 4146 a
2239 4092 2406 4147 nobis
2439 4091 2812 4147 immundum
2845 4110 2948 4165 per
2976 4093 3375 4164 paenitentiam
3408 4110 3490 4148 ι-θρ

118 4181 287 4242 ﬂetum
307 4187 508 4260 quanti
531 4187 747 4261 pendat
764 4185 983 4242 arbiter
1002 4185 1270 4240 internus
1288 4185 1520 4240 attende
1539 4201 1552 4240 :
1572 4187 1728 4240 Filiae
1833 4197 2176 4237 vocaremus
2197 4180 2471 4253 spiritum
2490 4185 2725 4253 septeno
2749 4180 3028 4235 nimirum
3047 4180 3288 4254 collegio
3307 4198 3490 4236 rever-

116 4272 398 4346 lerusalem,
420 4276 634 4350 inquit,
655 4276 823 4332 nolite
851 4277 986 4346 ﬂere
1011 4289 1176 4346 super
1202 4289 1307 4342 me,
1329 4273 1424 4328 sed
1449 4291 1612 4346 super
1639 4290 1729 4330 vos
1838 4285 2044 4326 surum
2065 4270 2270 4338 (Matth.
2295 4287 2396 4338 xu,
2420 4269 2529 4342 45).
2553 4269 2684 4324 Jam
2716 4269 2872 4325 enim
2904 4270 3491 4343 repinguaris,videri

121 4360 243 4432 (Luc.
272 4383 424 4439 xxiii,
454 4369 578 4437 28);
611 4381 790 4438 super
834 4363 1014 4420 alium
1064 4363 1244 4430 enim,
1277 4379 1392 4418 non
1443 4379 1620 4436 super
1667 4379 1729 4418 se
1839 4359 2010 4415 detur
2034 4362 2098 4414 ut
2125 4358 2305 4430 optio,
2325 4357 2575 4429 qualiter
2601 4375 2834 4432 quoque
2865 4359 3157 4431 pascaris;
3184 4360 3310 4432 jam
3340 4359 3435 4429 vix
3460 4377 3495 4416 a

121 4450 217 4520 flet,
230 4455 321 4527 qui
343 4473 518 4529 super
536 4453 776 4512 alterius
796 4454 949 4510 bono
970 4455 1376 4524 compunctus,
1397 4451 1616 4508 imitari
1638 4469 1732 4508 ne-
1840 4447 2080 4503 lascivia
2110 4446 2404 4514 rctineris,
2428 4446 2542 4502 huc
2559 4447 2817 4520 illucque
2845 4447 3138 4504 desidiose
3175 4449 3494 4518 discurris;

122 4539 392 4618 gligit,quo
412 4545 538 4619 ipse
559 4560 793 4617 quoque
813 4541 1247 4616 compungitur,
1271 4541 1520 4611 bonum;
1545 4541 1732 4614 perdi-
1841 4537 1941 4610 qui
1973 4536 2210 4601 silebas,
2244 4535 2473 4605 rixaris,
2509 4537 2801 4606 detrahis;
2829 4537 3126 4594 securitati
3157 4537 3494 4594 familiaris-

122 4630 335 4689 taeenim
356 4633 678 4708 computari
702 4631 898 4688 valent
925 4631 1214 4703 lacryme,
1235 4647 1364 4702 quae
1395 4629 1531 4686 inde
1561 4631 1729 4699 ﬁunt,
1765 4653 1812 4718 D
1845 4626 2006 4682 simae
2038 4641 2282 4718 semper:
2302 4625 2432 4690 tibi,
2461 4625 2639 4718 ut-ita
2670 4625 3306 4718 loquar,_reconciliari,
3339 4628 3495 4700 quod

125 4720 254 4777 unde
271 4723 499 4780 animus
523 4721 898 4796 lacrymantis
919 4738 1035 4778 non
1058 4724 1243 4776 curat.
1263 4719 1438 4776 Deest
1467 4737 1608 4776 sane
1629 4720 1735 4775 tibi
1765 4713 1803 4718 “
1845 4733 1975 4772 eam
2007 4716 2079 4770 ad
2129 4713 2426 4770 modicum
2475 4713 2803 4787 reliqueris,
2831 4715 3013 4772 solers
3060 4715 3291 4789 incipis,
3327 4721 3384 4773 et
3424 4732 3496 4773 nc

125 4812 453 4870 necessarius
492 4812 593 4886 qui
636 4813 844 4879 fuerat,
879 4810 1099 4867 scilicet
1143 4807 1538 4865 amicissimus
1586 4809 1738 4865 inte-
1845 4806 1997 4861 vires
2055 4804 2278 4876 perdat,
2317 4803 2676 4876 turpiloquia
2731 4821 2867 4860 cum
2924 4804 3171 4860 fallaciis
3219 4805 3496 4878 providus

125 4896 226 4956 rius
243 4900 560 4972 clamitans,
583 4918 776 4971 cerno,
800 4916 1008 4958 suasor
1031 4916 1044 4956 :
1067 4898 1248 4955 Deduc
1265 4899 1427 4972 quasi
1445 4902 1740 4955 torrentem
1846 4894 2078 4950 misces.
2093 4893 2199 4948 Cui
2218 4893 2384 4948 racha
2399 4891 2547 4966 (591)
2567 4892 2750 4948 vitare
2775 4895 3142 4963 successerit,
3166 4895 3409 4950 minime
3431 4894 3497 4948 li-

128 4986 368 5062 lacrymas
407 5009 506 5066 per
533 4991 681 5049 diem
718 4999 770 5048 et
795 4994 1025 5057 noctem,
1055 4997 1106 5045 et
1153 5004 1264 5044 non
1307 4992 1482 5044 taceat
1521 4989 1742 5061 pupilla
1848 4987 1937 5040 cet
1969 4985 2231 5039 conatus.
2256 4982 2774 5055 Quadragesimam
2802 4982 2979 5056 (loqui
3028 4983 3278 5039 timuisti
3324 4983 3495 5053 fatue)

131 5095 714 5221 “3589)Apographus
733 5097 992 5153 habebat
1007 5098 1387 5178 impastorupi,
1412 5096 1690 5151 mendose
1723 5111 1738 5149 :
1851 5109 1885 5149 a
1915 5089 2188 5146 Ratherio
2219 5089 2482 5172 maxima.
2506 5106 2575 5146 ex
2605 5093 2769 5162 parte
2797 5089 3090 5174 descripta
3118 5088 3245 5142 fuit.

240 5169 538 5221 legendum
560 5188 622 5221 ιη
644 5177 925 5221 pastorum
943 5185 1154 5221 sensus
1177 5171 1372 5221 exmit.
1396 5167 1745 5221 Construen-
1923 5162 2072 5221 (591)
2105 5162 2433 5221 chebatur
2468 5179 2528 5216 1n
2574 5161 2910 5221 anogranho
2946 5162 3035 5215 lvi
3078 5159 3245 5214 racha

240 5157 538 5244 legendifm
560 5157 622 5226 in
638 5177 925 5244 pastorum
943 5157 1154 5244 sensus
1177 5157 1745 5244 exigit_.'Const_ruen-
1861 5162 2072 5244 .__(591)
2105 5162 2444 5244 Legebatur'
2468 5161 2528 5244 in
2574 5157 2910 5244 apographo
2946 5157 3037 5241 Yui
3078 5159 3264 5214 racha.
3297 5157 3498 5244 Corre-

132 5235 250 5316 ἀιιιιι
286 5232 580 5316 siquidem
629 5232 717 5298 est
749 5258 762 5297 :
798 5241 950 5316 Quis,
983 5232 1364 5316 inquamtjiiel
1413 5237 1746 5316 condignum
1853 5232 2102 5316 ctibnem
2127 5232 2369 5316 ﬁui'pro
2406 5234 2496 5316 ὶξυί
2527 5232 2829 5316 sententia:
2868 5232 3055 5316 mngis
3080 5233 3501 5316 congrueptem

133 5297 315 5386 audivit
351 5297 649 5386 suspirium
671 5328 774 5384 pro
802 5297 916 5386 luis
938 5297 1136 5386 salleni
1164 5297 1525 5386 delictistam
1548 5297 1742 5386 jravi-
1853 5323 1968 5386 non
2001 5297 2397 5386 dubitavimus
2435 5304 2706 5386 inserere.
2736 5297 3011 5386 Nonnihil
3043 5297 3226 5386 etiam
3249 5297 3501 5386 difﬁcult

137 5378 235 5455 bus,
263 5392 368 5439 tam
392 5374 600 5454 inultis,
637 5374 747 5441 tam
775 5381 949 5455 fwdis,
982 5399 1051 5438 ne
1076 5382 1206 5437 dum
1237 5374 1581 5455 prodelictis
1609 5397 1748 5455 comj
1853 5378 1992 5433 tatis
2024 5377 2082 5432 in
2109 5376 2694 5455 sequentibushujus
2719 5374 2939 5455 periodi
2966 5374 3216 5455 occurrit
3241 5391 3252 5428 :
3282 5389 3408 5455 qua
3442 5375 3506 5427 ut

133 5444 394 5528 mutorum
438 5459 560 5523 tibi,
581 5444 705 5514 cum
750 5444 1060 5510 miserrime
1108 5455 1168 5508 in
1219 5444 1605 5528 praej‘u‘dz'cium
1665 5453 1748 5528 tui
1855 5466 2095 5528 s_ens_u_m
2117 5444 2282 5528 valde
2286 5448 2432 5528 licet
2452 5444 2764 5528 obchrum
2789 5445 3053 5528 reddant,
3065 5444 3508 5528 siccaue-struen-

136 5536 252 5599 mes
277 5517 558 5599 dupliciter
593 5530 653 5583 in
681 5543 910 5583 numero
947 5517 1234 5598 pastoruni
1258 5543 1276 5579 :
1308 5517 1410 5596 qui
1440 5523 1664 5579 scilicet
1693 5527 1750 5579 et
1857 5523 1933 5577 da
1960 5521 2250 5575 videntur.
2271 5520 2379 5599 ραι
2390 5519 2718 5599 successerit
2744 5519 2920 5599 pilare
2961 5517 3150 5599 racha,
3185 5518 3308 5599 licet
3335 5517 3506 5599 inini-

137 5589 414 5670 episcophs
442 5605 497 5656 et
523 5601 703 5656 abbas
732 5603 873 5670 erat.
947 5589 969 5670 ’ί
1037 5668 1045 5670 _
1238 5668 1245 5670 _
1324 5589 1342 5596 ’
1856 5590 2472 5670 me__conutus,_timuisti
2500 5590 2649 5660 loqui
2677 5589 2998 5670 fatue;_jam
3029 5589 3314 5670 invenigns
3341 5590 3509 5670 etiam

353 5671 631 5727 Triduum
677 5668 899 5726 indicat
946 5668 1099 5724 feriae
1150 5668 1388 5740 quintae,
1440 5670 1633 5735 sextae,
1684 5683 1750 5740 ac
1856 5665 2041 5740 millia
2070 5662 2454 5740 conviciorum,
2489 5676 2600 5713 non
2629 5659 2829 5740 vereris
2860 5659 3171 5740 transgredi
3201 5660 3508 5740 Quadrage-

137 5732 345 5800 sabbati
375 5741 747 5805 hebdomadas
791 5745 1025 5808 sanctze,
1060 5732 1277 5817 quibus
1312 5732 1432 5798 haec
1463 5732 1750 5800 confessio
1859 5737 2077 5805 simam,
2100 5748 2275 5806 neque
2296 5733 2493 5789 timens
2522 5732 2776 5790 excedere
2806 5733 2938 5806 ipsis
2965 5733 3132 5791 etiam
3158 5732 3433 5790 manibus.
