4056 6400
537 361 661 431 835

1446 355 1839 437 ’ΒΑΤΗΕΒΠ
1888 358 2135 436 EPISG.
2179 359 2478 436 vnaon.
2515 361 2688 436 opp.
2733 370 2934 436 PARS
2977 366 3028 435 ι.

3836 364 3956 433 436

525 501 655 576 jam
685 501 1079 562 conviciorum
1110 506 1294 564 millia
1325 507 1499 564 etiam
1528 507 1828 564 inveniens
1854 505 2181 578 transgredi
2211 502 2268 575 Α
2295 505 2666 578 compertas?
2695 505 2985 574 Interdici,
3011 491 3166 578 quod
3211 502 3356 562 facis
3399 502 3729 571 temerarie,
3757 505 3954 578 audis,

539 610 653 648 non
682 594 919 660 vereris,
943 595 1089 668 ipsis
1110 597 1282 653 etiam
1306 615 1492 668 neque
1515 597 1788 652 manibus
1818 597 2088 652 excedere
2121 595 2188 650 ti-

537 697 728 738 mens.
751 682 882 738 Jam
915 685 1130 755 quibus
1155 685 1324 756 quasi
1357 686 1636 759 gradibus
1668 686 1874 742 reverti
1905 686 1977 741 ad
1999 684 2191 740 Domi-

539 787 682 826 num
713 770 774 826 in
807 772 960 827 edito
992 775 1246 844 positum
1277 779 1332 829 te
1353 774 1497 830 velle
1525 775 1868 842 simulabas,
1891 779 2045 830 retro
2068 789 2192 846 per-

538 857 658 930 gis;
692 859 908 932 quique
941 879 1176 934 surgere
1206 866 1261 918 te
1291 862 1435 918 velle
1461 863 1608 918 mihi
1639 862 2036 928 mentiebaris,
2060 879 2190 933 per-

538 947 741 1019 spicue
773 948 912 1018 ruis,
944 954 999 1005 te
1049 951 1118 1007 de
1149 956 1268 1006 rete
1299 951 1560 1024 pristinae
1611 951 2068 1008 conversationis
2097 967 2190 1005 as-

541 1051 762 1104 serens,
795 1039 998 1109 quanti
1033 1039 1224 1096 adhnc
1253 1057 1382 1096 eam
1416 1041 1651 1108 habeas,
1686 1041 1906 1113 prodis,

609 1125 697 1180 38.
723 1126 833 1181 Sed
874 1127 1013 1198 quid
1046 1129 1280 1201 magis?
1310 1129 1458 1194 Quid
1490 1129 1589 1185 alii
1621 1131 1690 1186 de
1723 1134 1778 1186 te
1809 1130 2083 1196 sentiant,
2107 1129 2190 1182 vi-

541 1211 758 1282 derint;
792 1215 934 1270 mihi
966 1216 1181 1272 videris
1212 1219 1375 1289 pejor
1404 1218 1658 1290 pessimo
1689 1217 2024 1274 istiusmodi
2056 1234 2192 1272 con-

542 1300 815 1360 fessionis
845 1309 1190 1376 argnmento
1239 1307 1502 1372 effectus,
1536 1307 1582 1362 si
1616 1307 1768 1362 desit
1813 1324 1916 1380 per
1959 1305 2195 1361 miseri-

542 1389 804 1447 cordiam
852 1391 953 1447 Dei
1010 1393 1344 1462 donandus,
1394 1398 1451 1450 et
1494 1395 1566 1450 ob
1625 1395 1682 1450 id
1743 1395 1962 1467 absque
2017 1395 2194 1449 inter-

541 1478 827 1536 missione
871 1482 944 1536 ab
992 1499 1059 1537 eo
1106 1484 1403 1554 quaerendi
1443 1485 1506 1555 [l.
1540 1486 1912 1556 quaerendus]
1957 1481 2199 1539 interior

542 1572 602 1623 et
631 1569 964 1638 continuus,
999 1587 1174 1643 quem
1219 1572 1323 1627 tibi
1356 1590 1472 1628 non
1523 1589 1650 1630 esse
1697 1577 1754 1628 et
1799 1571 2091 1630 conﬁteris
2139 1575 2198 1628 et

539 1655 732 1726 video,
764 1660 1038 1731 gemitus.
1072 1661 1131 1716 Si
1162 1663 1318 1718 enim
1346 1663 1644 1719 dormiens
1672 1664 1752 1718 nil
1777 1665 1953 1731 videt,
1978 1669 2067 1720 est
2093 1664 2198 1718 nti-

545 1760 658 1817 que
690 1747 984 1819 naturale;
1009 1750 1345 1823 vigilantem
1368 1751 1516 1825 (592)
1538 1769 1670 1808 vero
1703 1758 1768 1808 nt
1795 1759 2024 1810 constat
2043 1753 2197 1810 289

548 1833 766 1907 videre,
797 1834 879 1892 ita
921 1842 977 1894 et
1023 1855 1132 1894 sna
1197 1840 1428 1909 referre,
1471 1841 1520 1897 si
1567 1841 2040 1916 interemptorem
2106 1841 2197 1898 sui

546 1937 743 1979 coram
775 1940 840 1980 se
867 1927 1127 1998 positum
1176 1929 1422 2003 negligit
1464 1930 1772 1987 declinare.
1799 1933 2056 1996 Quantos
2086 1931 2198 2005 igi-

543 2015 643 2066 tur
671 2012 877 2070 animae
907 2019 1018 2071 tua:
1060 2019 1437 2074 subversores
1469 2024 1603 2074 ante
1634 2025 1688 2076 te
1728 2020 1945 2078 habeas
1977 2021 2198 2094 positos

544 2101 756 2168 cernis,
781 2107 839 2159 et
877 2104 1166 2162 declinare
1214 2107 1516 2163 interitum
1567 2110 1851 2182 gemendo
1884 2111 2114 2178 saltem,
2149 2110 2199 2166 si

542 2189 828 2263 condigne
859 2194 1190 2265 poenitendo
1221 2213 1337 2252 non
1367 2197 1544 2263 vales,
1578 2197 1848 2272 negligis,
1872 2205 1930 2255 et
1959 2216 2053 2256 me
2083 2216 2198 2254 non

543 2276 614 2333 de
644 2282 699 2334 te
746 2280 1054 2354 desperare
1102 2285 1598 2357 compellis(593).
1624 2287 1771 2351 Quid
1817 2289 1975 2344 enim
2024 2288 2202 2344 miser

542 2371 714 2438 putas
736 2372 1012 2441 prodesse
1033 2390 1160 2444 quae
1185 2375 1354 2445 (594),
1376 2375 1688 2430 imminent
1708 2378 1978 2450 crevisse,
2001 2379 2049 2434 si
2073 2395 2207 2434 con.

539 2454 730 2529 tingat
777 2475 895 2515 non
943 2462 1245 2518 evasisse?
1277 2462 1518 2534 Repelli,
1544 2465 1814 2520 sacerdos
1847 2483 1981 2522 eum
2014 2467 2116 2534 sis,
2147 2471 2202 2523 te

543 2545 618 2598 ab
648 2546 961 2604 oii‘erendis
998 2551 1109 2607 Deo
1140 2551 1393 2622 panibus
1423 2551 1603 2619 vides,
1633 2556 1690 2607 et
1722 2553 1966 2609 minime
1995 2554 2204 2628 luges?

545 2632 1053 2693 Maledictionibns
1074 2642 1130 2693 te
1154 2638 1384 2694 Domini
1414 2640 1616 2711 impeti
1635 2641 1818 2707 vides,
1842 2646 1896 2698 et
1925 2643 2199 2716 ﬂereLnon

545 2720 743 2778 vales?
764 2722 953 2781 furem
976 2729 1034 2781 te
1060 2727 1240 2784 miser
1260 2731 1433 2800 atque
1463 2727 1747 2785 latronem
1769 2731 1981 2788 veritas
2001 2733 2198 2805 appel-

547 2808 650 2878 lat,
664 2815 721 2868 et
740 2829 846 2869 nec
867 2814 1059 2870 furata
1072 2815 1158 2871 vis
1181 2818 1439 2884 reddere,
1457 2834 1561 2873 nec
1578 2819 1629 2873 vi
1653 2823 1818 2892 rapta
1839 2820 2195 2894 relinquere;

548 2916 654 2956 nec
674 2900 882 2959 saltem
905 2921 1020 2960 non
1051 2906 1222 2960 modo
1251 2923 1353 2978 pro
1377 2907 1529 2963 furto
1561 2912 1618 2963 et
1646 2908 1969 2978 latrocinio,
1992 2929 2196 2967 verum

548 3005 653 3062 pro
683 2991 814 3064 ipsa
843 3010 958 3049 non
1001 2995 1348 3051 emendandi
1395 2996 1611 3052 duritia
1657 2997 1943 3072 lacrymas
1973 3001 2058 3056 vel
2093 3001 2196 3056 ali-

545 3094 694 3151 quas
725 3079 921 3137 animo
961 3086 1370 3139 consternatus
1409 3085 1682 3157 suspiriis
1712 3087 1997 3144 miscere?
2025 3089 2196 3146 Veste

543 3168 792 3242 nuptiali
823 3174 878 3228 te
897 3172 1091 3228 carnis
1112 3189 1336 3241 carere;
1368 3177 1425 3230 et
1453 3173 1513 3229 in
1537 3175 1758 3247 nuptiis
1781 3176 1993 3234 Christi
2016 3181 2073 3234 et
2097 3179 2197 3235 Ec-

2297 599 2352 651 et
2372 613 2542 668 agere
2573 612 2942 668 nequaquam
2967 595 3256 651 dimittis?
3274 596 3380 652 Sed
3416 595 3659 669 qnid?Si
3681 595 3952 664 dimittis,

2297 684 3113 755 deinobedientiajudicaris;
3141 685 3280 756 quia
3300 685 3454 741 enim
3475 685 3719 741 sortitus
3741 701 3807 741 es
3822 703 3958 758 quo-

2299 791 2412 846 quo
2444 775 2616 829 modo
2649 773 3068 840 ministerium,
3091 775 3412 830 necessitas
3443 774 3546 830 tibi
3573 775 3868 830 incumbit
3895 773 3957 829 il-

2296 861 2397 917 lud
2421 861 2667 934 explere,
2694 878 2765 917 ne
2787 862 3153 933 injudicium
3179 863 3368 935 magis
3395 879 3573 935 quam
3605 862 3666 918 in
3699 863 3960 918 ministe-

2299 951 2452 1006 rium
2484 951 2628 1006 illud
2658 950 2908 1007 videaris
2940 951 3183 1007 sortitus
3217 953 3418 1008 fuisse.
3447 952 3565 1008 Hoc
3594 952 3782 1025 igitur
3809 952 3956 1007 bivio

2299 1038 2654 1112 interceptus
2686 1057 2865 1112 quam
2902 1039 3288 1112 desperabilis
3322 1040 3406 1096 sis
3438 1045 3614 1112 atque
3643 1039 3955 1108 dolendus,

2302 1128 2634 1184 consideres
2665 1145 2863 1200 quaeso
2897 1127 3205 1184 sollicitus.
3233 1129 3356 1184 Nisi
3383 1145 3516 1185 vero
3547 1133 3608 1184 tn
3639 1129 3801 1185 idem
3833 1147 3961 1185 con-

2303 1217 2452 1272 ﬁteri
2484 1217 2889 1290 anticipasses,
2913 1233 3142 1274 vererer
3170 1221 3388 1286 tamen,
3415 1235 3486 1274 ne
3515 1218 3763 1274 subdole
3791 1218 3960 1291 quid-

2303 1305 2446 1376 quid
2477 1305 2790 1378 Gregorius
2818 1309 3019 1362 contra
3047 1306 3344 1379 reprobos,
3370 1305 3764 1374 simulatores,
3790 1312 3850 1362 et
3877 1323 3964 1362 ar-

2303 1397 2574 1466 rogantes
2604 1393 2665 1448 in
2697 1393 3016 1451 Moralibns
3062 1394 3342 1468 loquitur,
3377 1394 3643 1452 absolute
3683 1395 3797 1452 tibi
3828 1411 3964 1451 con-

2301 1483 2496 1540 venire
2545 1483 3340 1556 proferrem.Loqnacitatem
3391 1485 3608 1559 quippe
3655 1489 3772 1540 tua:
3825 1501 3965 1540 con-

2305 1571 2571 1628 siderans
2632 1573 2997 1646 arrogantiae,
3054 1573 3183 1628 Elin
3243 1573 3412 1646 quasi
3470 1573 3644 1629 audio
3703 1573 3900 1629 dicere
3953 1591 3966 1630 :

2307 1662 2461 1718 290
2489 1662 2692 1717 Plenus
2738 1679 2857 1717 sum
2908 1663 3266 1728 sermonibus,
3300 1667 3351 1718 et
3395 1667 3637 1719 coarctat
3677 1679 3766 1718 me
3795 1664 3973 1736 spiri-

2305 1758 2392 1806 tus
2412 1753 2558 1805 uteri
2578 1753 2708 1819 mei,
2729 1767 2798 1807 en
2818 1757 3010 1807 ventus
3042 1753 3104 1824 [l.
3127 1750 3347 1826 venter]
3367 1767 3520 1808 meus
3542 1754 3705 1825 quasi
3719 1761 3974 1808 mustum

2305 1840 2503 1912 absque
2542 1842 2839 1912 spiracula,
2868 1841 3008 1913 quod
3055 1842 3381 1913 lagunculas
3428 1857 3596 1897 novas
3639 1842 3972 1913 disrumpit,

2310 1928 2503 2000 loquar
2553 1933 2603 1985 et
2651 1931 2924 2002 respirabo
2977 1932 3272 2003 paulutum
3314 1931 3428 2002 (Job
3470 1947 3666 1999 xxxm,
3703 1932 3820 2002 18.)
3853 1930 3973 1987 Sed

2309 2017 2561 2073 multum
2595 2020 2775 2074 vereri
2825 2024 2946 2075 tam
2979 2023 3041 2075 tu
3089 2021 3396 2085 debueras,
3420 2035 3598 2092 quam
3645 2019 3971 2092 complices

2309 2106 2369 2160 in
2401 2106 2743 2178 hnjnsmodi
2764 2108 2870 2176 tui,
2895 2108 2996 2181 qui
3017 2109 3155 2164 dum
3185 2107 3446 2164 aemulari
3468 2107 3812 2180 eloquentes
3835 2125 3972 2165 con-

2309 2196 2548 2253 tenditis
2568 2197 2932 2271 vaniloquos,
2957 2197 3271 2254 imitamini
3294 2197 3482 2270 magis
3504 2196 3893 2270 philosophos
3914 2202 3973 2254 et

2311 2285 2625 2357 sequimini
2656 2286 3086 2360 phiIOpompos,
3112 2287 3298 2344 notari
3327 2286 3386 2342 in
3419 2303 3535 2344 uno
3566 2303 3682 2344 non
3709 2303 3814 2344 vos
3836 2305 3969 2360 per-

2309 2375 2648 2444 pendentes,
2672 2393 2806 2431 cnm
2837 2376 2952 2431 dici
2985 2375 3199 2431 auditis
3234 2391 3247 2430 :
3283 2375 3493 2432 Stultus
3535 2379 3707 2432 totum
3747 2379 3970 2449 profert

2309 2476 2528 2518 sensum
2555 2481 2718 2519 suum
2749 2465 2931 2537 (Prov.
2964 2482 3118 2532 xx1x,
3144 2465 3254 2537 11),
3278 2470 3333 2520 et
3363 2468 3428 2519 ut
3455 2464 3729 2536 adjiciam
3764 2481 3780 2519 :
3814 2465 3973 2523 Sicut

2308 2553 2437 2607 urbs
2452 2561 2643 2626 patens
2671 2562 2722 2610 et
2749 2556 2952 2626 absque
2979 2571 3264 2610 murorum
3291 2555 3583 2619 obstaculo,
3617 2555 3697 2610 sic
3724 2557 3827 2626 qui
3854 2572 3971 2611 non

2303 2645 2481 2713 potest
2501 2644 2559 2697 in
2592 2643 2856 2714 loquendo
2883 2644 3129 2700 cohibere
3155 2644 3414 2716 spiritum
3441 2660 3602 2700 suum
3623 2645 3807 2713 (Prov.
3829 2662 3970 2714 xxv,

2305 2733 2418 2799 28).
2444 2731 2516 2787 Ut
2543 2731 2661 2786 dixi
2692 2750 2847 2800 vero,
2867 2733 3051 2788 vereri
3084 2733 3391 2800 debueras,
3416 2748 3488 2788 ne
3518 2748 3652 2788 cum
3683 2731 3806 2802 illo,
3831 2733 3972 2789 imi-

2307 2820 2417 2874 tari
2452 2839 2624 2893 quem
2676 2822 2916 2895 satagis,
2940 2822 3011 2877 de
3040 2826 3095 2878 te
3125 2821 3238 2878 dici
3279 2821 3544 2890 audires;
3571 2822 3835 2892 [subaudi
3867 2823 3969 2878 de-

2306 2908 2539 2981 bueras]
2572 2911 2778 2967 timere
2807 2912 3004 2987 etiam,
3029 2928 3100 2967 ne
3138 2916 3196 2968 et
3236 2910 3378 2966 illud
3411 2910 3484 2966 de
3511 2909 3747 2966 turbine
3777 2928 3972 2984 neque

2305 3015 2408 3070 per
2437 2998 2670 3072 aliquod
2693 3000 2870 3055 etiam
2898 2999 3250 3056 sacriﬁcium
3273 2999 3719 3057 reconciliandis
3742 3000 3972 3072 [subau-

2304 3087 2364 3143 di
2376 3089 2644 3161 audires]
2668 3107 2680 3145 :
2708 3089 2838 3157 Quis
2869 3093 2948 3145 est
2978 3091 3254 3146 involvens
3293 3091 3595 3146 sententias
3624 3091 3972 3146 sermonibus

2308 3178 2617 3249 imperitis?
2647 3179 2764 3251 (Job
2792 3196 3028 3248 xxxvm,
3068 3179 3148 3252 2.)
3179 3181 3364 3246 Quam
3412 3196 3545 3236 vero
3595 3177 3750 3235 infra
3797 3197 3971 3236 eum-

542 3257 752 3329 elesiaa,
778 3261 1023 3332 pedibus
1069 3265 1127 3318 et
1168 3263 1443 3318 manibus
1475 3262 1670 3335 ligatis
1703 3281 1772 3321 ne
1803 3266 1861 3321 in
1895 3268 2192 3325 caminum
2224 3260 2267 3328 C
2305 3266 2462 3334 dem,
2495 3284 2669 3339 quem
2726 3267 3008 3342 sequeris,
3057 3269 3260 3342 utique
3317 3267 3418 3338 sis,
3465 3267 3972 3341 comprehendere

542 3345 697 3418 ignis
715 3347 1038 3406 mittendus
1070 3351 1320 3422 turpiter
1338 3352 1666 3408 extrudaris
1688 3371 1803 3409 non
1825 3372 2050 3423 verens,
2074 3359 2200 3415 sine

541 3433 816 3506 lacrymis
837 3438 1016 3493 audes
1039 3436 1248 3494 saltem
1273 3441 1610 3497 recumbere
1627 3443 1654 3497 ?
1674 3443 2000 3500 Anathema
2031 3447 2202 3504 audis

543 3521 866 3594 recipienti,
890 3529 947 3580 et
971 3525 1105 3582 ﬂere
1125 3526 1491 3599 impossibile
1529 3535 1618 3584 est
1657 3531 1803 3587 tibi?
1836 3535 2078 3590 Pecunia
2106 3545 2203 3592 tua

545 3615 722 3666 tecum
749 3612 838 3676 fsit
887 3614 949 3668 in
987 3615 1353 3685 perditionem
1400 3617 1682 3689 (Act.v1n,
1710 3622 1824 3693 20),
1867 3624 2201 3695 apostolum

547 3699 718 3756 audis
747 3700 982 3758 Petrum
1010 3703 1230 3760 Simoni
1259 3722 1429 3779 mago
1454 3706 1765 3778 dicentem,
1791 3714 1846 3766 et
1868 3717 1932 3767 ut
1953 3717 2058 3769 ate
2079 3731 2204 3786 per-

546 3788 692 3845 ditio
720 3794 1034 3860 avertatur,
1060 3809 1174 3850 non
1213 3795 1478 3866 postulas
1519 3814 1747 3869 precem
1771 3799 1849 3869 [id
1877 3809 1954 3857 est
1983 3806 2204 3877 orem]?

543 3878 831 3936 Ananiam
875 3884 932 3936 et
980 3882 1289 3954 Saphiram
1338 3901 1442 3956 pro
1491 3885 1796 3960 sacrilegio
1828 3894 1944 3946 ate
1970 3909 2202 3967 quoque

545 3967 861 4026 commisso
887 3971 1180 4044 conspicis
1205 3973 1486 4046 expirare,
1504 3978 1561 4030 et
1581 3975 1684 4030 tibi
1709 3977 1843 4034 ﬂere
1865 3979 2202 4042 nullatenus

543 4062 632 4115 est
663 4059 982 4130 possibile?
1011 4061 1166 4118 Giezi
1207 4063 1497 4136 conspicis
1543 4063 1793 4136 lopram;
1823 4073 1881 4123 et
1909 4067 2201 4142 leprosam

545 4146 780 4204 ﬂetibus
811 4165 929 4205 non
963 4150 1153 4207 deluis
1185 4151 1484 4208 animam?
1513 4153 1818 4227 Templum
1847 4157 1948 4213 Dei
1971 4159 2029 4214 in
2059 4165 2116 4216 te
2145 4165 2204 4218 et

541 4234 603 4291 in
625 4235 756 4293 aliis
774 4237 1022 4307 violasti,
1040 4239 1395 4296 oblationem
1418 4241 1606 4297 Patris
1629 4244 1714 4298 tui
1740 4247 1985 4302 Domino
2007 4250 2202 4306 abstu-

540 4323 692 4382 listi:
725 4329 782 4382 et
825 4326 887 4382 in
932 4328 1104 4384 domo
1141 4329 1410 4386 Ecclesiae
1460 4331 1557 4386 Dei
1604 4333 1956 4392 ﬁducialiter
1997 4355 2196 4412 agens,

543 4413 710 4470 altari
731 4416 860 4486 ejus
885 4416 1010 4472 sine
1030 4417 1306 4489 lacrymis
1328 4419 1650 4476 oblationes
1673 4423 1932 4480 ﬁdelium
1958 4444 2199 4486 securus

545 4503 842 4575 imponis?
880 4505 1093 4561 Deesse
1122 4507 1227 4562 tibi
1273 4509 1564 4580 conspicis
1609 4510 1868 4570 lactucas
1915 4522 2194 4589 agrestes,

543 4594 601 4644 et
621 4606 839 4663 agnum
857 4593 958 4649 Dei
981 4595 1282 4650 comedere
1303 4597 1520 4652 audes?
1541 4615 1801 4671 azymam
1821 4619 1934 4658 non
1959 4604 2193 4677 habere,

542 4682 601 4736 et
629 4679 700 4734 de
725 4681 950 4738 Pascha
982 4685 1370 4755 praesumere?
1401 4685 1772 4744 Fermentnm
1817 4692 1875 4746 in
1913 4696 1968 4748 te
2010 4697 2193 4753 sentis

541 4766 780 4824 malitia
808 4773 865 4825 et
895 4771 1196 4840 nequitiae;
1219 4777 1277 4829 et
1305 4773 1527 4845 epulari
1559 4775 1617 4831 in
1651 4778 1894 4835 Domino
1925 4784 2106 4840 audes
2136 4789 2193 4842 te

537 4861 723 4914 satem
773 4859 861 4931 ΠΣ,
884 4858 1115 4932 saltem]
1139 4861 1228 4917 vel
1251 4863 1526 4919 credere?
1556 4865 1776 4923 Habere
1798 4870 2106 4929 adversum
2138 4879 2194 4932 te

536 4945 758 5006 multos
789 4947 978 5004 multa
1015 4965 1132 5005 non
1165 4950 1418 5024 ignoras,
1452 4955 1508 5007 et
1539 4970 1782 5011 munera
1830 4963 1962 5015 ante
2009 4961 2190 5020 altare

603 5054 752 5132 (592)
785 5055 1069 5114 Construe
1099 5075 1110 5113 :
1152 5059 1343 5113 Verum
1372 5063 1434 5114 ut
1461 5065 1669 5115 constat
1697 5063 2015 5132 vigilantem
2045 5071 2188 5126 vide-

533 5143 612 5193 re,
646 5129 726 5182 ita
751 5135 803 5183 et
828 5134 1042 5184 constat
1070 5131 1278 5200 referre
1304 5147 1427 5196 sua,
1459 5133 1509 5184 si
1535 5129 1769 5203 negligit
1793 5135 2069 5196 declinare
2097 5144 2188 5197 in-

532 5204 907 5272 teremptorem
935 5205 1026 5256 sui
1049 5218 1235 5256 coram
1263 5219 1320 5256 se
1346 5204 1604 5272 positum.

603 5270 754 5346 (.593)
783 5272 851 5346 _ld
881 5276 972 5327 est
998 5275 1272 5343 compellit
1302 5270 1356 5328 et
1379 5289 1464 5326 me
1494 5289 1599 5326 non
1635 5275 1921 5346 desperare
1949 5282 2014 5336 de
2043 5291 2109 5339 te.

603 5341 750 5426 (594)
783 5341 1011 5426 In‘ms.‘
1043 5341 1504 5426 quia'corruptae
1553 5362 1657 5415 pro
1704 5341 1847 5418 quae.
1884 5352 2132 5426 _Explica
2168 5376 2180 5413 :

530 5413 762 5534 creviisse
819 5413 872 5466 id
930 5419 1020 5469 est
1051 5413 1302 5470 ‘vidisse
1360 5413 1412 5470 οξ
1447 5413 1627 5484 cerno,
1686 5413 1804 5490 qua).
1871 5413 2178 5498 imminent,

532 5495 599 5534 st.
635 5497 664 5533 e
696 5498 746 5534 c.

777 5553 878 5626 llic
901 5553 1064 5610 locus
1092 5557 1326 5613 lnxatus
1349 5556 1534 5623 valde,
1563 5563 1618 5613 et
1648 5561 1788 5616 forte
1809 5563 1980 5621 etiam
2017 5586 2179 5626 men-

529 5621 1476 5723 dosusadnm‘Echesiaurinnuit
1567 5630 1841 5723 .l‘tatheriO
1874 5621 2178 5723 ampliﬁce.

529 5697 662 5774 lant,
698 5698 756 5748 et
800 5701 999 5777 postea
1030 5699 1304 5777 _factiosis
1355 5701 1695 5777 hominibus
1744 5697 2177 5777 postulantibus

526 5770 688 5837 regia
736 5770 1076 5826 auctoritate
1124 5772 1402 5840 dirutam,
1436 5788 1578 5830 num
1610 5776 1680 5832 de
1709 5770 1843 5836 vera
1891 5770 2176 5845 materiali

2313 3355 2491 3424 vales,
2520 3373 2654 3412 cum
2686 3360 2741 3412 te
2780 3357 3096 3430 prophetiae
3125 3357 3398 3431 spiritum
3429 3356 3663 3423 habere,
3696 3362 3763 3413 ut
3792 3357 3970 3415 illum

2309 3445 2613 3515 habuisse,
2645 3445 2981 3502 nullatenus
3027 3447 3207 3514 vides,
3239 3446 3297 3502 Si
3336 3463 3469 3501 vero
3499 3445 3847 3517 hnjnsmodi
3895 3449 3972 3504 de

2311 3535 2594 3606 propheta
2631 3535 2694 3589 ﬁt
2737 3535 3131 3608 exprobratio;
3165 3536 3235 3592 de
3266 3533 3642 3608 compilatore
3688 3539 3748 3590 et
3795 3553 3974 3608 syco—

2311 3623 2551 3696 phanta,
2574 3623 2695 3696 qui,
2719 3627 2784 3679 ut
2813 3625 3097 3700 scriptum
3128 3629 3237 3692 est,
3261 3626 3323 3680 in
3342 3623 3774 3679 similitudinem
3792 3627 3974 3681 arioli

2312 3722 2362 3768 et
2391 3714 2708 3784 conjectoris
2743 3715 2982 3770 wstimat
3023 3714 3162 3786 quod
3208 3715 3426 3783 ignorat
3473 3713 3656 3782 (Prov.
3683 3729 3853 3780 XXIII,
3885 3716 3972 3782 7),

2313 3803 2468 3874 quod
2500 3802 2612 3857 dici
2642 3801 2795 3859 valet
2822 3802 3138 3859 vanissimo
3181 3807 3258 3872 et,
3293 3801 3447 3876 quod
3495 3801 3687 3874 pejus,
3721 3804 3975 3860 menda-

2312 3890 2549 3947 cissimo
2565 3892 2593 3946 ?

2382 3981 2470 4036 39.
2495 3980 2568 4036 Ut
2596 3997 2728 4037 vero
2760 3981 3064 4054 agnoveris
3093 3997 3270 4054 quam
3309 3979 3549 4036 vilescat
3597 3979 3977 4052 sapientibus

2310 4070 2538 4125 vanitas
2565 4069 2678 4126 ista
2706 4070 2828 4126 hazc
2849 4075 2970 4139 tua,
2995 4071 3300 4127 considera
3329 4086 3462 4126 cum
3492 4068 3610 4126 illis
3639 4070 3867 4143 pariter
3885 4089 3978 4128 re-

2311 4159 2621 4230 probatum
2651 4159 2808 4229 Saul,
2841 4160 3218 4232 prephetasse
3261 4159 3571 4232 Caipham;
3618 4160 3796 4216 redde
3840 4176 3974 4217 me-

2311 4247 2510 4303 moria:
2543 4249 2788 4304 rationis
2817 4249 2994 4306 verba
3032 4249 3260 4306 asinam
3299 4265 3369 4304 ex
3395 4247 3620 4304 visione
3649 4247 3847 4321 angeli
3880 4266 3976 4306 ac-

2309 4337 2553 4408 cepisse,
2600 4337 2905 4404 daemonia,
2938 4338 3167 4408 Scimus,
3211 4338 3332 4416 quis
3375 4338 3469 4406 sis,
3517 4336 3766 4392 Christus
3809 4338 3972 4406 ﬁlius

2308 4425 2406 4482 Dei
2435 4427 2585 4496 (Luc.
2611 4443 2685 4495 ιν,
2712 4427 2823 4498 34),
2849 4427 3084 4495 dixisse,
3108 4431 3164 4483 et
3211 4425 3434 4483 nullius
3468 4426 3541 4481 ob
3572 4425 3683 4482 hoc
3729 4429 3788 4482 te
3835 4443 3970 4483 mo-

2307 4515 2510 4582 menti,
2545 4515 2593 4572 si
2639 4515 2940 4588 loquacior
2986 4516 3068 4572 sis
3117 4517 3357 4586 caeteris,
3381 4531 3528 4584 esse,
3554 4515 3773 4586 poteris
3821 4533 3970 4572 con-

2304 4605 2536 4673 iectare.
2571 4605 2671 4660 Vir
2720 4605 2900 4674 enim,
2939 4607 3041 4678 qui
3092 4609 3310 4677 ﬂuxum
3359 4606 3588 4662 seminis
3640 4604 3972 4676 patiebatur

2305 4694 2493 4765 (Levit.
2531 4711 2624 4762 xv,
2651 4695 2730 4766 2),
2760 4695 3075 4752 immundus
3103 4696 3273 4766 juxta
3314 4693 3522 4767 legem,
3555 4709 3673 4748 non
3717 4695 3970 4768 conspi—

2302 4799 2448 4839 cuus
2477 4783 2564 4854 (nt
2591 4783 2773 4839 videri
2818 4783 3034 4857 inhias)
3065 4786 3206 4847 erit,"
3231 4783 3384 4840 sicut
3429 4787 3487 4840 et
3533 4783 3605 4838 de
3651 4780 3968 4840 laboribus

2301 4871 2746 4944 inquietissimze
2764 4873 3192 4946 inquietudinis
3209 4871 3564 4946 tuae,quibus’
3579 4874 3773 4928 erecto
3787 4871 3964 4942 collo,

2301 4961 2632 5034 superciliis
2687 4961 2924 5019 elevatis
2961 4964 3111 5037 (595)
3155 4961 3570 5036 ampliﬁcatam
3626 4959 3962 5020 Ecclesium

2298 5067 2540 5142 ecclesia
2571 5068 2987 5142 intelligendus
3012 5071 3106 5138 sit,
3147 5069 3543 5142 vehementer_
3567 5066 3963 5142 ambigimns.

2296 5140 2493 5212 Neque
2522 5140 2678 5195 enim
2712 5139 3011 5212 probabile
3040 5147 3130 5199 est
3175 5141 3484 5198 factionem
3529 5139 3845 5212 hominum
3882 5141 3960 5196 ad

2293 5211 2496 5266 verens
2529 5211 2866 5284 ltatherium
2915 5215 3056 5269 adeo
3086 5215 3414 5278 dessevisse,
3440 5216 3504 5267 ut
3530 5211 3826 5284 templum
3873 5212 3960 5284 _ab

2294 5300 2358 5339 eo
2398 5282 2820 5354 ampliﬁcatum
2864 5285 3300 5341 demoliendnm
3343 5282 3728 5351 duxerintfet
3759 5282 3959 5339 multo

2294 5354 2490 5430 minus
2510 5354 2960 5430 verisimile_est,
2985 5357 3470 5430 Ottonemiregem
3497 5354 3554 5409 in
3584 5359 3957 5430 tantnm__sa-

2291 5425 2596 5500 _crileginm
2627 5427 3031 5500 auctoritatem
3072 5435 3127 5484 et
3169 5425 3384 5484 milites
3407 5425 3778 5500 praestitisse.
3814 5425 3956 5500 Haec

2289 5497 2487 5569 itaque
2525 5497 2830 5570 allegorice
2874 5501 3250 5556 verisimilius
3299 5497 3637 5570 accipienda
3683 5499 3957 5570 suntdde

2291 5567 2535 5643 mystica
2565 5567 2668 5625 seu
2703 5571 2829 5626 viva
2860 5571 3114 5628 Ecclesia
3143 5567 3502 5637 Leodicensi,
3531 5569 3590 5624 in
3622 5585 3741 5696 (tua
3770 5567 3958 5623 aediﬁ-

2291 5642 2472 5696 canda
2501 5657 2600 5696 seu
2652 5642 3067 5696 ampliﬁcanda
3095 5645 3238 5696 dum
3271 5643 3580 5696 laboraret.
3612 5657 3642 5696 e
3716 5644 3803 5694 Ita
3852 5655 3954 5696 res

3612 5657 3642 5696 θ

2288 5639 2472 5698 cauda
2501 5657 2600 5697 seu
2652 5642 3067 5713 ampliﬁcanda
3095 5645 3238 5699 dum
3271 5643 3580 5709 laboraret,
3612 5639 3670 5696 et
3716 5639 3805 5713 ita
3852 5655 3954 5696 res

2287 5714 2432 5769 bene
2463 5714 2710 5781 cederet,
2737 5711 2800 5771 ut
2830 5732 2946 5773 non
2968 5716 3177 5788 exigua
3206 5715 3318 5788 ipsi
3339 5713 3525 5788 gloria
3549 5713 3683 5786 post
3709 5711 3953 5771 obitum
