4056 6384
165 363 275 429 437

1016 360 1501 430 EXGERPTUM
1542 361 1648 427 EX
1689 356 2039 429 DIALOGO
2073 362 2711 432 CONFESSIONALI.

3443 363 3566 435 438

166 496 400 575 spatiolo
431 495 804 567 minoratam,
846 497 1072 556 meritis
1117 499 1440 569 dilatatam,
1493 502 1798 557 structuras
1826 497 1884 568 Α
1910 502 2082 572 veris,
2119 502 2262 559 dum
2293 502 2615 577 prtemissis
2638 503 2978 562 fortioribus
2997 520 3230 579 semper
3260 505 3331 562 ad
3363 523 3564 580 super¢

169 589 456 648 vilissima
487 589 545 646 in
574 588 1007 662 comparatione
1027 589 1406 646 millumlicet
1436 589 1802 658 enormitate,

171 679 319 737 nulla
339 695 476 735 vero
491 677 786 751 religionis
800 677 1197 735 melioratione
1217 679 1518 751 (concedat
1539 678 1807 735 omniva‘

170 769 285 826 lens
314 767 673 841 pejoratione
705 784 820 823 non
851 766 1069 839 aliqua)
1098 768 1686 825 Nabuchodonosoris
1719 766 1804 823 tui

175 874 326 916 more
354 857 592 913 dicebas
622 857 682 912 in
727 855 982 912 intimis:
1041 858 1230 914 Nonne
1258 859 1376 914 haec
1403 865 1482 913 est
1536 856 1802 929 Babylon,

180 964 333 1019 quam
385 945 662 1016 aedificavi
716 948 778 1000 in
825 945 1014 1002 robore
1064 946 1350 1018 dignitatis
1379 954 1431 1002 et
1463 945 1806 1018 fortitudinis

165 1038 312 1092 meae?
341 1035 505 1107 (Dan.
540 1050 616 1101 IV,
646 1035 763 1103 27.)
787 1032 934 1090 Vide
964 1034 1162 1108 igitur,
1196 1051 1374 1107 quam
1409 1034 1692 1091 universis
1722 1033 1803 1090 vi-

171 1124 352 1192 luerit,
388 1123 548 1196 quod
580 1123 1035 1180 tibiimmaniter
1059 1123 1476 1197 complacebat,
1501 1141 1635 1180 cum
1657 1140 1806 1195 quos

169 1218 465 1288 putaveras
495 1211 828 1269 laudatores
859 1213 1088 1269 futuros
1118 1219 1249 1286 post
1279 1213 1526 1281 obitum,
1571 1211 1805 1286 conglo-

170 1303 280 1360 bati
309 1306 365 1359 te
420 1301 648 1359 vivente
675 1319 709 1357 a
738 1291 1024 1358 maximo‘
1053 1319 1242 1374 usque
1302 1304 1373 1359 ad
1405 1301 1697 1358 mininum
1745 1302 1805 1356 in

88 1462 93 1469 _
168 1396 385 1448 tantum
414 1390 764 1448 exstiterunt
808 1391 1234 1464 vituperatores
1281 1408 1504 1462 eorum,
1555 1394 1620 1447 ut
1649 1391 1809 1464 rcgia

169 1481 502 1539 auctoritate
533 1479 774 1536 militari
806 1497 986 1536 manu
1027 1481 1475 1554 depoposcerint
1524 1479 1808 1552 sacrilega

169 1570 329 1640 dirui,
355 1587 486 1643 quae
509 1573 572 1626 tu
599 1569 900 1626 ambiebas
921 1571 1322 1627 sacratissima
1347 1569 1520 1626 laude
1541 1569 1806 1626 omnium

170 1658 454 1718 celebrari.
491 1660 643 1715 Bene
664 1657 767 1714 tibi
785 1659 1226 1728 fecerunt,bene
1246 1658 1352 1714 tibi
1373 1659 1640 1732 contigit,
1657 1656 1808 1713 cine-

170 1755 279 1807 rate
299 1750 465 1822 ,(596)
498 1750 645 1808 291
681 1751 738 1804 et
780 1749 1072 1817 cacabate,
1122 1749 1222 1820 qui
1271 1765 1404 1804 cum
1447 1764 1550 1804 nec
1599 1747 1806 1803 saltem

1913 610 2097 649 vacua
2118 594 2295 650 verba
2322 593 2621 651 relaberis.
2656 595 2970 665 Considera,
3012 595 3223 668 inquit,
3257 612 3420 668 opera
3466 598 3567 654 Dei

1912 682 2054 754 quod
2107 699 2263 740 nemo
2315 686 2484 756 possit
2553 685 2846 756 corrigere,
2906 701 3064 756 quem
3095 686 3190 741 ille
3263 686 3571 759 despexerit

1917 771 2109 844 (Eccle.
2141 790 2240 841 v11,
2276 773 2384 845 14).
2413 773 2475 830 Si
2507 773 2663 828 enim
2681 774 2837 845 quod
2857 773 2965 829 tibi
2983 775 3171 848 magis
3193 780 3566 848 competeret,

1915 861 2258 934 cogitasses,
2275 879 2308 916 a
2339 862 2646 918 scribendo
2684 865 2849 918 tanta
2860 863 3192 920 desisteres.
3210 865 3392 938 Magis
3405 866 3564 923 enim

1915 967 2051 1006 cum
2078 949 2306 1007 interno
2335 952 2553 1024 rugitu,
2587 950 2886 1008 recollecto
2916 951 2976 1007 in
2996 953 3212 1010 talibus
3235 954 3568 1028 quispargi-

1916 1043 2014 1094 tur
2043 1039 2238 1096 animo
2269 1040 2491 1112 utique,
2523 1041 2679 1112 quod
2709 1044 2905 1097 tamen
2937 1059 3054 1097 non
3084 1041 3276 1098 valere
3293 1047 3348 1098 te
3370 1044 3562 1112 video,

1915 1128 2162 1185 orationi
2195 1131 2251 1184 et
2279 1129 2512 1185 ﬂetibus
2543 1130 2617 1186 ob
2629 1128 2788 1196 talia,
2804 1147 2930 1203 quae
2949 1131 3568 1204 scriptitas,deluenda

1917 1217 2107 1273 fuerat
2136 1217 3305 1291 instandum,quamhujusmodivanitati
3331 1223 3568 1278 studen-

1915 1307 2080 1362 dum.
2112 1307 2262 1363 Dum
2289 1306 2446 1363 enim
2475 1311 2532 1363 te
2560 1307 2619 1362 in
2650 1307 2871 1363 talibus
2890 1325 3144 1381 persaepe
3174 1309 3567 1367 aastimaslau-

1915 1396 2072 1464 dari;
2107 1396 2318 1468 magis,
2351 1396 2520 1453 crede
2552 1397 2720 1463 mihi,
2754 1413 2920 1453 verso
2952 1397 3010 1452 in
3041 1398 3398 1455 contrarium
3434 1403 3564 1456 voto

1913 1484 2262 1557 vituperaris
2291 1502 2356 1541 ac
2388 1485 2696 1541 derideris.
2733 1485 2972 1558 Legitur
3011 1487 3307 1558 quondam
3347 1487 3566 1543 vidisse

1915 1575 2232 1645 quemdam
2265 1573 2758 1642 infelicissimum,
2811 1575 2953 1629 dum
3009 1580 3333 1632 moreretur
3379 1576 3566 1634 maxi-

1917 1679 2081 1718 mum
2110 1663 2328 1719 librum
2361 1662 2472 1718 sibi
2503 1680 2537 1718 a
2559 1663 2924 1719 daemonibus
2946 1665 3158 1733 offerri,
3178 1665 3462 1737 scriptum
3482 1665 3566 1720 in—

1914 1755 2012 1807 tus
2041 1756 2099 1807 et
2124 1751 2285 1820 foris;
2319 1752 2420 1807 sed
2453 1756 2517 1807 ut
2545 1752 2603 1806 in
2635 1752 2743 1808 hoc
2773 1752 2878 1808 tibi
2904 1752 3182 1824 alludam,
3215 1771 3331 1810 non
3364 1753 3567 1811 eriteis

168 1838 330 1897 horno
357 1837 463 1908 sis,
498 1836 743 1893 rationis
769 1837 974 1910 utique
1003 1837 1061 1891 in
1094 1836 1363 1910 pluribus
1379 1852 1606 1909 expers,
1628 1836 1808 1891 hono—
1836 1868 1888 1937 Β
1917 1857 2085 1913 opus,
2119 1840 2300 1897 alium
2330 1840 2438 1896 tibi
2455 1841 2872 1913 offerre,quam
2895 1859 3069 1914 quem
3084 1843 3564 1916 scripserasipse,

154 1944 396 2000 remque
424 1933 596 1983 tuum
628 1942 744 1981 non
767 1925 1507 1998 intelligens,comparatus
1519 1923 1808 1997 jumentis

167 2014 574 2090 insipientibus
603 2019 660 2072 et
705 2014 822 2070 illis
873 2032 988 2071 non
1037 2014 1344 2072 dissimilis
1395 2016 1584 2071 factus
1632 2014 1805 2084 (Psal.

169 2123 348 2175 xavm,
377 2105 491 2178 13).
523 2106 640 2160 Deo
666 2104 775 2162 soli
807 2103 1019 2161 debitis
1048 2103 1325 2161 laudibus
1355 2109 1410 2160 te
1438 2103 1628 2160 efferri
1649 2102 1810 2159 adul-

168 2195 342 2252 terina
361 2194 591 2261 fraude,
625 2193 675 2250 si
702 2193 960 2264 daretur,
995 2193 1284 2250 ambibas.
1317 2194 1433 2250 Hoc
1471 2197 1596 2250 erat
1632 2191 1806 2248 nimi-

168 2301 308 2352 rum,
339 2282 499 2356 quod
531 2283 668 2338 flere
698 2282 1006 2356 nequibas,
1042 2282 1180 2356 quia
1208 2287 1264 2340 te
1315 2282 1537 2339 scilicet
1583 2281 1807 2355 aliquid

167 2388 284 2433 esse
308 2371 656 2445 hujusmodi
685 2371 1022 2444 deceptione
1052 2371 1320 2445 putabas;
1352 2371 1454 2429 sed
1484 2369 1808 2445 deprehen-

155 2463 387 2530 derunt,
419 2462 538 2518 Deo
567 2460 807 2534 gratias,
840 2461 1057 2533 dignus
1079 2465 1148 2517 ut
1177 2461 1392 2531 fueras,
1424 2459 1704 2518 veraciter
1726 2463 1804 2529 te,

168 2550 260 2624 qui
284 2551 357 2608 ad
385 2566 451 2608 se
479 2549 570 2607 vel
593 2549 667 2606 ad
717 2553 956 2606 caeteros
985 2549 1158 2622 talpae
1210 2549 1271 2605 in
1303 2555 1359 2608 te
1391 2554 1449 2606 et
1495 2565 1806 2623 caprarum

165 2642 293 2698 sunt
320 2638 547 2698 lumine
575 2639 690 2705 usi,
719 2639 1012 2696 scribimus
1042 2639 1252 2696 indocti
1281 2639 1528 2712 doctique
1552 2642 1810 2712 poemata

161 2731 353 2802 passim
381 2728 625 2802 (Homer.
655 2730 692 2785 l.
728 2746 787 2797 ιι,
818 2744 902 2801 ep.
937 2745 976 2797 ι,
1009 2727 1430 2800 υ,1147).ουε.ῐη
1461 2728 1642 2802 igitur
1663 2743 1806 2800 que-

165 2817 466 2876 rimoniam
489 2816 1046 2890 etiamsapientibus
1059 2816 1490 2890 saeculiirroges
1513 2817 1806 2886 vide,cum

164 2905 331 2964 libros
359 2907 586 2979 absque
603 2906 878 2963 doctrina;
893 2905 1102 2980 peritia
1114 2905 1425 2979 praesumis
1438 2923 1806 2979 componere,

166 3000 236 3065 et,
265 3013 298 3052 ο
327 3000 473 3069 quot
503 2995 744 3065 bestias,
777 2997 921 3052 dum
953 2995 1171 3052 tetanti
1194 2996 1426 3068 pendis,
1459 2994 1732 3052 attendisl
1747 2994 1807 3052 Si

166 3083 310 3142 enim
338 3085 612 3143 homines
642 3085 1015 3153 attendisses,
1048 3084 1278 3157 peccavi
1314 3084 1516 3157 utique
1537 3084 1804 3154 dixisses;

168 3173 214 3232 si
237 3173 428 3234 lucem
454 3173 706 3243 videres,
738 3175 1008 3230 tenebras
1038 3190 1154 3232 non
1181 3173 1327 3230 tanti
1358 3178 1618 3245 putares.
1654 3172 1807 3228 Dum

171 3264 316 3332 enim
345 3269 402 3322 te
432 3263 640 3322 bestiis
671 3262 969 3332 excellere,
1001 3263 1144 3319 dum
1176 3262 1342 3319 caecis
1373 3262 1591 3319 clarius
1618 3265 1805 3318 atten-
1835 3237 1881 3310 (ἶ

173 3352 256 3409 dis
282 3353 498 3423 videre,
531 3369 728 3426 quem,
752 3368 912 3426 rogo,
933 3352 1069 3409 inde
1099 3352 1596 3409 cordistumorem
1616 3367 1808 3408 socor-

175 3441 401 3499 dissime
429 3441 590 3498 vales
621 3441 952 3514 concipere?
982 3441 1122 3514 quid
1153 3441 1348 3515 magni
1380 3441 1559 3508 enim,
1585 3440 1633 3496 si
1663 3439 1810 3496 stul-

175 3533 264 3588 tus
291 3533 594 3605 pecudem,
629 3548 734 3588 seu
758 3529 962 3588 videns
1021 3547 1238 3587 caecum
1288 3529 1628 3604 praecellat?
1665 3530 1812 3586 Cum

175 3635 300 3678 vero
327 3621 592 3679 conferre
620 3624 678 3678 te
703 3619 792 3676 vel
822 3619 1072 3693 sapienti
1089 3619 1263 3676 alicui
1292 3619 1378 3677 vel
1391 3621 1554 3691 justo
1572 3619 1815 3676 minime

180 3711 378 3782 pessis,
411 3711 591 3767 unde.
625 3726 784 3784 rogo,
818 3708 1088 3782 superbis
1111 3708 1140 3764 ?
1171 3726 1245 3765 an
1274 3709 1429 3781 quod
1446 3708 1814 3765 stultissimis

183 3801 343 3870 atque
371 3797 792 3872 perditissimis
811 3814 927 3853 non
960 3797 1170 3854 saltem
1197 3797 1474 3870 sequaris?
1492 3798 1621 3854 vide
1650 3814 1724 3854 ne
1754 3797 1815 3854 in

182 3885 264 3944 his
292 3887 527 3945 stultior
551 3891 727 3960 atque
757 3885 1038 3960 perditior
1067 3887 1140 3943 ab
1170 3886 1398 3942 interno
1429 3886 1647 3943 arbitro
1661 3886 1819 3957 judi-

183 3975 337 4034 ceris.
369 3976 586 4035 Iisdem
604 3976 760 4031 enim
775 3974 964 4032 acutis
990 3974 1316 4044 sententiis,
1350 3974 1569 4047 quibus
1588 3975 1815 4032 hostem

185 4063 338 4136 quasi
368 4064 716 4138 prosternis.
751 4061 1008 4120 Eleazari
1036 4062 1299 4135 exemplo
1329 4068 1386 4119 te
1415 4063 1613 4137 ipsum
1640 4064 1817 4120 inter-

186 4151 321 4222 ﬁcis,
354 4154 497 4211 dum
526 4153 587 4209 in
617 4153 732 4223 his,
766 4169 894 4226 quas
925 4156 1079 4209 recte
1109 4151 1179 4208 de
1209 4152 1326 4208 Deo
1343 4152 1587 4209 forsitan
1611 4153 1816 4224 sentis,

184 4243 358 4314 tuam,
387 4260 507 4301 non
537 4241 640 4299 Dei
670 4240 914 4316 gloriam
945 4240 1178 4314 quaeris,
1198 4241 1460 4314 gaudens
1478 4243 1646 4314 quasi
1663 4259 1820 4314 quae.

189 4329 313 4389 dam
343 4333 485 4406 quia
515 4331 792 4404 repererit
823 4347 1034 4388 manus
1063 4334 1186 4400 tua,
1202 4347 1315 4386 non
1330 4330 1546 4403 potius,
1573 4335 1640 4388 ut
1660 4347 1823 4404 opor-

188 4421 386 4490 tuerat,
416 4422 649 4496 lugens,
683 4420 823 4494 quia
873 4437 989 4476 non
1035 4417 1238 4475 feceris
1282 4436 1368 4488 ea;
1426 4424 1484 4476 et
1521 4421 1824 4478 osculatus

189 4509 344 4580 quasi
374 4526 472 4566 ore
511 4507 747 4582 proprio
805 4524 1050 4564 manum
1080 4507 1406 4580 procaciter
1459 4512 1647 4582 tuam,
1707 4527 1824 4567 non

1917 1931 2016 2004 qui
2048 1935 2104 1986 et
2135 1929 2693 2002 interpretabuntur,
2727 1930 2977 1998 noveris,
3013 1931 3152 2003 quid
3185 1931 3246 1986 in
3278 1931 3362 1988 eis
3384 1935 3470 2004 [f.,
3504 1932 3564 1988 in

1917 2021 2006 2091 eo]
2039 2017 2394 2075 affectaveris
2426 2019 2579 2076 292
2613 2035 2864 2092 quoque.
2887 2019 3238 2077 Delibrotuo
3268 2024 3324 2077 te
3335 2022 3562 2093 judico,

1917 2123 1988 2164 ne
2016 2108 2122 2164 tibi
2171 2107 2470 2180 contingat
2516 2107 2737 2175 audire,
2789 2109 2889 2164 sed
2921 2125 3148 2176 moneo,
3206 2109 3336 2165 vide
3387 2111 3561 2179 (597).

1917 2196 2060 2252 Cum
2093 2196 2248 2252 enim
2281 2196 2352 2252 de
2381 2213 2558 2252 cursu
2588 2195 2782 2252 debito
2815 2197 3158 2268 sepissime,
3190 2202 3247 2253 et
3291 2199 3464 2253 etiam
3497 2201 3564 2253 ut

1916 2286 2088 2343 modo
2118 2286 2189 2341 de
2219 2284 2424 2356 missa,
2456 2285 3027 2357 inquietudinisvitio
3047 2301 3379 2359 resurgens,
3403 2287 3562 2358 quod

1915 2373 2400 2450 mentrlcanondo
2429 2372 2606 2430 etiam
2662 2389 3029 2446 conceperas,
3071 2375 3324 2432 scribere
3371 2375 3559 2443 vadis,

1917 2465 2017 2521 ubi
2046 2479 2186 2536 rogo
2218 2467 2308 2520 est
2337 2463 2492 2536 quod
2523 2463 3068 2536 suprascripseras?
3098 2464 3206 2522 hoc
3229 2468 3337 2521 est:
3365 2465 3565 2522 Omnia

1916 2570 2041 2612 vero
2070 2570 2185 2628 qate
2213 2552 2520 2626 discipulos
2547 2552 2789 2610 docuerit
2835 2569 2950 2610 esse
3000 2555 3296 2622 contraria,
3346 2557 3412 2610 in
3441 2555 3560 2610 suis

1914 2646 2077 2717 factis
2102 2644 2304 2700 indicet
2325 2658 2437 2700 non
2465 2643 2692 2714 agenda.
2726 2641 3047 2699 Dicendum
3079 2643 3294 2714 quippe
3314 2643 3568 2715 discipu-

1917 2733 1990 2790 lis
2023 2751 2193 2790 nemo
2224 2733 2489 2804 ejusdem
2503 2731 2803 2804 religionis
2814 2748 2992 2803 quam
3010 2731 3271 2788 ambibat
3285 2749 3456 2805 saepe,
3474 2733 3565 2788 ni-

1916 2822 2000 2879 hil
2029 2821 2188 2894 operi
2219 2821 2320 2878 Dei
2351 2824 2744 2894 praeponatur.
2783 2819 2843 2877 Si
2892 2819 3060 2886 nihil,
3117 2819 3309 2878 inanis
3367 2821 3563 2894 gloriae

1917 2910 2168 2985 qualiter
2195 2910 2451 2984 pompa?

1988 3001 2076 3056 40.
2110 3000 2258 3064 Quid
2304 3015 2438 3056 vero
2493 2998 2714 3065 laboro,
2748 3013 2882 3054 cum
2942 2997 3088 3053 nihil
3137 3015 3232 3055 me
3288 3000 3566 3072 proﬁcere

1914 3089 2113 3146 video?
2147 3089 2385 3144 Restare
2401 3102 2586 3141 unum
2605 3085 2974 3142 solummodo
2987 3103 3179 3155 cerno,
3205 3087 3349 3144 alias
3365 3089 3567 3160 despe-

1918 3195 2046 3234 rare
2074 3182 2131 3234 te
2161 3176 2495 3232 nullatenus
2525 3173 2749 3243 desino,
2783 3178 2839 3229 et
2867 3174 2977 3230 hoc
3008 3191 3188 3230 suasu
3215 3175 3360 3248 legis
3384 3180 3566 3234 atten-

1918 3273 2039 3324 tare
2069 3281 2380 3339 preesumo,
2413 3279 2593 3336 quam
2624 3267 2680 3318 te
2699 3262 3127 3334 praevaricasse,
3147 3268 3214 3319 ut
3241 3267 3565 3338 praetende-

1919 3359 2045 3424 bas,
2077 3371 2211 3411 cum
2229 3351 3156 3424 dolueris,praevaricariomnimo
3184 3371 3299 3409 non
3319 3353 3562 3410 desinis.

1921 3446 1980 3504 Si
2012 3444 2276 3502 exhibuit
2305 3443 2611 3509 formenta,
2645 3440 2696 3496 si
2726 3439 3115 3498 medicamina
3133 3443 3567 3515 Scripturarum

1922 3534 2272 3602 divinarum,
2305 3532 2356 3588 si
2381 3531 2492 3588 hoc
2519 3530 2608 3587 vel
2638 3529 2805 3599 illud,
2845 3534 2904 3587 et
2952 3547 3120 3587 suam
3169 3532 3315 3589 nihil
3360 3532 3572 3589 viderit

1923 3622 2227 3697 praevalere
2257 3620 2630 3686 industriam,
2663 3619 2962 3686 adhibeat,
3014 3621 3168 3692 quod
3217 3622 3412 3693 majus
3458 3626 3567 3690 est,

1925 3729 2094 3770 suam
2123 3710 2392 3768 videlicet
2420 3714 2593 3782 atque
2624 3709 2888 3765 omnium
2920 3726 3024 3782 pro
3053 3726 3120 3765 eo
3143 3711 3484 3780 orationem,
3506 3715 3573 3768 ut

1924 3802 2098 3868 Deus,
2125 3799 2224 3872 qui
2255 3798 2453 3855 omnia
2477 3802 2688 3870 potest,
2716 3802 2987 3870 operetur
3018 3798 3266 3855 salutem
3300 3800 3454 3856 circa
3481 3799 3574 3855 in-

1927 3891 2164 3947 firmum
2195 3889 2455 3945 fratrem.
2486 3886 2694 3943 Veniat
2713 3887 2911 3960 igitur,
2943 3887 3195 3960 ﬂagitor,
3227 3892 3414 3944 mater
3432 3889 3576 3944 Cha-

1925 3995 2130 4036 nanaea
2148 3978 2465 4050 quondam,
2480 3976 2539 4031 id
2557 3980 2646 4032 est
2662 3976 2776 4031 nisi
2791 3975 2976 4046 fallor,
3011 3993 3046 4032 ο,
3073 3976 3380 4032 maledicto
3393 3978 3574 4036 Cham

1927 4071 2000 4126 ad
2032 4065 2498 4124 benedictionem
2514 4064 2728 4120 Christi
2744 4081 3042 4130 conversa,
3061 4064 3153 4119 cui
3185 4063 3391 4120 merito
3417 4065 3576 4120 dica-

1926 4163 2051 4214 tur:
2081 4157 2276 4228 Magna
2302 4162 2381 4211 est
2399 4153 2530 4225 ﬁdes
2557 4157 2654 4208 tua
2681 4152 2888 4220 (Matth.
2939 4169 3036 4220 xv,
3078 4152 3193 4224 28),
3239 4168 3343 4224 pro
3374 4168 3491 4224 qua
3519 4154 3577 4209 et

1928 4245 2201 4318 discipuli
2231 4242 2464 4300 Domini
2493 4258 2628 4297 eum
2658 4240 3045 4312 interpellent.
3081 4241 3429 4297 Sanctorum
3452 4257 3578 4296 om-

1935 4336 2096 4392 nium
2118 4331 2489 4404 congregatio
2534 4329 2738 4402 utique
2787 4333 2990 4386 sancta
3039 4329 3276 4386 clamet:
3328 4330 3581 4386 Miserere

1930 4426 2059 4480 mei.
2085 4425 2213 4479 Jesn
2241 4421 2352 4491 ﬁlii
2381 4419 2577 4487 David,
2608 4419 2729 4489 ﬁlia
2755 4433 2878 4474 mea
2905 4419 3051 4474 male
3078 4418 3394 4475 adaemonio
3414 4433 3582 4474 vexa-

1934 4521 2026 4570 tur
2056 4510 2236 4583 (lbid.,
2265 4509 2381 4576 52),
2412 4507 2471 4562 id
2485 4510 2573 4563 est
2602 4505 2799 4562 anima
2824 4505 3104 4578 istius(de
3133 4511 3189 4562 te
3219 4510 3414 4563 autem
3433 4506 3584 4580 dico)

190 4594 415 4656 laudare
441 4599 624 4656 etiam
654 4598 780 4672 ipse
812 4597 966 4670 quod
990 4596 1154 4669 facis,
1187 4597 1328 4652 dum
1359 4613 1476 4654 non
1507 4597 1684 4655 etiam
1707 4617 1828 4657 me-
1857 4604 1908 4676 Ῑ)
1939 4597 2258 4675 peccatoris
2289 4612 2357 4652 ex
2369 4612 2463 4652 me
2488 4612 2591 4668 per
2610 4595 2970 4667 baptismum
2985 4595 3199 4668 genita,
3227 4598 3284 4652 et
3312 4595 3586 4652 doctrinas

193 4686 320 4753 tuis,
367 4687 706 4745 testimonio
756 4685 1004 4759 propriae
1060 4683 1375 4742 locutionis
1419 4685 1694 4744 virtutem
1726 4689 1832 4746 tibi
1944 4707 2084 4747 meae
2115 4688 2261 4744 lacte
2307 4686 2548 4753 nutrita,
2603 4701 2732 4756 quae
2791 4683 3013 4741 scilicet
3063 4683 3213 4741 male
3243 4702 3278 4741 a
3306 4683 3589 4741 daemonio

194 4774 392 4833 tribuis
422 4775 720 4849 operantis
748 4774 884 4845 (Job.
918 4791 1070 4844 xxxx,
1098 4774 1210 4846 27).
1242 4773 1459 4830 Verum
1491 4774 1599 4832 hoc
1640 4778 1832 4836 scelus
1938 4782 2198 4843 vexatur,
2227 4790 2361 4830 cum
2392 4773 2590 4840 etiam,
2625 4773 2778 4844 quod
2811 4777 2900 4830 est
2952 4773 3300 4845 pessimum,
3340 4773 3592 4829 obdura-

198 4865 505 4924 maximum
536 4867 595 4920 et
619 4863 990 4936 negationem
1022 4863 1311 4919 Altissimi
1359 4865 1681 4921 assertione
1723 4867 1834 4923 Job
1942 4873 2057 4936 tur;
2103 4866 2363 4922 miserere
2413 4865 2542 4930 mei,
2576 4862 2684 4918 etsi
2743 4861 3080 4935 dedignaris
3139 4861 3260 4930 illi;
3307 4877 3474 4916 meus
3506 4862 3595 4915 est

199 4954 539 5011 sanctissimi
571 4970 700 5010 esse
727 4953 912 5026 (Ibid.,
944 4952 1058 5023 28),
1092 4950 1242 5019 dico,
1276 4952 1640 5021 memineris,
1671 4959 1728 5010 et
1743 4973 1832 5010 ar-

201 5043 516 5115 rogantium
546 5048 602 5100 te
633 5059 816 5099 unum
849 5059 918 5098 ex
932 5039 1440 5113 praestantioribus
1461 5058 1577 5097 non
1595 5043 1843 5118 denega-

201 5189 542 5268 proventura.
557 5189 741 5268 esset,
775 5188 1014 5268 repente
1043 5187 1230 5265 totam
1253 5183 1545 5254 ejusmodi
1591 5185 1839 5268 aedifica..-

202 5257 402 5313 tionem
434 5257 664 5314 factiosi
697 5257 971 5314 homines.
989 5273 1033 5327 a
1059 5257 1315 5310 maximo
1343 5271 1530 5327 usque
1560 5257 1633 5310 ad
1667 5257 1840 5312 mini-

1945 4957 2101 5014 enim
2133 4953 2302 5026 quasi
2318 4951 2579 5007 defectus
2592 4950 2868 5022 baptizati
2891 4952 3298 5022 cujuscunque
3321 4948 3591 5020 perditio,

1945 5046 2099 5102 sicut
2127 5042 2418 5116 profectus
2449 5038 2710 5102 salvatio.
2743 5039 2903 5095 Idem
2934 5055 3122 5110 usque
3152 5038 3222 5092 ad
3246 5034 3596 5106 importuni-

1951 5187 2050 5244 ubi
2083 5187 2154 5241 de
2183 5185 2464 5249 daemone,
2499 5198 2673 5254 quem
2687 5183 2912 5252 Moyses
2930 5178 3252 5234 monachus
3276 5175 3595 5248 expulerat,

1951 5260 2146 5316 Graece
2203 5255 2488 5311 habetur:
2547 5261 2658 5311 Ὀδε
2693 5260 2894 5320 ἐξελθὼν
2926 5259 3093 5320 ἔλεγεν
3124 5258 3280 5320 ἐαυτῷ
3335 5255 3496 5310 καλῶς
3526 5271 3604 5320 σοι

205 5341 355 5404 mum
385 5328 736 5404 conglobati,
761 5326 1001 5384 militari
1032 5329 1300 5404 manust
1318 5319 1664 5404 auctoritate
1685 5329 1814 5401 regi:

1956 5329 2521 5404 hoinnvf‘ttoﬁddepue
2547 5319 2900 5404 dileximhaeoc
2931 5319 3048 5376 duo
3072 5319 3392 5404 postrema
3427 5319 3606 5374 verba

206 5393 535 5458 diruendam
567 5393 870 5472 curarunt,
903 5414 1039 5455 cum
1061 5397 1117 5454 vi
1141 5396 1373 5471 publica
1389 5396 1514 5470 ipse
1536 5393 1846 5472 episcopus
1955 5401 2015 5457 in
2047 5393 2159 5455 ms.
2192 5393 2525 5472 Corbeie'nsi
2552 5393 2640 5472 sic
2659 5393 3158 5472 Palladiusvertit,
3181 5394 3424 5472 etnerate
3453 5407 3605 5472 eaea.

206 5483 356 5544 ex‘ea
376 5473 520 5544 sede
553 5471 762 5544 pulsus
790 5471 918 5544 fuit.

271 5540 409 5611 (596)
440 5538 718 5599 Mendosa
747 5542 996 5598 lectione
1045 5543 1170 5595 erat
1214 5538 1274 5594 in
1307 5539 1503 5596 codice
1551 5543 1846 5598 cinerente.

1960 5474 2097 5538 bate,
2131 5469 2212 5525 uti
2247 5469 2402 5523 idem
2434 5463 2748 5538 Cotelerius
2779 5467 3019 5538 monet._
3045 5463 3190 5538 _Vide
3243 5462 3608 5538 Glossarium

1959 5534 2159 5615 Cangii
2191 5540 2261 5593 V.
2283 5539 2612 5615 _Caeabat_us,
2647 5537 2972 5615 Cineratus,
3004 5535 3064 5590 id
3095 5539 3184 5615 est
3231 5534 3423 5615 cinere
3464 5534 3608 5588 infc-

206 5606 560 5670 Cdrreximus
588 5616 855 5670 cinerate.
885 5628 1022 5668 cum
1053 5612 1176 5666 haec
1207 5619 1409 5666 eadem
1443 5629 1552 5667 vox
1581 5613 1853 5679 copulata
1961 5606 2115 5676 ctus:
2145 5611 2453 5676 meabat-us,
2488 5607 2545 5662 id
2578 5611 2666 5679 est
2695 5606 3032 5679 denigratus
3064 5609 3128 5661 ut
3149 5608 3420 5662 cacabus.

210 5697 333 5758 cum
354 5687 618 5758 sequenti
648 5685 902 5758 cacabate
933 5686 1255 5758 usurpatur
1275 5700 1309 5737 a
1325 5681 1604 5758 Balladio.
1636 5681 1699 5740 In
1723 5702 1855 5758 apo-

212 5750 632 5831 pbtegmatibus
653 5755 810 5816 enim
826 5757 1066 5816 Patrum
1083 5750 1253 5812 editis
1287 5771 1320 5812 a
1331 5754 1632 5828 Cotelerio,
1654 5750 1781 5831 cap,
1797 5759 1850 5830 4,

2034 5684 2180 5756 (597)
2211 5682 2532 5756 (lonstrue:
2567 5678 2670 5756 Sed
2696 5678 2903 5756 moneo,
2936 5680 3074 5750 vide,
3106 5695 3174 5736 ne
3203 5680 3307 5734 tibi
3336 5678 3617 5742 contingat

1965 5750 2194 5816 audire:
2227 5755 2299 5811 De
2329 5750 2465 5808 libro
2496 5753 2590 5807 tuo
2621 5754 2671 5808 te
2691 5750 2901 5832 judico.
