4056 6374
462 358 592 434 139⁷
1397 360 1774 435 RATHERII
1813 365 2037 429 EPISC

2285 363 2372 426 ιιι.
2416 363 2590 427 OPP.
2637 324 2838 424 pAas
2881 355 2933 424 ι.
3752 338 3887 422 ξιο-

456 509 641 561 tatem
672 504 894 578 repetat
924 503 1281 561 familiarum
1312 503 1522 560 Christi
1550 503 1842 576 precibus,
1882 501 2107 571 impos-
2218 513 2377 570 gero,
2409 497 2468 552 in
2500 496 2717 552 talibus
2747 495 3000 568 graviter
3028 496 3084 551 et
3099 490 3410 552 erubescas
3431 490 3641 550 notari.
3665 491 3729 550 Si
3739 508 3879 550 con-

463 593 632 650 sibile
665 595 820 666 quod
854 594 998 649 mihi
1028 595 1275 663 videtur,
1309 594 1380 648 ab
1397 610 1483 660 eo,
1517 590 1771 648 cuinihil
1796 589 2112 660 estimpos—
2221 586 2444 653 tuderis,
2480 587 2691 657 inquit,
2709 586 2941 640 stultum
2968 585 3030 640 in
3054 585 3194 655 pila,
3209 584 3370 654 quasi
3383 585 3883 654 ptisanasferiente

464 681 654 751 sibile,
690 682 781 739 sui
807 684 1015 738 merito
1047 683 1250 739 saltem
1271 681 1625 737 velclamore
1646 679 1797 751 (meo
1824 681 1996 750 atque
2013 680 2112 730 tuo
2221 676 2449 746 desuper
2473 676 2610 746 pilo,
2636 691 2743 730 non
2776 677 3062 745 auferetur
3091 673 3160 728 ab
3190 688 3250 728 eo
3269 673 3512 728 stultitia
3539 673 3656 744 ejus
3689 679 3881 742 (Prov.

463 767 766 840 impetrari
799 771 939 842 quia
967 787 1082 825 non
1108 769 1276 839 valet)
1309 768 1587 823 obtineat.
1623 767 1785 822 Puna
1809 782 1949 822 sane
1978 781 2113 820 cons
2223 781 2396 833 xxvn,
2429 767 2557 836 22):
2593 764 2643 818 si
2673 767 2994 834 contraque
3026 765 3081 817 te
3114 761 3318 832 tuique
3357 761 3694 817 consimiles
3744 778 3886 816 con-

445 855 646 915 .feSsio
681 859 819 931 quia
847 859 1052 914 liberat
1081 877 1115 914 a
1145 862 1349 924 morte,
1383 857 1622 928 antique
1671 856 1914 922 dictum,
1949 855 2114 921 dum,
2228 857 2564 924 querentem
2592 870 2662 908 ne
2691 850 3079 906 transcursim
3111 850 3292 922 legas,
3323 866 3551 918 moneo,
3588 849 3770 906 etiam
3801 850 3890 906 ita

473 950 538 1002 ut
567 963 683 1002 non
716 947 935 1014 dubito,
971 946 1341 1018 amplectaris
1371 951 1426 1001 et
1455 950 1512 1001 te
1536 944 1893 1015 fecissequia
1923 947 2118 1015 gratu-
2228 942 2600 1014 prophetam:
2637 942 2910 997 Attrivisti
2947 956 3054 1004 eos,
3104 946 3156 994 et
3175 947 3480 993 renuerunt
3516 939 3765 1011 accipere
3799 939 3887 994 di-

468 1033 632 1091 leris.
667 1036 772 1103 Qui
798 1036 1078 1092 maledicit
1102 1037 1252 1107 patri
1280 1036 1362 1090 vel
1391 1036 1576 1099 matri,
1632 1041 1804 1090 morte
1847 1033 2122 1088 moriatur
2228 1032 2525 1102 sciplina-m
2554 1032 2685 1099 (Jer,
2717 1048 2772 1096 v,
2805 1029 2879 1101 3);
2913 1029 3186 1084 eumdem
3218 1043 3450 1099 quoque
3467 1027 3886 1098 inspiratorem

477 1124 666 1193 (Exod.
699 1141 814 1192 xxx,
852 1125 959 1194 17),
994 1141 1133 1197 rogo
1163 1126 1386 1180 dictum
1437 1123 1794 1191 memineris;
1848 1127 1905 1177 et
1933 1125 1989 1176 te
2019 1137 2119 1192 pa-
2230 1124 2287 1176 et
2317 1119 2631 1175 Dominum
2662 1118 3080 1191 prophetarum
3108 1134 3120 1172 :
3153 1119 3408 1187 Interfeci
3430 1121 3481 1172 et
3518 1117 3742 1189 perdidi
3782 1133 3891 1189 po-

474 1215 626 1268 trem
654 1216 825 1268 tuum
856 1213 980 1268 heri
1007 1215 1284 1284 felle-nem,
1319 1214 1472 1284 quod
1503 1213 1637 1285 plus
1691 1211 1892 1283 utique
1943 1225 2121 1282 quam
2225 1211 2425 1280 pulum
2452 1211 2636 1274 istum,
2679 1215 2730 1263 et
2777 1215 2960 1262 tamen
2990 1224 3023 1261 a
3051 1208 3158 1262 viis
3207 1208 3322 1261 suis
3350 1223 3460 1262 non
3505 1211 3634 1261 sunt
3685 1221 3893 1262 reversi

474 1303 627 1372 fatue
649 1305 738 1357 est
768 1307 1017 1358 matrem
1049 1307 1210 1358 tuam
1238 1289 1430 1374 putum
1459 1302 1797 1373 (598),quod
1829 1301 1994 1354 racha
2019 1299 2125 1352 im-
2233 1299 2364 1370 (Jer.
2393 1315 2486 1366 xv,
2521 1297 2590 1368 7).
2631 1299 2789 1353 Versa
2819 1304 2897 1352 est
2925 1297 3070 1351 mihi
3098 1295 3288 1351 domus
3316 1296 3489 1351 Israel
3519 1296 3583 1351 in
3619 1297 3893 1351 scoriam:

476 1390 728 1448 maniter
757 1396 1015 1464 superat,
1040 1393 1375 1464 frequenter
1405 1392 1474 1446 ad
1523 1390 1768 1446 aliorum
1818 1386 2122 1444 cumulum
2232 1403 2414 1443 omnes
2444 1388 2540 1442 isti
2566 1401 2665 1452 ses,
2697 1395 2748 1442 et
2799 1389 3093 1450 stannum,
3137 1386 3352 1456 ferrum
3395 1388 3447 1440 et
3491 1385 3787 1456 plumbum
3833 1386 3896 1438 in

474 1479 793 1536 criminum
816 1498 1050 1553 quoque
1081 1484 1135 1536 te
1165 1480 1386 1537 recolas
1423 1479 1728 1547 vocitasse;
1777 1478 1962 1533 Adam
1991 1492 2123 1532 vero
2230 1476 2406 1531 medio
2463 1477 2705 1548 fomacis
2756 1475 2970 1539 (Ezech.
3033 1491 3174 1542 xxn,
3233 1467 3363 1538 l8):
3421 1472 3620 1529 nullus
3673 1473 3899 1531 scilicet

475 1572 534 1624 ct
561 1569 739 1624 Evam
767 1571 917 1637 dico,
950 1574 1016 1626 ut
1047 1571 1192 1625 ratio
1225 1571 1427 1642 utique
1457 1585 1584 1625 reor
1613 1586 1730 1623 non
1752 1567 2011 1632 dedoeet,
2062 1563 2123 1620 in
2233 1564 2487 1639 [subaudi
2516 1567 2625 1636 est]
2657 1568 2967 1636 argentum
2999 1567 3058 1618 et
3089 1579 3301 1618 aurum
3318 1563 3637 1635 perignem
3651 1561 3900 1618 tribula-

477 1655 793 1724 coelestem,
825 1675 1002 1730 quam
1018 1663 1252 1730 peccato
1272 1658 1660 1731 perdiderant,
1694 1655 1987 1728 ereptione
1996 1656 2122 1725 jam
2232 1654 2428 1722 tionis,
2463 1658 2526 1709 ut
2553 1659 2610 1709 te
2642 1657 2837 1726 putas,
2870 1657 3208 1724 purgatum.
3230 1652 3605 1724 Rursumque
3621 1655 3902 1709 contrate

477 1750 878 1817 recuperatam
893 1742 2125 1818 Cbristiconstitutos[f..emptione...resti-
2233 1747 2288 1800 et
2319 1745 2388 1799 de
2418 1748 2474 1798 te
2504 1741 2950 1815 specialissimo.
2984 1742 3148 1796 Multo
3181 1742 3365 1796 labore
3410 1740 3672 1797 sudatum
3711 1744 3820 1807 est,
3850 1757 3906 1810 ει

477 1834 682 1933 tutos],
715 1834 948 1907 Deoque
976 1836 1377 1892 reconciliatos
1406 1837 1535 1908 (etsi
1565 1834 1645 1889 ibi
1667 1832 1980 1906 nequeant)
2020 1847 2122 1903 pa-
2155 1869 2203 1934 Β
2232 1849 2342 1888 non
2373 1834 2542 1888 exivit
2569 1832 2634 1887 de
2663 1847 2728 1886 ea
2755 1833 2949 1902 rubigo
2982 1834 3104 1902 ejus
3145 1845 3321 1900 neque
3365 1845 3468 1901 per
3521 1832 3711 1899 ignem
3758 1830 3899 1902 (Jer.

477 1921 676 1978 triam.
709 1927 927 1980 Versus
957 1926 1028 1980 de
1044 1925 1444 1998 puriﬁcatione
1475 1928 1686 1980 sancta:
1705 1923 1805 1978 Dei
1827 1921 2126 1994 genitricis
2155 1921 2203 1934 "
2235 1939 2383 1990 xxxv,
2421 1923 2529 1991 12).
2560 1921 2857 1992 Itemque:
2896 1922 3122 1974 Frustra
3155 1921 3411 1990 conﬂavit
3455 1921 3738 1990 con/lator,
3773 1935 3901 1976 ma-

479 2011 672 2068 Mariae
704 2013 897 2069 nescio
928 2032 962 2070 a
991 2032 1103 2086 quo
1133 2011 1958 2084 luculentissimecompositos
1974 2027 2127 2066 com-
2237 2012 2371 2067 litiae
2399 2027 2588 2068 eorum
2615 2011 2746 2072 (tuas
2781 2009 2982 2081 utique
3011 2009 3216 2081 tuique
3248 2007 3562 2082 sodalium)
3611 2024 3726 2065 non
3765 2012 3903 2065 sunt

482 2101 855 2158 mendatione
874 2103 1108 2175 tui,regi
1122 2104 1355 2159 cuidam
1369 2102 1708 2159 adolescens
1722 2101 1875 2173 quod
1890 2117 1991 2172 pro
2008 2098 2127 2153 tuis
2234 2108 2569 2172 consumptae
2599 2101 2727 2169 (Jer.
2761 2115 2837 2164 v1,
2870 2099 2985 2167 29).

478 2189 733 2262 indeque
762 2194 820 2246 et
841 2190 1096 2264 perditos
1114 2191 1427 2248 obtuleris:
1460 2191 1519 2246 in
1535 2190 1749 2263 quibus
1771 2187 2126 2260 perpendere
2306 2190 2394 2245 41.
2427 2189 2551 2244 Nisi
2598 2205 2730 2244 vero
2777 2190 2836 2242 te
2867 2185 3054 2242 Flacci
3114 2185 3215 2242 illo
3261 2186 3530 2258 superius
3589 2186 3902 2244 confutas-

477 2278 1744 2354 vales293resedissemulta,quzecontratui
1760 2276 2124 2350 propositum
2235 2295 2331 2335 ses
2361 2279 2514 2335 294
2545 2276 2790 2333 dicentis
2825 2273 3134 2345 versiculo,
3188 2279 3367 2347 quam
3414 2273 3718 2332 vilesceret
3762 2275 3904 2349 ipsa

479 2371 803 2426 accusatori
835 2371 905 2442 de
937 2371 1245 2442 praeteritis
1287 2369 1504 2425 habeas
1553 2367 1861 2434 derelicta;
1913 2382 2047 2421 cum
2072 2365 2124 2420 ei
2233 2371 2335 2422 tua
2364 2385 2399 2423 a
2428 2366 2678 2439 peccatis
2706 2382 2821 2421 non
2853 2382 2886 2419 a
2916 2381 3077 2420 more
3106 2363 3418 2431 virtutum,
3451 2364 3551 2418 sed
3567 2363 3895 2436 supplicio-

477 2459 622 2515 satis
648 2461 916 2516 futurum
947 2477 1075 2516 esse
1106 2461 1442 2532 promittere
1463 2458 1707 2526 valeam,
1737 2457 1786 2511 si
1809 2455 1909 2511 illa
1932 2456 2127 2510 obser-
2233 2473 2364 2511 rum
2398 2460 2557 2511 metu
2612 2455 2683 2528 [si
2711 2472 2829 2526 qua
2856 2458 3053 2508 tamen
3085 2457 3192 2521 est,
3250 2453 3563 2509 dicendum
3611 2454 3725 2524 est]
3755 2470 3902 2510 con-

473 2552 570 2603 vet
600 2545 726 2620 quae
758 2549 1031 2621 deinceps
1055 2549 1248 2615 facies,
1270 2548 1318 2603 si
1337 2547 1470 2604 talis
1492 2547 1664 2602 modo
1693 2550 1758 2601 ut
1778 2563 1840 2601 es
1872 2545 2040 2616 (599),
2061 2549 2127 2599 ut
2231 2544 2448 2600 versio?
2479 2544 2590 2601 Sed
2622 2543 2761 2616 quia
2786 2547 2840 2598 te
2870 2541 3254 2598 exterioribus
3283 2541 3575 2613 conspicio
3617 2542 3799 2598 etiam
3831 2541 3898 2598 in

475 2637 803 2693 timendum
833 2637 999 2693 valde
1021 2638 1344 2704 considero,
1363 2653 1516 2708 quon
1532 2637 1735 2691 abesse
1757 2639 1953 2690 tamen
1971 2633 2123 2689 Deus
2232 2633 2456 2690 istatua
2467 2633 2778 2689 criminum
2792 2636 3029 2686 tuorum
3047 2629 3438 2703 descriptione
3456 2631 3598 2686 adeo
3618 2630 3892 2687 deditum

475 2727 774 2793 concedat,
809 2727 1108 2797 perdures,
1142 2744 1276 2781 cum
1308 2741 1414 2781 nec
1445 2724 1652 2780 saltem
1683 2723 1741 2778 in
1770 2727 1828 2778 te
1867 2722 2121 2794 comple-
2233 2723 2524 2791 sensibus,
2559 2726 2624 2776 ut
2655 2722 2810 2793 quod
2843 2721 2959 2777 scis
2990 2720 3228 2792 optime,
3264 2719 3376 2774 nisi
3397 2735 3531 2774 cum
3556 2719 3891 2788 videas,re-

472 2818 624 2882 tum,
649 2816 803 2887 quod
835 2815 1054 2871 cantari
1079 2816 1409 2888 frequenter
1433 2811 2120 2882 audisti,confessusfue-
2230 2811 2518 2879 corderis;
2553 2811 2837 2883 Spiritum
2868 2815 2923 2865 te
2954 2827 3069 2865 non
3101 2809 3313 2864 habere
3350 2808 3602 2876 Domini,
3649 2819 3889 2878 moneo,

476 2902 579 2972 ris,
614 2903 724 2959 hoc
753 2907 869 2960 est:
901 2905 1052 2973 Ignis
1079 2902 1366 2960 succensus
1394 2912 1474 2960 est
1502 2905 1561 2958 in
1579 2905 1770 2974 furore
1787 2918 1924 2970 meo,
1949 2909 2001 2957 et
2028 2917 2118 2956 ar-
2230 2899 2621 2972 conspexeris,
2656 2900 2705 2954 si
2738 2899 3004 2954 libertate
3030 2897 3308 2954 carueris.
3345 2898 3445 2955 Ubi
3472 2899 3620 2954 enim
3645 2900 3890 2970 Spiritus

473 2991 618 3048 debit
647 3009 815 3065 usque
859 2994 929 3048 ad
958 2995 1168 3065 inferni
1220 2995 1517 3050 novissima
1565 2995 1746 3055 (Deut.
1778 3007 1954 3058 χχχιι,
2005 2990 2118 3062 22),
2229 2991 2467 3057 Domini,
2501 2989 2582 3044 ibi
2611 2989 2836 3045 libertas
2866 2990 2942 3057 (II
2970 2988 3091 3044 Cor.
3125 3004 3203 3056 ιιι,
3239 2988 3348 3050 17).
3380 2987 3623 3042 Servum
3657 3003 3804 3060 ergo
3825 2991 3885 3045 te

472 3085 583 3138 etc.
618 3082 678 3137 In
713 3099 830 3139 uno
861 3099 1094 3155 quoque
1144 3088 1200 3139 te
1243 3081 1580 3138 immaniter
1624 3079 1746 3137 falli
1793 3078 2116 3145 considero,
2229 3095 2482 3151 nequam
2515 3095 2630 3134 non
2664 3078 2871 3147 ﬁlium,
2903 3077 3229 3133 inimicum.
3262 3093 3378 3132 non
3393 3075 3646 3132 amicum
3666 3092 3885 3150 cogno-

471 3170 614 3242 quia
642 3171 869 3229 dicente
897 3173 1176 3229 veraciter
1228 3173 1474 3228 Domino
1508 3187 1609 3243 per
1656 3169 1983 3242 Sapientia,
2017 3168 2118 3239 qui
2160 3236 2192 3243 _
2225 3169 2396 3235 veris,
2432 3168 2482 3223 si
2507 3166 2813 3239 suppliciis
2845 3167 2916 3222 ad
2949 3165 3240 3239 quinlibet
3271 3166 3562 3238 agendum
3592 3165 3682 3221 vel
3704 3165 3884 3222 decli-

473 3260 676 3333 utique
701 3267 791 3318 est
807 3262 932 3334 ipse
950 3261 1449 3328 mentirinescius,
1474 3260 1720 3315 librum:
1748 3259 1914 3327 Quem
1933 3258 2122 3328 diligit
2150 3236 2192 3302 ί]
2227 3258 2491 3312 nandum
2523 3254 2910 3328 compelleris.
2930 3236 3076 3311 Nam
3100 3256 3147 3311 si
3181 3236 3413 3327 poenam
3433 3271 3549 3310 non
3562 3258 3880 3324 metueres,

466 3352 634 3414 Deus,
668 3352 892 3421 corripit
922 3353 1103 3423 (Prov.
1137 3367 1225 3418 ιιι,
1257 3351 1379 3418 12);
1412 3354 1468 3404 te
1499 3347 1616 3404 illic
1647 3365 1750 3420 pro
1783 3347 2117 3402 innumera-
2227 3351 2293 3401 ut
2320 3347 2404 3402 tui
2437 3349 2659 3401 asserto
2692 3345 2879 3417 ipsius
2911 3345 3140 3416 agnovi,
3173 3344 3374 3416 pejora
3399 3342 3574 3400 etiam
3589 3360 3765 3415 quam
3799 3344 3883 3400 fa-

465 3435 685 3492 bilibus
714 3437 773 3493 in
800 3438 909 3494 hoc
934 3439 1144 3494 saeculo
1175 3441 1277 3493 tua
1296 3437 1440 3493 reris
1471 3437 1615 3509 (600)
1630 3436 1803 3509 culpa
1822 3435 2116 3508 perpessis
2226 3436 2348 3492 cias
2379 3438 2763 3508 perpetrares.
2798 3435 2957 3489 Bona
2984 3450 3118 3490 vero
3148 3433 3259 3488 etsi
3289 3449 3408 3489 non
3439 3432 3498 3487 in
3545 3432 3794 3502 divinis,
3816 3433 3879 3490 in

467 3527 637 3600 (falso
663 3545 734 3584 ne
758 3531 953 3583 tamen
979 3527 1175 3583 videas
1205 3527 1432 3598 moneo)
1466 3543 1595 3582 esse
1643 3525 2023 3596 descriptum,
2056 3528 2115 3580 et
2224 3524 2399 3580 Tullii
2432 3523 2638 3580 saltem
2671 3526 2727 3578 et
2756 3526 3095 3578 casterorum
3128 3520 3471 3593 hujusmodi
3493 3521 3803 3577 sententiis
3821 3527 3882 3579 et

463 3621 521 3673 te
553 3617 722 3689 quasi
752 3615 1009 3672 vindicta
1035 3615 1258 3688 perlata
1289 3615 1484 3671 reddis
1525 3631 1819 3681 securum,
1876 3630 1991 3669 non
2022 3630 2110 3668 re-
2221 3613 2508 3684 ejusdem,
2539 3629 2715 3684 quem
2745 3609 3415 3683 noviterprotulisti,pro
3428 3609 3764 3682 semetipsis
3786 3610 3877 3666 di-

461 3705 658 3762 colens
689 3710 942 3777 quatuor
972 3721 1100 3760 esse
1129 3720 1340 3775 genera
1382 3702 1850 3775 percussionum,
1900 3719 2027 3774 quae
2059 3702 2108 3758 si
2220 3701 2434 3757 dicisse
2463 3705 2736 3774 potueras
2767 3700 3082 3773 diligenda.
3103 3703 3161 3755 et
3177 3716 3291 3755 non
3320 3698 3506 3770 poenis
3529 3699 3878 3771 cogentibus

461 3812 580 3851 non
609 3786 954 3861 recordaris,
989 3794 1061 3849 ad
1095 3793 1458 3865 Gregorium,
1492 3791 1917 3861 dico,redieris;
1952 3790 2106 3848 solos
2217 3791 2609 3862 exsequenda.
2641 3789 2923 3857 Erubesce,
2955 3788 3142 3844 Sidon.
3192 3789 3274 3843 ait
3303 3803 3450 3854 vero,
3503 3786 3872 3855 memineris,

460 3889 680 3954 autem,
717 3887 782 3940 ut
813 3883 883 3939 de
925 3883 1268 3954 compendio
1300 3882 1510 3954 loquar
1556 3880 1716 3936 illius
1759 3884 1999 3950 asserto,
2032 3880 2105 3936 ab
2214 3896 2367 3936 mare
2398 3879 2546 3942 (1ςαί.
2578 3895 2737 3946 XXIII,
2772 3879 2847 3943 4).
2881 3877 3116 3933 Certum
3147 3881 3236 3932 est
3276 3893 3432 3944 vero,
3482 3875 3622 3948 quia
3671 3891 3873 3934 coram

460 3973 692 4031 aeternis
717 3971 1061 4044 temporalia
1104 3970 1332 4044 ﬂagella
1381 3970 1650 4036 liberant,
1713 3986 1860 4041 quos
1888 3969 2104 4024 immu-
2216 3967 2333 4024 Deo
2382 3967 2716 4023 innocentia
2771 3966 3062 4022 amittitur
3117 3966 3396 4039 corporis,
3445 3964 3504 4020 in
3536 3966 3708 4037 cujus
3736 3965 3910 4022 con?

456 4068 605 4120 tant.
637 4063 786 4119 Nam
811 4061 946 4117 licet
977 4062 1049 4117 ab
1079 4061 1235 4117 exitu
1265 4061 1347 4117 sis
1361 4059 1608 4126 viarum,
1642 4059 1699 4114 id
1731 4063 1837 4126 est,
1866 4063 2104 4114 tuorum
2214 4062 2418 4129 spectu
2449 4057 2707 4112 motibus
2735 4055 3098 4128 delinquitur
3127 4055 3340 4112 cordis.
3391 4055 3600 4122 Manus,
3652 4053 3870 4127 inquit,

457 4153 783 4210 defectibus
815 4155 1057 4209 vocatus
1107 4149 1479 4206 moliminum
1507 4175 1521 4216 ς
1555 4153 1748 4204 tamen
1792 4148 1930 4219 quia
1977 4147 2104 4203 sine
2214 4149 2275 4202 in
2303 4164 2493 4212 manu,
2527 4146 2575 4202 si
2609 4145 2754 4200 nihil
2779 4145 3005 4217 agenda
3025 4143 3560 4217 [f.,agendo]etiam
3583 4142 3870 4201 subaudis

455 4247 615 4299 veste
645 4259 706 4299 es
737 4241 1004 4314 nuptiali,
1037 4257 1132 4310 ne,
1163 4241 1364 4306 Amice,
1413 4238 1673 4312 quomodo
1730 4239 1835 4292 huc
1865 4239 2104 4292 introisti
2214 4240 2499 4302 teneatur,
2526 4251 2638 4289 non
2666 4235 2770 4289 erit
2795 4235 3053 4290 innocens
3081 4234 3262 4289 malus
3289 4233 3470 4296 (Prov.
3504 4249 3581 4299 x1,
3605 4232 3719 4304 21).
3754 4232 3866 4288 Re-

459 4333 687 4404 (Matth.
718 4349 861 4401 xxu,
892 4334 999 4399 12),
1023 4329 1130 4387 tibi
1147 4329 1393 4397 dicatur,
1420 4345 1534 4383 non
1557 4327 1702 4383 nihil
1727 4327 2098 4399 potesvereri.
2213 4328 2436 4397 pugnat
2464 4323 2637 4379 etiam
2671 4323 2785 4378 Deo
2817 4340 2920 4395 pro
2951 4339 3141 4394 posse,
3175 4320 3464 4394 quivellet
3483 4321 3865 4377 tormentaab

455 4421 582 4476 Tibi
609 4437 743 4477 vero
771 4419 868 4476 hic
911 4421 1174 4491 subjecta
1203 4435 1273 4473 ne
1303 4435 1419 4474 non
1452 4416 1910 4484 disconveniant,
1957 4417 2099 4471 dum
2213 4430 2278 4469 eo
2309 4416 2503 4468 creata
2531 4429 2646 4466 non
2680 4412 2880 4478 fuisse,
2905 4415 2971 4466 ut
2993 4409 3104 4466 sibi
3123 4409 3578 4482 liceretimpune
3603 4425 3865 4481 peccare.

456 4510 527 4565 ab
552 4509 862 4582 iniquitate
891 4525 1080 4580 neque
1110 4506 1338 4579 ﬂagella
1389 4509 1788 4578 compescunt,
1836 4505 2097 4573 solerter,
2212 4501 2272 4556 ln
2305 4519 2372 4558 eo
2403 4517 2543 4557 sane
2573 4501 2729 4572 quod
2761 4504 2818 4555 te
2849 4500 2984 4554 ﬂere
3013 4503 3253 4571 peccata
3280 4502 3384 4554 tua
3414 4515 3530 4554 non
3581 4514 3772 4570 posse,
3805 4502 3867 4555 et

453 4613 614 4669 rogo,
649 4599 881 4652 attende
931 4596 1232 4669 praemisso
1284 4595 1460 4667 quod,
1523 4594 1934 4666 procacitatem
1985 4593 2101 4651 nisi
2130 4601 2176 4667 D
2209 4590 2379 4646 dictis
2408 4589 2527 4645 tuis
2557 4595 2614 4645 et
2643 4588 2864 4644 intuitu
2897 4604 3025 4643 meo
3053 4586 3303 4660 percepi;
3338 4603 3454 4642 non
3504 4587 3867 4659 perpendere

452 4683 930 4759 praecipitationis
985 4684 1198 4756 linguas
1261 4683 1516 4756 corrigas
1566 4688 1698 4750 tuae,
1769 4699 1918 4738 vana
1973 4687 2094 4751 tua,
2207 4684 2265 4734 te
2296 4679 2438 4734 satis
2468 4679 2718 4745 intueor,
2748 4693 2928 4749 quare
2962 4675 3266 4749 prohibita;
3293 4676 3413 4732 sint
3445 4675 3616 4748 (601),
3658 4679 3724 4730 ut
3767 4692 3862 4732 ra-

449 4773 684 4830 etiamsi
714 4777 868 4829 esset
897 4773 1113 4845 aliqua,
1144 4773 1259 4828 ista
1287 4772 1767 4828 estconfessionis
1781 4771 1982 4845 religio
2013 4776 2094 4828 at-
2201 4768 2518 4824 tiocinatur
2545 4767 2847 4839 propheta,
2884 4765 3053 4822 stillae
3085 4770 3187 4822 ate
3203 4764 3598 4838 lacrymarum
3623 4765 3750 4829 (Jer.
3771 4781 3859 4836 ιιι,

449 4865 700 4919 testante
730 4860 992 4934 apostolo
1023 4861 1238 4917 Jacobo
1271 4862 1402 4924 (Jac.
1438 4879 1476 4927 ι,
1525 4860 1634 4933 26).
1689 4860 1851 4925 Quod
1895 4863 2091 4915 autem
2201 4857 2256 4920 3)
2283 4857 2504 4929 utique,
2528 4857 2656 4927 jam
2693 4872 2821 4911 sero
2854 4854 3074 4910 scilicet
3099 4854 3310 4910 saltem
3341 4857 3582 4926 peccata
3610 4870 3738 4926 quas
3769 4853 3862 4909 di-

443 4968 662 5009 vanum
692 4956 804 5019 est,
835 4949 1323 5007 remunerationis
1352 4951 1607 5022 pondere
1637 4954 1850 5018 careat,
1889 4966 2089 5005 conse-
2198 4945 2428 5002 luerent
2455 4951 2575 5011 tua,
2607 4961 2926 5016 semenque
2941 4943 3100 4999 verbi
3119 4943 3179 4999 in
3210 4947 3266 4999 te
3285 4943 3543 4999 facerent
3565 4942 3858 5016 (ipsaquaa

443 5058 633 5115 quens
664 5040 881 5114 pariter
908 5044 1015 5098 est.
1051 5039 1123 5096 Ut
1151 5038 1290 5109 dixi,
1324 5043 1595 5096 caeternm
1623 5037 1822 5094 videas
1853 5041 1910 5093 te
1957 5053 2092 5109 sug-
2197 5035 2305 5090 tibi
2339 5034 2531 5090 inesse
2549 5033 2782 5091 videtur
2809 5033 3078 5089 ariditate
3109 5032 3428 5105 compluta,
3454 5035 3633 5104 atque
3663 5031 3862 5089 made-

514 5267 663 5335 (598)
691 5267 815 5337 Vox
858 5274 1069 5337 putam,
1114 5281 1266 5337 quae
1297 5279 1496 5337 vocem
1553 5262 1719 5316 racha
1769 5260 2088 5337 imm-aaiter
2195 5257 2345 5337 deas)
2375 5267 2426 5337 te
2455 5258 2573 5337 illic
2601 5257 2942 5337 descriptum
2962 5272 3074 5312 esse
3087 5273 3189 5328 pro
3203 5255 3702 5313 innumerabilibus
3723 5272 3853 5330 per-

439 5329 677 5406 superat,
710 5336 770 5391 in
799 5329 1019 5392 malum
1039 5329 1495 5391 etconviciosum
1518 5349 1758 5388 sensum
1781 5331 2082 5406 accipitur,
2189 5329 2580 5406 pessisinjtoc
2630 5329 3012 5406 saeculoculpa
3043 5337 3160 5406 tua.

438 5397 894 5462 ao'meretricem
927 5407 1240 5487 signiﬁcat,
1268 5423 1396 5476 quae
1431 5419 1852 5485 nuncquoque
1890 5397 2083 5483 ftalice
2189 5397 2204 5401 ⁷
2267 5401 2414 5472 (601)
2446 5401 2662 5455 Textus
2682 5397 2987 5526 propheta:
3043 5398 3310 5455 Jeremiaa
3361 5416 3445 5466 III,
3500 5399 3553 5464 3,
3586 5397 3681 5453 hic
3731 5401 3849 5454 est:

438 5483 572 5526 nuta
599 5481 855 5526 vocatur.
888 5478 1032 5526 Hum
1052 5484 1218 5526 vetus
1267 5477 1445 5526 huius
1479 5475 1686 5526 Italiam
1736 5490 1889 5526 VOClS
1921 5491 2080 5526 01"12'0
2195 5472 2553 5526 Quamobrem
2582 5487 2677 5526 vro
2721 5471 2864 5526 zbztae
2895 5479 3023 5526 sunt
3051 5471 3222 5526 stillae
3247 5471 3580 5526 plu-viarum.
3629 5473 3681 5524 et
3701 5485 3849 5525 sero-

430 5483 572 5547 puta
599 5481 855 5531 vocatur.
888 5471 1032 5532 Hinvc
1052 5471 1234 5532 vetus
1267 5471 1445 5547 Hujus
1478 5471 1686 5531 Italica:
1736 5471 1889 5529 vocis
1921 5473 2080 5547 origo
2195 5471 2553 5547 Quamobrem
2579 5471 2864 5547 prohibitis
2886 5479 3023 5547 sunt
3051 5471 3222 5527 stillae
3241 5471 3580 5547 plu-viarum,
3629 5473 3681 5524 et
3701 5485 3851 5547 sero-

434 5540 828 5620 notandaest,
862 5549 1012 5602 sicut
1034 5549 1208 5604 etiam
1237 5540 1476 5604 alterius
1504 5549 1780 5620 fellonem,
1824 5562 1950 5616 qua:
1976 5540 2080 5600 La-
2193 5545 2343 5620 tinus
2373 5544 2548 5620 imber
2570 5540 2685 5620 (han
2713 5544 2843 5620 fuit.
2877 5541 3169 5620 Construe
3207 5540 3389 5620 vero;_
3430 5546 3615 5620 Quare
3656 5540 3852 5612 prohi-

435 5617 558 5672 tine
589 5617 872 5687 perﬁdum
905 5619 1215 5689 signiﬁcat.
1504 5613 1513 5620 ’
1841 5613 1857 5616 “
2193 5614 2322 5689 bitu:
2350 5617 2463 5669 sint
2495 5617 2577 5686 (ut
2586 5613 2848 5686 propheta
2875 5614 3443 5689 raltiociuatur)slil_l_az
3473 5613 3853 5689 lacrumarum.

510 5685 655 5759 (599)
691 5689 750 5743 ld
781 5695 887 5758 est,
920 5685 1125 5745 si'talis
1156 5691 1432 5761 perdures,
1464 5699 1523 5744 ut
1553 5690 1706 5744 modo
1735 5706 1806 5755 es,
1842 5691 1950 5761 etc.
2189 5688 2379 5756 utique
2400 5694 2522 5752 ate,
2552 5685 2672 5757 quae
2695 5702 2828 5761 ,φιιηι⁸
2863 5686 3081 5761 saltem,
3122 5685 3526 5761 sero__scilicet,
3570 5685 3849 5761 diluereut

511 5755 658 5832 (000)
685 5755 995 5819 Construe:
1030 5755 1182 5818 lteris
1230 5755 1438 5831 (moneo
1495 5766 1677 5817 tamen
1709 5778 1775 5816 ne
1828 5759 1966 5830 falso
2001 5762 2078 5815 vi-
2183 5755 2403 5830 peccata
2433 5755 2928 5831 tua{et_cbmpluta
2975 5755 3098 5831 ipsa
3145 5756 3426 5827 ariditate,
3468 5771 3586 5829 qua,“
3631 5755 3849 5814 videtur
