4056 6382
167 358 276 427 ω

1005 355 1487 432 EXCERPTUM
1525 359 1634 428 EX
1675 360 2016 428 DlALOGO
2055 353 2690 429 GONFESSIONALI.

3452 355 3581 440 “2

171 489 319 553 facta
345 493 565 552 duritie
594 494 786 554 cordis
831 496 941 570 tui)
972 498 1175 571 utique
1219 514 1478 555 crescere
1506 515 1540 554 a
1565 497 1808 554 Domino
1837 496 1894 564 Α
1921 493 2036 562 nia,
2069 511 2204 552 cum
2229 499 2295 552 ut
2322 475 2779 555 clementissime
2811 495 2895 554 ita
2951 496 3070 556 sint
3098 499 3156 556 et
3197 496 3573 557 veracissime

170 584 663 655 fructiﬁcandum,
696 591 754 642 et
782 587 910 643 caeli
960 588 1192 654 horreo,
1214 588 1608 644 criminositas
1638 591 1696 644 et
1725 588 1814 642 in-

171 673 626 730 oonvertibilitas
657 679 758 732 tua
801 676 1148 734 interdicere
1195 677 1308 733 nisi
1339 677 1688 743 miserrime,
1718 694 1814 732 re-

174 762 564 819 condendum.
600 764 746 830 Quid
777 765 936 822 enim
968 782 1168 823 censes
1201 768 1272 822 de
1301 766 1494 838 culpa,
1527 783 1704 839 quam
1744 767 1815 821 de

167 849 278 907 isto
310 849 510 908 solum
535 853 746 924 probro
771 855 1308 926 contraxisti,cujus
1325 856 1607 927 nunc'pro
1620 855 1820 911 anima

168 939 499 1013 vigilias,ut
528 942 709 998 moris
739 947 901 1013 est,a
921 944 1198 1000 fratribus
1229 945 1353 1000 ﬁeri
1385 945 1648 1010 audiens,
1671 962 1814 1016 prae-

180 1028 494 1101 cipitanter
520 1031 729 1086 tuatim
758 1032 908 1102 (602)
939 1033 1158 1114 dixisti,
1188 1051 1303 1089 non
1332 1051 1434 1106 pro
1465 1051 1530 1090 eo
1577 1051 1639 1090 se
1687 1051 1814 1090 ora-

169 1122 396 1186 turum,
432 1117 574 1189 quia
605 1119 783 1176 scires
809 1137 942 1176 eum
973 1121 1032 1176 in
1063 1121 1289 1177 inferno
1315 1139 1462 1189 esse,
1499 1139 1602 1194 pro
1623 1139 1688 1178 eo
1711 1122 1818 1178 sci-

178 1205 326 1272 licet,
343 1208 502 1278 quod
527 1224 660 1263 cum
675 1209 799 1279 jam
823 1208 1050 1265 diutino
1068 1211 1421 1267 monachum
1445 1228 1506 1267 se
1529 1211 1652 1266 fieri
1671 1211 1816 1267 velle

173 1295 306 1351 adeo
323 1295 684 1366 promiserit,
704 1301 770 1352 ut
789 1297 967 1354 etiam
999 1298 1288 1372 stipendio
1329 1301 1577 1356 camobii
1615 1301 1816 1357 introi-

171 1387 288 1439 tum
321 1383 484 1450 dato,
519 1385 861 1457 acquisierit
887 1388 1054 1454 (603),
1073 1403 1142 1444 ex
1169 1405 1283 1460 quo
1313 1389 1418 1444 tibi
1451 1406 1682 1462 quoque
1698 1406 1818 1445 una

169 1470 309 1526 libra
338 1472 646 1544 provenit;
679 1473 956 1531 dilatione
985 1477 1219 1532 corvina
1250 1477 1618 1534 miserrimus
1665 1479 1817 1535 facta

168 1558 223 1614 in
250 1557 568 1618 clericatus
598 1561 803 1618 habitu
836 1563 1056 1632 infelix,
1090 1570 1155 1620 ut
1185 1566 1290 1622 tibi
1310 1566 1556 1632 videtur,
1585 1566 1812 1624 obierit.

169 1648 337 1720 Cujus
369 1648 532 1706 enim
563 1649 738 1723 culpa
767 1657 898 1724 post
926 1652 1124 1726 ipsum
1151 1655 1339 1729 magis
1379 1658 1470 1712 est
1522 1655 1712 1728 ipsius
1742 1656 1814 1728 (si

169 1741 251 1792 est
276 1741 477 1797 tamen
504 1739 792 1809 perditus)
826 1741 1099 1812 perditio,
1119 1759 1298 1815 quam
1313 1747 1417 1799 tua
1432 1743 1815 1816 omniumque

170 1825 428 1924 fratrum,
465 1827 570 1900 qui
599 1828 867 1900 receptis,
904 1846 1031 1934 qius
1062 1831 1251 1930 ipsius
1280 1833 1554 1900 erant,de
1579 1833 1676 1888 illo
1699 1851 1813 1888 non
1844 1868 1891 1934 Β

171 1914 432 1983 curastis,
465 1916 570 1972 sed
604 1933 736 1972 cum
769 1917 1002 1974 diabolo
1035 1918 1365 1976 dimisistis.
1399 1921 1514 1977 Vos
1545 1921 1702 1978 enim
1729 1922 1813 1977 in-

171 2007 466 2068 cessanter
499 2004 787 2066 debuistis
817 2023 951 2062 eum
986 2025 1244 2078 monere,
1270 2009 1422 2067 295
1449 2015 1534 2080 ut,
1554 2012 1814 2084 quodvo-

173 2095 346 2163 verat,
395 2092 520 2149 Deo
564 2094 802 2151 reddere
859 2095 1179 2165 festinaret,
1209 2103 1522 2170 antequam
1579 2099 1688 2156 hoc
1734 2101 1808 2168 ei,

174 2181 322 2251 quod
353 2181 532 2237 modo
579 2182 736 2238 novit
766 2184 1022 2255 [subaudi
1057 2186 1392 2259 contigisse]
1425 2188 1808 2261 contingeret.

173 2267 232 2323 Et
258 2268 394 2339 quia
421 2286 542 2325 non
573 2270 812 2338 fecistis,
845 2272 1199 2346 interrogate
1226 2281 1590 2348 prophetam,
1609 2277 1809 2350 ipsein

171 2361 390 2426 peccato
403 2374 516 2414 suo
533 2362 784 2427 mortuo,
801 2361 871 2416 de
889 2362 1058 2432 cujus
1070 2378 1250 2418 manu
1264 2365 1609 2437 sanguinem
1623 2365 1811 2439 ipsius

173 2443 316 2500 Deus
346 2446 560 2503 debeat
591 2449 885 2520 requirere
914 2451 1128 2514 (Ezech.
1153 2469 1238 2522 iu,
1271 2453 1295 2508 4
1307 2453 1384 2524 8),
1417 2470 1552 2509 cum
1577 2455 1811 2512 etiamsi

172 2532 363 2591 datum
392 2540 572 2604 esset,
587 2541 652 2592 ut
681 2539 910 2608 faceret,
944 2540 1235 2596 sententia
1264 2541 1366 2597 illa
1392 2559 1494 2598 vos
1508 2543 1808 2600 Dominiin

174 2620 273 2678 hoc
303 2623 385 2680 ita
415 2626 872 2700 constringeret:
899 2630 987 2686 νθε
1015 2630 1164 2685 vobis
1191 2631 1468 2689 Pharisaei
1486 2633 1808 2704 hypocrita},

177 2713 296 2782 quia
321 2715 574 2770 circuitis
603 2731 756 2770 mare
784 2720 837 2772 et
867 2718 1104 2785 aridam,
1137 2723 1187 2774 et
1212 2721 1401 2790 facitis
1430 2737 1603 2776 unum
1622 2738 1808 2793 prose-

178 2800 360 2870 lytum,
383 2807 433 2859 et
462 2820 596 2870 cum
636 2807 812 2877 fuerit
857 2807 1055 2876 factus,
1083 2809 1267 2878 facitis
1313 2826 1438 2864 eum
1491 2811 1673 2881 filium
1718 2828 1810 2881 ge-

178 2887 362 2948 hennae
383 2891 551 2965 duplo
574 2909 741 2965 quam
781 2910 869 2951 vos
897 2897 1114 2965 (Matth.
1148 2913 1306 2967 xxm,
1341 2899 1450 2967 15).
1484 2898 1811 2956 Miserrimo

177 2976 344 3050 igitur
371 2981 673 3051 misereor,
690 2983 828 3055 quia
851 2988 955 3040 tua
983 3001 1098 3040 non
1129 2989 1293 3058 potes
1322 2987 1530 3042 deﬂere
1553 2993 1808 3060 peccata,

180 3067 270 3138 qui
315 3069 592 3144 plangere
647 3072 953 3142 debueras,
995 3074 1136 3129 dum
1195 3075 1372 3131 etiam
1421 3076 1807 3149 compelleris,

179 3152 369 3214 aliena.
402 3158 473 3214 Et
504 3163 723 3232 quanto
745 3160 940 3218 minus
972 3165 1026 3218 te
1058 3162 1194 3218 ﬂere
1227 3181 1342 3219 non
1369 3165 1615 3232 sufficis,
1647 3169 1809 3223 tanto

1923 584 2149 657 prolata
2170 584 2717 660 maleintelligentis
2737 586 2904 644 vitiat
2926 587 3300 662 negligentia,
3319 592 3573 662 autpraa-

1925 674 2110 729 missa
2170 674 2410 743 scilicet,
2453 681 2560 731 aut
2608 677 3029 750 subsequentia
3051 679 3249 734 minus
3268 695 3574 752 isquoper-

1923 763 2200 833 pendens.
2237 764 2277 818 E
2311 763 2524 835 quibus
2557 768 2622 820 ut
2652 783 2767 821 uno
2825 771 3030 822 caetera
3055 768 3568 839 comprehendam,

1922 850 2202 923 gaudium
2257 869 2386 908 esse
2416 852 2474 908 in
2507 853 2648 910 caelo
2689 855 2980 927 promittit
3007 871 3186 928 super
3217 874 3331 912 uno
3363 874 3572 929 pecca-

1923 944 2069 1006 tore,
2103 956 2278 1012 quam
2313 959 2490 1014 super
2538 943 2855 1016 nonaginta
2884 961 3089 1000 novem
3114 946 3313 1016 justos
3341 963 3354 1012 ;
3389 947 3486 1002 sed
3521 946 3570 1002 si

1923 1029 2146 1101 gaudes
2192 1029 2321 1085 ideo
2353 1029 2595 1098 dictum,
2629 1032 2768 1104 quia
2797 1037 2852 1087 te
2901 1037 3264 1105 peccatorem
3296 1035 3569 1100 attendis,

1926 1118 2067 1174 audi
2099 1135 2275 1191 super
2303 1136 2420 1191 quo
2442 1125 2740 1191 peccatore
2755 1122 3035 1193 gaudium
3055 1123 3249 1195 ipsum
3271 1139 3400 1179 esse
3416 1124 3573 1180 dicat

1923 1205 1981 1261 in
2005 1206 2175 1274 ccslo;
2201 1210 2258 1262 et
2275 1211 2337 1263 tu
2362 1213 2629 1280 peccator
2657 1225 2786 1264 esse
2815 1209 2968 1276 talis,
2987 1209 3194 1266 saltem
3226 1211 3570 1283 quiajustus

1924 1310 2054 1351 esse
2083 1312 2199 1351 non
2228 1295 2406 1364 vales,
2441 1301 2660 1368 satage,
2689 1298 2760 1352 de
2786 1314 2900 1369 quo
2945 1298 3157 1354 dicitur
3211 1298 3359 1372 ipso,
3387 1302 3570 1373 paeni—

1922 1384 2168 1450 tentiam,
2199 1383 2413 1457 inquit,
2445 1395 2636 1457 agente
2665 1385 2849 1459 (Ibid.)
2872 1388 3034 1452 Quod
3060 1386 3285 1460 usque?
3304 1390 3429 1445 Non
3460 1389 3568 1445 tibi

1924 1471 2075 1540 dico,
2107 1472 2245 1544 quia
2261 1473 2354 1528 hic
2384 1474 2608 1530 dictum
2642 1491 2756 1530 non
2788 1475 2980 1532 audio.
3013 1475 3159 1532 Cum
3182 1494 3316 1534 vero
3349 1478 3408 1534 in
3441 1478 3569 1551 lege

1925 1560 1996 1616 de
2016 1562 2316 1618 mundatis
2339 1563 2442 1631 per
2461 1562 2690 1619 diversa
2717 1565 3003 1620 sacriﬁcia
3022 1564 3230 1638 culpis,
3255 1567 3571 1623 immundus

1924 1649 2031 1703 erit
2059 1665 2228 1722 usque
2270 1651 2342 1706 ad
2390 1668 2668 1724 vesperam
2701 1651 2892 1724 (Levit.
2922 1671 3014 1722 xv,
3049 1653 3161 1726 11),
3193 1655 3367 1710 audio
3400 1656 3517 1711 dici

1925 1739 2390 1812 unumquodque
2421 1745 2726 1812 peccatum
2756 1742 2932 1798 etiam
2954 1742 3268 1799 dimissum
3285 1761 3473 1816 usque
3497 1745 3570 1802 ad

1923 1825 2126 1882 horam
2143 1827 2464 1901 lugendum
2481 1834 2800 1886 extremam
2816 1829 2982 1902 mihi,
3004 1831 3207 1898 fateor,
3219 1832 3422 1889 videri'
3438 1839 3570 1890 Pec-

1919 1917 2076 1982 casti,
2109 1917 2210 1985 ait;
2243 1920 2456 1990 quiesce
2512 1920 2700 1988 (Eccli.
2753 1937 2868 1986 xxi,
2929 1920 3003 1993 1).
3043 1919 3330 1977 Dimisisti
3384 1939 3570 1978 unum

1920 2009 2245 2076 peccatum,
2279 2005 2512 2078 quiesce
2546 2023 2618 2062 ne
2672 2007 2850 2063 facias
2882 2009 3058 2077 idem,
3093 2014 3195 2066 aut
3223 2009 3437 2077 simile,
3457 2015 3571 2074 aut

1921 2093 2164 2149 forsitan
2189 2095 2376 2167 pejus.
2402 2096 2575 2167 Pejus
2606 2100 2801 2152 autem
2832 2101 2943 2164 est,
2964 2098 3014 2153 si
3047 2100 3201 2170 quod
3226 2099 3568 2168 fecisti,non

1920 2181 2196 2256 plangas;
2220 2200 2458 2256 peccare
2501 2185 2716 2257 quippe
2764 2203 2880 2241 non
2933 2203 3152 2253 cessas,
3183 2187 3233 2242 si
3267 2189 3421 2245 290
3447 2206 3567 2245 non

1920 2271 2223 2342 poeniteas.
2238 2272 2435 2344 Neque
2446 2271 2600 2328 enim
2615 2273 3005 2347 delesti,quod
3021 2275 3508 2348 scripsisti,etiam
3517 2278 3566 2334 si

1920 2360 2177 2416 scribere
2209 2361 2434 2418 desiisti
2456 2363 2856 2430 ;contumeliis
2882 2380 2987 2420 nec
3017 2363 3189 2420 alicui
3213 2355 3568 2438 illatis,quia

1919 2449 2158 2506 tacuisti
2187 2466 2284 2505 cas
2307 2450 2476 2522 (605),
2492 2451 2620 2506 ideo
2650 2452 3290 2509 emendasti.Planxisti
3323 2453 3566 2510 forsitan

1921 2539 1992 2594 ad
2023 2542 2257 2610 tempus
2286 2537 2523 2611 aliquod
2553 2538 2794 2607 crimen,
2829 2557 2928 2595 cor
2957 2539 3305 2598 contrivisti.
3345 2543 3402 2597 Si
3433 2559 3564 2601 vero

1919 2628 2141 2683 crimen
2174 2644 2291 2683 non
2323 2628 2634 2686 deseruisti
2659 2627 2748 2684 vel
2772 2629 3094 2701 pmnituisti
3117 2648 3132 2699 ;
3155 2646 3254 2685 cor
3281 2631 3420 2703 quia
3449 2650 3565 2688 non

1920 2716 2098 2772 etiam
2129 2715 2477 2787 bumiliasti,
2501 2734 2535 2773 a
2554 2716 2670 2774 Deo
2697 2721 2750 2773 te
2782 2723 3043 2792 spretum
3067 2723 3230 2791 potes
3261 2735 3450 2793 neque
3479 2722 3565 2777 in-

1920 2805 2329 2862 convenienter
2356 2810 2413 2862 et
2461 2823 2574 2862 non
2624 2806 2751 2863 sine
2798 2808 3140 2864 auctoritate
3190 2809 3395 2865 vereri.
3441 2813 3566 2878 Qua

1919 2910 2052 2950 vero
2082 2894 2272 2951 fronte
2301 2895 2453 2951 inter
2481 2895 2801 2968 nonaginta
2831 2913 3033 2952 novem
3049 2897 3248 2968 justos
3274 2902 3330 2954 te
3359 2899 3561 2968 audes,

1921 2982 2148 3038 etiamsi
2208 2984 2624 3052 invenirentur,
2661 2985 2970 3051 ascribere,
3004 2988 3068 3040 ut
3106 2984 3307 3058 utique
3337 2988 3564 3059 majora

1917 3070 2024 3126 tibi
2057 3088 2233 3144 quam
2280 3071 2397 3127 illis
2429 3089 2544 3128 non
2575 3072 2794 3144 eogites
2826 3073 3116 3145 expedire,
3149 3074 3250 3146 qui
3281 3079 3338 3131 et
3357 3076 3561 3147 justus

1923 3159 2230 3228 debueras,
2263 3164 2328 3216 ut
2359 3160 2493 3232 ipsi,
2525 3161 2800 3218 manere?
2829 3162 2974 3226 Quia
3009 3177 3142 3218 vero
3195 3179 3308 3219 non
3348 3163 3560 3234 fecisti,

178 3246 352 3318 magis
379 3265 415 3304 a
442 3249 618 3305 bonis
647 3249 922 3307 omnibus
950 3255 1008 3307 te
1037 3251 1297 3308 ﬂendum
1327 3252 1494 3322 (604),
1519 3271 1803 3328 perpensa
1836 3238 1879 3306 C
1916 3249 2317 3322 paenitentiam
2339 3249 3065 3323 debeas[f.,debes]agero,
3085 3255 3142 3306 et
3156 3252 3438 3324 gaudium
3452 3253 3561 3310 sal-

176 3331 337 3390 etiam
365 3337 633 3410 colapho,
666 3340 823 3412 quod
854 3339 1026 3396 hodie
1081 3341 1293 3397 dedisti
1335 3343 1406 3398 ad
1463 3348 1520 3398 te
1577 3344 1806 3416 procla-

176 3423 344 3478 menti
379 3426 624 3494 rustico,
658 3427 975 3484 decernens
1037 3432 1324 3501 quantum
1379 3430 1538 3487 absis
1595 3431 1712 3498 his,
1736 3432 1807 3489 de

176 3509 374 3579 quibus
397 3513 653 3571 Jacobus
681 3516 982 3588 apostolus
1010 3517 1188 3573 dicit:
1219 3518 1282 3574 Si
1309 3520 1432 3590 quis
1456 3535 1511 3574 se
1535 3527 1696 3592 putat
1725 3537 1806 3575 re-

176 3595 411 3669 ligiosum
439 3619 574 3673 esse,
606 3620 714 3661 non
746 3608 1034 3678 refrenans
1090 3607 1341 3676 linguam
1389 3625 1567 3677 suam,
1599 3615 1692 3665 sed
1719 3626 1806 3666 se-

174 3685 354 3748 ductus
379 3707 473 3748 cor
500 3709 683 3761 suum,
717 3695 938 3751 scilicet
969 3695 1273 3769 cogitando
1303 3696 1459 3769 quod
1494 3697 1803 3771 religiosus

177 3774 262 3844 sit,
293 3778 452 3852 hujus
480 3799 627 3838 vana
655 3791 732 3840 est
761 3785 956 3854 religio
986 3783 1119 3857 (Jac.
1152 3801 1195 3852 ι,
1225 3785 1338 3859 26),
1373 3786 1624 3856 noveris,
1658 3788 1801 3844 dum

176 3864 230 3919 tu
249 3868 456 3926 nedum
490 3869 776 3945 linguam,
805 3889 1017 3930 manus
1046 3872 1252 3930 saltem
1277 3891 1393 3930 non
1423 3875 1579 3932 vales
1602 3876 1803 3932 miser-

176 3951 345 4013 rimus
373 3961 687 4016 refrenare.

237 4043 317 4100 42.
338 4046 508 4106 Falsa
538 4054 810 4106 ceterum
842 4067 945 4124 spe
977 4051 1165 4124 decipi
1193 4056 1250 4108 te
1271 4069 1502 4126 quoque
1533 4053 1590 4108 in
1609 4054 1800 4112 verbis

175 4127 496 4204 hujusmodi
554 4139 720 4196 video
779 4137 1046 4198 Domini:
1079 4143 1342 4206 Peccasti,
1399 4144 1630 4214 quiesce,
1673 4145 1798 4200 nolo

174 4229 388 4312 mortem
436 4229 742 4300 peccatoris
788 4230 982 4298 (Eccli.
1030 4247 1150 4298 xxx,
1206 4231 1294 4301 1).ο
1321 4232 1390 4285 Et
1424 4249 1436 4286 :
1471 4233 1800 4312 Quacunque

177 4305 295 4366 hora
345 4320 595 4385 peccator
648 4335 934 4374 conversus
983 4321 1177 4391 fuerit,
1225 4321 1410 4376 salvus
1450 4305 1556 4377 erit
1584 4323 1794 4394 (Ezech.

175 4411 352 4470 xum,
384 4406 494 4478 12).
541 4407 609 4462 Et
638 4424 652 4464 :
688 4407 1084 4464 Convertimini
1109 4408 1180 4464 ad
1203 4426 1312 4478 me,
1340 4414 1393 4465 et
1419 4426 1516 4480 ego
1557 4416 1803 4469 revertar

175 4485 235 4540 ad
258 4504 342 4546 vos
369 4495 552 4555 (Zach.
583 4512 623 4562 ι,
655 4496 732 4568 3).
765 4497 835 4552 Et
861 4496 1006 4552 illud
1039 4497 1110 4554 de
1139 4497 1446 4570 Evangelio
1479 4514 1492 4553 :
1529 4498 1799 4556 Gaudium

173 4581 243 4631 est
264 4578 321 4634 in
347 4585 474 4640 calo
503 4601 669 4658 super
686 4602 796 4642 uno
817 4591 1114 4659 peccatore,
1131 4603 1297 4659 quam
1318 4603 1481 4659 super
1497 4591 1801 4659 nonaginta
1827 4608 1875 4673 ι)

174 4678 342 4724 novem
367 4672 533 4737 iustos
565 4675 714 4740 (Luc.
745 4692 837 4744 xv,
869 4675 926 4748 7)
959 4691 973 4730 :
1007 4682 1080 4740 et_
1102 4674 1195 4730 his
1249 4673 1544 4734 similibus
1590 4677 1793 4734 multis

176 4765 265 4822 P0P
287 4773 515 4832 campos
545 4763 877 4820 divinorum
907 4763 1132 4837 sparsis
1162 4763 1448 4820 librorum
1473 4781 1488 4833 ;
1523 4781 1651 4837 qua
1673 4781 1794 4822 om-

177 4891 328 4980 inesse
349 4903 466 4974 tibi,
497 4905 666 4980 atque
708 4907 1015 4979 madefacta
1050 4906 1256 4980 duritie
1288 4906 1465 4962 cordis
1510 4908 1614 4980 tui)
1642 4909 1794 4979 face-

175 4975 281 5050 rent
304 4986 531 5050 crescere
561 4975 628 5032 in
666 4984 718 5034 te
743 4975 928 5050 semen
955 4980 1111 5035 verbi
1136 4979 1328 5050 utique
1346 4975 1794 5050 fructiﬁcandum

177 5037 461 5118 {Durnium
491 5052 546 5104 et
572 5049 973 5106 recondendum
1008 5051 1198 5106 horreo
1231 5037 1399 5116 'cwli,
1431 5037 1545 5106 nisi
1596 5053 1790 5108 miser-

177 5111 297 5164 rime
315 5111 676 5176 criminositas
699 5125 752 5177 et
781 5121 1269 5178 inconvertibilitas
1299 5111 1395 5176 tua
1423 5122 1786 5180 interdiceret.

235 5180 623 5263 (692)1’uatim,
654 5192 711 5246 id
743 5198 832 5248 est
858 5210 1018 5249 more
1047 5197 1168 5258 tuo,
1201 5191 1287 5247 uti
1320 5192 1474 5262 apud
1497 5192 1786 5263 Plautum,

178 5253 436 5382 αωᾶξιέῶ,
457 5263 512 5328 1,
541 5253 746 5332 4,'ecce
776 5281 891 5321 rem
908 5267 1031 5337 jam
1048 5253 1246 5320 tuatim
1270 5253 1430 5333 facis.

235 5321 252 5382 (
353 5328 710 5382 lLetmbatnr
735 5336 1068 5382 stinemlium
1093 5336 1328 5382 cmnnbii
1379 5336 1553 5382 intrai

389 5321 710 5405 Legebatur
735 5321 1068 5408 stipendium
1093 5321 1346 5418 ccenob'ii.
1379 5336 1616 5392 introitu
1661 5336 1788 5419 dato

175 5403 917 5478 gfquuteritﬁorrectionem
948 5423 1159 5464 sensus
1189 5409 1397 5475 suas1t;
1413 5422 1600 5478 neque
1628 5424 1786 5464 enim

175 5446 399 5562 illi.qu
1262 5446 1659 5562 “prdmi‘sierat:
1691 5497 1787 5536 ac-

176 5544 386 5624 ρξιξξξνξι
404 5547 765 5624 stipendium
795 5552 931 5607 dato
961 5550 1204 5624 introitu
1235 5544 1478 5606 cainobii
1508 5568 1521 5618 ;
1548 5544 1652 5606 sed
1679 5569 1787 5607 cte-

172 5605 307 5681 npbii
333 5605 612 5676 introitum
639 5605 931 5694 acquisivit
955 5605 1228 5695 stipendio
1247 5605 1403 5688 nato,
1433 5605 1647 5692 ex'quo
1667 5605 1788 5682 una

175 5667 304 5727 libra
331 5682 589 5727 lemntn
609 5693 802 5727 om...“
829 5695 1088 5727 ..-ηυοηςι
1133 5693 1328 5727 Anum.
1344 5710 1470 5727 anan
1501 5695 1760 5727 ηυηιονῖα

247 5682 590 5770 ςξιίᾗαιξιᾳιιὶρ
607 5682 806 5749 abbati
827 5682 1328 5770 prov_e_riit._Aptior
1343 5682 1473 5770 esse
1500 5682 1783 5770 sintaxis,

174 5752 377 5813 cwnobii
422 5761 710 5824 introitum
763 5752 1032 5840 stipendio
1087 5752 1210 5824 dati)
1261 5752 1597 5839 acquisierit.
1639 5752 1788 5828 Curti.

1916 3341 2035 3394 tem
2057 3337 2315 3411 aliquod,
2347 3337 2407 3392 id
2436 3342 2544 3403 est,
2577 3339 2900 3394 secundum
2935 3338 3286 3410 poenitentia
3315 3342 3557 3398 modum

1913 3424 1972 3480 in
2004 3425 2145 3482 caelo
2175 3425 2396 3499 angelis
2428 3426 2606 3483 facias
2637 3427 2959 3499 [f.,facies].
2995 3428 3158 3492 Quod
3190 3427 3249 3484 in
3277 3432 3332 3485 te
3361 3435 3558 3487 tamen

1914 3531 2050 3570 cum
2080 3515 2180 3570 Dei
2211 3515 2399 3588 gratia
2428 3531 2575 3584 esse,
2601 3515 2967 3572 considerata
2996 3515 3224 3572 arbitrii
3267 3516 3555 3589 libertate,

1911 3603 2070 3660 vales
2099 3604 2475 3676 perpendere.
2509 3606 2632 3670 Qua
2659 3621 2793 3660 vero
2824 3609 3018 3661 mente
3047 3609 3112 3660 tu
3160 3604 3364 3678 culpas
3421 3608 3559 3664 ﬂere

1911 3691 2173 3765 negligas
2185 3697 2318 3765 post
2331 3691 2692 3764 baptismum
2705 3693 3268 3766 admissas,quando
3285 3711 3557 3752 summus

1909 3785 2110 3854 pastor
2165 3782 2454 3854 quosdam
2505 3780 2793 3837 malorum
2824 3799 3065 3838 suorum
3093 3781 3558 3841 consideratione

1908 3869 2143 3926 territos
2173 3871 2505 3940 admonere,
2537 3873 2602 3926 ut
2633 3871 3089 3943 baptizarentur,
3117 3873 3392 3945 gestiens,
3411 3890 3556 3946 prai-

1911 3959 2072 4015 misit
2101 3959 2302 4015 dicens
2337 3977 2350 4016 :
2379 3959 2771 4014 Paenitentiam
2811 3960 2955 4032 agite
2981 3961 3117 4033 (Act.
3157 3978 3220 4030 ιι,
3250 3962 3340 4024 38)
3376 3978 3390 4030 ;
3420 3979 3554 4017 cum

1909 4064 2025 4104 non
2057 4047 2369 4116 dubitaret,
2392 4051 2758 4104 sacramento
2791 4048 3165 4119 baptismatis
3195 4049 3392 4104 omnia
3425 4067 3554 4121 pec-

1909 4142 2058 4206 cata,
2103 4136 2333 4193 etiamsi
2376 4135 2539 4191 nulla
2568 4136 2957 4206 praecessisset
2995 4135 3355 4208 pcenitentia,
3379 4153 3550 4192 mun-

1909 4225 2036 4282 dari
2055 4226 2264 4282 valere.
2297 4221 2462 4280 Talia
2489 4239 2623 4280 vero
2654 4223 2760 4278 tibi
2792 4222 3112 4290 inculcans,
3141 4223 3358 4295 quibus
3371 4224 3550 4280 etiam

1909 4317 2127 4372 ferrum
2160 4313 2406 4370 emolliri
2438 4309 2842 4384 loquar,utita
2864 4315 3222 4384 potuerat,te
3236 4314 3551 4388 compungi

1909 4405 1981 4461 ad
2013 4405 2215 4462 ﬂetum
2247 4402 2386 4476 quia
2415 4418 2530 4456 non
2554 4400 2868 4469 cerno,tibi
2891 4400 3111 4456 dictum
3135 4400 3419 4473 suspicari
3435 4419 3550 4458 non

1907 4493 2146 4561 desino;
2178 4493 2349 4563 Plaga
2405 4491 2627 4546 inimici
2679 4490 2924 4562 percussi
2979 4494 3029 4545 te
3087 4490 3219 4563 (Jer.
3270 4507 3400 4558 xxx,
3437 4493 3548 4554 14).

1905 4583 2176 4638 Attamen
2203 4597 2274 4636 ne
2331 4596 2480 4635 saevo
2508 4595 2798 4635 venenum
2828 4578 3077 4651 adjicere
3107 4579 3304 4634 videar
3331 4579 3547 4652 gladio,

1902 4672 1963 4727 id
1993 4674 2083 4726 est
2127 4669 2354 4726 duritia:
2383 4669 2470 4724 tui
2521 4668 2714 4724 cordis
2767 4667 3232 4741 desperationem
3262 4667 3546 4739 ingerere,

1904 4777 2045 4818 curo
2073 4763 2130 4816 te
2161 4763 2295 4828 Deo,
2319 4759 2448 4831 jam
2479 4775 2634 4813 nunc
2677 4757 3018 4814 confutandi
3065 4756 3315 4816 termino
3374 4758 3545 4826 facto,

1899 4919 2036 4975 vero
2066 4900 2328 4975 syntaxis
2359 4899 2619 4975 Ratherii
2651 4899 2962 4975 peculiaris
2984 4899 3082 4975 sit,
3115 4898 3349 4975 nihilin
3379 4899 3548 4975 collo-

1902 4970 2130 5030 catione
2158 4972 2469 5057 verborum
2508 4970 2822 5057 Imm—utare
2852 4970 3546 5057 voluimus..5tipendium

1901 5047 2156 5128 speciem
2203 5044 2359 5099 dotis
2411 5044 2724 5116 signiﬁcat,
2748 5060 2926 5116 quam
2968 5044 3323 5124 monasteria
3349 5044 3543 5122 ingre-

1901 5119 2123 5193 dientes
2153 5116 2474 5193 olzerebant
2491 5115 2680 5193 :_unde
2701 5131 2841 5193 cum.
2857 5131 3028 5193 pueri
3045 5116 3420 5193 monasteriis
3431 5115 3545 5193 tra-

1899 5190 2191 5264 debantur
2203 5187 2316 5243 Deo
2335 5185 2987 5264 perpetuumservit’uri,
3003 5185 3293 5264 oblationis
3307 5185 3540 5264 nomine

1899 5261 2121 5336 aliquid
2154 5254 2354 5336 datum
2374 5254 2571 5336 fuisse
2601 5257 2851 5336 antiquae
2879 5254 3152 5336 formulae
3184 5254 3538 5336 exprimunt.

1897 5327 2040 5389 Vid‘e
2088 5336 2230 5386 tom.
2263 5331 2339 5386 IX
2368 5329 2599 5385 Collect.
2626 5332 2736 5383 vet.
2769 5327 2978 5398 Script.
3012 5327 3270 5381 Martene
3317 5330 3372 5382 et
3422 5329 3540 5382 Du-

1897 5404 2063 5472 rand,
2136 5421 2170 5457 a
2215 5444 2226 5456 .
2263 5399 2384 5457 159.

1969 5420 2131 5552 (694E)
2144 5419 2327 5552 \goces
2355 5479 2404 5552 te
2431 5469 2988 5552 [tendumfeguntur
3017 5485 3051 5526 a
3078 5467 3253 5524 verbo
3300 5471 3537 5538 noveris,

1897 5543 2958 5625 ςυρίὲ-ῥίὶὲἓεὲδὲυίῗιῖθθίωηίίὲνθηῖεέἓ·
3050 5614 3088 5625 ..
3330 5613 3367 5625 ..
3434 5614 3444 5624 .

1967 5612 2112 5689 (605)
2145 5612 2567 5689 V_idelicet',_nec
2605 5613 2951 5689 contumeliis
3006 5614 3182 5671 alicui
3216 5613 3391 5672 illatis
3422 5612 3539 5672 ideo

1894 5685 1986 5750 eas
2006 5687 2322 5755 emendasti,
2355 5686 2490 5760 quia
2514 5685 2753 5742 tacuisti.
