4056 6382
1331 376 1337 380 ’
1438 372 1946 450 EXHORTATIO
1985 379 2088 448 ET
2129 373 2455 450 PREGES.

3526 384 3647 456 H6

228 499 298 574 in
361 501 646 591 propheta
701 514 773 573 de
824 513 1044 573 talibus
1088 512 1322 590 legitur,
1377 519 1646 576 nonnihil
1690 537 1891 578 vereor
1918 517 1974 591 Α
2001 518 2422 589 misericordia,
2453 523 2513 577 et
2540 519 2611 577 de
2642 518 2867 578 meritis
2889 525 3224 581 sanctorum
3247 524 3486 582 tuorum
3508 541 3646 583 con-

230 605 422 680 (Μὴ-ἡ.
456 625 555 676 vn,
586 606 700 679 16).
729 608 935 664 Moneo
964 609 1182 676 tamen,
1217 607 1267 664 si
1285 607 1432 664 nihil
1455 608 1611 664 aliud
1637 609 1886 678 invenis,

230 696 400 769 quod
454 695 678 753 facias:
713 696 813 752 Dei
854 701 929 764 te,
977 696 1205 768 perdita
1253 698 1607 755 omnimodis
1655 698 1891 755 aliunde

229 783 478 854 fiducia,
511 787 700 840 totum
755 785 936 841 dedas
984 785 1324 857 clementiae,
1367 790 1425 842 et
1471 804 1610 854 non,
1650 792 1713 843 ut
1742 789 1890 862 (610)

229 873 429 946 prius,
481 872 702 946 ignavae
748 891 991 945 prorsus
1044 874 1281 930 desidiae
1329 893 1342 943 ;
1390 876 1492 932 sed
1542 876 1890 934 elaboratio-

232 978 378 1019 nem
436 962 734 1030 continua,
787 963 1212 1019 abrenuntiatis
1271 963 1466 1020 animo
1516 965 1610 1021 his
1659 966 1887 1035 saltem,

234 1067 370 1124 quas
410 1051 686 1124 Apostolo
723 1056 955 1108 auctore
1003 1051 1274 1108 mortalia
1323 1071 1440 1110 non
1485 1054 1736 1128 ambigis
1780 1055 1890 1111 cri-

232 1139 408 1196 mina
451 1141 592 1196 fore.
651 1140 721 1195 Et
776 1138 915 1214 quia
957 1157 1074 1196 non
1130 1140 1349 1197 sufﬁcit
1381 1159 1395 1198 :
1430 1143 1674 1211 Declina,
1728 1143 1888 1212 dicit,

232 1246 270 1284 a
300 1232 478 1296 mata,
528 1237 581 1285 et
634 1230 725 1301 fac
782 1229 981 1286 bonum
1039 1230 1090 1303 (I
1134 1230 1254 1286 Cor.
1284 1231 1424 1303 vn,);
1476 1232 1526 1288 si
1576 1249 1694 1288 non
1733 1233 1891 1290 vales

234 1317 391 1391 (scio
415 1318 574 1373 enim
605 1318 763 1389 quod
795 1334 912 1373 non
941 1317 1122 1390 vales)
1153 1320 1479 1375 secundum
1501 1321 1743 1377 modum
1769 1321 1891 1378 cul-

233 1422 452 1480 parum
484 1421 658 1478 agere
705 1405 1137 1480 pcenitentiam;
1171 1408 1387 1464 desunt
1429 1408 1588 1464 enim
1637 1412 1890 1482 tempus,

234 1497 402 1563 atas,
435 1495 662 1552 sanitas
709 1494 988 1567 corporis,
1039 1493 1311 1552 alacritas
1359 1497 1594 1566 mentis,
1645 1498 1893 1556 facultas

235 1581 628 1657 expletionis;
662 1582 712 1638 si
755 1600 872 1638 non
932 1583 1090 1639 vales
1143 1585 1313 1656 (611),
1377 1585 1465 1640 fac
1521 1587 1895 1657 quantulam-

237 1689 496 1746 cunque,
528 1677 586 1730 et
612 1671 764 1728 hanc
793 1672 1153 1729 continuam.
1175 1673 1358 1730 Licita
1405 1691 1468 1730 se
1516 1691 1579 1731 se
1621 1675 1896 1748 ingerunt

237 1762 596 1835 aliquoties;
629 1767 925 1818 memento
971 1761 1178 1818 illicita
1207 1766 1264 1818 te
1307 1763 1522 1835 saepius
1551 1781 1890 1838 usurpasse.

238 1853 514 1910 Mendica
545 1850 814 1907 alicunde
862 1852 1012 1923 (612)
1045 1851 1293 1924 copiam,
1327 1857 1430 1908 aut
1469 1853 1587 1910 vim
1618 1859 1894 1926 extorque

238 1941 609 1998 lactucarum
639 1930 983 2013 agrestium,
1013 1957 1197 2013 eoque
1228 1957 1513 2014 azymam,
1538 1943 1892 2000 fermentum

241 2029 483 2086 malitia:
515 2028 725 2098 abjice,
758 2046 927 2085 renes
967 2029 1225 2102 accinge,
1268 2030 1545 2086 baculum
1593 2031 1895 2105 regiminis

240 2134 426 2174 manu
457 2117 672 2173 adhibe
701 2117 967 2186 rationis,
1002 2119 1218 2174 festina
1246 2135 1348 2190 per
1378 2119 1756 2189 desiderium,
1779 2137 1895 2193 quo

245 2206 460 2279 nequis
488 2205 750 2278 aspirare
764 2223 868 2278 per
900 2205 1198 2261 meritum.
1231 2206 1625 2265 Reconciliare
1658 2209 1898 2282 quibus-

243 2297 382 2354 dam
394 2291 1897 2365 satisfactioneuniversisaifectu,immolans,dehinc

240 2387 412 2444 tanto
434 2382 894 2454 formidolosius,
926 2387 1146 2455 quanto
1195 2384 1592 2457 petulantius;
1617 2388 1766 2459 (613)
1806 2405 1897 2444 ex-

241 2477 518 2547 torquere
548 2472 768 2539 animo,
801 2477 867 2528 ut
898 2473 1089 2528 fuerat
1119 2473 1463 2544 consultius,
1484 2476 1623 2547 quia
1651 2493 1768 2532 non
1796 2494 1896 2533 va-

242 2561 354 2634 les,
385 2561 811 2620 cessassionem
836 2580 849 2631 ;
875 2562 1026 2619 hanc
1054 2561 1424 2635 promitte;si
1447 2565 1780 2634 datur,cum
1811 2566 1896 2623 la-

244 2651 539 2726 crymis;si
573 2668 712 2720 non,
742 2668 877 2706 cum
915 2651 1182 2723 singultu
1213 2652 1463 2709 interno.
1495 2657 1672 2711 Detur
1696 2655 1768 2711 de
1796 2659 1897 2712 tuo

245 2740 471 2813 aliquid
501 2757 607 2814 pro
629 2739 1379 2812 necessitate,interjaciens
1401 2741 1680 2799 orationis
1699 2744 1897 2817 piissi-

245 2830 329 2886 mi
354 2827 759 2902 Redemptoris
780 2828 1136 2901 legationem
1155 2829 1380 2885 auditui
1401 2830 1716 2904 (614).Quis
1738 2834 1898 2889 enim

245 2919 380 2986 cit,
431 2918 480 2974 si
513 2921 905 2988 convertatur,
935 2922 992 2974 et
1040 2917 1323 2992 ignoscat,
1374 2923 1431 2974 et
1479 2924 1776 2977 avertatur
1823 2923 1896 2979 ab

244 3008 335 3065 ira
359 3007 596 3077 furoris,
630 3011 687 3066 et
714 3023 832 3064 non
862 3023 1064 3080 pereas
1094 3008 1487 3065 aternaliter?
1508 3009 1734 3066 Periisti
1767 3013 1896 3084 qui-

245 3096 380 3153 dem
405 3094 808 3153 criminaliter.

859 3215 862 3218 1
925 3229 1214 3287 PRECES.

317 3365 464 3420 Ecce
505 3379 632 3438 ego,
693 3362 960 3429 Domine,
1011 3379 1142 3420 ecce
1193 3380 1320 3437 ego,
1351 3365 1453 3437 qui
1511 3365 1728 3439 dignus
1782 3385 1899 3424 non

251 3454 475 3510 fueram
509 3453 690 3508 miser
717 3457 776 3508 et
804 3452 1004 3508 infelix
1033 3453 1259 3526 ingredi
1299 3454 1448 3510 atria
1476 3455 1731 3512 ecclesiae
1763 3460 1896 3528 tuae,

248 3558 358 3599 nec
389 3559 492 3614 per
519 3540 726 3597 limina
755 3546 959 3597 sancta
988 3541 1205 3597 intrare
1225 3543 1468 3598 domum
1495 3547 1898 3603 tuam.accedo

245 3631 318 3686 ad
376 3629 835 3686 ministrandum
886 3631 1112 3686 sanctis
1159 3630 1443 3687 altaribus
1496 3633 1634 3699 tuis,
1687 3637 1744 3689 et
1771 3639 1897 3692 asto

244 3735 379 3776 reus
409 3722 467 3776 et
496 3722 766 3792 peccator
813 3723 948 3774 ante
999 3723 1378 3792 conspectum
1433 3720 1640 3776 divinae
1681 3725 1898 3794 majes-

241 3809 380 3865 tatis
410 3812 547 3880 tuas,
576 3808 703 3864 sine
750 3806 869 3864 ullo
927 3811 1136 3864 ornatu
1193 3809 1331 3864 boni
1385 3809 1597 3881 operis,
1656 3816 1714 3867 et
1770 3813 1897 3870 sine

243 3894 361 3952 ullo
391 3894 590 3952 fructu
620 3894 800 3968 digno
847 3895 1220 3968 poenitentiae,
1253 3901 1310 3952 et
1339 3897 1465 3954 sine
1504 3898 1624 3954 ulla
1651 3899 1740 3956 vel
1771 3901 1898 3958 sola

243 3983 594 4058 cogitatione
624 3984 864 4040 munda.
900 3984 1182 4057 Indignus
1217 3985 1374 4042 enim
1408 3990 1466 4042 et
1513 3987 1894 4046 sceleratissi-

242 4089 376 4130 mus
405 4089 540 4130 sum
593 4072 811 4142 nimis;
847 4073 948 4130 sed
991 4074 1062 4130 de
1091 4077 1196 4132 tua
1243 4074 1525 4132 ineffabili
1574 4077 1787 4150 pietate
1838 4083 1897 4137 et

242 4215 460 4273 codicis
484 4215 810 4273 Lobiensis.
843 4215 909 4272 In
935 4215 1072 4272 edit.
1114 4217 1375 4274 Martene
1431 4221 1490 4273 et
1532 4219 1770 4278 Durand
1823 4223 1895 4279 ad

244 4287 378 4356 hac,
403 4288 701 4344 mendose.
735 4287 866 4344 Haec
895 4291 1096 4344 autem
1144 4289 1323 4345 editio
1371 4288 1526 4346 intra
1571 4308 1754 4349 uncos
1784 4295 1892 4350 ad-

244 4360 330 4432 dit
355 4375 483 4432 quae
510 4363 644 4432 ante
674 4360 889 4432 legisti;
914 4375 1021 4416 nec
1041 4363 1236 4432 tamen
1259 4361 1329 4416 ad
1343 4362 1675 4419 sanandum
1697 4363 1890 4423 locum

241 4429 475 4510 videtur
496 4429 788 4510 sufﬁcere.
820 4429 878 4485 Si
903 4447 1038 4488 vero
1092 4431 1278 4510 initio
1309 4449 1412 4504 pro
1462 4434 1612 4510 Quid
1633 4435 1890 4510 corrigas

245 4504 390 4572 Qum,
423 4519 636 4575 sensus
666 4502 812 4575 satis
825 4519 1043 4575 sequus
1073 4501 1327 4575 redibit;
1357 4501 1492 4560 cum
1523 4506 1680 4562 enim
1712 4508 1772 4562 in
1786 4501 1893 4575 po-

245 4526 390 4572 ψει,
423 4526 636 4559 sensus
666 4526 812 4559 Βᾶιιδ
841 4526 1043 4575 aequus
1073 4526 1324 4572 Γθαωιι;
1357 4526 1492 4560 cum
1523 4526 1680 4562 enlm
1712 4526 1772 4562 In
1835 4526 1890 4564 Ο·

243 4573 478 4656 stremis
505 4573 791 4656 praemissi
823 4573 1432 4656 Raschasiani‘operis
1476 4577 1767 4656 capitibus
1795 4526 1890 4656 re;

242 4645 310 4701 de
334 4662 442 4728 esu
459 4636 592 4719 agni
611 4644 906 4728 paschalis
927 4645 1188 4728 exposita
1209 4636 1400 4728 fuerit,
1417 4651 1524 4728 .utn
1518 4636 1727 4728 modus
1745 4636 1892 4728 indi-
1919 4636 1971 4703 D

242 4721 474 4791 caretur
503 4716 777 4791 sumendi
798 4716 1057 4791 corporis
1080 4717 1468 4791 etsanguinis
1487 4719 1742 4791 Domini,
1766 4721 1889 4780 haec

242 4789 434 4866 prima
462 4788 1086 4866 eshortatiopis_verba
1097 4788 1191 4866 _sic
1221 4788 1613 4866 construenda
1633 4796 1691 4848 et
1719 4788 1894 4866 expli-

242 4859 778 4945 candayidentur.“
768 4860 976 4945 Legisti
1221 4868 1274 4917 et
1295 4863 1596 4945 perlegisti,
1629 4879 1660 4920 ο
1687 4859 1895 4945 charis-

403 4931 489 5014 (in
519 4947 692 5005 Opere
737 4931 1035 4990 Paschasii
1077 4932 1203 5003 jam
1245 4931 1588 5058 1praemisso)
1629 4951 1755 5008 quae
1803 4938 1893 4994 (ea;

240 5003 348 5087 tibi
369 5009 445 5058 sit
475 5003 779 5075 servanda,
801 5006 868 5059 ut
887 5020 1116 5060 sacram
1137 5019 1241 5059 euc
1289 5008 1548 5061 aristiam
1577 5011 1730 5064 recte
1758 5024 1893 5081 per-

241 5089 460 5220 mea?)
486 5144 836 5220 addidimus
864 5152 930 5202 ut
954 5161 1023 5202 ex
1053 5148 1252 5220 nostro
1275 5147 1629 5220 apographo.

308 5216 400 5295 (6l_
406 5216 462 5287 1)
493 5216 916 5295 Repetitionem
944 5234 1154 5274 vocum
1183 5219 1232 5273 si
1249 5216 1361 5274 non
1392 5216 1542 5275 nales
1572 5219 1725 5276 idem
1757 5238 1892 5295 apo-

239 5287 530 5362 graphum
559 5287 844 5362 exhibuit.

308 5359 458 5444 (612‘)
489 5359 578 5416 Ita
604 5359 813 5417 melius
854 5376 922 5417 ex
973 5360 1176 5417 eodem
1226 5377 1337 5416 ms.
1389 5376 1567 5433 quam
1614 5361 1674 5418 in
1719 5365 1883 5436 edit.,

240 5432 770 5577 αιῗέῖἓῗὈουειινιιθ
801 5519 817 5561 :
848 5505 983 5576 quia
1008 5520 1121 5561 non
1146 5504 1315 5567 vales,
1347 5507 1409 5560 ut
1434 5505 1634 5577 fuerat
1668 5510 1884 5564 consul-

239 5575 351 5650 tius
382 5595 405 5644 ;
432 5578 754 5650 extorquere
799 5575 986 5632 animo
1031 5577 1384 5650 cessationem
1420 5575 1665 5650 (Scilicet
1706 5597 1742 5650 a
1791 5598 1884 5639 sa-

239 5645 611 5722 criﬁcando);
644 5645 786 5722 hanc
809 5650 1067 5722 promitte
1111 5664 1267 5722 eum_
1288 5645 1567 5722 lacrymis.
1602 5650 1656 5706 si
1681 5649 1886 5720 datur;

236 5718 288 5798 si
336 5733 470 5786 non,
513 5733 638 5774 cum
679 5718 928 5798 singultu
973 5720 1210 5798 interno.
1241 5718 1574 5798 Laudatum
1632 5718 1886 5798 apograé-

237 5789 418 5863 phum
449 5789 749 5864 suggessit
770 5789 955 5854 verba
985 5793 1128 5852 hanc
1148 5792 1431 5867 promitte,
1459 5808 1596 5856 cum
1647 5789 1715 5856 ii:
1740 5789 1884 5866 δαῖε.

1924 1895 1971 1961 Β

1997 609 2164 675 ﬁsus,
2219 609 2355 665 licet
2398 613 2658 667 tremens
2709 615 2767 668 et
2821 612 3093 686 pavidus,
3144 631 3436 687 prasumo
3481 632 3646 672 acce-

1998 698 2136 753 dere
2166 699 2239 753 ad
2269 700 2565 756 offerenda
2594 704 2796 756 sancto
2840 701 3066 757 nomini
3105 707 3206 758 tuo
3238 703 3543 760 sacriﬁcia.
3575 704 3649 762 Et

1998 785 2149 854 ideo,
2183 786 2421 844 Domine
2448 793 2671 844 creator
2701 788 3343 864 piissime,Redemptor
3391 792 3646 850 clemen-

1998 874 2246 944 tissime,
2295 876 2396 948 qui
2448 894 2682 933 omnem
2730 877 2989 934 animam
3034 880 3407 937 confitentem
3439 886 3496 938 et
3524 900 3644 955 pm.

2000 963 2283 1020 nitentem
2337 966 2525 1038 magis
2573 967 2660 1023 vis
2701 968 3014 1024 emendare
3062 985 3240 1040 quam
3285 971 3546 1042 perdere,
3591 975 3649 1027 et

1999 1052 2101 1123 qui
2135 1069 2252 1109 non
2282 1071 2386 1127 pro
2409 1055 2610 1126 justis,
2644 1056 2746 1111 sed
2777 1073 2880 1128 pro
2911 1055 3315 1128 peccatoribus
3343 1057 3648 1129 .incarnari

1996 1140 2256 1210 voluisti,
2289 1147 2346 1198 et
2374 1141 2585 1200 latroni
2618 1143 2677 1199 in
2709 1161 2880 1201 cruce
2901 1145 3175 1217 pendenti
3210 1162 3278 1202 ac
3307 1149 3472 1204 tuam
3521 1153 3674 1204 ma-’

1989 1231 2269 1302 jestatem
2291 1231 2590 1289 conﬁtenti
2623 1249 2738 1288 non
2771 1233 2962 1290 solum
2994 1233 3434 1307 pepercisti,sed
3465 1237 3645 1294 etiam

1997 1320 2340 1391 paradisum
2372 1324 2566 1377 tecum
2600 1320 2818 1378 intrare
2847 1322 3192 1394 promisisti,
3233 1340 3327 1381 me
3355 1325 3510 1382 299
3541 1325 3646 1382 mi.

1999 1424 2197 1464 serum
2255 1413 2312 1466 et
2368 1414 2730 1482 peccatorem
2792 1411 3185 1478 conﬁtentem,
3246 1417 3303 1469 et
3355 1414 3647 1472 desidiose

1997 1495 2134 1552 licet
2162 1497 2539 1570 pmnitentem
2571 1502 2809 1572 peccata
2856 1517 3006 1572 mea,
3060 1517 3095 1556 a
3139 1504 3243 1557 tua
3279 1517 3351 1558 ne
3398 1503 3648 1576 repellas

1999 1585 2214 1658 pietate
2262 1591 2318 1643 et
2376 1587 2821 1657 misericordia;
2855 1604 2960 1645 nec
3010 1588 3231 1646 frustra
3287 1590 3540 1664 accipias
3578 1593 3646 1648 ﬁ-

2000 1673 2156 1740 dem,
2213 1691 2398 1748 spem,
2453 1693 2521 1732 ac
2577 1677 2877 1744 ﬁduciam,
2940 1694 3119 1750 quam
3175 1678 3236 1734 in
3296 1682 3401 1735 tua
3429 1678 3648 1738 inaesti-

2001 1762 2204 1819 mabili
2259 1765 2570 1820 clementia
2616 1766 2848 1822 habeo:
2884 1767 2987 1823 sed
3036 1766 3188 1823 sicut
3233 1767 3508 1825 omnibus
3543 1769 3650 1826 crio

2001 1852 2247 1908 minosis
2305 1858 2362 1909 et
2407 1855 2810 1926 peccatoribus
2852 1855 2911 1911 in
2955 1859 3011 1912 te
3037 1857 3428 1926 credentibus,
3462 1875 3530 1915 ac
3579 1859 3652 1916 de

2002 1943 2104 1996 tua
2132 1942 2533 1999 misericordia
2563 1945 2997 2001 conlidentibus
3021 1945 3330 2018 pepercisti
3356 1963 3371 2015 ;
3396 1948 3477 2003 ita
3505 1947 3650 2004 mihi

2004 2028 2218 2086 misero
2247 2032 2318 2086 ad
2345 2035 2401 2086 te
2432 2031 2675 2104 fugienti
2699 2034 2763 2104 [Γ.
2798 2033 3197 2106 confugienti],
3231 2039 3289 2090 et
3337 2037 3472 2107 post
3513 2051 3652 2109 pec-

2003 2122 2135 2175 cata
2182 2135 2247 2175 ac
2288 2119 2507 2176 scelera
2553 2137 2686 2176 mea
2742 2122 2928 2176 multa
2983 2121 3214 2178 diabolo
3264 2123 3650 2195 renuntianti,

2004 2211 2181 2279 atque
2213 2208 2286 2263 ad
2334 2212 2392 2264 te
2422 2209 2731 2265 revertenti
2756 2226 2992 2282 parcere
3035 2213 3093 2265 et
3119 2209 3444 2284 indulgere,
3475 2217 3653 2285 atque

2005 2295 2076 2351 ad
2108 2294 2522 2353 celebrandum
2545 2297 2877 2370 injunctum
2899 2297 3158 2355 ofﬁcium
3177 2303 3416 2372 paterna
3437 2301 3653 2374 pietate

2005 2383 2250 2456 dignum
2281 2402 2374 2442 me
2406 2386 2593 2443 facere
2640 2391 2697 2443 et
2743 2387 3043 2460 suscipere
3089 2388 3367 2460 digneris.
3402 2390 3472 2447 Et
3516 2389 3655 2448 licet

2004 2471 2422 2546 importunius,
2456 2492 2635 2548 quam
2683 2480 3060 2549 competeret,
3109 2493 3203 2534 me
3253 2477 3538 2552 ingeram,
3572 2479 3653 2536 si-

2006 2562 2244 2634 quidem
2275 2563 2648 2620 interdictum
2688 2564 2835 2620 mihi
2875 2569 2997 2622 tam
3019 2565 3251 2635 veteris,
3285 2583 3462 2640 quam
3494 2585 3654 2624 novas

2005 2651 2153 2726 legis
2183 2669 2431 2710 censura
2478 2653 2746 2727 ignorare
2801 2671 2917 2710 non
2955 2653 3158 2723 valeo;
3187 2671 3323 2712 cum
3369 2660 3427 2713 et
3467 2662 3653 2715 exter-

2006 2741 2324 2798 minatores
2353 2741 2670 2816 impiorum
2701 2747 2876 2816 atque
2897 2743 3167 2799 custodes
3198 2749 3499 2801 Sacrorum
3517 2745 3659 2802 alta-

2007 2829 2161 2885 rium
2193 2835 2427 2888 tuorum
2453 2831 2712 2906 angelos,
2761 2849 2901 2888 vasa
2947 2831 3371 2890 interfectionis
3418 2834 3478 2890 in
3529 2851 3660 2891 ma-

2006 2919 2179 2975 nibus
2204 2925 2518 2992 gestantes,
2554 2921 2738 2977 sacris
2769 2921 3024 2977 oraculis
3067 2921 3187 2978 tuis
3219 2939 3336 2978 non
3380 2922 3658 2980 incredu-

2003 3006 2097 3064 lus
2127 3007 2308 3065 sciam
2334 3009 2572 3066 omnino
2621 3013 2934 3082 praesentes
2967 3009 3216 3083 (Eezech.
3251 3001 3329 3080 1x,
3364 3011 3454 3081 1);
3488 3017 3658 3085 capta

2005 3100 2203 3154 tamen
2235 3098 2382 3170 (615)
2409 3100 2534 3170 jam
2565 3097 2704 3154 olim
2754 3097 3228 3171 praesumptionis
3275 3099 3532 3171 quadam
3582 3103 3654 3159 de

2003 3188 2108 3242 tua
2134 3203 2270 3242 vera
2298 3185 2699 3244 misericordia
2745 3186 2982 3252 ﬁducia,
3013 3186 3155 3259 quia
3206 3187 3428 3244 scilicet
3466 3205 3656 3262 usque

1928 3263 1972 3331 Ο
2009 3274 2184 3332 etiam
2217 3276 2288 3331 ad
2320 3275 2497 3341 istud,
2532 3292 2647 3348 quo
2686 3275 3040 3332 inveteratus
3087 3274 3316 3333 dierum
3363 3277 3656 3338 malorum

2010 3364 2242 3436 perveni
2299 3368 2356 3420 te
2397 3381 2630 3436 semper
2676 3363 2938 3430 irritans,
2987 3363 3240 3433 senium,
3294 3381 3388 3422 me
3434 3365 3656 3428 ultores

2009 3451 2094 3508 illi
2125 3453 2380 3520 [subaudi
2408 3451 2622 3526 angeli]
2675 3456 2933 3519 tuarum,
2981 3451 3247 3521 Domine,
3281 3451 3654 3526 injuriarum,

2007 3558 2146 3610 non,
2179 3546 2243 3596 ut
2273 3541 2516 3614 dignum
2547 3541 2756 3607 fuerat,
2792 3540 3227 3610 interfecerunt,
3257 3541 3510 3601 scientes
3540 3544 3656 3599 for-

2009 3631 2182 3699 sitan,
2235 3631 2376 3702 quia
2421 3629 2752 3703 benignitas
2804 3633 2909 3686 tua
2955 3631 3027 3685 ad
3088 3630 3490 3702 pcenitentiam
3539 3648 3656 3704 me,

2007 3720 2496 3776 thesaurizantem
2537 3719 2671 3775 licet
2700 3718 2848 3774 iram
2891 3719 2953 3774 in
2995 3718 3089 3776 die
3143 3719 3240 3776 irae
3269 3723 3327 3776 ct
3357 3720 3658 3779 revelatio-

2007 3809 2100 3864 nis
2149 3809 2300 3880 justi
2354 3807 2566 3880 judicii
2627 3807 2730 3873 lui,
2793 3807 3220 3880 patientissime
3277 3813 3655 3882 exspectaret,

2005 3897 2358 3955 habentibus
2389 3896 2566 3954 etiam
2598 3897 2912 3953 adversum
2959 3913 3052 3952 me
3099 3897 3305 3954 multis
3353 3897 3509 3955 mala
3539 3900 3654 3956 fra-

2003 3987 2228 4055 tribus;
2280 3986 2439 4060 quie,
2490 3985 2755 4054 Domine,
2807 3989 2955 4055 asto,
2995 4002 3200 4042 verum
3243 3990 3554 4058 suspectus
3599 3991 3657 4046 et

2003 4081 2280 4145 tremens,
2313 4092 2387 4132 ne
2416 4074 2612 4132 subito
2641 4073 2867 4146 utique,
2915 4078 2973 4133 te
3021 4073 3083 4132 in
3132 4089 3378 4148 corpore
3419 4077 3477 4133 et
3516 4091 3653 4132 san-

2003 4220 2233 4276 deesset
2262 4218 2421 4283 hanc,
2453 4219 2510 4274 et
2537 4217 2855 4289 haberetur
2879 4217 3178 4289 promitte.

2071 4290 2409 4362 (614)1dem
2459 4287 2895 4362 apographum;
2940 4289 3117 4362 intus_
3138 4288 3354 4362 jaeiem
3409 4290 3657 4346 orationi

1993 4359 2259 4434 piissimo
2277 4359 2645 4434 Redemptoris
2682 4359 2962 4434 legatione
3007 4359 3249 4434 auditui.
3298 4362 3653 4434 construen-

1999 4432 2142 4490 dum
2171 4432 2401 4490 videtur
2431 4432 2828 4504 :Vinterjaeiens
2859 4432 3474 4504 legationemprationis
3492 4433 3654 4489 audi-

1998 4514 2078 4578 tui
2095 4505 2341 4578 piissimi
2369 4499 2736 4578 Redemptoris
2757 4499 3099 4578 ;legationis
3119 4499 3276 4578 enim
3307 4505 3648 4578 nomenﬂa-

1995 4573 2218 4634 therius
2243 4576 2514 4648 precibus
2545 4573 2882 4648 frequenter
2920 4573 3495 4635 accommodat.Vide
3523 4575 3651 4634 loca

1997 4649 2056 4704 in
2079 4647 2271 4720 indice
2301 4647 2608 4720 designata
2635 4647 2703 4702 V.
2741 4647 2950 4703 Oratio.

2070 4720 2218 4792 (615)
2249 4718 2532 4776 Construe
2563 4735 2578 4774 :
2609 4725 2768 4790 capta
2815 4726 2998 4780 tamen
3027 4718 3263 4792 quadam
3284 4719 3506 4846 (fiducia
3525 4721 3651 4793 jam

2070 4794 2135 4846 Em
2161 4791 2604 4846 praesumptionis
2631 4789 2697 4846 de
2728 4793 2824 4846 tua
2850 4806 2981 4846 vera
2999 4792 3284 4846 misericor
3321 4793 3535 4846 ia.auia
3549 4793 3651 4846 sci-

2001 4793 2135 4876 olim
2155 4789 2616 4876 prmsumpt‘ionis
2631 4789 2697 4846 de
2728 4793 2981 4874 tuayera
2999 4789 3538 4876 misericordia,g_uia
3547 4793 3652 4876 sci-

2002 4863 2127 4920 licet
2155 4861 2247 4919 illi
2278 4861 2516 4936 (angeli)
2531 4863 2735 4919 ultores
2755 4863 3097 4936 iniuriarum
3115 4870 3356 4927 tuarum,
3387 4861 3645 4936 Domine,

1998 4951 2111 5016 non
2129 4933 2547 5016 interfecerunt
2573 4949 2679 5016 me,
2732 4933 2820 5016 ut
2843 4933 3075 5016 dignum
3116 4935 3322 5016 fuerat,
3370 4949 3538 5005 usque
3579 4933 3651 5016 ad

1999 5007 2144 5062 istud
2161 5007 2509 5086 sen_iu1_n,quo
2526 5007 2858 5086 inveteratus
2881 5006 3098 5086 dierum
3111 5006 3385 5086 malorum
3393 5006 3646 5074 perveni,

1998 5094 2210 5150 semper
2238 5077 2468 5133 irritans
2489 5085 2581 5145 te;
2609 5092 2720 5150 non
2767 5077 3182 5150 interfecerunt,
3237 5077 3485 5150 inquam,
3535 5090 3644 5150 me,

1997 5145 2225 5230 scientes
2277 5150 2547 5230 forsitan,
2583 5149 2716 5230 quia
2765 5145 3070 5230 benignitas
3119 5151 3211 5229 tua
3245 5145 3649 5230 patientissime

1996 5215 2326 5294 exspectaret
2352 5237 2472 5294 me,
2505 5215 2630 5294 licet
2658 5215 3128 5294 ibesattriaantem
3152 5215 3297 5294 iram
3343 5216 3411 5294 in
3430 5215 3648 5294 dieirae

1997 5298 2051 5370 et
2077 5286 2806 5370 fevelationis,’justijudieii
2828 5290 2929 5353 tui,
2960 5288 3152 5370 multis
3197 5287 3649 5370 etiamfratribus

1997 5309 2051 5350 ει
2077 5309 2426 5363 revelatzoms
2476 5309 2803 5360 usujuazeu
2828 5309 2929 5353 ιιιι,
2960 5309 3152 5344 mutus
3197 5309 3643 5370 GEZHMJTWTZDM

1996 5366 2322 5425 habentibus
2350 5309 2499 5420 mala
2527 5361 2814 5442 adversum
2857 5375 2946 5415 me
2967 5377 2988 5421 ,·
3019 5361 3175 5442 quia,
3220 5359 3477 5442 Domine,
3507 5368 3643 5442 asto,

1995 5453 2186 5494 verum
2207 5441 2482 5507 suspectus
2532 5437 2586 5488 et
2631 5435 2882 5507 tremens,
2910 5446 2980 5487 ne
3019 5430 3200 5507 subito
3229 5432 3642 5507 utiqueferiar,

1994 5514 2056 5568 ut
2076 5503 2414 5582 justum-est,
2443 5507 2712 5582 praesente
2741 5511 2792 5582 te
2821 5503 3123 5582 incorpore
3149 5506 3204 5559 et
3225 5504 3500 5572 sanguine
3529 5511 3642 5582 tuo,

1993 5573 2115 5638 cum
2147 5573 2580 5650 nusquamjlesis
2603 5591 2706 5650 pc_r_
2721 5573 3067 5650 divinitatem
3091 5591 3106 5643 ;
3119 5591 3287 5650 perge
3311 5583 3512 5650 tamen,
3532 5580 3641 5631 etc.

1995 5654 2124 5728 Haec
2152 5644 2276 5708 tam
2303 5646 2528 5728 prolixa
2557 5644 2623 5703 ac
2653 5644 2906 5705 difﬁcilis
2927 5644 3188 5728 syntaiis
3217 5647 3642 5710 Ratherianum

1994 5724 2212 5799 stylum
2243 5719 2504 5778 exhibet.
