4056 6400
162 418 269 488 453

1025 415 1446 492 INVECTIVA
1491 416 1595 490 DE
1637 415 2076 488 TRANSLAT.
2121 418 2188 488 s.
2234 406 2665 492 Marsorvls.

3429 424 3546 492 484

163 559 662 620 tissimeafﬂictum
677 556 1134 621 misericorditer
1145 560 1588 636 disponeretDei
1602 560 1786 634 pietas
1815 563 1870 630 Α
1903 578 2034 617 rum
2065 563 2383 620 medullam
2407 563 2501 621 vix
2524 566 2712 638 possit
2734 564 2899 624 labor
2927 546 3399 625 studiosissimus
3416 581 3546 641 per-

166 650 428 726 pcpulum
462 653 651 725 (Exod.
677 669 779 723 xu,
811 653 940 723 35);
974 652 1127 709 inter
1173 656 1375 708 caetera
1419 650 1606 707 cidem
1647 667 1787 706 con-

164 740 418 815 gruentia
434 739 593 815 Operi
614 740 908 814 prmcepit,
923 743 989 796 ut
1002 739 1270 796 abiturus
1281 739 1496 794 viritim
1518 738 1590 794 ab
1604 737 1792 793 amico

165 828 244 887 sui
277 828 520 903 quilibet
548 827 738 903 plebis
785 828 1049 902 ejusdem
1103 831 1400 884 mutuaret
1437 843 1576 883 vasa
1617 842 1796 882 aurea

163 922 324 991 atque
351 923 628 992 argentea
657 917 846 992 (Exod.
869 935 948 986 χι,
980 917 1056 988 2).
1093 933 1228 990 quo,
1263 921 1329 974 ut
1351 915 1556 988 conjici
1589 915 1794 986 utique

161 1007 320 1078 valet,
347 1021 494 1080 gens
522 1005 704 1080 impia
732 1005 964 1079 punicei
994 1005 1177 1061 maris
1199 1001 1794 1078 profundo,peculiari

165 1095 407 1153 ductoris
430 1094 766 1168 justissime
796 1093 889 1151 sui
927 1093 1294 1150 absorbenda
1334 1097 1522 1161 reatu,
1553 1092 1796 1164 indigne

162 1183 254 1240 diu
283 1177 574 1258 possessis
603 1187 660 1241 et
687 1184 896 1256 opibus
917 1183 1350 1256 spoliaretur,et
1371 1180 1595 1238 deicola
1612 1181 1794 1236 Abra-

161 1273 526 1330 hamidarum
546 1272 854 1346 progenies
873 1271 1072 1328 coelico
1085 1287 1326 1328 munere
1339 1269 1794 1326 ditaretur.Fue-

163 1362 231 1418 rit
255 1365 313 1418 at
335 1378 518 1419 causa
547 1360 889 1417 huiusmodi
918 1360 1088 1433 quasi
1111 1358 1437 1416 subsimilis
1467 1360 1595 1432 ejus
1625 1356 1793 1431 (631),

161 1451 466 1508 damnatur
496 1466 623 1524 quae
647 1451 782 1523 jure
827 1450 1089 1524 gentium
1139 1449 1378 1521 ubique,
1411 1447 1794 1520 deceptionis,

163 1539 411 1615 mysterii
438 1556 452 1609 ;
489 1539 537 1596 si
567 1539 968 1596 considecetur
997 1543 1194 1594 tamen
1241 1537 1512 1594 humanas
1543 1537 1799 1610 impene—

160 1627 395 1701 trabilis,
427 1640 608 1702 quam
639 1627 945 1685 contundit
973 1627 1150 1696 Deus,
1176 1626 1474 1700 sapientiae
1505 1625 1793 1699 opacitas;

161 1717 404 1775 maxima
434 1717 610 1776 isthic
630 1716 882 1773 occurrit
911 1715 1208 1789 sapientiae
1224 1721 1281 1770 et
1293 1714 1548 1772 scientiae
1568 1713 1795 1785 Dei(cu-

153 1807 248 1878 jus
275 1806 648 1864 altitudinem
666 1805 864 1862 mirari
885 1821 1022 1862 cum
1044 1803 1600 1878 deiloqqupostolo
1624 1804 1795 1875 (Rom.

1901 650 2115 706 venire.
2151 651 2458 724 Superiore
2488 653 2667 727 igitur
2695 655 2850 713 mela
2879 656 2939 712 in
2978 656 3323 730 vertiginem
3348 659 3544 732 ducta,

1901 738 2225 796 subteriore
2255 740 2423 813 quasi
2453 741 2639 800 otiosa
2667 743 2912 818 mystico
2943 761 3048 801 nec
3079 745 3204 802 sine
3251 762 3427 803 sensu
3451 748 3543 820 ja-

1901 831 2065 883 cente
2096 826 2418 886 hordeacea
2466 829 2575 887 hac
2627 834 2953 890 necessario
3004 834 3160 904 trita,
3206 851 3381 907 quam
3430 852 3546 909 prce

1902 915 2178 973 manibus
2224 917 2619 976 ventilandam
2663 923 3054 996 suscepimus,
3109 939 3344 980 summa
3375 923 3544 999 )633),

1902 1002 2223 1076 eademque
2253 1007 2449 1078 gustui
2483 1007 2969 1083 propinata,sapit
2992 1013 3434 1070 mentis'nostrae
3453 1030 3550 1086 pa-

1902 1089 2042 1158 lato,
2072 1091 2382 1166 Egyptum
2414 1097 2702 1152 mundum
2733 1095 2790 1152 in
2825 1097 3080 1172 maligno
3112 1100 3551 1172 positum,Phao

1904 1196 2142 1236 raonem
2174 1182 2499 1256 principem
2532 1185 2737 1242 mundi
2769 1187 3030 1257 ejusdem
3065 1189 3316 1260 figurare
3348 1189 3548 1246 diabo-

1902 1267 2048 1339 lum,
2081 1270 2364 1342 populum
2396 1272 2518 1328 luto
2552 1279 2610 1330 et
2656 1273 2940 1332 lateribus
2992 1293 3360 1349 oppressum,
3391 1278 3545 1350 quod

1904 1357 2125 1415 missus
2150 1358 2398 1418 liberare
2426 1362 2730 1419 descendit
2760 1363 3064 1433 Dominus,
3098 1381 3284 1438 genus
3315 1366 3549 1440 signare

1904 1445 2420 1517 humanum,mare
2443 1449 2706 1507 Rubrum
2729 1452 3552 1529 haptismumcruoresangui-

1904 1535 1998 1589 nis
2024 1535 2298 1604 tinctum,
2340 1539 2681 1596 submersos
2729 1545 2986 1612 peccata,
3031 1539 3306 1598 liberatos
3362 1541 3550 1616 bapti-

1906 1627 2094 1679 smate
2123 1623 2273 1681 lotos
2305 1631 2358 1682 et
2384 1627 2596 1684 Christi
2619 1628 2902 1701 sanguine
2924 1630 2994 1684 de
3025 1634 3212 1686 morte
3233 1629 3440 1686 anima:
3452 1647 3556 1704 per

1905 1711 2263 1770 Salvatorem
2295 1721 2564 1772 nostrum
2619 1718 2952 1790 redemptos
3002 1718 3265 1775 innuere.
3300 1721 3378 1775 De
3398 1719 3555 1776 vasis

1907 1801 2101 1860 aureis
2136 1807 2189 1858 et
2215 1805 2506 1876 argenteis
2527 1823 2706 1862 suasu
2731 1804 3058 1862 liberatorls
3081 1807 3447 1864 mutuatione
3463 1807 3559 1864 de-

159 1913 230 1964 n,
259 1897 369 1970 33),
403 1909 584 1969 quam
615 1894 1002 1963 discutere,ac
1031 1892 1454 1966 reprehendere
1475 1909 1608 1949 cum
1630 1909 1795 1949 vesa-
1831 1933 1880 1999 Β
1909 1889 2167 1961 ceptoria
2190 1891 2398 1949 furatis
2424 1893 2472 1948 si
2499 1893 2688 1950 oritur
2715 1895 2968 1967 quastio,
3018 1899 3384 1964 ornamenta,
3417 1895 3559 1952 dici-

161 1985 396 2043 nissimo
426 1983 836 2042 haereticorum
868 1983 1151 2055 catalogo,
1185 1997 1396 2037 sanum
1428 1979 1695 2037 convenit
1714 1993 1802 2034 sa-

161 2072 801 2149 pientibus)divinaaque
813 2070 1216 2145 dispositionis
1239 2067 1800 2142 incomprehensibi-

160 2162 526 2237 litas,pereos
547 2167 742 2219 tamen
762 2161 1043 2218 ventilata
1064 2163 1238 2232 atque
1264 2159 1433 2214 nobis
1453 2162 1798 2225 monstrata,

163 2251 368 2325 quibus
397 2251 786 2326 cophinorum
821 2248 1130 2305 duodecim
1179 2248 1638 2321 fragmentorum
1662 2245 1801 2302 reli-

162 2342 307 2414 quiis
336 2340 777 2416 implendorum
809 2339 947 2395 data
994 2336 1210 2412 legitur
1253 2335 1571 2393 auctoritas
1592 2334 1798 2408 (Matth.

160 2447 265 2498 XIV,
295 2429 608 2502 20).Hujus
639 2429 836 2500 itaque
864 2425 1585 2499 incomprehensibilitatis
1607 2423 1803 2480 multi-

161 2535 301 2594 gena
327 2518 1089 2592 mysteria‘(632),quantum
1117 2519 1328 2572 nostris
1352 2515 1573 2571 inertia:
1586 2513 1804 2570 divisor

162 2607 248 2666 ille
275 2607 780 2666 clementissimus
807 2605 1134 2687 gratiarum
1161 2604 1356 2660 studio
1387 2603 1619 2676 proprie
1649 2603 1802 2675 adji-

163 2714 280 2755 cere
299 2697 584 2773 dignatur
603 2695 1160 2769 indagationis,cum
1185 2691 1628 2749 eonsideramus
1651 2691 1804 2748 solli-

162 2786 251 2843 citi
279 2805 292 2857 ;
324 2785 617 2859 contingit
644 2784 798 2842 808
831 2781 1340 2856 saepissime,quod
1370 2781 1616 2854 Sapiens
1639 2780 1803 2837 fateri

163 2893 270 2934 non
290 2875 531 2934 erubuit
552 2873 1028 2946 incomparabilis
1042 2871 1204 2927 illius
1223 2870 1506 2942 temporis
1529 2870 1803 2925 omnibus

161 2963 268 3034 ille,
318 2965 610 3038 Inquisivi,
654 2962 949 3034 inquiens,
1002 2961 1350 3032 sapientiam,
1381 2967 1433 3014 et
1481 2961 1598 3030 ipsa
1646 2959 1804 3027 longe

160 3055 298 3127 facta
324 3062 404 3112 est
431 3072 467 3110 a
495 3069 582 3108 me
612 3052 828 3125 (Eccles.
861 3067 961 3118 vn,
992 3051 1105 3120 24).
1134 3049 1248 3104 Nec
1296 3047 1532 3120 injuria.
1567 3048 1647 3103 De
1678 3047 1804 3120 pis-

163 3143 317 3202 cibus
350 3143 509 3199 enim
538 3141 695 3198 binis
724 3140 900 3212 (632‘)
933 3155 963 3195 e
993 3135 1272 3194 ﬂuctibus
1301 3135 1515 3192 littoris
1545 3135 1802 3191 Zabulon

163 3243 212 3289 et
237 3230 596 3306 Nephtalim,
619 3227 918 3303 apostolici
951 3227 1105 3300 quod
1133 3223 1416 3298 germinis
1444 3223 1802 3281 venerabiles

163 3320 499 3394 patriarchae
531 3319 678 3377 forte
707 3321 848 3374 sunt
871 3315 1026 3388 jussi
1058 3314 1328 3382 incolere,
1349 3331 1463 3369 non
1497 3313 1622 3370 sine
1651 3313 1806 3370 labo-

169 3410 314 3468 rioso
339 3408 650 3484 acquisitis
670 3406 1061 3480 ingenio(quas
1091 3407 1150 3460 et
1171 3405 1392 3476 absque
1413 3403 1592 3459 dubio
1609 3404 1809 3459 omnia

164 3501 434 3572 quiddam
467 3497 832 3568 innuunt),et
860 3494 1036 3568 quino
1067 3510 1285 3567 panum
1310 3509 1426 3548 non
1455 3493 1581 3548 sine
1598 3495 1810 3566 myste)

164 3588 242 3646 rio
271 3589 486 3647 iterum
513 3601 760 3644 numero
791 3584 850 3640 hi
880 3581 1232 3656 fragmentis
1264 3580 1481 3637 bisseni
1506 3580 1807 3654 adimpleti

165 3682 295 3736 sunt
321 3675 564 3752 cophini
587 3692 602 3732 :
627 3661 778 3748 qua:
796 3675 844 3729 si
873 3677 1072 3729 ventre
1102 3672 1412 3727 recondere
1438 3669 1674 3727 libuerit
1693 3688 1808 3727 me-

166 3767 372 3838 moriae,
405 3770 466 3824 et
496 3762 928 3828 retractationis
970 3760 1202 3817 rumine
1251 3759 1530 3817 subtilius
1567 3759 1808 3816 terenda

165 3855 480 3913 molaribus
505 3845 1140 3925 reddere,experiemur
1166 3849 1407 3906 omnino
1435 3848 1806 3905 veracissime

165 3944 413 4002 dictum:
469 3944 578 4014 Qui
635 3943 862 4014 apponit
914 3940 1223 4009 scientiam,
1287 3939 1514 4012 apponit
1567 3939 1807 3995 laborem

169 4034 384 4107 (Eccles.
416 4051 458 4103 ι,
500 4035 606 4102 18).
638 4031 764 4087 Non
796 4033 936 4087 sunt
991 4027 1149 4084 enim
1206 4027 1454 4094 triticea,
1486 4029 1552 4082 ut
1606 4026 1808 4082 leviter

159 4122 381 4181 valeant
411 4120 674 4197 spoliari,
709 4120 809 4177 sed
842 4116 1130 4175 hordeaca
1159 4118 1337 4187 (Joan.
1359 4115 1522 4189 v1,9),
1556 4115 1628 4171 ad
1661 4132 1804 4188 quo-

224 4268 363 4338 (631)
396 4261 684 4341 Syntaxis_
700 4261 870 4341 valde
900 4260 1164 4341 implexa;
1185 4259 1277 4341 sic
1307 4259 1699 4341 construenqa
1719 4257 1802 4341 vi-

162 4331 634 4396 detur.'At'causa
664 4331 1004 4406 hujusmodi'
1023 4333 1277 4404 mysterii
1298 4333 1469 4403 fuerit
1495 4332 1654 4406 quasi
1680 4331 1805 4406 sub-

158 4412 347 4467 similis
365 4413 483 4484 ejus
504 4401 1028 4484 deceptionistqua?‘
1031 4401 1163 4476 jure
1208 4401 1455 4484 gentium
1479 4401 1678 4484 ubique
1705 4401 1802 4484 da-

160 4473 405 4544 mnatur}
431 4483 496 4538 si'
515 4473 699 4536 tamen
729 4473 1104 4534 consideretur
1122 4477 1362 4548 opacitas
1380 4473 1670 4548 sapientiae
1699 4473 1801 4548 ltu-

157 4568 330 4610 manae
357 4549 817 4625 impenetrabilis,
841 4564 1006 4625 quam
1019 4545 1166 4625 psus
1197 4545 1524 4625 confundit;
1553 4545 1804 4625 maxima

159 4625 307 4680 isthic
327 4617 576 4681 occurrit
600 4617 1220 4691 incomprehensibilitas
1245 4619 1536 4691 sapientia
1556 4619 1608 4670 et
1626 4617 1800 4691 scien-

1912 1993 2064 2047 mus,
2099 1981 2238 2036 sunt
2267 1985 2324 2037 et
2355 1981 2604 2054 phalerae
2626 1983 2994 2040 saecularium
3017 1983 3558 2058 lihrorum,quze,ut

1905 2067 2445 2143 videmus,paganis
2475 2071 2707 2144 penitus
2740 2071 3039 2142 ablotae,in
3065 2073 3167 2144 jus
3197 2077 3254 2130 et
3283 2079 3556 2130 ornatum

1900 2157 2026 2226 jam
2059 2157 2198 2213 olim
2250 2159 2628 2227 transierunt,
2677 2161 2907 2217 Christo
2963 2161 3276 2232 tribuente,
3316 2179 3557 2236 prorsus

1908 2243 2200 2301 Ecclesiae.
2235 2249 2526 2313 Quorsum
2556 2253 2750 2304 tamen
2778 2249 2892 2305 ista
2913 2251 2940 2306 ?
2963 2266 3143 2323 sagax
3169 2250 3488 2324 interrogat
3504 2250 3555 2306 si

1910 2329 2242 2407 requisitor.
2275 2335 2566 2392 Nimirum
2598 2341 2795 2393 nostro
2819 2344 2882 2394 ut
2903 2337 3000 2394 isti
3029 2338 3278 2411 tempori
3301 2355 3416 2395 non
3441 2339 3558 2395 dis-

1911 2423 2217 2480 convenire
2268 2423 2419 2480 illud
2472 2426 2764 2482 fateamur
2808 2427 3112 2499 Apostoli:
3149 2429 3252 2485 Ubi
3300 2430 3562 2501 sapiens?

1909 2511 2008 2568 ubi
2034 2514 2257 2568 scriba?
2283 2513 2384 2569 ubi
2410 2515 2575 2570 verba
2627 2515 2761 2587 legis
2806 2516 3113 2588 ponderans
3137 2521 3163 2571 .9
3189 2521 3381 2575 Nonne
3423 2518 3560 2574 stul-

1910 2607 2024 2656 tam
2050 2604 2179 2674 fecit
2209 2603 2348 2658 Deus
2374 2604 2704 2677 sapientiam
2735 2605 2934 2661 mundi
2961 2607 3012 2676 (I
3037 2607 3159 2663 Cor.
3193 2623 3234 2674 ι,
3262 2606 3356 2680 20)
3377 2606 3557 2664 Nam

1911 2706 2142 2764 nempe.

2075 2816 2193 2882 iam
2223 2817 2670 2882 Cariath-Sephor
2695 2819 2858 2868 Josue
2888 2818 3222 2870 destruxerat
3250 2820 3400 2880 alter,

2075 2879 2137 2927 Et
2165 2892 2347 2929 muros
2373 2879 2582 2930 Jericlio
2613 2885 2979 2933 prostraverat
3007 2882 3250 2932 funditus
3278 2879 3405 2933 arvo

2065 2940 2308 3005 Compita
2336 2957 2432 3005 per
2455 2940 2641 2992 muudi
2667 2944 3025 3006 jubilantibus
3053 2946 3230 2995 omnia
3261 2946 3476 2996 sanctis.

1981 3045 2035 3100 2.
2069 3045 2224 3103 804
2257 3047 2400 3103 Cum
2434 3065 2549 3104 non
2590 3048 2815 3106 minore
2874 3051 3086 3117 studio,
3120 3055 3350 3121 ornatu,
3381 3055 3557 3124 atque

1911 3133 2105 3207 lepore
2137 3133 2590 3209 historiographi
2623 3137 2808 3193 nostri
2840 3155 3074 3211 agones,
3104 3139 3204 3211 qui
3229 3155 3292 3195 se
3322 3157 3563 3212 praeces-

1913 3227 2129 3289 serant,
2163 3227 2508 3297 martyrum,
2542 3225 2750 3281 merita
2781 3225 3557 3294 confessorum,ccelibatum

1835 3302 1879 3369 C
1916 3315 1973 3367 et
1984 3312 2402 3368 continentiam
2417 3312 2707 3386 virginum
2722 3329 2788 3370 ac
2801 3313 3132 3383 viduarum,
3153 3315 3557 3387 paenitentiam

1920 3399 2246 3456 describere
2267 3401 2595 3474 gestiebant
2612 3418 3024 3458 conversorum
3052 3421 3066 3473 ;
3090 3420 3266 3475 quam
3289 3403 3561 3477 eloquen-

1915 3490 2008 3544 tiae
2037 3494 2340 3546 venustate
2363 3491 3018 3564 conspicui,cunctoque
3032 3492 3242 3549 saeculo
3263 3493 3561 3566 praedicati

1915 3577 2247 3635 liberalium
2279 3580 2520 3649 artium,
2554 3579 2638 3636 illi
2666 3579 2756 3637 vel
2788 3581 3138 3649 inventores,
3168 3581 3258 3638 vel
3281 3598 3562 3656 propaga-

1912 3672 2090 3735 tores,
2124 3684 2272 3740 quos
2299 3668 2550 3726 mendax
2580 3669 2823 3742 protulit
2852 3671 3228 3743 potissimum
3261 3671 3563 3741 Graecia,et

1913 3756 2141 3828 poetica
2170 3757 2484 3830 garrulitas
2527 3775 2760 3832 semper
2788 3759 2860 3815 de
2891 3758 3141 3817 falsitate
3197 3759 3440 3817 inﬂabat
3467 3777 3559 3818 or-

1914 3849 2144 3913 nata,su
2152 3862 2216 3902 os
2233 3845 2507 3904 laudibus
2519 3847 2792 3905 eatcllere
2805 3864 2918 3905 non
2943 3849 3244 3906 destiterat
3259 3850 3558 3922 quondam

1912 3933 2141 3992 heroas.
2175 3935 2341 3991 Nunc
2365 3936 2670 4010 vero,proh
2701 3937 2926 4011 pudori
2962 3937 3180 3994 nostris
3210 3941 3412 4011 utique
3434 3955 3561 3996 avo-

1912 4041 2162 4096 rumque
2179 4023 2549 4098 temporibus
2571 4026 2935 4097 utconjicere
2953 4026 3558 4099 cogamur,nonlonge

1912 4109 2074 4169 illius
2099 4113 2304 4170 abesse
2344 4113 2679 4183 adventum,
2703 4115 2775 4170 de
2821 4131 2936 4187 quo
2987 4119 3076 4172 est
3121 4114 3554 4188 prophetatum,

1910 4257 2030 4312 sine
2058 4257 2279 4324 ingenio
2309 4255 2576 4312 laborioso
2606 4271 2636 4312 e
2685 4256 2941 4327 ﬂuctibus
2987 4257 3187 4313 littoris
3230 4257 3476 4314 Zabulon
3504 4262 3557 4313 et

1909 4328 2248 4410 Nephtalim,
2280 4327 2420 4398 quod
2441 4329 2588 4410 forte
2606 4328 2909 4410 jussisunt
2954 4329 3190 4385 incolere
3203 4329 3558 4410 patriarchae

1907 4399 2243 4474 uenerabiles
2272 4399 2551 4474 germinis
2576 4399 2858 4474 apostolici
2881 4400 3023 4472 (quae
3061 4399 3247 4474 omnia
3275 4408 3324 4457 et
3353 4402 3557 4474 absque

1909 4471 2071 4525 dubio
2101 4471 2343 4544 innuunt
2384 4469 2690 4541 quiddam),
2739 4479 2790 4526 et
2836 4469 3036 4527 iterum
3085 4472 3254 4544 (forte
3292 4469 3554 4544 itemfde

1908 4557 2136 4616 numero
2162 4542 2328 4616 quino
2358 4557 2566 4612 panum
2594 4557 2705 4597 non
2753 4544 2871 4616 sine
2917 4542 3176 4614 mysterio
3197 4562 3215 4598 :
3246 4557 3373 4616 quae
3399 4542 3453 4600 si
3481 4543 3551 4600 li-

1911 4613 2086 4668 buerit
2115 4611 2399 4668 recondere
2420 4621 2607 4684 centre
2630 4615 2927 4684 memoria,
2953 4611 3005 4670 et
3040 4611 3268 4670 rumine
3287 4623 3552 4672 retracta-

158 4675 580 4766 ἦέ
603 4675 957 4766 altitudinem
993 4690 1199 4745 mirari
1230 4675 1352 4744 cuin
1383 4688 1632 4766 deiloquo
1661 4688 1798 4758 Apo-
1829 4675 1878 4742 D
1909 4683 2586 4766 tionislibueritreddere
2630 4686 2892 4741 subtilius
2914 4675 3158 4744 'terenda
3209 4688 3552 4756 molaribus;

158 4768 284 4822 stola
311 4758 565 4823 convenit
599 4762 937 4835 sapientibus
973 4778 1196 4835 sanum,
1228 4777 1411 4835 quam
1440 4758 1708 4835 discutere
1737 4775 1800 4815 ac

159 4838 539 4909 reprehendere
566 4831 692 4891 cum
715 4834 1068 4909 vesanissimo
1104 4831 1795 4909 cattilogo__bgeretico7um,

159 4902 462 4966 et'occurrit
491 4904 1117 4979 incomprehensibititas
1159 4903 1533 4974 dispositionis
1571 4902 1795 4979 divtnce,

158 4982 409 5061 uentilata
437 4974 834 5061 t_amen,_htq_ue
853 4976 1327 5061 nobismonstra'ta
1351 4989 1582 5061 pereas,
1601 4974 1798 5061 quibus

161 5050 347 5122 legitur
374 5053 508 5107 data
537 5045 832 5106 auctoritas
861 5048 1219 5118 cephinorum
1248 5045 1530 5101 duodecim
1561 5047 1800 5116 implen-

157 5121 338 5196 dorum
365 5124 622 5196 reliquiis
651 5123 1104 5196 fragAmentorum.

221 5195 363 5266 (632(
395 5186 678 5250 Construe
702 5186 888 5266 :g'Cum
916 5191 1100 5266 itaque
1116 5187 1354 5266 solliciti
1393 5186 1798 5266 consideramus

156 5259 450 5338 multigena
462 5336 474 5338 _
488 5337 497 5338 ί
512 5265 774 5338 mysteria
790 5336 798 5338 _
855 5259 1053 5338 (mqu
1077 5332 1088 5338 _
1103 5259 1600 5338 incompreltensibi
1603 5259 1794 5338 litatis,

157 5330 413 5406 quantum
432 5336 531 5392 ille
544 5330 995 5392 clementissimus
1011 5332 1236 5406 Divisor
1266 5331 1582 5406 gratiarum
1597 5330 1797 5406 digna-

160 5399 242 5462 tur
269 5409 505 5481 adjicere
528 5409 749 5481 inertia
775 5408 980 5481 nostra:
996 5401 1196 5481 studio
1210 5401 1448 5481 propria
1485 5399 1794 5481 indagatio-

160 5481 277 5546 nis;
307 5473 573 5549 contingit
601 5477 927 5550 saepissime,
961 5474 1102 5548 quod
1131 5473 1482 5550 illesapiens
1512 5473 1795 5550 incompa-

159 5543 344 5607 rabilis
379 5543 637 5615 temporis
680 5543 841 5605 illius
891 5543 1002 5604 non
1046 5545 1266 5602 erubuit
1303 5543 1474 5615 fateri
1522 5543 1794 5615 omnibus,

157 5622 440 5694 inquiens:
475 5620 771 5694 Inquisivi,
805 5624 914 5694 etc.

223 5683 394 5764 (632°)
435 5683 714 5750 Construe
737 5683 767 5747 τ’
803 5691 1022 5764 Etenim
1064 5687 1124 5764 lii
1172 5687 1381 5764 bisseni
1434 5685 1656 5764 cupitini
1697 5683 1796 5742 ad-

158 5757 361 5846 impleti
377 5757 515 5828 sunt
536 5765 860 5846 fragmentis
881 5761 948 5826 de
965 5760 1116 5821 binis
1126 5759 1376 5838 piscibus
1394 5757 1677 5839 acq'uisitis
1688 5772 1798 5820 non

1906 4757 2274 4827 experiemur,
2305 4759 2414 4811 etc.

1975 4825 2128 4896 (633)
2151 4827 2395 4895 Summa,
2428 4825 2485 4882 id
2512 4831 2625 4900 est
2672 4830 2968 4900 quantitas.
3001 4829 3282 4886 Construe
3312 4833 3548 4885 autem:

1904 4901 2087 4973 Igitur
2107 4900 2391 4973 superiore
2415 4899 2561 4973 mola
2600 4899 2760 4956 ducta
2790 4903 2851 4956 in
2879 4903 3220 4973 vertiginem,
3251 4902 3553 4957 subteriore

1904 4971 2053 5026 mola
2085 4972 2305 5046 jacente
2349 4971 2510 5041 quasi
2540 4973 2748 5046 otiosa
2788 4988 2895 5046 non
2951 4971 3072 5030 sine
3115 4974 3342 5046 mystico
3369 4987 3548 5039 sensu,

1903 5041 2119 5116 summa
2150 5041 2230 5113 (id
2261 5046 2350 5116 est
2378 5044 2680 5116 quantitas)
2729 5043 3041 5116 hordeacea,
3075 5041 3240 5116 quam
3274 5055 3398 5116 prae
3425 5058 3549 5116 ma-

1904 5115 2070 5168 nibus
2111 5111 2442 5184 suscepimus
2484 5111 2875 5182 ventitandam,
2919 5117 3052 5181 trita
3082 5111 3410 5184 ‘neccss'ario
3450 5111 3551 5167 hac

1906 5185 2129 5258 (mola),
2163 5193 2213 5240 et
2241 5183 2428 5258 eadem
2455 5187 2748 5258 propinata
2773 5187 2976 5257 gustui,
3007 5186 3159 5258 sapit
3178 5183 3364 5254 palato
3391 5199 3548 5238 men-

1905 5256 1978 5312 tis
2006 5265 2211 5313 uestra?
2234 5256 2314 5327 (id
2341 5261 2429 5311 est
2456 5256 2565 5311 nos
2577 5256 2784 5326 docet).
2801 5259 3096 5328 zEgyptum
3114 5256 3365 5328 ﬁgurare
3378 5270 3550 5328 mun-

1904 5328 2037 5383 dum
2067 5325 2303 5398 positum
2331 5329 2390 5383 in
2419 5328 2687 5396 maligno,
2718 5325 3060 5382 Pharaonem
3082 5327 3329 5398 ﬁgurare
3355 5325 3550 5383 diabo-

1907 5400 2022 5455 lum
2042 5397 2352 5471 principem
2378 5398 2574 5454 mundi
2618 5398 2877 5470 ejusdem,
2923 5397 3188 5470 populum
3233 5413 3550 5471 oppressum

1906 5471 2020 5527 luto
2043 5469 2099 5526 et
2124 5469 2389 5526 lateribus
2426 5469 2651 5541 signare
2686 5485 2863 5541 (genus
2909 5469 3214 5525 humanum
3259 5469 3412 5541 quod,
3439 5470 3550 5526 Do-

1902 5544 2090 5598 minus
2119 5544 2318 5597 missus
2365 5539 2637 5596 descendit
2677 5539 2930 5609 liberare,
2975 5556 3128 5597 mare
3176 5539 3418 5598 Rubrum
3453 5542 3549 5596 in-

1903 5630 2074 5689 nuere
2102 5614 2450 5685 baptismum,
2476 5612 2707 5689 tinctum
2747 5627 2940 5672 cruore
2967 5614 3280 5689 sanguinis,
3311 5613 3550 5679 submer-

1903 5701 1990 5744 sos
2018 5686 2250 5744 innuere
2271 5689 2514 5759 peccata,
2545 5686 2655 5743 etc.
