4056 6378
177 372 299 477 ira

1076 409 1503 485 INVECTIVA
1545 418 1648 484 DE
1690 402 2127 485 TRANSLAT.
2175 410 2239 485 s'.
2282 394 2709 486 MATRONIS.

3473 410 3595 483 $88

175 528 287 605 Sed
321 549 480 605 806
511 564 707 605 revera
718 566 833 606 non
848 550 1030 621 doles;
1054 554 1154 609 sed
1168 554 1365 610 dolore
1388 558 1444 610 te
1465 556 1536 610 ad
1559 541 1834 627 quorum-
1856 553 1916 621 Α
1943 556 2341 635 εαεεθῐηδοτ
2367 556 2547 636 cujus
2578 554 2689 611 ille
2706 555 2914 611 beatus
2932 554 3106 611 fuerit
3124 553 3473 623 sanctitatis,
3494 552 3593 611 ille

176 638 317 719 dam
350 637 788 711 sugillationem
821 640 1067 696 subdola
1098 642 1447 716 fingis.Nam
1479 644 1526 698 si
1558 642 1835 698 veraciter
1942 660 2055 698 non
2089 645 2159 699 ad
2192 644 2407 699 librum
2432 662 2494 700 se
2515 643 3068 716 contulitgestorum
3086 642 3244 699 illius
3274 642 3470 699 studio
3493 641 3594 699 ali:-

166 726 432 786 .amissos
462 726 708 797 doleres,
731 728 961 785 relictos
974 730 1264 788 devotiore
1281 731 1442 789 cultu
1474 736 1647 805 atque
1669 732 1833 788 obse-

84 848 110 866 .
171 816 313 888 quio
345 816 764 888 frequentares.

1941 733 2110 803 cujus
2139 722 2375 789 tuorum
2407 720 2712 798 dietatum,
2736 733 2837 788 sed
2856 732 2927 788 ad
2947 731 3161 787 famam
3191 730 3588 789 veridicamil-

1940 820 2154 890 lorum,
2190 821 2290 901 qui
2321 838 2455 877 cum
2478 821 2790 877 Psalmista
2817 815 3088 877 valebant
3131 824 3392 878 cantare:
3424 822 3585 890 Deus,

191 891 200 899 ’
241 905 297 960 4.
332 905 484 961 Vere
512 909 730 977 tamen,
754 924 1092 980 quanquam
1125 909 1411 966 invidiose
1428 910 1533 965 tibi
1560 910 1830 983 praelatos
1939 913 2169 967 auribus
2200 891 2398 967 nostris
2427 911 2756 977 audivimus,
2784 904 2969 982 patres
2996 913 3177 967 nostri
3221 913 3588 968 annuntiave-

166 992 366 1049 valeas
398 993 790 1067 obloquendo,
820 1000 886 1051 ut
914 997 1164 1065 conaris,
1198 997 1637 1070 reprehendere,
1663 1003 1719 1054 te
1741 1002 1827 1054 ta-

167 1098 305 1138 men
352 1081 649 1151 meliores,
687 1084 925 1151 suadeo,
966 1086 1183 1158 cogites
1227 1087 1471 1143 minime
1516 1088 1823 1143 meruisse.

164 1171 405 1249 Dictum
437 1171 593 1227 enim
622 1173 693 1228 de
724 1172 839 1228 Deo
870 1172 1084 1246 legitur
1112 1176 1511 1242 veracissime,
1544 1177 1699 1247 quod
1732 1192 1823 1231 re-

162 1254 341 1331 gnare
365 1262 542 1332 faciat
568 1261 913 1333 hypocritam
938 1269 1167 1336 propter
1200 1273 1419 1336 peccata
1459 1266 1653 1336 populi
1684 1265 1819 1337 (Job.

159 1366 371 1429 xxxrv,
392 1349 507 1418 30).
542 1351 785 1423 ipseque
814 1352 885 1406 de
916 1368 1015 1407 se:
1051 1353 1215 1422 Dabo,
1238 1352 1451 1425 inquit,
1483 1354 1562 1409 eis
1593 1370 1739 1425 reges
1762 1356 1823 1409 in

156 1440 353 1507 furore
380 1454 522 1507 meo,
555 1442 609 1493 et
637 1440 693 1493 in
725 1440 813 1494 ira
841 1457 962 1495 mea
1004 1441 1146 1512 (Ose.
1204 1459 1323 1505 xm,
1360 1443 1484 1509 il):
1542 1445 1607 1497 ut
1655 1459 1820 1515 reges

157 1543 276 1582 non
308 1544 413 1583 eos
443 1526 657 1594 solum,
691 1527 790 1599 qui
813 1524 1464 1586 ita’consuetudinaliter
1482 1548 1820 1603 nuncupan-

153 1620 256 1671 tur
286 1616 351 1671 in
383 1616 618 1684 saeculo,
652 1617 753 1672 sed
785 1621 842 1672 et
870 1623 1112 1674 cunctos
1138 1618 1432 1692 intelligas
1464 1619 1724 1691 quolibet
1757 1620 1816 1675 in

152 1705 367 1761 ordine
397 1704 622 1761 caeteris
639 1705 711 1761 ad
728 1706 1175 1777 gubernandum
1189 1707 1475 1779 praelatos.
1503 1709 1815 1781 Martyrem

154 1811 301 1850 sane
330 1798 507 1850 tuum
540 1793 589 1851 si
620 1798 921 1867 tantopere
938 1795 1241 1869 diligebas,
1275 1800 1341 1851 ut
1362 1798 1501 1869 quid
1526 1801 1643 1852 tam
1665 1797 1815 1853 male

1939 1008 2070 1055 runt
2096 1000 2252 1056 nobis
2280 1001 2454 1068 (Psal.
2486 1017 2639 1067 XLIII,
2693 999 2766 1072 1).
2799 1000 3022 1065 Quibus
3076 1000 3467 1057 referentibus
3496 1000 3586 1056 di-

1936 1089 2096 1159 dicit,
2132 1090 2285 1160 quod
2309 1092 2546 1144 sanctus
2563 1087 3226 1145 isdeminadclescentia
3241 1088 3585 1161 hujusmodi

1933 1177 2105 1233 fuerit
2136 1179 2361 1233 actibus
2382 1176 2577 1233 saeculi
2593 1176 2946 1247 implicatus,
2962 1178 3032 1232 de
3049 1168 3263 1248 quibus
3284 1176 3583 1234 liberconL

1932 1268 2078 1342 tinet
2111 1268 2191 1343 ita
2219 1267 2451 1321 divinus
2478 1283 2490 1321 :
2528 1268 2635 1334 Qui
2662 1268 2889 1337 cupiunt
2916 1266 3110 1321 divites
3144 1268 3205 1321 in
3233 1266 3332 1321 hoc
3375 1267 3579 1324 saeculo

1930 1356 2073 1424 ﬁeri,
2108 1356 2363 1411 incidunt
2392 1357 2450 1409 in
2497 1355 2865 1426 museipulam
2894 1362 2945 1410 et
3001 1355 3257 1427 laqueum
3301 1354 3508 1411 diaboli
3537 1354 3586 1427 (Ι

1932 1445 2063 1498 Tim.
2098 1461 2173 1511 v1,
2205 1444 2283 1515 9),
2318 1443 2479 1509 Quod
2512 1460 2645 1498 cum
2679 1443 2728 1499 ei
2753 1444 2915 1514 justo
2963 1442 3075 1499 Deo
3125 1443 3581 1501 misericorditer

1929 1532 2322 1603 permittente,
2360 1536 2422 1587 ut
2453 1531 2655 1587 multis
2685 1548 2836 1603 saepe
2866 1530 3017 1600 aliis,
3053 1531 3414 1604 contigisset,
3448 1549 3581 1590 rea-

1927 1624 2026 1675 tus
2061 1621 2149 1697 sui
2184 1608 2647 1676 consideratione
2678 1624 2999 1692 permotus,
3033 1637 3094 1675 se
3142 1625 3343 1677 contra
3373 1637 3435 1677 se
3462 1638 3579 1680 non

1926 1708 2178 1764 tardavit
2210 1709 2446 1781 erigere,
2481 1709 2686 1765 mundi
2719 1708 2899 1779 hujus
2930 1708 3128 1765 omnia
3148 1707 3492 1781 relinquere,
3515 1713 3582 1766 ut

1926 1797 2229 1869 expeditus
2260 1802 2317 1852 et
2346 1797 2513 1865 liber,
2542 1796 2651 1852 soli
2681 1797 2928 1853 Domino
2951 1801 3149 1869 posset
3175 1814 3399 1855 vacare.
3425 1798 3581 1855 Sico‘-
3626 1788 3629 1793 ⁴

153 1872 557 1940 custodieras?
586 1883 956 1940 Consenserit
985 1901 1144 1953 sane,
1179 1885 1553 1941 utcriminari
1585 1890 1816 1941 conten-
1844 1917 1893 1983 B
1923 1902 2156 1941 morum
2187 1885 2385 1958 itaque
2415 1886 2606 1941 crucis
2638 1902 2772 1941 cum
2805 1885 3064 1951 Zachaao,
3098 1888 3165 1941 ut
3193 1886 3397 1942 Jesum
3426 1886 3578 1944 libe-

153 1974 271 2041 dis,
300 1971 500 2028 altiori
531 1971 678 2028 forte
723 1971 986 2039 consilio,
1039 1973 1257 2045 Deique
1307 1973 1561 2046 amplius
1606 1991 1811 2030 conve-

151 2062 344 2119 nienti
376 2060 662 2135 disposito
692 2064 831 2117 tuus
860 2062 1189 2135 episcopus:
1212 2068 1296 2131 tu,
1326 2081 1451 2136 quae
1480 2068 1709 2119 tantum
1729 2065 1810 2119 fa-

149 2153 325 2208 cinus
356 2150 975 2224 perhorrueras,nosse
991 2150 1119 2207 volo
1148 2152 1813 2219 curabhorrueris.Quia

145 2238 893 2313 pessimum,inquis,quod
908 2239 989 2295 ita
1000 2244 1230 2296 sanctos
1244 2240 1543 2312 perdimus
1557 2246 1806 2297 nostros.

146 2328 496 2386 Verissime:
531 2326 630 2384 sed
663 2327 1102 2384 convenientius
1133 2328 1373 2396 diceres,
1420 2330 1572 2402 quod
1623 2332 1804 2386 sancti

146 2419 229 2475 ita
259 2432 375 2475 nos
397 2417 635 2490 fugiunt
662 2417 867 2472 nostri.
902 2417 1116 2489 Turpis
1167 2434 1308 2473 sane
1360 2418 1507 2473 lucri
1558 2419 1808 2491 cupidus

144 2523 286 2564 cum
317 2523 497 2563 nemo
528 2505 607 2561 sit
634 2508 874 2562 sanctus
895 2523 908 2573 ;
932 2505 1245 2562 honestum
1259 2509 1547 2563 relutasse
1572 2507 1806 2564 lucrum

146 2613 324 2653 nemo
355 2594 657 2651 invenitur
685 2599 1043 2650 sanctorum.
1077 2599 1398 2651 Honestum
1418 2612 1553 2652 vero
1574 2596 1806 2653 lucrum

144 2693 255 2753 est,
290 2684 453 2757 quod
468 2681 680 2739 ccelum
693 2681 1029 2754 locupletat,
1049 2687 1334 2740 tartarum
1348 2684 1580 2756 spoliat.
1600 2687 1656 2741 Si
1673 2703 1805 2743 vero

143 2778 199 2829 te
231 2772 488 2845 fugienti
517 2760 750 2844 quoquo
781 2772 991 2828 adnisu
1020 2772 1157 2828 illuc
1185 2772 1269 2829 ire
1299 2760 1653 2846 complacuit
1676 2760 1807 2831 san-

140 2864 379 2917 ctorum
412 2858 610 2926 alicui,
644 2858 741 2914 ubi
774 2875 878 2931 pro
923 2860 1258 2928 reverentia,
1312 2877 1489 2933 quam
1538 2878 1717 2934 penes
1747 2868 1804 2920 te

141 2947 393 3003 minime
424 2947 699 3015 habebat,
733 2947 845 3003 sibi
878 2964 1076 3009 amore
1104 2948 1318 3005 Christi
1342 2949 1601 3006 exhibita
1632 2968 1802 3023 para-

139 3038 313 3095 disus
342 3038 416 3093 de
447 3036 760 3092 animabus
777 3035 1095 3108 repleretur
1124 3038 1344 3094 devotis
1364 3039 1658 3106 aetherius,
1683 3044 1799 3096 tar-

139 3129 344 3183 tareus
372 3114 727 3181 vacuaretur
755 3124 1052 3193 infernus;
1087 3142 1220 3182 cum
1251 3144 1355 3199 per
1400 3132 1485 3183 tot
1509 3145 1798 3186 annorum

139 3213 443 3271 curricula
472 3226 576 3285 pro
589 3212 893 3270 devotione
904 3213 1194 3270 consimili
1210 3214 1406 3272 nullus
1426 3216 1536 3273 hoc
1555 3218 1800 3274 meruis-

1924 1975 2143 2030 randus
2172 1974 2409 2042 videret,
2430 1974 2694 2029 ascendit
2722 1978 3005 2041 (Μίκκα,
3028 1974 3100 2046 4);
3137 1978 3275 2030 etne
3308 1976 3574 2032 eamdem

1922 2064 1983 2118 in
2014 2064 2255 2136 angaria
2283 2080 2417 2118 cum
2449 2063 2683 2118 Simone
2715 2064 3111 2135 (Matth.xxvn,
3144 2063 3256 2135 32),
3292 2065 3393 2119 sed
3420 2080 3577 2121 eam-

1921 2153 2053 2209 dem
2085 2170 2219 2208 cum
2231 2151 2388 2207 vitiis
2402 2155 2457 2207 et
2468 2151 2954 2223 concupiscentiis
2980 2152 3421 2210 mortiﬁcandus
3435 2170 3572 2211 cum

1919 2241 2167 2310 Christo,
2202 2258 2318 2297 non
2345 2240 2539 2312 aliquo
2566 2245 2847 2312 tempore,
2871 2241 2973 2296 sed
2996 2240 3273 2313 quotidie,
3295 2240 3414 2298 imo
3438 2258 3573 2299 con-

1920 2330 2081 2386 tinue
2115 2330 2316 2398 ferret;
2349 2328 2464 2384 tale
2505 2329 2617 2385 sibi
2666 2329 2850 2384 fertur
2896 2328 3251 2401 supplicium
3299 2329 3567 2403 elegisse,

1919 2421 2074 2492 quod
2106 2418 2335 2475 etiamsi
2350 2406 2541 2474 carnis
2557 2418 2877 2489 petulantia
2891 2417 3284 2487 victusvellet,
3308 2419 3569 2477 omnimo

1920 2510 2188 2582 nequiret
2217 2508 2479 2564 evadere.
2511 2506 2897 2563 Publicanum
2931 2524 2994 2563 se
3024 2506 3180 2563 enim
3216 2510 3274 2563 et
3302 2512 3569 2580 peccato-

1918 2614 2040 2653 rem
2074 2597 2226 2653 ultra
2256 2584 2459 2651 omnes
2485 2595 2817 2667 dijudicans
2847 2594 3137 2663 homines,
3170 2595 3421 2652 ecclesiae
3455 2596 3569 2653 sibi

1915 2686 2124 2742 limina
2153 2684 2469 2742 obstruxit:
2505 2702 2538 2740 a
2587 2684 2758 2757 longe
2795 2688 2861 2739 ut
2909 2685 3145 2755 stando,
3193 2686 3334 2740 Deus
3376 2688 3566 2757 propi-

1916 2778 2026 2831 tius
2056 2782 2168 2831 esto
2223 2776 2366 2830 mihi
2418 2775 2690 2846 peccatori
2737 2774 2889 2845 (Luc.
2942 2790 3100 2839 XVIII,
3136 2774 3271 2845 13),
3302 2790 3436 2830 cum
3466 2774 3565 2831 illo

1914 2864 2026 2920 alio
2055 2863 2509 2942 misericorditer
2537 2863 2853 2933 iustificato
2885 2866 3084 2933 posset
3113 2861 3387 2931 clamare,
3432 2880 3566 2936 pro-

1909 2954 2055 3008 vidit
2086 2954 2252 3026 (645).

1980 3042 2033 3096 6.
2068 3042 2179 3098 Sed
2209 3057 2313 3110 cur
2351 3058 2473 3117 prop
2506 3056 2739 3113 magno,
2803 3032 2957 3112 quod
2990 3040 3256 3096 convenit
3313 3041 3558 3098 minime

1907 3130 2101 3187 stando
2121 3134 2145 3182 γ
2176 3128 2346 3203 quasi
2379 3132 2534 3197 ante,
2563 3128 2651 3184 vel
2683 3132 2816 3199 post
2846 3144 3203 3200 quemquam
3229 3133 3560 3186 nostratum

1910 3219 2021 3275 sibi
2044 3217 2155 3291 ipsi
2169 3216 2425 3288 aliquem
2440 3217 2621 3288 hujus
2638 3216 3045 3272 aestimationis
3086 3217 3373 3276 audierim
3405 3217 3559 3275 intu-

141 3308 229 3361 set
257 3308 523 3383 tuorum,
556 3302 878 3358 cavendum
912 3319 984 3359 ne
1015 3304 1141 3359 coeli
1170 3304 1420 3361 videaris
1441 3307 1799 3378 profectibus
1830 3285 1872 3353 (ἶ
1910 3308 2052 3363 lisse
2082 3305 2451 3379 martyrium,
2484 3302 2912 3378 Congruentius
2946 3314 3087 3361 sane
3115 3305 3371 3362 dicerem
3412 3308 3565 3365 volu-
3608 3305 3613 3311 ’

142 3393 324 3459 allici,
360 3392 598 3449 damnis
627 3391 829 3447 laetari.
862 3391 981 3448 Hoc
1021 3392 1255 3465 quippe,
1304 3395 1458 3466 quod
1508 3401 1800 3453 monstras

141 3480 439 3555 exemplo,
471 3497 579 3537 nec
609 3480 764 3553 apud
796 3483 852 3536 te
879 3480 990 3549 vis,
1026 3498 1131 3537 nec
1160 3481 1372 3538 alicubi
1403 3482 1681 3541 honorem
1704 3482 1803 3542 ha-

144 3572 325 3627 beant
354 3569 565 3628 sancti.

213 3660 353 3735 5..O
383 3663 584 3715 autem
615 3674 829 3732 magna
856 3659 1104 3736 Verona,
1134 3659 1270 3714 villa
1287 3662 1582 3732 quondam
1608 3662 1800 3719 Plato-

145 3751 279 3807 nica
309 3749 413 3805 illa
440 3747 706 3818 Athenis,
732 3745 821 3804 vel
845 3747 1026 3803 altera
1052 3764 1167 3819 prae
1181 3748 1561 3806 multitudine
1580 3752 1804 3823 sapien-

144 3840 298 3896 tium
331 3837 643 3906 aestimata,
676 3837 1049 3911 grandisonis
1101 3828 1370 3893 sanctum
1418 3843 1588 3895 tuum
1622 3858 1802 3912 quare

145 3946 264 3984 non
294 3926 590 3985 extuleras
621 3926 854 3982 modis?
883 3924 997 3981 Cur
1027 3926 1338 3996 mirabilia,
1374 3944 1500 4000 quae
1532 3944 1635 4001 per
1666 3947 1801 3986 eum

146 4018 305 4075 Deus
338 4017 530 4072 fuerat
558 4018 850 4088 operatus,
883 4014 992 4071 etsi
1022 4032 1139 4071 non
1172 4016 1412 4071 metrico
1440 4018 1589 4089 stylo
1608 4010 1807 4092 vulga-

146 4104 479 4163 rassaltem
518 4103 822 4177 prosaico?
851 4104 1011 4167 Quod
1045 4102 1209 4175 plebs
1250 4104 1483 4161 indocta
1534 4108 1801 4178 canebat,

144 4193 494 4251 honoratius
506 4191 1121 4265 tu,crede,legisses,et
1134 4209 1243 4247 acre
1256 4192 1600 4265 Taphnitico
1618 4197 1804 4251 taber-

147 4283 429 4341 naculum
462 4282 570 4338 hoc
586 4282 681 4337 Dei
698 4298 990 4349 ornasses,
1008 4281 1247 4337 Gesseni
1260 4284 1483 4354 etquod
1499 4288 1802 4342 mutuave-

147 4378 238 4429 rat
248 4371 528 4446 cespistis
542 4372 995 4444 cultor,argento
1006 4371 1093 4427 vel
1108 4388 1249 4427 auro
1263 4376 1614 4444 compsisses
1631 4375 1800 4446 (644).

144 4462 292 4519 Nam
320 4462 396 4518 ad
429 4461 682 4518 dedecus
714 4460 802 4516 tui
829 4477 960 4516 cum
1003 4460 1242 4532 quidam
1297 4462 1603 4534 prasulem
1655 4463 1803 4535 (645)

147 4549 446 4616 conscius,
460 4549 675 4617 dicam,
690 4553 809 4606 tam
824 4549 1061 4622 pretiosi
1080 4549 1353 4606 facinoris
1367 4554 1535 4606 tuum
1557 4552 1808 4607 interro-

1910 3398 2092 3466 tando,
2127 3413 2244 3452 non
2275 3396 2432 3451 enim
2464 3401 2745 3451 consonat
2772 3395 2983 3450 stando.
3007 3394 3081 3450 Ut
3095 3395 3252 3450 enim
3276 3413 3375 3475 eos
3397 3398 3563 3454 omit-

1910 3492 2051 3556 tam,
2085 3484 2185 3558 qui
2213 3485 2285 3540 ad
2311 3488 2594 3562 ventrem,
2625 3483 2713 3540 vel
2744 3483 3112 3539 stomachum
3147 3484 3401 3540 attinent
3426 3502 3561 3542 cru-

1910 3576 2122 3643 ciatus,
2155 3573 2567 3651 (consideranti
2608 3572 2764 3628 enim
2814 3576 3021 3628 caetera
3070 3571 3216 3628 illud
3268 3574 3560 3631 aestimare

1910 3664 2162 3735 dimitto)
2196 3664 2269 3719 ad
2299 3662 2582 3719 exteriora
2603 3678 2936 3730 conversus,
2956 3678 3189 3733 pcenam
3212 3662 3324 3718 sibi
3341 3663 3565 3741 illatam

1910 3753 2180 3824 referam,
2212 3757 2269 3808 et
2293 3751 2443 3807 hanc
2492 3750 2841 3826 inauditam.
2893 3750 3071 3814 Quasi
3122 3752 3280 3807 enim
3324 3752 3564 3809 tortoris

1909 3841 2248 3915 impiissimi
2279 3844 2335 3896 et
2366 3838 2759 3895 crudelissimi
2790 3839 2901 3894 sibi
2948 3839 3169 3895 diceret
3214 3856 3371 3896 voce:
3422 3843 3565 3910 Quia

1910 3948 2035 3987 cum
2059 3931 2121 3984 in
2150 3931 2351 3984 honore
2377 3944 2537 3994 esses,
2569 3943 2679 4005 non
2709 3927 3036 3983 intellexisti
3087 3934 3433 3997 comparatus
3462 3929 3560 3999 ju-

1911 4021 2105 4074 mentis
2153 4018 2567 4088 insipientibus,
2616 4020 2667 4070 et
2695 4016 2898 4070 similis
2948 4015 3064 4069 illis
3111 4015 3331 4085 eﬂ'ectns
3385 4016 3556 4084 (Psal.

1909 4124 2103 4174 XLVIII,
2139 4107 2251 4175 13);
2273 4106 2650 4176 jumentorum
2704 4105 2817 4158 loro
2847 4111 2895 4158 te
2940 4104 3273 4170 restringere
3317 4104 3455 4171 volo,
3491 4119 3561 4159 ne

1907 4196 2183 4268 petulanti
2208 4196 2323 4249 ritu
2352 4193 2590 4264 amplius
2613 4193 2788 4262 possis
2820 4192 3055 4259 vagari;
3103 4194 3369 4246 catenam
3426 4190 3561 4263 pedi

1912 4282 2194 4357 imposuit
2225 4282 2396 4350 (61.7),
2430 4280 2670 4352 plumbo
2703 4296 2831 4335 eam
2863 4278 2921 4333 in
2953 4294 3187 4351 magno,
3222 4280 3323 4350 qui
3369 4279 3562 4361 adhuc

1914 4378 2049 4430 ante
2069 4373 2316 4442 jannam
2347 4368 2599 4425 basilicae
2616 4370 2794 4440 jacet,
2816 4368 2969 4425 808
2992 4366 3184 4440 lapide
3209 4368 3561 4438 obﬁrmavit,

1914 4459 2199 4518 circulum
2230 4456 2562 4529 capularem
2597 4457 2730 4529 pedi
2772 4455 3251 4528 circompositum
3299 4460 3566 4515 seratura

1913 4549 2199 4607 ostiorum
2232 4545 2502 4615 firmavit,
2537 4544 2746 4601 clavim
2772 4544 2832 4600 in
2863 4544 3093 4618 gurgite
3123 4538 3372 4617 proximi
3394 4544 3568 4633 Athe:

216 4672 716 4750 (6§A)_Constru_e;
768 4678 820 4750 et
867 4664 1199 4750 compsisses
1227 4685 1471 4750 argento,
1506 4676 1601 4750 uel
1643 4694 1800 4747 auro,
1831 4653 1879 4719 D
1911 4672 2375 4750 propitiusesto,
2407 4674 2515 4726 etc.

147 4747 289 4819 quod
314 4744 497 4819 cultor
523 4747 739 4817 cespitis
770 4744 1006 4819 Gesseni,
1035 4744 1094 4801 id
1126 4750 1215 4802 est
1225 4744 1480 4819 populus
1505 4744 1801 4817 Hebraeus,

149 4816 248 4891 qui
281 4816 548 4892 coluerat
578 4816 793 4872 terram
824 4817 1062 4887 Gessen,
1097 4834 1199 4874 seu
1226 4816 1551 4891 'ZEgyptum
1608 4820 1800 4892 (Exod.

146 4889 268 4954 vIII,
297 4889 394 4959 22)
428 4896 789 4959 mutuaverat.

218 4958 381 5033 (645)
408 4958 720 5033 Ratherius
750 4976 908 5033 eum,
941 4959 1169 5033 quiaise
1200 4960 1448 5033 prcesule
1486 4963 1805 5017 Veronensi

152 5030 488 5104 quaesierat,
522 5031 677 5104 cujus
697 5030 1016 5104 illeqbeatus
1061 5030 1290 5104 (Metro)
1312 5034 1618 5104 sanctitatis
1637 5035 1807 5104 fuerit

150 5101 433 5174 consciunt
466 5101 653 5174 ipsius
685 5102 824 5174 furti
853 5101 1204 5174 suspicatur.
1238 5101 1346 5168 Qui
1376 5103 1533 5158 enim
1573 5101 1803 5160 sancto-

152 5190 285 5229 rum
320 5172 623 5245 reliquias,
660 5173 748 5228 vel
778 5172 1022 5245 corpora
1051 5172 1163 5228 alio
1194 5174 1540 5245 perferenda
1587 5192 1805 5245 quaere-

151 5245 314 5313 bant,
349 5248 481 5317 acta
503 5244 560 5317 _si
593 5260 720 5317 quae
751 5245 970 5316 scripta
998 5244 1219 5317 essent,
1247 5245 1335 5300 vel
1365 5244 1808 5317 actiside’ﬁcieu-

151 5317 311 5388 tibus
343 5314 788 5388 notitias,'quas
814 5314 1103 5388 poterant,
1123 5315 1809 5388 diligentersolebantin-

154 5387 420 5461 quirere:
451 5387 622 5461 cujus
641 5386 721 5443 rei
740 5386 926 5442 multa
937 5387 1115 5459 hujus
1142 5386 1327 5461 aetatis
1345 5387 1809 5461 eaemplalegere

155 5458 243 5515 est
270 5458 688 5531 inglnventione
712 5462 1021 5514 sanctorum
1072 5475 1106 5513 a
1134 5458 1329 5531 domno
1368 5458 1665 5531 ~Deoderica
1679 5458 1810 5531 ’θρέ-

156 5545 309 5612 scopo
336 5529 976 5612 Metensimrepertorum,
1033 5532 1175 5585 tom.
1210 5530 1256 5585 II
1285 5529 1576 5603 Spicilegii
1625 5529 1809 5588 Ache-

158 5600 306 5657 riani
336 5616 474 5673 pag.
508 5600 613 5656 133
640 5600 697 5656 et
727 5618 851 5673 seq.

227 5617 306 5657 un
461 5643 474 5655 .
508 5616 613 5656 133
640 5616 697 5656 et
727 5618 851 5673 seq.

227 5616 725 5755 (diglgonstrue:
746 5672 1107 5755 providit,.ut
1147 5672 1343 5755 stando
1372 5673 1594 5755 alonge
1634 5681 1813 5755 posset

156 5740 397 5824 gldmafe
423 5757 551 5801 cum
578 5742 676 5800 illo
704 5740 815 5802 aiio
843 5741 1267 5802 misericorditer
1286 5740 1586 5822 justi/Scuto
1610 5740 1812 5809 z'Deus

478 5866 750 5958 Python,
792 5866 1101 5937 CXXXVI.

1986 4738 2133 4819 (647)
2165 4738 2456 4799 Usitatum
2490 4741 2629 4819 olim
2660 4740 2774 4819 hoc_
2799 4744 2921 4819 erat
2948 4738 3194 4819 publicae
3211 4739 3564 4819 pcsnitentjse

1912 4810 2125 4892 genus;
2151 4831 2270 4892 quo
2316 4816 2649 4892 peccatores
2678 4811 2911 4892 publici
2949 4810 3155 4892 catena
3197 4810 3264 4868 ac
3314 4810 3565 4892 vinculis

1915 4882 2115 4967 ferreis
2138 4882 2597 4967 jussu—episcopi
2614 4882 2913 4967 constricti
2933 4900 3043 4966 per
3064 4883 3206 4967 loca‘
3221 4886 3387 4967 sacra
3404 4898 3565 4955 pere-

1915 4953 2319 5033 grinare'ntur:
2344 4953 2577 5033 vincula
2588 4960 2807 5033 autem,
2836 4953 2952 5010 nisi
2967 4953 3247 5033 miraculo
3277 4953 3566 5033 solveren-

1914 5024 2030 5099 tur,
2064 5048 2098 5085 a
2129 5028 2250 5086 solo
2281 5029 2556 5103 episcopo
2586 5032 2718 5103 post
2740 5027 3014 5103 idoneum
3035 5029 3268 5103 tempus
3299 5024 3444 5103 solvi
3467 5039 3562 5093 po-

1915 5095 2127 5170 terant,
2160 5104 2225 5155 ut
2247 5095 2439 5154 videre
2451 5095 2541 5154 est
2570 5095 2723 5170 apud
2740 5096 3194 5170 Mabiloniumin
3216 5095 3564 5170 praefatione

1916 5174 1988 5229 ad
2023 5166 2302 5228 saeculum
2333 5166 2658 5226 secundum
2690 5168 2912 5224 ordinis
2936 5166 3254 5235 Benedicti,
3285 5180 3447 5219 num.
3472 5166 3561 5229 4i,

1916 5248 1973 5300 et
2004 5243 2157 5316 apud
2190 5242 2595 5319 Maratorium,
2626 5239 2910 5319 Anti‘quit.
2929 5236 3115 5319 .ltalic.
3135 5235 3367 5319 dissert.
3389 5235 3563 5319 23.15!

1916 5305 2265 5392 veroinostri
2298 5305 2905 5392 Metronis'peculiare.
2924 5308 3052 5374 fuit,
3085 5306 3242 5392 quod
3258 5305 3568 5392 ejusmodi

1918 5385 2320 5461 paenitentiam
2353 5385 2488 5461 ipse
2507 5377 2621 5437 sibi
2640 5385 2845 5461 sponte
2891 5377 3192 5461 imposuit,
3221 5381 3278 5432 et
3300 5377 3431 5451 ‘pro
3465 5395 3565 5461 pe-

1919 5448 2310 5532 regrinatione
2356 5448 2425 5509 ad
2461 5453 2602 5532 loca
2647 5448 2861 5532 sancta
2911 5448 3044 5505 ante
3072 5448 3348 5532 Ajanuam'
3384 5448 3569 5532 eccle-

1920 5520 2019 5587 sié
2049 5533 2104 5584 S.
2136 5526 2345 5583 Vitalis
2386 5529 2588 5581 catena
2643 5521 2904 5595 illigatus
2963 5520 3348 5595 septennium
3385 5523 3569 5594 stetit,

1919 5600 2112 5732 qlgpad
2142 5598 2339 5670 clavis,
2355 5596 2467 5653 Deo
2480 5591 2844 5673 disponente.
2859 5592 2920 5650 in
2931 5591 3134 5652 ventre
3144 5591 3577 5676 piscisinvente,

3175 5867 3253 5951 ιδ
