4056 6414
470 434 588 499 463

1390 422 1765 497 RATHERII
1808 400 2056 496 Eplse.
2102 402 2614 497 vesanam).
2657 430 2857 497 PARS
2899 428 2952 496 Ι.

3761 412 3882 497 4ὀ4

466 588 720 629 exesam.
746 569 925 625 Labia
944 569 1125 643 igitur
1147 567 1345 624 osculo
1383 566 1720 624 illecebrosn
1761 566 1982 640 polluta
2002 566 2111 621 lin-
2141 572 2194 635 Α
2226 568 2526 625 nutriebas
2556 572 2829 641 percepta
2852 566 3292 624 immortalitate
3313 565 3373 624 in
3398 569 3680 626 atomum
3705 569 3884 625 victu-

465 678 579 734 gua
600 659 941 732 turpiloqua
961 660 1114 716 312
1140 657 1495 714 obscenitate
1518 656 1831 724 sordidata,
1857 656 2118 712 castissi-

465 767 572 807 mae
594 748 856 822 Virginis
881 748 1108 821 (praeter
1130 747 1186 801 id
1209 746 1361 818 quod
1385 749 1573 802 mater
1597 745 1810 801 interni
1834 748 1923 801 est
1941 744 2117 800 etiam

458 838 700 913 judicis)
724 854 935 894 nomen
967 853 1084 909 qua
1110 835 1433 891 temeritate
1450 833 1837 890 inverecunde
1868 833 2122 889 audeant

468 928 809 989 nominare?
842 928 950 983 Cor
980 925 1194 981 lasciva
1232 923 1615 979 meditatione
1645 922 1957 995 pollutum.
1991 923 2119 993 ejus

470 1020 722 1078 recolere
747 1016 994 1089 qualiter
1022 1017 1337 1085 praesumat
1363 1012 1569 1068 saltem
1596 1011 1944 1068 vocabulum
1974 1009 2121 1083 ipsis

471 1109 694 1183 angelis
723 1102 1159 1162 venerandum?
1207 1102 1319 1158 Sed
1362 1102 1517 1173 quod
1553 1101 1879 1158 facinorosa
1909 1099 2122 1172 refugit

471 1195 846 1262 conscientia,
893 1208 1246 1265 praesumere
1305 1191 1443 1245 facit
1499 1189 1941 1246 clementissimi
1992 1187 2120 1244 Filii

469 1291 597 1363 ejus
628 1286 834 1359 pietas,
859 1287 1034 1353 atque
1062 1279 1482 1335 incarnationis
1512 1279 1700 1352 ipsius
1731 1280 1875 1334 ratio
1909 1276 2147 1355 ﬁdelis-l

469 1381 616 1437 sime
646 1373 1030 1432 considerata.
1065 1368 1363 1441 lndignari
1408 1368 1565 1423 enim
1603 1384 1754 1437 eam,
1790 1367 2121 1423 misericor-

468 1469 635 1535 diter,
669 1481 818 1532 reor,
842 1458 1204 1526 contradicit,
1229 1456 1715 1513 sceleratissimus
1736 1457 1911 1513 etiam
1936 1456 2120 1511 famu-

469 1558 563 1614 lus
594 1557 736 1611 dum
769 1566 1004 1606 carnem
1052 1546 1135 1601 illi
1181 1549 1573 1618 repraesentat,
1600 1562 1778 1617 quam
1811 1562 1878 1601 ex
1907 1560 1975 1599 ea
2007 1544 2117 1600 cle-

470 1649 698 1702 menter
729 1638 1053 1709 assumpsit
1084 1652 1187 1707 pro
1218 1634 1610 1691 emundandis
1629 1651 1861 1690 reorum
1892 1633 2119 1689 delictis

470 1734 619 1809 (660)
646 1749 659 1786 :
684 1747 749 1786 ac
779 1745 882 1800 per
911 1727 1019 1781 hoc
1050 1725 1121 1780 de
1150 1729 1206 1779 te
1228 1724 1355 1794 jam
1387 1727 1607 1796 martyr
1637 1740 1859 1792 secure,
1889 1740 1992 1795 pro
2024 1740 2120 1779 no-

468 1824 563 1880 bis
593 1820 746 1893 apud
779 1816 1045 1873 eamdem
1092 1813 1188 1868 Dei
1221 1812 1571 1869 Genitricem
1614 1813 1817 1869 eadem
1842 1829 2118 1868 verecun-

470 1913 568 1968 dia
596 1926 763 1974 usus,
795 1920 1121 1978 precamur,
1155 1900 1457 1957 humiliter
1484 1901 1795 1957 intercede.

538 2003 592 2055 9.
626 1997 736 2054 Sed
769 1994 911 2066 quid
942 1989 1422 2064 imperitissimus
1452 1989 1705 2045 inaniter
1736 1991 1949 2045 conor?

655 2085 833 2136 Defuit
861 2081 1152 2145 eloquium,
1176 2092 1277 2128 nec
1305 2083 1355 2128 te
1386 2077 1661 2127 sustollere
1691 2092 1928 2141 possum.

469 2175 740 2235 Tulliana
771 2168 927 2228 enim
961 2168 1105 2224 mihi
1146 2167 1194 2224 si
1244 2167 1476 2222 adesset
1522 2166 1815 2238 facundia,
1847 2182 2118 2223 enarrare

467 2264 734 2337 nequiret
758 2276 890 2315 mea
913 2258 984 2313 de
1014 2261 1069 2312 te
1090 2272 1217 2328 qua:
1250 2255 1658 2328 gestit,victor,
1677 2254 1978 2311 instantia.
2004 2256 2115 2311 Sed

466 2353 718 2410 conabor
746 2343 1264 2417 iterum,quamvis
1307 2360 1422 2398 non
1462 2348 1741 2415 sequatur
1770 2344 2001 2399 dicendi
2034 2345 2115 2400 fa-

464 2441 673 2506 cultas,
698 2454 871 2510 quem
906 2451 1019 2489 non
1053 2433 1274 2505 patitur
1292 2431 1465 2487 silere
1483 2430 1773 2487 voluntas.
1804 2433 2112 2501 Studebas,

465 2531 613 2598 dico,
629 2525 887 2600 quotidie
908 2522 1156 2579 Domino
1178 2520 1475 2576 victimam
1496 2520 1819 2587 immolare,
1838 2520 2114 2578 holocau-

464 2622 625 2675 stum
657 2618 932 2679 mactare,
958 2628 1071 2666 non
1110 2626 1180 2665 ex
1219 2608 1405 2663 alieno
1434 2624 1632 2664 verum
1665 2625 1888 2680 pecore,
1913 2610 2012 2665 sed
2046 2627 2113 2666 ex

461 2706 696 2780 proprio
747 2716 1005 2772 corpore.
1028 2700 1115 2753 Tu
1173 2698 1465 2765 sacerdos,
1514 2702 1578 2751 tu
1636 2696 1828 2753 hostia
1856 2714 2012 2767 eras;
2046 2702 2109 2755 tu

462 2794 738 2858 carnifex,
763 2796 827 2846 tu
858 2792 1107 2861 martyr;
1131 2790 1195 2841 tu
1218 2790 1418 2853 tortor,
1442 2789 1507 2841 tu
1531 2786 1807 2842 torsionis
1830 2786 2108 2859 perlator;

460 2889 522 2939 tu
549 2879 850 2955 jugulum,
884 2882 949 2933 tu
984 2875 1317 2948 jugulator;
1351 2874 1505 2930 ultor
1547 2875 1832 2943 criminis,
1856 2881 2113 2932 servator

461 2966 914 3038 alumni,carnis
946 2963 1258 3037 neglector,
1294 2962 1509 3018 mentis
1539 2962 1821 3035 provisor.
1858 2964 2111 3021 Multum

461 3065 516 3118 te
544 3055 950 3129 vero,qualem
982 3052 1500 3121 censebas,fateor,
1519 3052 1746 3120 oderas,
1772 3052 1915 3108 dum
1945 3057 2001 3109 te
2032 3054 2114 3110 ita

461 3148 742 3206 acerrime
764 3143 1086 3200 cruciabas.
1103 3141 1409 3198 Rationem
1431 3141 1589 3197 carni
1608 3142 1877 3216 subigere
1902 3144 2112 3216 gestie-

460 3239 600 3305 bas;
634 3252 761 3291 eam
793 3233 923 3288 ideo
954 3235 1075 3286 tam
1107 3229 1378 3286 atrociter
1406 3228 1738 3300 afﬂigebas;
1782 3230 1881 3286 sed
1914 3248 2113 3289 revera

2230 674 2376 722 ram,
2409 657 2648 730 longum
2682 662 2772 713 est
2796 657 3100 714 enarrare!

2301 747 2386 800 10.
2411 746 2558 810 Quid
2590 746 2695 801 tibi
2733 750 2793 801 at
2842 745 3149 818 profecerit
3196 750 3399 802 contra
3445 746 3692 802 militem
3726 748 3880 805 818

2228 833 2437 890 Christi
2455 834 2867 902 tamen,hostis
2883 834 3519 907 importunissime,tua
3535 835 3637 892 illa
3651 836 3724 891 ad
3744 840 3887 892 tem-

2227 940 2338 995 pus
2367 923 2626 993 victoria,
2660 924 2856 979 videre
2886 941 3003 979 non
3035 941 3273 996 possum
3300 924 3883 998 (662).Triumphan-

2227 1011 2345 1066 tius
2376 1016 2432 1067 te
2462 1012 2618 1067 enim
2650 1013 2977 1085 gaudemus
3015 1012 3142 1085 ipso
3173 1013 3361 1086 ipsius
3393 1030 3532 1068 casu
3565 1014 3883 1084 devictum,

2228 1117 2406 1172 quam
2438 1102 2486 1157 si
2516 1102 2588 1157 ab
2620 1102 2745 1174 ipso
2778 1118 2844 1158 ea
2872 1101 3017 1158 hora
3049 1102 3441 1159 continuisses
3470 1102 3888 1176 insipientissi-

2228 1205 2321 1244 me
2354 1206 2617 1245 manum.
2652 1190 2880 1246 Oblitus
2919 1189 3066 1246 forte
3112 1190 3325 1259 fueras,
3356 1190 3728 1263 impiissime,
3756 1191 3884 1248 Sal-

2225 1284 2483 1334 vatorem
2517 1277 2972 1335 clementissime
3005 1279 3356 1351 professum,
3383 1280 3649 1349 gaudium
3676 1298 3793 1338 esse
3821 1284 3884 1337 in

2226 1368 2358 1422 caelo
2387 1383 2552 1438 super
2590 1385 2700 1423 uno
2742 1371 3022 1440 peccatore
3044 1369 3427 1438 pwnitentiam
3468 1373 3680 1439 agente,
3715 1386 3887 1442 quam

2225 1473 2391 1527 supra
2421 1458 2724 1528 nonaginta
2742 1457 3117 1528 nouemjustos
3146 1473 3257 1513 non
3287 1456 3591 1529 indigentes
3611 1460 3887 1530 pamiten—

2229 1546 2307 1600 tia
2338 1545 2487 1616 (Luc.
2521 1562 2619 1614 vn,
2652 1546 2766 1616 20).
2796 1544 2902 1608 Qui
2934 1544 3288 1601 desidiosius
3335 1546 3495 1601 enim
3543 1563 3661 1603 sum
3693 1548 3885 1603 conti-

2228 1635 2373 1689 dens
2401 1633 2595 1690 forsan
2620 1633 2886 1705 justitize,
2908 1633 3227 1690 victitando
3255 1634 3351 1689 vix
3375 1634 3447 1690 de
3469 1634 3639 1692 venia
3666 1635 3889 1693 habue-

2228 1727 2318 1778 rat
2346 1739 2460 1777 non
2496 1723 2637 1778 adeo
2668 1722 2954 1795 gravium,
2977 1722 3079 1779 sed
3110 1726 3306 1779 tamen
3356 1724 3886 1782 innumerabilium

2228 1811 2654 1883 peccaminum,
2679 1814 2745 1865 ut
2791 1809 2985 1878 multi,
3019 1828 3391 1884 prnsumere,
3414 1812 3546 1869 odio
3592 1813 3787 1882 istius,
3823 1815 3887 1870 in

2147 1936 2195 2001 B
2228 1901 2381 1971 quod
2414 1917 2547 1955 eum
2598 1898 2939 1972 impuleras,
2963 1899 3250 1969 criminis,
3276 1900 3426 1957 vires
3477 1917 3718 1958 exerens
3748 1904 3887 1958 uni-

2228 2006 2345 2056 sas,
2369 1988 2629 2061 gladium
2655 1987 2856 2043 auxilii
2880 1987 3166 2059 arripiens
3187 1992 3242 2044 te
3273 1994 3474 2045 contra
3493 1989 3694 2061 divini,
3714 1995 3889 2048 scuto

2227 2076 2600 2149 protectionis
2621 2075 2936 2132 Dominicze
2966 2080 3177 2144 tectus,
3205 2078 3483 2134 acerrime
3503 2095 3619 2135 non
3652 2079 3893 2136 dubita-

2227 2166 2309 2222 vit
2334 2166 2655 2239 insurgere,
2683 2164 2989 2221 Entellinis
3019 2182 3085 2221 ac
3111 2170 3166 2222 te
3196 2166 3476 2224 caestibus
3507 2168 3770 2242 fatigare,
3786 2172 3889 2242 ja-

2226 2255 2357 2311 cula
2405 2254 2833 2311 incessabiliter
2878 2253 3129 2325 mittere,
3163 2254 3413 2313 missilia
3434 2257 3650 2328 jacere,
3683 2259 3890 2317 nudus

2225 2344 2511 2399 indeficue
2540 2347 2733 2399 tecum
2765 2344 2953 2416 gratia
2981 2343 3080 2399 Dei
3114 2345 3393 2412 nudante,
3418 2345 3639 2402 scilicet
3669 2362 3743 2403 ne
3772 2347 3885 2404 tibi

2226 2433 2381 2488 unde
2424 2435 2719 2488 teneretur
2757 2431 3116 2503 relinqueret
3144 2432 3390 2505 aliquid,
3423 2434 3550 2491 sine
3579 2433 3884 2494 intermis-

2223 2521 2387 2577 sione
2419 2520 2655 2588 luctari;
2690 2519 2886 2592 provid
2900 2538 3084 2593 usque
3117 2539 3149 2576 a
3176 2519 3347 2595 longe
3370 2523 3600 2595 sagittis
3630 2524 3701 2581 dc
3731 2526 3887 2598 pha-

2222 2614 2379 2666 retra
2415 2610 2555 2666 Jesu
2587 2608 2821 2665 emissis
2850 2612 2907 2665 te
2938 2625 3170 2682 semper
3189 2610 3488 2682 impetere,
3517 2616 3594 2684 et,
3618 2617 3683 2668 ut
3710 2613 3887 2671 inac-

2221 2698 2508 2755 cessibilis
2538 2698 2596 2753 in
2623 2701 2971 2771 perpetuum
2996 2699 3162 2770 foret,
3183 2698 3334 2755 vallo
3368 2702 3746 2773 protectionis
3780 2703 3887 2760 Dei

2221 2788 2347 2844 sine
2368 2787 2802 2843 intermissione
2824 2786 3087 2843 divinum
3121 2787 3472 2861 postulando
3494 2789 3783 2847 auxilium
3818 2809 3886 2848 se

2221 2877 2588 2933 circumdare
2611 2877 2782 2949 (663).
2808 2877 3148 2949 Ignorabas,
3167 2885 3268 2933 aut
3298 2878 3495 2934 forsan
3518 2897 3633 2935 non
3657 2881 3849 2936 recole
3871 2912 3888 2924 -

2222 2966 2345 3034 bas,
2372 2964 2752 3037 nequissime,
2777 2968 3000 3020 asserto
3024 2963 3183 3037 illius
3202 2967 3497 3037 quondam
3522 2967 3884 3024 nobilissimi

2221 3054 2528 3110 devictoris
2550 3052 2609 3107 in
2635 3051 3001 3124 sterquilinio
3024 3052 3265 3122 tui,imo
3289 3054 3357 3109 ad
3392 3071 3524 3110 eum
3559 3055 3883 3127 loquentis,

2221 3140 2322 3215 qui
2351 3142 2456 3197 tibi
2501 3140 2670 3196 illum
2716 3145 3062 3212 exposuerat
3102 3141 3448 3196 tentandum
3482 3142 3744 3215 quidem,
3777 3146 3885 3201 sed

2222 3231 2465 3286 minime
2484 3229 2857 3297 vincendum,
2882 3229 2951 3285 de
2971 3228 3205 3285 turbine
3228 3234 3438 3299 Deum;
3467 3248 3583 3287 non
3607 3234 3888 3291 reminis-

463 3325 711 3382 odiendo
731 3321 1144 3388 amabas,dum
1167 3318 1251 3374 sic
1267 3335 1395 3373 eam
1414 3318 1656 3374 Domino
1675 3320 2108 3379 reconciliabas.
2142 3297 2185 3364 Ο
2224 3319 2469 3387 cebaris,
2492 3318 2755 3391 inquam,
2783 3318 3044 3374 foramen
3066 3317 3127 3373 in
3154 3318 3390 3374 maxilla
3409 3324 3510 3376 tua
3529 3320 3652 3377 fore
3674 3322 3886 3378 armil-

462 3413 614 3469 Vera
638 3416 730 3468 est
754 3410 910 3466 enim
931 3407 1180 3464 dicentis
1201 3405 1509 3473 sententia,
1536 3407 1672 3478 quia
1691 3424 1848 3463 nemo
1866 3425 2114 3482 unquam

463 3517 685 3559 carnem
734 3515 894 3555 suam
934 3497 1054 3553 odio
1102 3496 1309 3564 habuit,
1337 3496 1437 3551 sed
1479 3497 1660 3551 nutrit
1707 3504 1760 3552 et
1802 3499 1945 3569 fovet
1991 3508 2145 3555 eam'

462 3592 679 3665 (Ephes.
704 3606 760 3654 v,
783 3587 874 3659 29)
900 3602 913 3642 :
935 3601 1177 3652 carnem,
1203 3583 1414 3655 inquit,
1441 3586 1504 3638 ut
1533 3601 1647 3640 non
1679 3584 1815 3641 vitia
1844 3586 2109 3644 intenda-

461 3697 596 3735 mus
615 3676 807 3734 carnis
824 3674 1003 3746 (quod
1027 3678 1083 3728 te
1113 3671 1354 3727 minime
1379 3670 1617 3741 latebat)
1639 3674 1890 3730 amanda
1920 3677 2106 3747 (661):

458 3769 561 3824 illa
580 3767 736 3823 enim
759 3783 793 3821 a
812 3762 967 3819 malo
990 3761 1218 3818 sciebas
1239 3761 1571 3832 procedere,
1589 3760 1741 3817 hanc
1760 3779 1893 3819 vero
1917 3764 1988 3819 ab
2010 3764 2109 3821 illo

456 3858 694 3922 factam,
719 3853 818 3926 qui
844 3852 978 3908 vidit
997 3854 1193 3906 cuncta
1214 3865 1333 3921 quos
1357 3851 1503 3920 fecit,
1532 3853 1582 3904 et
1611 3858 1769 3905 erant
1794 3851 1949 3906 valde
1973 3853 2111 3909 bona

456 3942 809 4019 (Gen.l,31).
835 3940 989 3996 Vitia
1035 3954 1192 4011 ergo,
1240 3941 1477 4010 martyr,
1515 3937 1675 4006 vitia,
1710 3955 1824 3994 non
1875 3957 2108 3998 carnem

452 4030 880 4106 insequebaris,
914 4030 1056 4085 dum
1096 4044 1225 4083 eam
1266 4031 1385 4082 tam
1430 4025 1608 4082 variis
1654 4030 2109 4087 tormentaveras

454 4123 675 4191 modis;
710 4124 775 4176 ut
798 4118 1061 4176 medicus
1087 4114 1309 4172 scilicet
1331 4115 1601 4170 morbum
1630 4115 1959 4188 insequitur
1979 4136 2111 4177 cau-

452 4213 620 4279 terio,
646 4212 788 4267 dum
820 4207 982 4281 cupit
1025 4204 1251 4262 homini
1296 4205 1574 4277 prodesse
1608 4206 1886 4274 remedio,
1915 4210 2108 4265 carnis

453 4299 615 4356 illius
647 4299 781 4354 licet
827 4296 1228 4364 incommodo;
1263 4310 1442 4365 quam
1482 4309 1679 4349 severo
1727 4294 1925 4367 igitur,
1958 4298 2108 4355 bone

451 4388 695 4455 medice,
721 4387 944 4442 urendo
976 4389 1031 4439 te
1064 4384 1258 4456 ipsum
1294 4380 1504 4438 salutis
1525 4381 1759 4452 dilecto,
1784 4388 2106 4443 tormenta-

449 4478 557 4533 bas
588 4474 872 4541 cauterio;
913 4490 1031 4546 qua
1060 4473 1366 4545 potionum
1406 4471 1797 4528 amaritudine
1828 4472 2107 4534 interiora

447 4568 561 4621 tuae
583 4581 787 4620 curare
806 4580 920 4619 non
937 4562 1247 4617 omittebas
1264 4560 1525 4632 quotidie
1541 4560 1746 4615 animae
1760 4561 1787 4616 ?
1803 4562 1988 4627 Quam
2010 4583 2106 4623 ne-

2222 3408 2279 3465 la
2308 3412 2603 3482 patratum
2629 3406 3162 3479 circumplectentis
3183 3424 3289 3464 nos
3319 3408 3526 3464 divinae
3548 3410 3891 3468 misericor-

2221 3498 2328 3554 diae
2377 3497 2523 3570 (664)
2579 3512 2684 3568 per
2740 3496 2896 3567 quod
2955 3497 3196 3553 evadere
3254 3497 3325 3553 de
3379 3501 3617 3554 tuarum
3676 3505 3886 3573 posset

2222 3585 2699 3643 mandibularum
2744 3585 3093 3641 contritione
3124 3585 3244 3655 (Job
3272 3604 3360 3642 XL.
3384 3587 3496 3658 2i),
3521 3592 3587 3643 ut
3615 3588 3883 3646 universi

2221 3677 2426 3748 utique
2456 3675 2680 3730 fructus
2710 3672 2921 3746 dignos
2961 3678 3200 3747 agentes
3238 3676 3591 3747 poenitentiae
3618 3678 3889 3749 [subaudi

2220 3768 2468 3838 possunt
2497 3761 2798 3835 evadere]?
2828 3762 2991 3819 Unde
3034 3764 3213 3833 enim,
3247 3764 3597 3832 miserrime,
3630 3783 3699 3823 ac
3731 3785 3884 3840 pra:-

2218 3854 2523 3911 teritorum
2556 3850 2751 3919 oblite,
2791 3852 2966 3917 unde,
2990 3850 3256 3924 inquam,
3278 3853 3507 3924 Petrus,
3539 3856 3696 3911 unde
3726 3855 3885 3912 Pau-

2218 3944 2312 4000 lus
2337 3960 2405 3999 ex
2435 3940 2609 3997 Saulo
2641 3940 2850 4009 factus,
2877 3940 3030 3996 unde
3061 3941 3162 3996 alii
3194 3941 3363 3997 multi
3386 3940 3583 3999 fauces
3603 3947 3736 4001 tuas
3760 3945 3883 4002 nisi

2218 4049 2321 4105 per
2371 4030 2514 4086 illud
2577 4045 2811 4084 evasere
2868 4029 3173 4085 foramen?
3205 4031 3271 4085 Et
3297 4028 3446 4101 vide,
3480 4031 3679 4101 miser,
3732 4034 3880 4107 quid

2216 4121 2322 4177 tibi
2354 4118 2682 4191 contigerit.
2707 4117 2858 4173 Dum
2888 4118 3045 4173 enim
3077 4119 3205 4190 ejus
3244 4136 3345 4175 cor
3388 4119 3714 4192 petulantia
3744 4140 3881 4178 car-

2218 4210 2333 4267 nali
2367 4207 2636 4282 pulsasti,
2671 4206 2779 4262 hoc
2810 4205 3014 4263 nolens
3045 4208 3117 4262 ad
3148 4224 3408 4264 amorem
3437 4208 3694 4279 Domini,
3726 4211 3878 4268 infe-

2215 4297 2519 4366 licissime,
2553 4295 2760 4351 fortius
2804 4294 3114 4367 impulisti.
3149 4297 3287 4352 Inde
3325 4313 3461 4370 ergo
3492 4298 3794 4355 robustior
3822 4299 3878 4355 ei

2216 4406 2327 4461 pax
2357 4403 2489 4442 cum
2532 4381 2874 4458 pcenitentia
2920 4383 3145 4456 placato
3179 4385 3449 4458 piissimo
3489 4386 3691 4459 judice
3740 4388 3872 4457 fuit,

2214 4472 2369 4530 un'de
2398 4470 2604 4527 durius
2633 4474 2834 4526 contra
2860 4473 2917 4525 te
2949 4474 3264 4539 certamen,
3297 4472 3671 4545 impiissime,
3707 4491 3874 4531 sum-

2214 4563 2352 4638 psit.
2380 4561 2585 4616 Merito
2637 4575 2772 4632 ergo
2800 4560 2952 4631 [ollis
2981 4560 3128 4631 (665)
3177 4561 3363 4617 latiali
3413 4562 3743 4619 rusticitate
3773 4581 3876 4621 vo-

448 4653 705 4709 cessario
735 4652 857 4707 fotu
890 4666 1126 4707 carnem
1159 4648 1335 4704 etiam
1368 4649 1718 4721 quandoque
1740 4666 1873 4706 cum
1905 4654 2104 4714 anima
2131 4663 2178 4728 Β
2211 4652 2390 4721 caris;
2426 4649 2706 4723 quoniam
2754 4648 2989 4720 quidem
3038 4649 3279 4707 veritate
3320 4666 3561 4720 vacuus,
3615 4650 3875 4710 falsitate

515 4802 664 4873 (660)
692 4805 970 4857 Construe
1003 4801 1261 4873 :rEtcnim
1306 4814 1428 4873 reor
1458 4797 1639 4873 (filius
1672 4800 1822 4873 ejus)
1873 4806 2093 4863 miseri-

442 4869 677 4932 corditer
730 4872 1053 4929 contradicit
1121 4887 1243 4926 eam
1297 4869 1608 4945 indignari,
1663 4869 1794 4927 dum
1848 4876 2094 4945 famulus

439 4949 605 5003 etiam
632 4946 1082 5001 sceleratissimus
1117 4946 1476 5018 repraesentat
1521 4943 1608 4997 illi
1650 4943 1907 5018 carnem,
1930 4964 2094 5018 quam

438 5020 732 5075 clementer
759 5033 827 5071 ea:
869 5034 931 5072 ea
974 5014 1265 5086 assumpsit
1313 5029 1410 5084 pro
1468 5015 1819 5071 emendandis
1877 5014 2092 5078 delictis

440 5107 658 5147 νεονωη
667 5134 678 5145 .

512 5163 657 5233 (661)
690 5160 750 5233 id
782 5163 981 5225 est,‘ut
999 5173 1119 5233 non
1150 5156 1498 5233 intendamus
1524 5157 1660 5211 vitia
1689 5160 1874 5214 carnis
1896 5178 2087 5218 aman-

439 5230 531 5295 da,
562 5230 703 5295 quad
731 5233 959 5287 minime
992 5230 1190 5285 latebat
1221 5236 1290 5284 te.

510 5300 656 5387 (662)
686 5303 969 5387 Donetrue
996 5302 1118 5387 ziAt.
1136 5314 1243 5355 non
1272 5304 1702 5387 possumtamen
1728 5300 1929 5387 uidere,
1960 5307 2088 5387 quid

439 5372 667 5453 victoria
694 5373 925 5453 illatua
975 5373 1045 5453 ad
1100 5380 1326 5453 tempus,
1364 5372 1558 5453 "nostis
1597 5372 2083 5446 importunissime,

437 5444 723 5514 profecerit
752 5444 853 5498 tibi
874 5451 1063 5499 contra
1090 5441 1322 5497 militem
1354 5441 1576 5514 Christi.

510 5511 657 5583 (663)
686 5512 966 5588 Construe
1001 5531 1013 5567 :
1050 5516 1155 5588 Qui
1202 5515 1351 5569 enim
1393 5511 1692 5588 uictitando
1739 5511 2080 5588 desidiosius,

433 5586 630 5661 fo‘rsan
644 5584 913 5661 conﬁdens
924 5586 1168 5661 justitige
1187 5599 1324 5661 suae,
1344 5584 1440 5638 vix
1460 5584 1724 5661 habuerat
1732 5584 2081 5661 praesumere,

433 5662 495 5711 ut
513 5655 676 5710 multi
697 5665 1056 5725 praesumunt,
1100 5655 1165 5711 de
1192 5658 1351 5711 venia
1385 5655 1763 5725 peccaminum
1794 5674 1907 5713 non
1951 5655 2083 5718 adeo

429 5729 702 5796 gravium,
722 5727 814 5780 sed
856 5741 1039 5781 tamen
1069 5726 1599 5791 innumerabilium;
1627 5728 1748 5783 odio
1777 5730 1939 5785 istius
1967 5734 2081 5787 cri-

427 5800 617 5877 minis,
643 5800 702 5855 in
720 5797 861 5878 quod
879 5814 1007 5856 cum
1030 5799 1350 5879 impuleras,
1366 5812 1591 5861 θεοθνθηε
1608 5799 1752 5858 vires
1770 5803 2076 5891 universas,

2205 4806 2481 4876 arripiens
2510 4800 2757 4876 gladium
2780 4800 2989 4876 auxilii
3007 4801 3206 4876 divini,
3229 4805 3392 4876 tectus
3417 4810 3566 4858 scuto
3586 4805 3874 4873 protectio-

2201 4881 2292 4935 nis
2320 4872 2643 4941 Dominiccn,
2675 4888 2787 4927 non
2818 4872 3087 4927 dubitavit
3126 4875 3397 4929 acerrime
3427 4872 3711 4944 insurgere
3738 4891 3871 4931 con-

2204 4957 2291 5007 tra.
2319 4958 2386 5011 te,
2413 4962 2478 5001 ae
2504 4946 2742 5016 fatigare
2772 4947 2821 4998 te
2855 4944 3089 5016 (restibus
3108 4945 3419 5011 Entellinis,
3445 4946 3662 5016 mittere
3688 4947 3867 5001 inces-

2199 5021 2449 5079 sabiliter
2469 5016 2891 5088 jacula,jacere
2918 5015 3178 5088 missilia,
3212 5015 3392 5071 nudus
3434 5015 3721 5087 indeﬁcue,
3754 5034 3863 5088 nu-

2199 5095 2364 5149 dante
2384 5086 2562 5161 gratia
2608 5087 2725 5151 Dei,
2756 5101 2828 5161 ne
2855 5086 3064 5161 scilicet
3090 5088 3423 5161 relinqueret
3472 5086 3576 5161 tibi
3616 5087 3862 5161 aliquid,

2198 5164 2341 5221 unde
2386 5158 2685 5224 teneretur,
2717 5158 2838 5212 sine
2891 5158 3296 5214 intermissione
3338 5163 3517 5214 tecum
3554 5159 3777 5228 luctari,
3809 5167 3864 5215 et

2236 5234 2476 5293 rovidus.
2509 5234 2617 5285 etc.

2195 5253 2476 5308 providus,
2509 5253 2617 5285 ctu.

2270 5306 2418 5380 (664)
2451 5302 2512 5380 Id
2558 5304 2668 5363 est,
2688 5301 2815 5380 fore
2858 5302 3140 5380 patratum
3186 5301 3409 5356 armilla
3456 5300 3857 5359 misericordia

2195 5372 2408 5434 diuinae
2431 5372 2921 5442 circumplectentis
2949 5387 3066 5426 nos.

2266 5448 2416 5520 (665)
2449 5444 2613 5520 Follis
2638 5441 2745 5496 vox
2774 5447 2962 5509 vetus,
2987 5458 3057 5520 es
3076 5458 3202 5520 qua
3232 5441 3426 5520 Italica
3461 5441 3855 5520 folle,_et__Gal-

2266 5448 2416 5574 (665‘)
2449 5448 2613 5499 Follis
2638 5458 2745 5496 vox
2774 5448 2962 5509 vetus,
2987 5458 3057 5497 ex
3076 5458 3194 5514 qua
3232 5448 3426 5525 Italica
3461 5448 3613 5530 folle,
3637 5448 3693 5497 et
3724 5448 3853 5498 Gal-

2194 5519 2302 5576 lice
2330 5514 2546 5593 [ολ-νει
2576 5515 2690 5585 fou,
2714 5528 2966 5593 vacuum
2988 5517 3044 5593 et
3057 5513 3315 5593 stultum
3346 5514 3664 5593 significat.
3691 5513 3853 5593 Hapc

2192 5610 2226 5647 a
2256 5584 2493 5648 rusticis
2524 5587 2867 5655 usurpatam
2899 5587 3150 5640 testatur
3168 5584 3503 5640 Willelnius
3527 5584 3710 5640 abbas
3742 5585 3856 5641 Me-

2190 5663 2375 5720 tensis
2420 5658 2591 5730 epist.
2623 5658 2657 5730 3
2690 5672 2703 5710 :
2739 5659 3029 5730 Praetereo,
3058 5656 3278 5730 inquit,
3320 5656 3480 5730 quod.
3518 5697 3531 5710 .
3568 5695 3581 5710 .
3616 5697 3649 5730 ,Δ
3661 5656 3855 5730 follem

2188 5752 2274 5792 me
2300 5725 2472 5791 uerbo"
2488 5729 2689 5784 rustico
2713 5727 3026 5797 appellasti.
3048 5725 3304 5784 Joannes
3324 5725 3606 5783 diaconus
3633 5725 3695 5781 in
3716 5725 3852 5786 Vita

2190 5807 2248 5867 S.
2282 5800 2543 5887 Gregorii
2569 5797 2672 5859 lib.
2705 5796 2857 5869 uno.
2879 5798 2970 5872 96,
2994 5797 3276 5860 usitatam
3325 5798 3388 5865 in
3429 5796 3614 5865 Gallia.
3642 5796 3849 5889 tradit,
