4056 6382
469 380 589 450 ιϐτ

1415 375 1794 448 RATHERH
1833 379 2076 447 EPISC.
2120 378 2412 448 VERON.
2456 378 2631 448 OPP.
2672 374 2967 448 PARS'I.

3760 366 3903 436 ses

470 519 790 577 forinsecus
812 516 1014 586 stellae,
1034 514 1384 576 intrinsecus
1405 508 1655 575 tenebris
1677 517 1907 591 (loquar
1925 522 1989 574 ut
2010 518 2112 590 ita)
2141 517 2199 585 Α
2228 516 2287 572 in
2318 534 2457 590 pace
2486 522 2747 589 vocatus,
2771 514 3035 590 martyrii
3065 529 3183 572 non
3205 511 3457 570 caruerit
3484 507 3692 585 gloria,
3728 511 3890 565 utret

470 628 586 665 non
621 609 841 665 timent.
876 610 1176 675 Quomodo
1199 609 1354 664 enim
1376 612 1440 664 ut
1461 607 1739 680 splendor
1758 607 2115 664 ﬁrmamenti

465 700 620 755 316
650 697 961 771 fulgentes,
996 698 1097 771 qui
1128 698 1327 769 utique
1362 701 1500 752 sunt
1529 696 1635 763 illi,
1670 696 1771 769 qui
1802 714 1905 769 pro
1948 713 2121 769 posse

466 786 702 843 illorum
735 787 1127 842 constantiam
1149 789 1433 842 conantur
1454 785 1690 852 imitari,
1715 785 1817 857 qui
1837 790 1893 842 te
1916 790 2119 841 ruente

472 874 968 932 immutabilitatis
1000 879 1139 930 sunt
1166 874 1416 947 gratiam
1450 874 1723 943 assecuti,
1747 874 2120 931 aeternalibus

472 964 685 1021 involvi
699 981 955 1036 unquam
970 964 1087 1020 tuis
1099 964 1427 1035 possintvid
1437 980 1531 1020 ere
1544 981 1658 1019 non
1672 963 2116 1033 valeotenebris,

468 1070 720 1127 quorum
749 1069 1003 1124 namque
1032 1053 1274 1108 nomina
1302 1056 1442 1107 sunt
1472 1052 1690 1124 scripta
1721 1052 1781 1109 in
1806 1052 2113 1125 coelo(Luc.

466 1159 525 1212 χ,
556 1144 626 1197 20
670 1142 861 1213 [669]).
900 1140 965 1196 In
997 1145 1110 1196 tute
1140 1140 1506 1213 perditionis,
1542 1142 1713 1197 crede
1766 1141 1931 1210 mihi,
1965 1159 2114 1197 nun-

469 1248 647 1304 quam
674 1229 1059 1298 invenientur,
1082 1230 1297 1285 Lemur
1318 1229 1652 1302 nigerrime,
1677 1230 1950 1303 diptycho
1967 1230 2119 1304 (mil-

467 1318 599 1376 leno
629 1335 729 1377 eos
753 1318 888 1376 licet
907 1318 1143 1375 inficere
1171 1319 1388 1391 gestias
1412 1319 1729 1375 criminum
1761 1320 1983 1392 morbo)
2016 1336 2119 1392 per

467 1408 730 1465 foramen
757 1407 1005 1464 maxillae
1037 1408 1320 1464 nimirum
1351 1408 1520 1479 ejecti
1553 1408 1692 1479 (Job.
1727 1426 1818 1479 XL,
1842 1409 1955 1481 21),
1979 1413 2043 1465 ut
2062 1413 2119 1465 et

465 1497 578 1555 iste
603 1501 821 1566 noster,
854 1498 925 1555 de
957 1500 1197 1572 gutture
1231 1500 1354 1552 tuo.

541 1588 630 1643 11.
660 1587 777 1643 Nec
805 1590 863 1643 te
893 1590 1188 1653 caeterum,
1222 1585 1322 1657 qui
1368 1588 1535 1642 tanta
1581 1585 1913 1658 pertuleris,
1973 1587 2116 1643 satis

468 1676 733 1746 laudare,
764 1679 986 1748 martyr
1013 1675 1219 1745 beate;
1251 1690 1356 1731 nec
1380 1674 1566 1743 illum,
1600 1676 1705 1748 qui
1735 1680 1790 1731 te
1817 1676 1889 1732 ad
1920 1693 1988 1732 ea
2018 1693 2118 1733 ne«

472 1764 726 1822 cessario
756 1764 1133 1837 perpetienda
1164 1763 1482 1837 impulerit,
1519 1769 1582 1820 ut
1614 1765 1829 1838 dignus
1851 1770 1958 1833 est,
1990 1782 2115 1821 car-

2232 606 2381 663 inter
2402 608 2644 663 eximios
2676 623 2911 679 quoque
2940 622 3057 661 non
3088 603 3313 671 infimo,
3347 607 3479 659 ante
3508 604 3784 668 mortem,
3815 599 3895 655 in‘

2231 701 2436 760 morte,
2460 700 2592 768 post
2611 700 2858 752 mortem
2882 695 3095 750 invicto
3118 692 3433 765 contigisse
3454 690 3639 747 Ιθνιῒιω
3663 688 3890 745 Christi

2229 785 2551 854 Vincentio,
2569 785 2860 858 passionis
2881 784 3162 857 ipsius,ut
3180 785 3238 838 et
3252 781 3383 838 aliis
3407 779 3696 855 pluribus,
3721 792 3893 835 mon-

2231 877 2378 931 strat
2407 875 2672 931 assertio.
2696 875 2842 931 817
2872 872 3037 930 Illius
3063 888 3275 946 nempe
3302 888 3335 927 a
3355 885 3595 944 corpore
3615 868 3889 926 animum

2226 965 2566 1036 tyrannicus
2598 981 2714 1019 non
2744 962 2968 1036 expulit
3015 978 3238 1029 mucro,
3261 961 3365 1017 sed
3395 959 3539 1016 diris
3557 961 3891 1015 tormento-

2229 1069 2361 1108 rum
2378 1052 2682 1126 suppliciis
2713 1069 2817 1125 pro
2847 1052 3079 1108 Christo
3096 1050 3366 1107 alacriter
3382 1048 3697 1121 superatis,
3719 1062 3791 1104 ac
3805 1048 3892 1103 fe-

2227 1140 2357 1197 licis
2378 1157 2584 1215 pugnae
2607 1157 2811 1214 agone,
2835 1146 2903 1197 ut
2932 1142 3001 1197 de
3023 1158 3089 1197 eo
3111 1142 3380 1197 cantatur
3408 1136 3723 1212 perlepide,
3747 1153 3890 1193 con-

2228 1232 2452 1286 stanter
2472 1229 2715 1303 expleto,
2739 1230 2976 1287 tandem
2995 1228 3311 1303 pretiosam
3328 1226 3620 1285 resolutus
3642 1226 3706 1281 in
3725 1242 3889 1282 mor-

2225 1321 2368 1387 tem,
2399 1318 2542 1375 coalo
2573 1318 2927 1391 trimphans,
2962 1317 3217 1392 Agathes
3247 1316 3335 1374 uti
3365 1320 3423 1374 et
3467 1317 3661 1383 beata,
3688 1314 3885 1389 spiri-

2224 1413 2351 1466 tum
2384 1407 2653 1464 reddidit.
2689 1410 2858 1464 Tuam
2885 1410 3060 1480 ipsius
3100 1410 3344 1464 animam
3365 1407 3727 1480 pertransibit
3752 1405 3889 1477 gla—

2226 1499 2349 1555 dius
2372 1498 2521 1571 (Luc.
2557 1514 2619 1565 u,
2645 1498 2758 1571 35),
2791 1498 2974 1553 beatae
2992 1496 3095 1553 Dei
3120 1496 3356 1553 Simeon
3386 1493 3653 1570 genitrici
3681 1492 3887 1568 loqui-

2226 1592 2326 1643 tur
2348 1588 2570 1659 justus,
2595 1586 2971 1643 subeundum
2997 1586 3200 1658 utique
3218 1585 3305 1641 illi
3325 1584 3652 1643 vaticinans
3671 1582 3891 1657 procul

2229 1676 2405 1733 dubio
2434 1674 2676 1745 doloris,
2710 1692 2827 1731 non
2858 1675 3066 1732 mortis
3094 1692 3229 1731 vero
3254 1673 3623 1746 martyrium.

2298 1765 2386 1821 43.
2420 1764 2621 1821 Gaude
2652 1780 2810 1837 ergo,
2835 1767 3080 1838 martyr.
3122 1764 3332 1837 gaude,
3360 1763 3624 1836 inquam,
3657 1762 3887 1830 laetare,

467 1869 606 1925 pere
635 1852 984 1923 sufficimus,
1029 1857 1086 1909 et
1128 1853 1280 1909 odiis
1323 1852 1554 1924 insequi
1603 1854 1730 1925 ejus
1756 1858 1958 1910 contra
2006 1871 2191 1955 nos‘B
2227 1857 2285 1909 et
2314 1853 2558 1922 exsulta,
2593 1858 2651 1908 et
2680 1868 2782 1925 pro
2814 1857 3034 1924 nostra,
3067 1868 3367 1926 rogamus,
3397 1851 3693 1909 intercede
3718 1851 3891 1924 apud

468 1941 699 1999 invidias
746 1942 1009 2015 paribus.
1062 1941 1255 1998 Miseri
1289 1943 1441 1998 inter
1470 1941 1591 1998 haec
1622 1959 1727 1999 nos
1770 1943 2024 1999 niuium
2054 1948 2114 2000 ct
2142 1938 2191 1955 "
2222 1943 2407 1998 Deum
2429 1958 2686 2015 semper,
2709 1942 2964 1998 indebita
2994 1941 3148 2010 licet,
3182 1941 3437 1998 miseria.
3473 1938 3893 1997 Mansuetudi-

469 2029 752 2100 infelices,
787 2047 919 2086 cum
938 2035 993 2086 te
1027 2035 1247 2103 martyr
1268 2029 1507 2087 laudare
1538 2048 1820 2088 conamur
1848 2033 2114 2104 vocibus,

470 2119 746 2176 contrarii
776 2119 1063 2186 moribus,
1115 2120 1429 2192 prmdicare
1459 2136 1747 2189 sermone,
1794 2122 2113 2179 dissimiles

467 2196 661 2282 opere;
683 2210 766 2264 Te
783 2208 999 2281 quippe
1020 2207 1155 2264 felix
1175 2208 1464 2281 glorificat
1493 2209 1690 2282 palma
1714 2230 1726 2267 :
1764 2228 1871 2268 nos
1913 2216 2117 2269 contra

467 2296 668 2353 infelix
712 2301 947 2354 accusat
999 2297 1391 2367 conscientia;
1426 2303 1485 2355 et
1514 2316 1585 2355 ne
1615 2299 1797 2355 cuivis
1847 2305 2115 2357 nostrum

466 2387 714 2443 dicatur.
749 2387 823 2443 De
850 2402 942 2443 ore
984 2390 1075 2443 tuo
1129 2394 1180 2442 te
1228 2388 1437 2459 judico,
1494 2405 1645 2444 serve
1694 2405 1932 2461 nequam
1962 2391 2112 2462 (Luc.

464 2493 583 2543 XIX,
606 2476 719 2549 22),
749 2475 1024 2532 formidat
1052 2475 1292 2532 omnino
1335 2481 1624 2549 suspecta.
1660 2478 1720 2534 Si
1751 2478 1907 2535 enim
1938 2478 2115 2536 talem

468 2565 750 2627 habebas,
782 2580 886 2620 cur
915 2568 1035 2619 tam
1066 2564 1466 2636 vilipendebas
1486 2566 1513 2621 ?
1562 2582 1667 2621 cur
1709 2567 1936 2640 sublegi
1969 2569 2115 2641 (670)

466 2652 577 2709 tibi
604 2655 723 2707 tam
758 2653 1080 2725 pretiosum
1102 2670 1313 2725 passus
1343 2670 1405 2710 es
1426 2656 1859 2729 margaretum?
1879 2673 1986 2712 cur
2012 2657 2121 2713 hu-

464 2741 795 2815 juscemodi
810 2740 1055 2813 fulgoris
1070 2742 1442 2799 tenacissime
1455 2760 1569 2799 non
1585 2745 1946 2802 custodieras
1958 2764 2032 2801 nu
2042 2764 2123 2802 m-

475 2846 641 2885 mum
662 2830 689 2885 ?
719 2829 792 2886 Ut
837 2829 1007 2885 illum
1050 2846 1191 2886 sane
1221 2832 1500 2903 praedicas
1530 2834 1603 2889 de
1634 2851 1750 2889 uno
1801 2834 2023 2903 fecisse,
2056 2839 2120 2891 tu

475 2934 655 2991 quare
692 2919 763 2975 de
802 2918 1130 2976 innumeris
1171 2937 1360 2993 neque
1391 2920 1698 2979 dissimilis
1729 2923 2121 2981 damnationis

478 3008 681 3065 studes
700 3007 1019 3065 sceleribus
1045 3009 1282 3066 actitare
1315 3010 1491 3083 (67l)?
1511 3011 1569 3068 Si
1594 3010 1690 3067 ille
1712 3029 1814 3086 per
1832 3014 2123 3086 paeniten—

474 3097 620 3154 tiam
643 3114 756 3153 non
780 3096 994 3164 solum,
1018 3103 1084 3154 ut
1103 3098 1460 3156 credibiliter
1476 3101 1711 3169 asseris,
1734 3101 1986 3169 veniam,
2020 3105 2121 3160 sed

473 3189 531 3242 et
548 3185 811 3260 martyrii
831 3187 1091 3261 accipere
1112 3187 1326 3244 meruit
1345 3188 1600 3262 palmam
1622 3195 1714 3258 ;tu
1735 3207 1839 3263 per
1855 3190 2122 3265 impceni-

469 3257 720 3335 tentiam
737 3293 918 3348 quare
949 3257 1308 3334 thesaurizas
1329 3257 1435 3334 tibi
1476 3257 1628 3335 iram
1655 3257 1829 3352 (Rom,
1867 3257 2029 3354 11,5),
2061 3286 2121 3339 et
2149 3257 2192 3324 (ἶ

474 3381 589 3422 non
602 3365 1087 3438 exstinguendam
1099 3367 1160 3422 in
1174 3372 1518 3440 perpetuum
1534 3368 1865 3425 ﬂammam?
1878 3372 1988 3426 Sed
2003 3371 2124 3444 agit

473 3453 605 3519 hoc,
628 3452 846 3509 athleta
874 3455 1332 3527 pugnacissime,
1366 3474 1481 3513 non
1504 3456 1847 3523 diffitemur,
1871 3459 1993 3533 agit
2013 3461 2121 3517 hoc

473 3541 829 3598 instabilitas
886 3547 943 3598 et
985 3545 1273 3601 enervitas
1311 3550 1548 3615 nostra;
1583 3552 1887 3603 succurrat
1930 3549 2119 3619 nobis,

475 3647 694 3703 quaeso,
724 3632 1057 3689 constantia
1087 3637 1144 3689 et
1173 3634 1424 3691 firmitas
1448 3639 1567 3691 tua.

549 3721 636 3776 12.
669 3720 912 3777 Miretur
942 3721 1042 3778 sed
1077 3721 1310 3795 aliquis,
1345 3725 1499 3795 quod
1533 3728 1590 3780 te
1630 3730 1942 3799 martyrem
1999 3730 2121 3783 tam

476 3808 690 3881 saepius
709 3809 977 3877 vocitem,
992 3826 1126 3866 cum
1139 3811 1420 3869 eil'usione
1433 3813 1737 3887 sanguinis
1751 3832 1865 3871 non
1879 3816 2123 3873 sortitus

474 3897 677 3967 fueris,
691 3898 989 3955 confessor
999 3899 1593 3967 sanctissimefinem.
1608 3904 1717 3959 Sed
1735 3903 1948 3976 potius,
1969 3906 2120 3974 dico,

475 3985 573 4043 ille
595 3984 858 4056 miretur,
884 3988 1036 4060 quod
1061 3989 1319 4045 Zebedaei
1351 3989 1488 4046 ﬁliis
1510 3991 1727 4048 dixisse
1776 4010 1891 4049 non
1923 3995 2123 4051 recolit

474 4075 813 4148 Dominum,
875 4077 1113 4135 Calicem
1172 4095 1350 4136 meum
1410 4080 1601 4137 bibetis
1646 4082 1855 4155 (Matth.
1882 4100 1974 4150 xx,
2005 4084 2119 4158 23),

472 4180 609 4220 cum
638 4181 795 4222 unus
823 4181 1025 4222 eorum
1058 4166 1249 4223 solum
1294 4168 1573 4224 effusione
1627 4186 1731 4242 pro
1789 4170 2020 4229 Christo
2050 4174 2121 4229 de

473 4254 693 4310 mundo
714 4255 1014 4311 transierit
1034 4256 1368 4330 sanguinis:
1395 4256 1543 4313 alter
1561 4276 1695 4315 vero
1709 4260 1877 4334 (672),
1902 4265 1967 4316 ut
1982 4266 2039 4317 et
2058 4267 2121 4317 tu

477 4340 1030 4411 felicissime,multa
1047 4362 1151 4417 pro
1168 4344 1284 4401 Deo
1301 4346 1651 4404 sustinuerit
1675 4351 1983 4420 tormenta,
2017 4351 2120 4408 sed

2223 2048 2357 2088 nem
2380 2047 2636 2104 namque
2658 2031 2911 2087 imitaris
2932 2032 3015 2104 [id
3050 2039 3146 2101 est,
3180 2030 3406 2103 antiqui
3434 2029 3673 2102 Joseph]
3714 2026 3890 2085 illius

2222 2121 2295 2189 (si
2319 2120 2433 2176 reis
2450 2120 2640 2192 parcis
2656 2121 2909 2193 gratuito
2930 2119 3190 2188 famulis)
3206 2120 3307 2193 qui
3329 2118 3733 2175 venditoribus
3756 2121 3890 2174 tam

2222 2206 2336 2265 leni
2361 2209 2657 2281 quondam
2688 2208 3035 2278 indulserat,
3051 2208 3304 2265 veridico
3317 2212 3512 2265 tamen
3525 2206 3726 2277 aifatu,
3746 2222 3895 2279 ger-

2225 2297 2452 2354 manis:
2486 2297 3080 2371 quanquamnullum
3100 2298 3189 2354 tui
3219 2297 3413 2353 adhuc
3436 2294 3889 2369 deprehendam

2218 2386 2581 2443 valuerimus
2603 2388 2790 2443 sancti
2812 2387 3073 2460 corporis
3091 2387 3476 2455 venditorem,
3498 2386 3656 2458 quod
3673 2385 3893 2456 utique

2226 2476 2432 2532 fecisse
2460 2475 2628 2532 Judze
2654 2476 2842 2532 fuerat
2868 2475 3185 2548 proditoris
3212 2468 3461 2544 facinus,
3485 2471 3751 2531 scelerati
3776 2471 3893 2529 ali.

2228 2565 2396 2637 cujus
2426 2564 2514 2621 vel
2544 2565 2882 2638 vespillonis
2914 2565 3288 2639 sacrilegium
3329 2563 3545 2620 imitari
3566 2564 3735 2628 (673).
3769 2563 3892 2619 Sed

2226 2657 2303 2722 te,
2328 2654 2658 2726 prohnefas
2677 2654 2687 2708 l
2715 2654 2796 2710 ita
2812 2657 2982 2710 tenus
3003 2654 3380 2727 deploramus
3396 2671 3431 2709 a
3444 2652 3635 2722 nobis,
3652 2656 3889 2722 sanctae,

2229 2742 2579 2816 neglectum,
2614 2748 2679 2799 ut
2709 2743 2862 2800 furto
2893 2743 3042 2799 adiri
3088 2741 3418 2800 venerabile
3445 2747 3616 2798 tuum
3647 2757 3895 2814 quoque

2231 2833 2404 2888 modo
2428 2832 2707 2889 valuisset
2723 2832 3078 2905 sepulcrum,
3100 2832 3257 2905 quod
3273 2832 3745 2903 facinusquoque
3768 2847 3899 2887 non

2231 2921 2566 2977 inficiamur
2595 2921 2777 2977 fuisse
2799 2922 3139 2978 nefandum.
3165 2920 3305 2987 Quis
3322 2921 3481 2976 enim
3501 2919 3678 2976 talem
3703 2918 3897 2992 negli-

2231 3014 2410 3083 geret,
2445 3010 2557 3065 nisi
2579 3010 2839 3077 demens,
2860 3014 3193 3083 patronum,
3217 3009 3449 3067 etiamsi
3468 3025 3605 3064 cum
3631 3024 3699 3064 eo
3720 3007 3894 3066 mitis

2232 3116 2543 3171 corporum
2590 3099 2884 3156 vicinitate
2941 3100 3226 3172 potiretur
3265 3098 3653 3155 sanctorum?
3694 3098 3896 3154 Davo-

2232 3188 2377 3245 tiore
2404 3206 2539 3262 ergo
2560 3193 2617 3245 te
2655 3188 2972 3246 recolentes
2994 3190 3224 3258 affectu,
3247 3186 3668 3262 benignissime
3691 3187 3891 3258 Pater,

2232 3278 2530 3335 absentem
2542 3324 2555 3348 ,
2572 3296 2749 3352 quam
2763 3278 2901 3335 olim
2915 3279 3342 3337 excoluerimus
3354 3281 3698 3351 praesentem
3713 3277 3895 3350 dege-

2232 3385 2420 3432 neres,
2445 3368 2584 3440 quia
2600 3384 2751 3441 sazpe
2773 3368 2853 3424 ita
2869 3368 3560 3443 contingit,consideraus
3578 3365 3890 3431 ﬁlios,imo

2230 3457 2627 3529 nequissimos
2649 3475 2866 3523 servos,
2893 3458 3079 3514 vicem
3104 3458 3273 3515 nobis
3297 3458 3563 3515 eamdem
3586 3455 3903 3512 malorum.

2231 3545 2370 3611 noli,
2399 3550 2454 3601 te
2485 3562 2812 3618 precamur,
2848 3548 3182 3619 rependam,
3217 3563 3333 3603 non
3352 3546 3631 3602 deserens
3659 3543 3893 3601 scilicet

2228 3635 2497 3700 tuitione,
2513 3634 2840 3690 deserueris
2855 3635 3126 3707 quamvis
3141 3634 3586 3708 indignissimos
3596 3633 3885 3702 abitione,

2231 3724 2331 3779 sed
2363 3724 2859 3796 praesentissimus
2891 3725 3062 3781 nobis
3082 3725 3143 3780 in
3176 3728 3278 3781 tuo
3309 3723 3495 3797 capite
3515 3722 3767 3790 Christo,
3792 3736 3891 3779 re-

2230 3812 2541 3869 conciliare
2560 3813 2679 3869 tuis
2701 3828 2836 3869 eum
2858 3814 3084 3870 meritis
3107 3813 3275 3870 nobis
3294 3830 3412 3870 non
3435 3812 3627 3869 solum
3649 3812 3724 3869 de
3744 3812 3887 3881 isto,

2231 3902 2332 3957 sed
2363 3907 2418 3957 et
2444 3902 2756 3975 omnigeno
2786 3902 3092 3974 culparum
3120 3919 3234 3959 non
3266 3902 3524 3969 desinas,
3548 3916 3889 3974 precamur,

2230 3991 2893 4064 reatu(674).Contigerit
2908 3991 3018 4047 hoc
3041 3991 3144 4047 tibi
3158 4007 3296 4047 sane
3311 3991 3692 4064 nostra(qucd
3714 3989 3893 4047 nobis

2230 4096 2346 4137 non
2360 4080 2629 4136 convenit
2645 4080 2907 4151 difﬁteri)
2919 4080 3093 4153 culpa
3106 4085 3285 4153 atque
3305 4080 3588 4154 neglecto;
3607 4079 3711 4137 sed
3724 4078 3891 4136 illius

2230 4185 2346 4224 non
2376 4186 2699 4242 possumus
2750 4186 2983 4242 negare,
3044 4169 3146 4242 qui
3186 4174 3416 4225 terrena
3463 4184 3599 4224 cum
3631 4166 3888 4224 caelesti-

2229 4258 2342 4315 bus
2374 4258 2733 4326 moderatur,
2784 4259 3005 4314 factum
3036 4258 3335 4315 voluntate
3365 4261 3543 4330 atque
3571 4256 3882 4329 disposito.

2229 4349 2400 4420 cujus
2429 4346 2784 4404 ordinationi
2817 4346 3040 4404 nullius
3091 4346 3381 4405 resultare
3405 4346 3590 4403 valuit
3615 4362 3886 4419 unquam

543 4627 690 4705 ((569)
719 4630 1006 4705 Construe
1025 4646 1039 4685 :
1074 4631 1303 4705 δρᾶσαί
1329 4634 1608 4689 imitantes
1629 4641 1696 4702 te,
1716 4637 1929 4693 ναίιιινί
1942 4646 2117 4697 tecum
2134 4630 2197 4695 »D
2225 4632 2428 4699 cobus,
2456 4648 2571 4687 non
2592 4647 2725 4705 vero
2749 4632 2807 4687 S.
2828 4631 3107 4705 Joannes)
3130 4633 3416 4688 transierit
3433 4630 3499 4687 de
3514 4631 3729 4687 mundo
3742 4634 3881 4705 ἀπἀ-

471 4698 534 4753 in
549 4698 885 4773 ⁸ὺανὶιαιντιθη
912 4702 1145 4771 inferni,
1165 4698 1468 4773 forinsecus
1485 4698 2031 4773 stellw,'intrinsecus
2049 4720 2120 4767 te-

467 4770 658 4827 nebrae
704 4772 787 4899 sat
815 4776 897 4829 ita
927 4773 1140 4897 loquar)
1166 4770 1275 4828 non
1322 4776 1515 4830 timent
1545 4770 1942 4848 transﬁgurare
1970 4799 2028 4837 se
2057 4786 2119 4839 in

469 4842 689 4899 anaelos
731 4846 848 4899 ucis
867 4859 963 4899 per
1020 4846 1563 4899 unocrisim.Etenim
1583 4849 1765 4899 videre
1799 4867 1912 4899 mm
1943 4855 2094 4899 mlm

469 4842 696 4924 angelos
709 4842 848 4924 lucis
865 4859 964 4924 per
980 4842 1333 4924 hypocrisim:
1349 4847 1563 4924 Etenim
1583 4842 1765 4924 videre
1799 4867 1912 4906 non
1943 4855 2114 4924 valeo,

754 4914 1031 4998 fulgentes
1052 4914 1114 4971 ut
1137 4915 1392 4998 splendor
1420 4919 1773 4998 ﬁrmamenti,
1807 4926 1906 4993 qui
1934 4914 2119 4998 utique

465 4994 596 5060 sunt
624 4987 735 5053 illi,
767 4987 866 5060 qui
882 5003 985 5060 pro
1012 5003 1167 5059 posse
1194 4996 1462 5044 conantur
1496 4991 1709 5047 imitari
1753 4987 2117 5055 constantiam

465 5058 694 5137 illorum
710 5058 1072 5137 (angelorum
1091 5062 1450 5132 sanctorum)
1475 5064 1573 5133 qui
1592 5068 1824 5137 assecuti
1845 5076 1971 5123 sunt
1988 5086 2116 5137 gra-

466 5131 602 5211 tiam
628 5131 1097 5211 immutabilitatis
1126 5140 1175 5187 te
1208 5131 1591 5211 fucata-mon
1644 5136 1815 5211 valeo,
1862 5131 2110 5211 inquam,

462 5200 662 5275 videre,
690 5205 952 5274 quomodo
983 5205 1044 5258 hi
1068 5205 1278 5275 possint
1325 5204 1530 5259 involvi
1560 5200 2111 5268 teizebris‘wtei'nalil

468 5272 847 5347 baggquorum
875 5272 1113 5347 namque
1139 5276 1387 5347 nomina,
1404 5280 1529 5347 etc.

537 5342 682 5419 (ϐῖΟ)
710 5346 942 5419 sublego
973 5342 1076 5418 pro
1108 5346 1372 5419 subripio
1404 5345 1498 5419 hic
1544 5347 1849 5419 accipitur,
1906 5354 1986 5408 uti
2047 5360 2104 5411 et

465 5412 617 5482 apud
651 5412 923 5484 probatos
957 5412 1557 5484 scriptores-invenire
1588 5412 1740 5474 licet.

532 5436 617 5465 ιυυ
651 5436 923 5484 prODaLOS
957 5436 1066 5473 scr]
1119 5436 1268 5473 [οι-οε
1300 5436 1557 5473 invenire
1591 5436 1740 5474 licet.

532 5484 679 5556 (670
711 5485 1029 5543 Construe:
1066 5436 1246 5556 δίαινε
1290 5497 1349 5544 tu
1394 5505 1506 5544 non
1550 5490 1731 5546 studes
1775 5495 2004 5551 actitare
2043 5498 2108 5553 de

455 5554 751 5639 sceleribus
771 5554 1280 5639 innumeris—nequc
1292 5560 1586 5639 dissimilis
1604 5562 1993 5639 da_mnatiouis(
2000 5585 2102 5625 seu

456 5624 720 5702 malitiae)
745 5631 952 5702 utsane
971 5624 1238 5700 praedicas
1260 5632 1422 5686 illum
1440 5633 1633 5702 fecisse
1647 5634 1710 5690 de
1729 5637 1928 5693 scelere
1954 5624 2064 5696 uno
2079 5645 2105 5695 γ

522 5697 671 5769 (672)
701 5697 763 5754 Id
794 5703 903 5766 est,
934 5697 1055 5756 cum
1077 5718 1218 5757 unus
1248 5697 1448 5759 eorum
1472 5705 1651 5760 solum
1680 5706 1760 5775 (id
1792 5712 1880 5764 est
1910 5710 1966 5767 S.
2000 5711 2094 5767 Ja-

2229 4707 2383 4760 sione
2419 4704 2713 4772 sanguinis
2738 4719 2838 4774 pro
2863 4704 3095 4770 Christo,
3127 4706 3267 4761 alter
3290 4720 3436 4768 vero,
3460 4707 3571 4759 etc.

2303 4774 2450 4846 (673)
2483 4775 2786 4848 Οοβὲτυθέ
2820 4776 2978 4847 Quali
3023 4778 3214 4848 fecisse
3244 4777 3433 4847 utique
3450 4778 3633 4848 fuerat
3661 4776 3883 4848 imum-7;

2226 4849 2443 4919 facinus
2470 4845 2630 4919 Iudae
2647 4845 2961 4916 proditoris,
2993 4845 3078 4902 vel
3115 4845 3468 4919 sacrilegium
3495 4847 3737 4919 alicujus
3767 4863 3881 4903 sce-

2228 4916 2393 4973 lerati
2422 4918 2756 4988 ve‘spillonis.
2776 4918 2856 4973 Ex
2877 4919 2971 4974 his
2992 4919 3281 4975 incertum
3300 4916 3481 4974 fuisse
3503 4916 3708 4988 liquet,
3734 4935 3878 4985 num

2225 4990 2283 5045 S.
2300 4989 2590 5115 ἒίθιιὶοιιίε
2604 5005 2817 5061 corpus
2834 4991 3138 5046 venditum
3156 4990 3341 5064 pretio
3364 4988 3559 5057 fuerit,
3576 5005 3656 5044 an
3671 4990 3876 5055 furtim

2226 5079 2292 5115 su
2341 5078 2440 5115 reo
2471 5076 2596 5115 um.

2226 5066 2596 5117 subreptum.

2294 5078 2798 5205 Elgeiguggnstrue:
2826 5135 2985 5202 Ergo,
3013 5134 3403 5205 benignissime
3457 5133 3643 5205 Pater,
3701 5134 3877 5205 emisi-

2220 5204 2419 5259 derans
2446 5204 2608 5274 ﬁlios,
2641 5218 2749 5276 imo
2776 5204 3342 5276 nequissimos’serros
3378 5204 3668 5260 recolentes
3696 5212 3747 5260 te
3772 5204 3872 5259 ab-

2217 5285 2421 5349 sentem
2450 5275 2645 5345 aﬂ'ectu
2676 5274 2964 5344 devotiore,
2999 5293 3163 5349 quam
3209 5278 3344 5333 olim
3392 5276 3679 5347 degeneres
3706 5291 3872 5335 exco-

2219 5348 2482 5402 luerz’mus
2501 5350 2844 5420 praesentem,
2876 5349 3008 5419 quia
3038 5364 3181 5420 δεῖρε
3210 5351 3291 5405 ita
3318 5349 3585 5420 contingit
3605 5367 3625 5414 ;
3649 5349 3786 5420 noli,
3820 5351 3873 5402 te

2209 5434 2525 5489 precamur,
2558 5418 2851 5490 rependere
2884 5418 3048 5475 nobis
3074 5418 3247 5476 vicem
3289 5419 3545 5475 eamdem
3573 5418 3867 5484 malorum,

2212 5506 2323 5545 non
2351 5490 2598 5545 deserens
2643 5491 2868 5563 scilicet,
2903 5494 3012 5547 etc.
3055 5492 3193 5547 Erat
3223 5492 3281 5546 in
3313 5490 3649 5563 apographo
3679 5490 3865 5563 colite,

2209 5577 2520 5632 precamur,
2553 5561 2782 5635 repende
2803 5579 2907 5634 pro
2937 5562 3076 5631 noli,
3114 5567 3165 5619 te
3185 5560 3497 5635 precamur,
3531 5560 3825 5635 rependere
3844 5578 3864 5614 :

2212 5632 2894 5762 qugmemendationem
2912 5635 3116 5691 sensui
3138 5632 3528 5692 necessariam
3556 5634 3617 5690 in
3640 5636 3864 5689 textum

2218 5720 2277 5760 in
2325 5719 2577 5761 eximus.

2218 5719 2313 5761 1nd
2325 5719 2577 5761 111110118.
