4056 6388
519 382 637 450 471

1394 432 1407 446 .
1443 374 1823 444 RATHERII
1865 377 2114 444 EPISC.
2160 376 2448 441 VERON.
2495 374 2668 438 OPP.
2712 374 2914 439 PARS
2956 371 3007 439 Ῑ.

3806 371 3941 435 472

522 511 573 584 (Ι
596 512 714 566 Cor.
741 498 1701 582 xtn,4),etoquamlepidellator,
1727 502 2168 569 Charitasenim,
2204 508 2250 572 Α
2285 519 2413 557 rare
2442 501 2646 573 possit,
2681 501 2887 573 conjici
2918 499 3072 555 valet
3111 494 3456 569 certissime,
3507 493 3742 554 lucrum
3788 495 3939 571 (680)

520 600 666 656 alter
696 602 759 654 ut
787 598 889 667 ait,
918 614 1030 653 non
1045 600 1159 668 agit
1170 594 1685 669 perperam.0tiosa
1701 590 2165 665 estergo?Absit.

521 687 671 747 Audi
702 687 860 743 enim
909 686 1213 742 verissime
1262 685 1565 738 fatentem:
1614 683 1908 754 Nunquam
1951 684 2028 735 est
2074 680 2172 734 Dei

522 794 679 834 amor
705 779 941 838 otiosus;
972 778 1246 847 operatur
1276 772 1431 828 enim
1459 788 1693 844 magna,
1727 770 1777 826 si
1807 773 1922 838 est;
1957 769 2007 825 si
2037 784 2170 824 vero

502 866 754 940 ,operari
784 864 997 932 renuit,
1032 879 1196 918 amor
1224 878 1341 917 non
1371 864 1480 916 est.

597 956 683 1012 14.
739 954 840 1009 His
885 953 968 1008 ita
1014 951 1332 1023 compactis
1388 950 1449 1005 in
1509 948 1670 1005 cultu
1702 951 1759 1003 et
1801 945 2171 1003 veneratione

522 1049 779 1111 tuorum,
812 1044 1029 1106 sancte,
1044 1039 1143 1095 ubi
1167 1038 1322 1095 latus
1339 1038 1569 1105 diceris,
1587 1042 1842 1104 artuum,
1871 1040 1945 1105 et,
1964 1035 2062 1091 ubi
2082 1051 2169 1090 re-

523 1131 696 1189 lictus
722 1129 992 1198 crederis,
1027 1129 1313 1194 cinerum,
1348 1127 1519 1199 quale
1550 1125 1683 1197 quis
1700 1124 1785 1180 vel
1817 1124 2169 1193 ablatorum,

519 1220 610 1277 vel
641 1218 993 1277 amissorum
1016 1216 1171 1289 apud
1184 1217 1368 1272 Deum
1394 1216 1464 1272 de
1478 1219 1534 1272 te
1550 1213 2035 1271 remunerationis
2047 1228 2168 1286 spe'

597 1336 744 1417 (680)
772 1344 1084 1401 Construe:
1137 1343 1231 1396 His
1280 1342 1359 1396 ita
1399 1342 1690 1417 compactis
1718 1341 1781 1417 in
1825 1338 2054 1417 cultu-et
2084 1352 2171 1417 ne:

519 1408 805 1473 neratione
833 1422 1057 1470 artuum
1080 1421 1321 1478 tuorum,
1350 1412 1446 1466 ubi
1472 1408 1680 1466 sanctae
1708 1410 1907 1464 diceris
1929 1409 2071 1463 tatus
2092 1408 2171 1477 (id

523 1492 616 1545 est
644 1491 880 1563 artuum
908 1490 1167 1563 tuorum,
1186 1499 1536 1563 quocunque
1551 1480 2080 1563 al‘lat'idicantur)oet
2094 1480 2173 1563 ci:

524 1576 739 1626 uerum,
771 1558 869 1613 ubi
898 1556 1134 1612 crederis
1154 1548 1388 1611 relictus
1419 1548 1499 1624 (id
1531 1556 1620 1607 est
1649 1552 1908 1626 Veronae,
1934 1548 2033 1604 ubi
2063 1548 2173 1626 soli

527 1623 750 1685 cineres
789 1627 973 1684 relicti
1019 1625 1359 1698 creduntur)
1412 1623 1713 1680 certissime
1761 1624 1903 1678 valet
1948 1623 2172 1695 conjici,

2280 590 2589 661 Utriusque
2601 595 2793 646 tamen
2807 590 2991 663 partis
3004 591 3272 646 contrate
3283 586 3741 646 commissorum
3753 587 3942 643 indul-

2279 684 2465 735 torem
2495 696 2862 749 excessuum,
2899 694 3226 752 precamur,
3246 677 3635 747 inveniamus,
3670 677 3940 751 piissime

2281 766 2452 834 alme,
2485 772 2541 822 te
2572 768 2767 838 ipsum
2800 774 3156 822 exoralorem
3189 767 3344 823 320
3374 782 3478 838 pro
3509 765 3681 821 nobis
3729 765 3940 820 indeﬁ-

2281 855 2711 912 cientissimum
2746 855 2902 927 apud
2935 855 3250 911 Dominum
3282 855 3488 912 Jesum
3516 853 3823 910 Christum
3851 871 3941 911 re-

2280 944 2642 1015 demptorem
2676 943 2883 999 mundi
2910 942 3944 1015 clementissimum,dispunctorem-

2282 1049 2394 1105 que
2408 1049 2522 1088 non
2536 1032 2660 1088 solu
2671 1050 2728 1087 m
2743 1036 2979 1088 actuum
2990 1033 3113 1099 ,sed
3126 1037 3182 1088 et
3193 1031 3584 1088 intentionum
3598 1036 3942 1089 nostrarum

2282 1120 2707 1192 aquissimum,
2740 1121 2841 1193 qui
2874 1137 3006 1176 cum
3037 1121 3206 1177 Patre
3237 1125 3294 1178 et
3325 1120 3550 1194 Spiritu
3573 1124 3778 1176 sancto
3802 1119 3944 1176 vivit

2218 1224 2221 1233 '
2281 1213 2341 1265 et
2371 1214 2573 1281 regnat
2602 1210 2756 1266 Deus
2773 1226 2875 1282 per
2889 1209 3086 1265 omnia
3107 1208 3321 1265 sacula
3337 1208 3709 1266 saculorum.
3729 1211 3941 1266 Amen.

2280 1336 2447 1405 quate
2477 1337 2698 1405 lucrum
2715 1333 3207 1405 remunerationis
3228 1333 3353 1404 quis
3373 1334 3803 1405 velablatorum
3824 1338 3947 1402 (eo-

2281 1404 2412 1461 rum
2429 1404 2761 1477 scilicetqui
2774 1409 3042 1461 sanctum
3055 1421 3267 1477 corpus
3278 1404 3761 1477 abstulerunt)vel
3770 1406 3947 1462 amis-

2280 1493 2475 1533 sorum
2508 1476 2631 1549 (qui
2664 1476 2946 1549 nimirum
2978 1477 3133 1533 idem
3158 1476 3376 1549 eorpus
3398 1476 3748 1544 amiserunt)
3764 1480 3947 1547 possit

2281 1565 2519 1621 sperare
2549 1551 2617 1604 de
2649 1556 2703 1604 te
2726 1548 2886 1618 apud
2912 1549 3108 1607 Deum.

1198 1813 1740 1902 VEJUSDEM
1798 1809 2386 1900 OPUSCULI
2442 1810 3240 1901 FRAGMENTUM

728 1967 953 2031 Primis
982 1964 1261 2029 Ratherii
1283 1965 1441 2025 curis
1470 1963 1863 2039 lucubratum,
1899 1971 1955 2024 et
1981 1968 2156 2024 antea
2203 1960 2423 2022 editum
2453 1980 2526 2022 ex
2552 1981 2659 2022 ms.
2695 1960 2949 2043 capituli
2970 1960 3328 2024 cathedralis
3371 1959 3734 2022 Veronensis.

2026 2077 2443 2088 ——_

599 2158 651 2213 1.
739 2155 812 2211 Ut
897 2152 1357 2221 sacratissimus,
1434 2168 1499 2208 ac
1583 2150 1997 2207 veracissimus
2076 2149 2176 2204 avi
2208 2151 2257 2216 B
2288 2148 2522 2220 cophini
2550 2152 2779 2219 (Matth.
2813 2166 2928 2219 xw,
2964 2149 3072 2220 17);
3108 2165 3256 2221 quos
3294 2147 3342 2204 si
3373 2149 3572 2204 ventre
3624 2147 3952 2207 recondere

524 2245 738 2321 prioris
759 2246 960 2300 narrat
973 2240 1471 2314 chronographus,
1492 2256 1625 2295 cum
1649 2238 2007 2311 Memphitici
2025 2238 2173 2311 (681)

527 2336 599 2392 de
628 2333 901 2391 manibus
932 2330 1187 2404 tyranni,
1206 2329 1322 2384 imo
1336 2328 1567 2384 Niliaca
1593 2328 1946 2384 dcfaucibus
1972 2326 2180 2383 bellua

528 2439 704 2481 suum
733 2421 979 2478 liberare
1009 2418 1344 2474 diutissime
1393 2416 1674 2471 afﬂictum
1726 2415 2179 2472 misericorditer

527 2511 863 2584 disponeret
927 2508 1028 2563 Dei
1102 2509 1289 2579 pietas
1362 2504 1687 2577 populum;
1744 2505 1899 2560 inter
1970 2507 2178 2559 catera

529 2600 720 2656 eidem
779 2595 1160 2669 congruentia
1216 2593 1375 2666 operi
1436 2593 1725 2665 pracepit,
1786 2597 1852 2648 ut
1912 2593 2178 2649 abiturus

525 2687 747 2744 viritim
779 2686 848 2741 ab
876 2684 1064 2740 amico
1095 2700 1199 2739 suo
1231 2682 1477 2755 quilibet
1504 2681 1690 2754 plebis
1730 2682 1992 2753 ejusdem
2043 2698 2179 2736 mu-

526 2779 724 2833 tuaret
777 2790 918 2829 vasa
975 2775 1267 2845 argentea,
1323 2775 1497 2842 atque
1543 2787 1739 2826 aurea.
1795 2787 1909 2843 quo
1969 2769 2181 2826 sciliiet

528 2868 587 2922 et
616 2881 761 2938 gens
788 2861 1030 2919 venefici
1062 2860 1211 2933 (682)
1240 2861 1420 2915 maris
1471 2859 1744 2915 fluctibus
1790 2860 2175 2925 absorbenda,

524 2952 769 3026 indigne
795 2950 893 3006 diu
925 2950 1181 3023 possesis
1208 2949 1419 3021 Opibus
1450 2947 1820 3020 spoliaretur,
1871 2952 1929 3005 et
1959 2948 2179 3006 deicola

524 3037 1375 3111 Abrahamidarum'progenies
1389 3036 1586 3092 coelico
1614 3053 1852 3094 munere
1871 3037 2173 3093 ditaretur.

528 3131 727 3189 Fuerit
757 3134 816 3187 at
848 3146 1027 3185 causa
1054 3125 1398 3199 hujusmodi
1429 3126 1598 3198 quasi
1650 3126 1976 3182 subsimilis
2025 3127 2174 3198 ejus,

526 3236 645 3293 qua
664 3236 694 3275 e
706 3218 836 3290 jure
847 3216 1230 3288 vituperatur,
1246 3212 1805 3269 fraudulentissima
1821 3213 2176 3286 deceptionis

525 3306 810 3380 mysterii,
844 3305 893 3361 si
922 3304 1526 3360 considereturtamen
1546 3302 2178 3375 humanaimpenetra-

527 3396 690 3464 bilis,
722 3411 898 3467 quam
930 3393 1234 3449 confundit
1250 3392 2028 3464 Deus,sapientiaopacitas;
2055 3409 2176 3447 ma-

527 3483 690 3539 xima
718 3482 850 3539 istic
881 3480 1132 3537 occurrit
1158 3479 1456 3551 sapientiae
1487 3485 1543 3534 et
1573 3480 1826 3534 scientia
1858 3480 1976 3547 Dei,
2008 3482 2177 3552 cujus
2209 3521 2251 3589 Ο

540 3570 652 3589 1119.
722 3570 894 3589 1!,_-_._
941 3571 1084 3589 17)----
1140 3585 1194 3589 ___
1250 3568 1336 3589 nr“
1372 3567 1567 3589 __!____2
1594 3585 1714 3589 --__._
1743 3568 1997 3589 JA31-_A_A
2039 3572 2055 3589 Δ
2092 3588 2097 3589 ,
2126 3587 2137 3589 Α

529 3570 901 3627 altitudinem
936 3571 1109 3631 (Rom.
1140 3585 1219 3634 XI,
1249 3568 1339 3639 33)
1372 3567 2004 3640 miraricumdeiloquo
2026 3572 2175 3643 Apo-

468 3674 474 3689 '
530 3659 701 3729 stole,
736 3657 1294 3731 quamdiscutereac
1312 3657 1733 3728 reprehendere
1763 3674 1897 3713 cum
1920 3660 2179 3715 vesanis-

530 3748 683 3806 simo
712 3746 1120 3803 hareticorum
1152 3744 1415 3817 catalogo
1438 3762 1649 3800 sanum
1665 3748 1931 3802 convenit
1956 3749 2182 3820 sapien-

525 3840 668 3906 tem,
685 3852 787 3909 per
800 3852 900 3892 eos
912 3833 1212 3904 ventilata,
1239 3837 1334 3905 atq
1345 3850 1414 3889 ue
1428 3834 1596 3889 nobis
1614 3838 2180 3921 monstrata,qlu'bus

528 3926 914 4000 cophinorum
946 3923 1252 3980 duodecim
1279 3923 1483 3993 (Matth.
1504 3941 1616 3991 XIV,
1634 3926 1725 3989 20)
1748 3924 2180 3998 implendorum

523 4014 667 4073 data
694 4015 909 4088 legitur
938 4012 1275 4081 auctoritas,
1310 4011 1516 4067 divina
1535 4012 1935 4085 dispositionis
1959 4016 2179 4072 incom-

526 4103 1023 4180 prehensibilitas.
1058 4103 1247 4174 Hujus
1277 4101 1475 4173 itaque
1506 4101 2178 4174 incomprehensibilitas

528 4194 854 4267 multigena
875 4191 1174 4266 mysteria,
1189 4196 1478 4262 quantum
1492 4195 1701 4246 nostra
1721 4191 1942 4248 inertia
1964 4195 2181 4250 divisor

528 4282 628 4338 ille
658 4280 1153 4339 clementissimus
1164 4280 1487 4353 gratiarum
1503 4279 1696 4335 studio
1711 4282 1954 4353 propria
1973 4284 2182 4355 adjice-

527 4387 593 4427 re
605 4369 1451 4444 dignaturindagationls,cum
1465 4369 1905 4426 consideramus
1920 4371 2177 4440 solliciti,

528 4459 817 4532 contingit
831 4477 906 4515 sa
915 4458 1335 4531 pissime,quod
1355 4456 1587 4529 sapiens
1602 4459 1763 4513 fateri
1775 4461 2042 4531 (685)non
2057 4478 2182 4517 eru-

526 4546 1574 4619 buitincomparabilisomnibusziltic
1585 4547 2177 4621 inquisivi,inquiens,

526 4637 877 4705 sapientiam
908 4637 1082 4704 321,
1101 4643 1156 4690 et
1176 4635 1306 4702 ipsa
1328 4636 1491 4704 longe
1519 4638 1773 4705 factaest
1797 4653 1941 4693 ame
1972 4640 2176 4699 (Eccte.

527 4740 630 4791 vn,
662 4724 773 4794 24).
808 4724 922 4779 Nec
954 4724 1193 4794 injuria;
1227 4724 1298 4778 de
1346 4724 1607 4795 piscibus
1660 4725 1814 4780 enim
1857 4726 2012 4782 binis
2062 4744 2177 4783 non

530 4812 659 4871 sine
690 4812 980 4869 laborioso
1011 4813 1082 4868 de
1114 4812 1388 4867 fluctibus
1423 4812 1652 4868 incerta
1702 4814 2055 4885 dapsilitatis
2088 4816 2176 4871 in-

2286 2236 2524 2292 libuerit
2552 2236 2864 2304 memoria,
2897 2237 3261 2309 experiemur
3275 2235 3535 2293 omnimo
3563 2236 3953 2295 voracissima

2286 2326 2511 2382 dictum
2542 2343 2553 2382 :
2587 2328 2702 2396 Qui
2729 2328 2968 2400 apponit
3015 2327 3341 2398 scientiam,
3385 2326 3624 2396 apponit
3677 2327 3953 2385 laborem

2287 2415 2492 2487 (Eccle.
2525 2433 2565 2481 ι,
2628 2416 2735 2485 18).
2786 2415 2910 2472 Non
2970 2419 3111 2470 sunt
3168 2415 3323 2471 enim
3354 2414 3587 2484 triticei,
3622 2418 3688 2471 ut
3738 2414 3951 2473 leviter

2283 2503 2516 2560 valeant
2571 2504 2831 2576 spoliari,
2893 2504 2994 2560 sed
3052 2503 3356 2560 hordeacei
3414 2505 3603 2570 (Joan.
3636 2521 3716 2573 v1,
3760 2506 3841 2577 Ἰ),
3877 2506 3947 2562 ad

2288 2609 2539 2665 quorum
2571 2593 2890 2649 medullam
2924 2593 3019 2648 vix
3050 2593 3237 2665 possit
3263 2592 3429 2648 labor
3467 2591 3952 2651 studiosissimus

2286 2682 2604 2754 pervenire.
2638 2682 2946 2755 Superiore
2970 2682 3152 2755 igitur
3182 2681 3343 2737 mola
3372 2680 3432 2736 in
3460 2680 3809 2754 vertiginem
3839 2684 3949 2739 du-

2287 2774 2397 2840 cta,
2431 2772 2753 2827 subteriore
2785 2772 2950 2844 quasi
2986 2771 3171 2827 otiosa
3194 2770 3447 2841 jacente,
3481 2768 3808 2826 hordeacea
3839 2771 3949 2828 hac

2287 2860 2615 2916 necessario
2648 2861 2804 2927 trita,
2839 2876 3016 2933 quam
3049 2877 3164 2932 pra
3215 2858 3493 2915 manibus
3539 2859 3951 2917 ventilandam

2287 2948 2677 3021 suscepimus,
2713 2966 2965 3014 summa,
2997 2950 3318 3021 eademque
3348 2947 3549 3020 gustui
3606 2949 3948 3022 propinata,

2287 3036 2441 3109 sapit
2472 3036 2639 3093 nobis
2665 3038 2996 3110 z‘Egyptum,
3031 3038 3321 3093 mundum
3352 3040 3405 3092 ie
3435 3036 3694 3108 maligno
3713 3037 3953 3111 signifi-

2287 3142 2450 3194 care;
2486 3126 2867 3193 Pharaonem,
2902 3127 3229 3200 principem
3251 3126 3454 3182 mundi
3476 3126 3779 3183 diabolum
3807 3146 3821 3196 ;
3851 3144 3953 3201 po-

2286 3214 2492 3287 pulum
2524 3214 2646 3271 luto
2676 3219 2733 3271 et
2760 3215 3044 3272 lateribus
3075 3232 3442 3289 oppressum,
3492 3231 3669 3287 quem
3720 3216 3953 3274 missus

2285 3302 2531 3358 liberare
2549 3304 2849 3359 descendit
2876 3305 3180 3373 Dominus,
3201 3321 3385 3378 genus
3401 3305 3752 3374 humanum;
3780 3323 3951 3363 mare

2289 3392 2573 3459 Rubrum,
2593 3392 2955 3465 baptismum
2970 3410 3173 3450 cruore
3186 3394 3493 3467 sanguinis
3508 3393 3783 3464 tinctum,
3809 3397 3954 3452 sub-

2290 3497 2536 3550 mersos,
2595 3486 2849 3553 peccata,
2911 3481 3210 3551 liberatos,
3267 3482 3620 3555 baptismate
3668 3482 3847 3549 lotos,
3897 3489 3954 3541 et

2289 3568 2502 3624 Christi
2534 3569 2819 3641 sanguine
2848 3569 2919 3625 de
2949 3574 3135 3625 morte
3175 3569 3384 3625 anima
3432 3586 3535 3641 per
3581 3568 3952 3627 Salvatorem

2289 3662 2555 3713 nostrum
2583 3659 2936 3730 redemptos.
2966 3659 3047 3714 De
3076 3658 3230 3714 vasis
3274 3658 3488 3726 aureis,
3521 3662 3579 3714 et
3625 3661 3950 3731 argenteis,

2290 3763 2469 3802 suasu
2500 3745 2851 3814 liberatoris,
2881 3747 3243 3803 mu'tuatione
3270 3747 3474 3803 furatis
3493 3747 3642 3819 (784)
3675 3746 3727 3803 si
3758 3747 3954 3804 oritur

2291 3835 2554 3907 quastio;
2588 3852 2747 3907 opes,
2780 3835 2898 3892 sive
2928 3835 3177 3907 phalera
3209 3835 3578 3892 saecularium
3628 3835 3946 3902 librorum,

2290 3940 2440 3996 qua,
2473 3928 2538 3979 ut
2566 3925 2854 3994 videmus,
2892 3942 2926 3980 a
2948 3924 3191 3996 paganis
3221 3925 3454 3997 penitus
3484 3922 3714 3991 ablata,
3738 3923 3802 3979 in
3843 3925 3951 3995 jus

2289 4017 2345 4069 et
2367 4014 2631 4069 decorem
2665 4016 2813 4086 (685)
2836 4015 2962 4084 jam
2990 4014 3130 4070 olim
3157 4014 3540 4083 transierunt,
3566 4012 3804 4069 Christo
3839 4014 3951 4069 tri-

2287 4103 2522 4172 buente,
2554 4120 2797 4174 prorsus
2826 4102 3114 4158 Ecclesia.
3148 4106 3439 4170 Quorsum
3466 4106 3663 4157 tamen
3686 4100 3825 4171 ista,
3848 4120 3945 4159 sa-

2289 4207 2400 4264 gax
2430 4192 2752 4265 interrogat
2784 4191 2833 4247 si
2864 4191 3198 4264 requisitor;
3232 4192 3537 4258 nimirum,
3570 4194 3636 4247 ut
3661 4208 3780 4247 nen
3816 4192 3947 4248 sine

2289 4296 2468 4335 causa
2499 4279 2784 4335 clamasse
2815 4280 3106 4337 fateamur
3132 4280 3503 4352 Apostolum:
3555 4280 3657 4338 Ubi
3684 4281 3942 4351 sapiens,

2288 4370 2387 4424 ubi
2396 4369 2709 4437 scriba,ubi
2720 4370 3026 4441 inquisitor
3041 4374 3214 4443 hujus
3234 4371 3457 4426 swcuti?
3476 4374 3673 4426 Nonne
3691 4368 3946 4425 stultam

2286 4459 2425 4530 fecit
2445 4459 2589 4514 Deus
2606 4459 2950 4529 sapientiam
2965 4462 3251 4531 mundi?(l
3263 4458 3591 4531 Cor.1,20.)J
3599 4475 3694 4513 am
3709 4474 3943 4531 nempe:

2441 4574 2558 4623 Jem
2587 4574 2797 4624 Cariath
2827 4575 3031 4633 Sephor
3057 4576 3219 4626 Josue
3249 4576 3592 4625 destruxerat
3621 4573 3775 4631 alter,

2444 4637 2507 4685 Et
2534 4651 2714 4686 muros
2736 4638 2941 4687 Jericho
2972 4642 3337 4697 prostraverat
3363 4637 3605 4687 funditus
3635 4649 3788 4697 arvo,

2443 4699 2679 4762 Compita
2709 4714 2803 4763 per
2829 4698 3015 4749 mundi
3040 4700 3397 4764 jubilantibus
3428 4699 3608 4749 omnia
3636 4698 3860 4748 sanctis.

2358 4818 2411 4870 2.
2437 4814 2581 4870 Cum
2617 4832 2732 4870 non
2767 4816 2990 4872 minore
3022 4816 3216 4872 studio
3247 4813 3705 4888 historiographi
3757 4813 3941 4870 nostri

527 4902 699 4977 genio
731 4901 1056 4974 acquisitis,
1090 4906 1147 4957 et
1179 4901 1357 4972 quino
1378 4918 1597 4972 panum
1619 4919 1731 4957 non
1760 4903 1887 4960 sine
1901 4905 2174 4977 mysterio
2206 4891 2251 4956 D
2283 4920 2498 4977 agones
2529 4908 2873 4977 martyrum,
2909 4906 3120 4961 merita
3148 4906 3571 4973 confessorem,
3607 4900 3940 4958 calibatum

526 4994 743 5050 itérum
775 5007 1019 5048 numero
1037 4990 1096 5045 bi
1125 4990 1467 5062 fragmentis
1483 4990 1701 5046 bisseni
1725 4991 2023 5064 adimpleti
2041 4999 2179 5049 sunt

598 5117 746 5191 (681)
777 5117 973 5174 Prima
1002 5132 1181 5191 manu
1211 5115 1273 5191 in
1303 5115 1621 5191 Veronensi
1649 5132 1790 5191 ms.,
1824 5133 1891 5171 ex
1912 5134 2027 5188 quo
2054 5119 2176 5191 hoc

525 5187 923 5261 fragmentum
955 5187 1383 5261 primoeditum
1398 5187 1532 5261 fuit,
1549 5187 1832 5261 scriptum
1857 5187 2174 5245 eratNitia-

526 5258 2174 5357 είοὲιεεεῖροεξῖενοοεετελιξξξξίρξξςξιρςιέίέςέευπιξίτιγυι-

526 5333 660 5399 gato
689 5329 900 5386 Vero—n.
933 5338 1061 5387 tum
1114 5330 1427 5404 postremis
1472 5329 1628 5385 curis
1659 5330 1715 5383 in
1770 5346 1879 5383 ms.
1928 5330 2172 5405 Frising.

528 5405 778 5454 recente.

599 5470 742 5544 (682)
776 5471 1186 5544 Supraivocem
1207 5473 1442 5542 veneﬁci
1458 5471 1694 5544 scripsit
1715 5470 2026 5530 Ratberius
2041 5490 2173 5544 spu-

522 5541 660 5615 mei,
691 5558 939 5615 pro_guo
972 5543 1030 5597 in
1060 5561 1169 5599 ms.
1209 5541 1843 5615 Frisingensiipunicei.

595 5611 743 5685 (683)
777 5612 1053 5685 _Verbnm
1110 5617 1289 5684 fateri
1322 5616 1377 5669 in
1404 5611 1564 5685 vulg.
1626 5615 1833 5670 Veron.
1888 5617 2174 5673 omissum

523 5682 928 5755 supplevimus
957 5701 1024 5739 cx
1054 5682 1180 5760 ipso
1212 5686 1409 5742 codice
1439 5682 1779 5759 Capitulari.

2287 4997 2343 5049 et
2368 4993 2787 5049 continentiam
2818 4995 2968 5067 (686)
3004 4994 3302 5068 virginum
3335 5011 3400 5051 ac
3442 4993 3782 5061 viduarum,
3801 5007 3942 5070 poe-

2356 5117 2502 5189 (684)
2537 5118 2599 5173 In
2630 5117 2810 5191 vulg.,
2844 5119 3042 5175 deerat
3070 5122 3140 5186 si,
3163 5124 3218 5175 et
3249 5136 3383 5175 mox
3411 5116 3693 5173 mendose
3712 5114 3940 5171 editum

2284 5194 2410 5263 erat
2437 5206 2642 5261 opes..:
2671 5198 2724 5263 et
2754 5191 2984 5263 fallere,
3021 5192 3177 5263 quod
3207 5192 3454 5247 verbum
3487 5193 3670 5263 totam
3702 5191 3941 5263 senten—

2285 5257 3218 5335 tiam;pervertit.‘Correcti'onem
3250 5263 3376 5335 ipse
3420 5261 3599 5335 codex
3646 5257 3932 5335 exhibuit.

2356 5332 2501 5403 (685)
2534 5333 2624 5386 Sic
2652 5332 2961 5388 Ratberius
2989 5335 3247 5390 secunda
3274 5331 3451 5389 manu
3483 5332 3543 5386 in
3576 5331 3783 5385 eodem
3824 5346 3935 5386 ms.

2285 5402 2624 5478 Veronensi:
2651 5403 3064 5478 primaautem
3096 5406 3413 5478 scripserat
3433 5403 3685 5478 jamdiu.

2357 5476 2503 5545 (686)
2536 5476 2620 5529 Ita
2647 5470 2715 5529 ex
2744 5475 2941 5531 codice
2968 5470 3613 5532 emendavimusfMale
3645 5473 3704 5545 in
3750 5470 3936 5545 vulg._,

2282 5550 2340 5600 et
2359 5543 2756 5603 constantiam.
2783 5548 3224 5604 Substantivum
3248 5550 3572 5604 cwlibatum
3591 5544 3843 5600 refertur
3862 5543 3933 5597 ad

2283 5618 2557 5692 virgines,
2592 5620 3007 5676 continentiam
3054 5620 3126 5676 ad
3167 5620 3397 5676 viduas.
3432 5618 3579 5673 Hinc
3627 5616 3691 5670 in
3718 5614 3943 5671 litaniis
