4056 6390
194 366 319 432 «1τὸ

1091 364 1515 433 INVEGTIVA
1554 364 1659 430 DE
1701 361 2136 429 TRANSLAT.
2183 364 2251 428 S.
2292 360 2720 428 METRONIS.

3485 352 3615 422 4η

204 499 512 559 nitentium
534 499 861 560 describere
876 500 1205 577 gestiebant
1224 516 1847 573 conversorum,quam
1876 500 1933 567 Α
1961 497 2194 571 aliquis,
2228 496 2328 571 qui
2353 496 2696 571 praevideret
2721 494 2938 564 locum,
2969 492 3092 551 tam
3119 488 3443 567 pretiosum
3472 508 3609 551 cono

205 590 549 665 eloquentiae
577 596 881 649 venustate
932 595 1141 648 cuncto
1171 590 1380 648 saeculo
1433 589 1730 664 praedicati
1780 588 1848 645 li-

203 680 493 737 beralium
524 681 738 738 artium
769 680 855 737 illi
878 680 967 737 vel
996 682 1347 751 inventores,
1377 680 1466 736 vel
1504 682 1848 753 propagato-

201 786 319 839 res,
353 787 502 843 quos
530 771 783 827 mendax
813 769 1056 843 protulit
1103 770 1477 843 potissimum
1527 768 1764 835 Graecia,
1796 770 1880 839 et.

202 858 434 932 poetica
460 858 776 933 garrulitas
800 875 1032 932 semper
1060 860 1132 914 de
1162 857 1414 914 falsitate
1462 858 1705 933 inﬂabat
1753 874 1852 912 or-

203 960 365 1025 nata,
399 973 539 1012 suos
589 955 864 1013 laudibus
895 954 1167 1012 extollere
1197 972 1312 1011 non
1345 932 1592 1011 cessavit
1620 955 1848 1013 heroas.

202 1045 374 1102 Nunc
403 1061 562 1113 vero,
586 1044 732 1117 proh
756 1044 975 1117 pudor!
1004 1044 1222 1103 nostris
1244 1042 1466 1116 utique,
1496 1057 1852 1114 avorumque

200 1134 575 1206 temporibus
606 1133 694 1207 (ut
721 1134 1011 1205 conjicere
1039 1149 1321 1206 cogamur
1349 1150 1463 1189 non
1496 1133 1669 1205 longe
1697 1133 1851 1189 822

202 1220 370 1279 illius
423 1223 629 1279 abesse
684 1222 997 1279 adventum
1028 1222 1100 1278 de
1156 1238 1272 1293 quo
1303 1225 1392 1277 est
1418 1221 1851 1293 prophetatum,

205 1325 329 1382 qua
361 1311 564 1382 faciem
591 1312 707 1383 ejus
730 1310 995 1381 praecedet
1034 1314 1240 1380 egestas
1284 1310 1400 1381 (Job
1441 1328 1552 1379 xm,
1575 1311 1660 1382 13)
1692 1314 1856 1365 tanta

204 1399 410 1457 orbem
430 1399 630 1471 inopia
647 1400 794 1471 (687)
816 1398 1029 1454 invasit
1048 1398 1424 1470 scriptorum,
1447 1402 1512 1453 ut
1533 1398 1583 1453 si
1622 1414 1739 1470 qua
1767 1396 1855 1453 vel

205 1495 449 1565 nostris,
480 1495 569 1552 vel
601 1495 859 1563 illorum,
882 1512 1029 1568 quos
1061 1494 1296 1568 protuli,
1328 1495 1712 1567 temporibus;
1752 1495 1857 1550 ali-

206 1602 329 1658 qua
358 1584 705 1641 meritorum
736 1584 1022 1641 effulserit
1059 1585 1456 1656 praerogativa,
1508 1583 1696 1656 magis
1748 1583 1857 1639 hoc

201 1673 443 1747 vulgus,
467 1689 645 1746 quam
668 1672 913 1745 quilibet
940 1671 1748 1729 extuleritlitteratus.Dicant
1775 1689 1859 1728 er-

206 1778 306 1836 go,
335 1760 555 1834 ﬂagito,
589 1761 661 1816 ad
686 1777 833 1833 quos
855 1777 1002 1816 usus
1023 1760 1096 1816 ab
1124 1760 1406 1834 Egyptiis
1428 1759 1530 1817 illa
1557 1765 1857 1818 mutuave-

200 1842 331 1916 rint
359 1876 519 1929 vasa,
554 1876 681 1933 quae
727 1859 1030 1933 possident
1067 1876 1245 1915 aurea
1273 1858 1360 1915 vel
1393 1862 1687 1932 argentea,
1718 1859 1767 1915 si
1798 1859 1858 1914 in
1889 1873 1937 1938 Β

203 1947 587 2006 tabernaculo
614 1948 705 2006 vel
760 1948 978 2020 templo
1028 1947 1248 2021 aliquid
1296 1948 1433 2004 inde
1471 1952 1714 2004 ornatus
1743 1962 1862 2006 nc:

207 2036 487 2095 exhibent
529 2035 783 2093 Domini.
836 2036 1013 2093 Orma
1067 2035 1187 2093 illis
1233 2053 1452 2103 vereor,
1488 2035 1663 2092 Orma
1693 2036 1858 2109 (688),

134 2170 143 2173 ν
205 2127 479 2200 inquam,
530 2124 648 2182 illis
689 2143 792 2198 pro
839 2126 1039 2181 futura
1066 2124 1194 2181 auri
1224 2125 1426 2198 regula
1456 2126 1581 2198 (Jos.
1613 2143 1712 2194 vn,
1746 2126 1860 2197 21),

204 2232 319 2273 nec
369 2214 556 2287 Moysi
612 2214 1029 2270 demonstrata.
1092 2216 1227 2270 Erat
1261 2216 1525 2270 Dominus
1578 2216 1733 2271 Jesus
1759 2215 1861 2287 eji-

205 2307 360 2362 ciens
389 2303 743 2372 daemonium,
776 2310 827 2358 et
858 2302 1001 2358 illud
1051 2311 1169 2359 erat
1194 2307 1409 2358 mutum
1430 2322 1454 2369 ;
1481 2312 1531 2358 et
1584 2320 1710 2358 cum
1761 2306 1866 2375 eje-

205 2396 370 2451 czlsset
399 2393 754 2462 dminonium,
818 2393 1027 2449 locutus
1074 2400 1154 2449 est
1199 2400 1382 2447 mutus
1412 2393 1561 2464 (Luc.
1617 2410 1696 2465 ιιι,
1749 2393 1859 2465 14).

206 2483 385 2538 Iteret
414 2481 525 2537 hoc
555 2486 726 2549 Deus,
760 2497 1088 2554 precemur,
1136 2478 1509 2547 miraculum,
1542 2485 1600 2536 et
1628 2480 1863 2537 laudem

207 2570 446 2628 Domini
477 2569 754 2642 loquatur
781 2586 847 2626 os
877 2574 1147 2629 nostrum
1189 2570 1358 2642 (Psal.
1393 2586 1572 2637 exuv,
1603 2571 1717 2639 21).

283 2686 339 2742 3.
608 2686 735 2758 jam
766 2684 946 2758 igitur
970 2685 1104 2755 jure
1136 2701 1511 2741 succenseam
1546 2685 1730 2741 nostri
1761 2703 1864 2757 pa-

206 2778 599 2847 truorumque
610 2773 890 2846 temporis
904 2772 1272 2829 scholasticis
1294 2774 1469 2829 etiam
1484 2791 1639 2830 nunc
1657 2778 1863 2832 moesto

209 2865 556 2938 depromam
586 2862 769 2918 relatu
801 2862 970 2935 (689).
1003 2861 1326 2935 Contigisse
1368 2861 1627 2935 primum
1682 2863 1866 2919 fateor

208 2970 419 3027 nuper,
452 2952 562 3008 hoc
610 2955 699 3009 est
744 2954 1025 3023 tempore,
1061 2967 1175 3024 quo
1221 2956 1427 3007 cuncto
1475 2951 1864 3024 praedicabilis

210 3041 429 3100 saeculo
451 3040 933 3114 gloriosissimus,
958 3038 1537 3113 aequissimus,atque
1560 3039 1864 3113 piissimus

210 3133 344 3190 Otto
374 3130 696 3202 imperatur
712 3130 1011 3201 Augustus
1035 3127 1263 3184 Italiam
1286 3129 1528 3185 feliciter
1551 3128 1866 3185 intraverat

1956 588 2238 644 tinentem
2269 587 2632 642 thesaurum.

2114 677 2226 726 Heu
2256 675 2430 725 dolor!
2466 673 2711 724 orbicolae
2742 673 3008 737 ingentes,
3039 673 3275 736 obsecro,
3307 673 3444 723 ﬂete.

2033 764 2173 830 Quis
2203 763 2360 820 enim
2386 767 2444 818 te
2473 763 2618 818 satis
2648 777 2904 834 carpere,
2945 761 3064 818 imo
3095 761 3393 834 deplorare
3422 759 3601 833 (quod

1959 857 2049 910 est
2074 853 2281 919 tutius,
2315 855 2372 908 et
2419 850 2846 921 rationabilius)
2896 849 3112 907 misera
3155 854 3346 923 potest
3389 848 3604 905 Italia?

1958 940 2325 1014 Principibus
2345 939 2754 1013 indignissime
2784 937 3042 994 abuteris
3064 938 3479 1011 apostolorum,
3512 954 3607 994 su-

1960 1047 2064 1103 per
2091 1035 2375 1102 martyres
2405 1028 2688 1101 graderis,
2720 1026 3080 1082 confessores
3128 1026 3345 1098 plantis
3391 1027 3602 1097 calcas,

1959 1119 2250 1193 virginum
2280 1117 2609 1174 veneranda
2636 1115 2884 1189 pedibus
2921 1116 3075 1172 323
3105 1114 3604 1172 immundissimis

1960 1208 2102 1264 teris
2122 1206 2409 1278 sepulcra,
2433 1209 2490 1263 et
2508 1221 2720 1262 canum
2743 1219 2902 1260 more
2923 1202 3124 1259 fenum
3139 1203 3271 1260 aliis
3290 1204 3607 1275 prohiben-

1960 1297 2133 1363 tium,
2163 1295 2378 1351 latratu
2410 1294 2745 1368 praainvido,
2779 1308 2928 1364 quos
2957 1292 3217 1348 venerari
3248 1293 3607 1349 detrectave-

1964 1401 2060 1441 ras
2106 1387 2442 1457 praesentes,
2503 1381 2830 1438 maledictis
2879 1380 3247 1453 persequeris
3301 1382 3606 1452 abeuntes,

1965 1474 2105 1541 imo,
2141 1474 2295 1545 quod
2326 1471 2608 1539 veracius,
2636 1475 2693 1525 te
2725 1470 3034 1542 fugientes,
3058 1468 3204 1526 alios
3220 1470 3609 1543 requirentes.

1965 1563 2169 1619 Nonne
2190 1560 2597 1618 infelicissima
2610 1558 2698 1615 vel
2715 1558 3078 1632 congaudere
3099 1559 3383 1616 debueras
3405 1575 3609 1616 eorum

1968 1652 2049 1725 [id
2077 1659 2156 1709 est
2183 1651 2565 1721 sanctorum],
2601 1647 2704 1720 qui
2732 1648 2839 1704 tibi
2869 1663 2988 1719 prae
3024 1647 3402 1704 multitudine
3427 1648 3610 1713 viluee

1966 1744 2124 1808 runt,
2158 1738 2388 1806 honori,
2432 1754 2536 1795 nee
2566 1736 2824 1793 invidere
2852 1752 3076 1805 eorum,
3111 1735 3213 1808 qui
3255 1752 3390 1792 cum
3420 1735 3612 1792 nullos

1966 1830 2271 1896 haberent,
2325 1825 2743 1901 aliquantulos,
2807 1843 2939 1882 eum
2995 1825 3323 1898 indigerent
3380 1825 3547 1896 (691),
3580 1843 3616 1882 a

1970 1916 2216 1975 Domino
2249 1917 2509 1989 accipere
2551 1917 2915 1981 meruerunt,
2946 1912 3252 1982 desiderio,
3301 1913 3612 1984 devotioni,

1970 2003 2343 2077 atque.......?
2385 2003 2570 2067 Quare
2596 2002 2657 2057 in
2706 2002 2818 2058 isto
2848 1999 3056 2058 saltem
3087 2000 3244 2058 illius
3276 2018 3393 2058 non
3424 2018 3615 2058 recor-

1969 2093 2093 2151 dari
2146 2094 2317 2165 juvat
2370 2090 2709 2164 apostolici:
2776 2090 2885 2158 Qui
2936 2089 3193 2146 habuerit
3246 2092 3616 2148 substantiam

1967 2182 2184 2250 mundi,
2213 2190 2265 2237 et
2313 2180 2511 2237 viderit
2555 2171 2788 2250 fratrem
2836 2195 3000 2234 suum
3054 2195 3263 2235 necesse
3317 2179 3533 2248 habere,
3563 2187 3616 2237 et

1970 2272 2229 2328 clauserit
2270 2271 2476 2325 viscera
2503 2285 2604 2324 sua
2654 2267 2722 2323 ab
2774 2283 2855 2335 eo,
2908 2267 3168 2339 quomodo
3221 2268 3460 2324 charitas
3513 2268 3616 2324 Dei

1968 2365 2154 2417 manet
2180 2362 2240 2415 in
2268 2362 2372 2416 eo?
2410 2358 2457 2431 (ι
2477 2359 2633 2414 Joan.
2667 2374 2752 2421 ιιι,
2786 2355 2901 2429 17.)
2935 2355 3029 2411 Et:
3062 2356 3268 2427 Diliges
3292 2357 3613 2428 proximum

1972 2459 2131 2507 tuum
2165 2451 2306 2505 sicut
2343 2450 2574 2519 teipsum
2602 2446 2811 2515 (Matth.
2838 2462 2954 2516 xxx,
2980 2445 3088 2517 19).
3131 2444 3249 2501 Cur
3291 2445 3453 2502 doles
3482 2461 3615 2518 per-

1972 2539 2182 2604 ditum,
2206 2537 2361 2609 quod
2391 2552 2523 2591 cum
2557 2535 2821 2601 haberes,
2839 2550 2955 2589 non
2978 2533 3119 2588 adeo
3138 2532 3422 2606 diligebas
3442 2533 3470 2588 Ἰ
3500 2534 3613 2591 Sed

1971 2644 2170 2685 revera
2187 2643 2306 2683 non
2329 2624 2512 2693 doles,
2535 2624 2636 2680 sed
2660 2622 2852 2679 dolere
2883 2626 2938 2678 te
2969 2622 3041 2678 ad
3071 2623 3463 2694 quorumdam
3484 2639 3617 2696 sug-

1971 2716 2333 2790 gillationem
2364 2714 2547 2786 impia
2574 2713 2769 2785 fingis.
2802 2711 2949 2767 Nam
2979 2711 3029 2767 si
3060 2711 3339 2767 veraciter
3366 2712 3617 2768 amissos

1972 2806 2221 2871 doleres,
2255 2803 2485 2860 relictos
2510 2802 2801 2858 devotiore
2830 2799 2990 2856 cultu
3021 2800 3331 2857 excoleres.

2044 2897 2098 2951 4.
2130 2894 2275 2950 Vere
2303 2898 2521 2958 tamen,
2555 2907 2893 2963 quanquam
2927 2889 3208 2945 invidiose
3226 2888 3331 2945 tibi
3350 2889 3619 2962 praelatos

1971 2984 2166 3041 valeas
2193 2981 2584 3053 obloquendo,
2618 2985 2682 3035 ut
2700 2978 2950 3046 conaris,
2974 2977 3414 3050 reprehendere,
3444 2982 3502 3035 te
3530 2982 3618 3035 ια-

1974 3091 2108 3129 men
2142 3070 2410 3127 meliores
2439 3069 2654 3125 suadeo
2685 3067 2902 3139 cogites
2933 3065 3174 3121 minime
3195 3065 3499 3123 meruisse.
3520 3065 3618 3122 Di-

1975 3166 2135 3218 ctum
2188 3160 2344 3216 enim
2406 3159 2475 3214 de
2505 3158 2620 3213 Deo
2650 3155 2864 3229 legitur
2910 3153 3302 3223 veracissime,
3353 3155 3506 3226 quod
3540 3170 3622 3211 re-

209 3216 1862 3326 triumphaverit-ﬁrma13W:misisses“):
1896 3239 1940 3307 c
2180 3251 2349 3322 faciat
2380 3216 2967 3318 ιινροονυειαηῖρνοριεν
2988 3250 3214 3315 peccata
3237 3216 3432 3315 ρδρᾱιί
3476 3243 3615 3315 uol.

212 3328 291 3384 pa
322 3326 442 3366 non
492 3307 683 3364 solum
736 3305 915 3376 illius,
950 3306 1049 3378 qui
1082 3310 1222 3362 tunc
1271 3306 1413 3362 inibi
1454 3306 1866 3380 indignissime

207 3400 478 3474 praeerat,
510 3396 610 3453 sed
641 3400 700 3451 et
740 3411 1045 3469 sexageno,
1096 3396 1195 3467 qui
1235 3412 1372 3451 eum
1422 3400 1861 3468 praecesserant,

213 3511 510 3555 annorum
535 3492 847 3562 curriculo,
881 3493 1188 3549 damnum.
1212 3493 1534 3564 Cujusdam
1554 3493 1710 3550 enim
1732 3495 1869 3565 (hac-

214 3603 315 3643 reo
348 3583 704 3641 confessoris
725 3583 936 3649 dicam,
956 3599 1029 3638 an
1054 3581 1350 3654 martyris)
1380 3583 1658 3640 Metronis
1679 3585 1866 3639 sancti

213 3690 433 3747 corpus
454 3689 523 3728 ex
551 3670 833 3728 suburbio
860 3664 1112 3727 civitatis
1136 3671 1425 3742 ejusdem,
1449 3672 1602 3744 quod
1625 3671 1868 3729 basilica

213 3764 374 3821 beati
403 3759 678 3834 martyris
726 3759 1061 3815 continebat
1086 3758 1314 3827 Vitalis,
1362 3761 1516 3816 furto
1560 3760 1862 3830 laudabili,

215 3859 537 3919 amissione
551 3856 871 3914 damnabili
890 3857 1080 3913 fuerat
1091 3858 1585 3930 asportatum.Cuj
1595 3875 1665 3915 us
1679 3859 1867 3915 sancti

216 3948 568 4007 memoriam
598 3963 702 4019 pro
725 3946 1030 4018 signorum
1061 3945 1580 4002 innumerabilium
1603 3947 1867 4019 ejusdem

214 4038 375 4097 beati
405 4039 637 4111 patratu
667 4034 813 4090 inibi
843 4034 1254 4104 cxhibitorum,
1292 4051 1426 4091 eum
1446 4035 1704 4110 vulgaris
1734 4036 1867 4093 reli-

216 4129 384 4203 gioso
415 4142 611 4183 amore
637 4124 1030 4197 frequentaret
1071 4128 1321 4192 caterva,
1355 4123 1496 4181 solis
1522 4125 1869 4181 miserrimis

216 4218 532 4301 episcopis,
554 4226 612 4279 et
641 4222 742 4296 qui
761 4221 1078 4278 vanissimo
1100 4220 1295 4279 labore
1318 4222 1550 4295 siliquis
1568 4222 1870 4280 incumbe-

216 4317 365 4373 bant
394 4327 701 4387 porcorum
733 4311 994 4378 edendis,
1050 4325 1228 4383 quam
1257 4310 1376 4368 illis
1405 4311 1641 4368 triticeas
1674 4311 1870 4368 dulce-

217 4403 378 4461 dinis
397 4401 670 4475 panibus,
690 4400 905 4473 quibus
918 4399 1411 4455 mereenuriorum
1431 4400 1871 4456 multitudinem

220 4491 524 4550 abundare
553 4489 833 4563 prodigus
873 4489 944 4544 ad
976 4492 1201 4562 patrem
1234 4489 1549 4556 rediturus,
1583 4506 1646 4545 se
1673 4492 1871 4546 autem

218 4590 380 4646 fame
401 4586 606 4662 perire,
631 4585 971 4675 deplorabat
990 4585 1168 4675 ﬁlius,
1202 4586 1459 4643 italocus
1482 4587 1693 4658 isdem,
1727 4585 1871 4658 proh
1904 4610 1952 4675 D

218 4675 442 4749 nefas!)
463 4675 731 4747 viluerat,
764 4678 831 4730 ut
860 4674 1147 4731 militibus
1178 4676 1367 4732 reditu
1392 4676 1538 4748 (690)
1562 4675 1751 4733 eidem
1781 4693 1871 4732 ec-

220 4766 413 4825 clesiae
437 4763 785 4838 competenti
832 4764 1066 4833 donato,
1108 4766 1410 4838 presbyter
1439 4781 1544 4822 nec
1574 4764 1692 4821 illic
1723 4769 1877 4822 esset

224 4908 652 4981 antiquis,quaa
672 4905 948 4981 leguntur
968 4907 1025 4981 in
1047 4923 1158 4981 ms.
1193 4908 1280 4963 33.
1317 4907 1566 4980 Capituli
1583 4908 1875 4964 Veronen-

224 4982 310 5039 sis
337 4978 472 5053 pbst
497 4978 704 5037 sanctae
734 4978 981 5050 uirgines
1009 4978 1258 5033 habetur
1285 4978 1490 5037 sanctae
1518 4982 1878 5048 continentes,

226 5054 285 5109 id
317 5056 407 5109 est
437 5049 1058 5123 sanetaiividuzesl’ost
1080 5049 1366 5123 nonnulla
1393 5052 1653 5107 extollere
1673 5068 1776 5123 pro
1801 5059 1878 5107 at-

226 5125 418 5183 tollere
449 5139 520 5179 ex
548 5121 786 5179 laudato
810 5119 1007 5177 codice
1028 5120 1341 5176 edidimus.

322 5194 451 5271 68?)
481 5191 961 5271 ErimaﬁRatherii
986 5208 1163 5271 manu
1192 5193 1482 5271 scripturn
1505 5197 1629 5271 erat
1651 5202 1875 5271 egestas.

322 5264 454 5334 688)
481 5264 639 5331 Vul.,
671 5265 828 5321 Orma
858 5264 975 5319 illis
1004 5264 1193 5320 bereor
1223 5265 1415 5320 Onam.
1444 5264 1634 5321 Codex
1663 5265 1874 5321 habet:

231 5335 384 5397 Orno
409 5338 529 5394 illis
554 5351 741 5393 vereor
776 5350 989 5408 omam.
1040 5335 1248 5408 Melius
1301 5336 1586 5408 scriptum
1645 5336 1880 5393 fecisset

227 5413 463 5479 Horma,
479 5408 538 5463 id
566 5412 656 5464 est
675 5407 988 5473 anathema,
1009 5405 1291 5479 vocabulo
1313 5405 1548 5479 sumpto
1570 5423 1640 5463 ex
1660 5408 1877 5463 Nume-

227 5497 434 5539 rorum
454 5478 604 5536 libro
627 5495 753 5551 cap.
779 5495 942 5545 xxm,
972 5493 1122 5551 vers.
1152 5483 1202 5532 3.
1226 5477 1371 5551 Cum
1399 5477 1569 5551 porro
1592 5478 1880 5535 indicetur

227 5555 455 5610 furtum
485 5548 945 5624 regulas—aureae,
978 5549 1050 5624 de
1082 5566 1197 5624 quo
1224 5549 1283 5603 in
1311 5548 1459 5605 libro
1488 5549 1666 5624 Josue
1694 5567 1745 5605 c.
1776 5568 1875 5618 vn,

226 5619 579 5696 hisprimis'
612 5621 770 5696 curis
800 5619 1117 5696 Ratherius
1150 5619 1319 5693 lapsu
1368 5622 1663 5696 memoria:
1710 5623 1881 5696 Moysi

227 5693 469 5768 scripsit
497 5711 601 5768 pro
628 5695 827 5761 Iosue;
858 5693 1024 5768 quod
1042 5695 1240 5768 tamen
1273 5693 1584 5768 postremis
1614 5693 1770 5768 curis
1801 5693 1875 5750 ab

227 5783 296 5827 eo
327 5763 708 5826 emendatum
740 5781 809 5822 ex
838 5781 950 5821 ms.
983 5763 1340 5837 Frisingensi
1370 5765 1795 5839 perspeximus.

1973 3357 2164 3407 xxxrv,
2188 3338 2277 3410 30)
2329 3337 2573 3408 Ipseque
2603 3334 2672 3390 de
2702 3349 2802 3389 se:
2834 3334 3000 3397 Dabo,
3027 3332 3239 3404 inquit,
3267 3334 3347 3387 eis
3375 3347 3527 3401 reges
3557 3333 3619 3387 in

1971 3433 2160 3504 furore
2188 3443 2322 3496 meo,
2364 3433 2415 3482 et
2444 3426 2505 3480 in
2533 3425 2622 3479 ira
2649 3439 2773 3478 mea
2816 3421 2964 3493 (0ss.
2995 3437 3115 3488 XIII,
3149 3419 3259 3492 11).
3310 3419 3371 3476 Si
3401 3423 3619 3493 marty-

1976 3536 2100 3577 rem
2130 3532 2271 3574 sane
2322 3519 2491 3571 tuum
2522 3517 2824 3584 tantopere
2872 3509 3179 3584 diligebas,
3222 3512 3290 3565 ut
3328 3507 3469 3581 quid
3497 3513 3619 3565 tam

1977 3608 2131 3665 male
2161 3602 2575 3662 eustodiebas‘?
2625 3598 3016 3669 Consenserit,
3048 3604 3114 3654 ut
3154 3596 3452 3654 criminari
3484 3615 3621 3654 con-

1976 3695 2190 3765 tendis,
2211 3693 2401 3750 altiori
2420 3692 2564 3748 forte
2584 3688 2828 3747 consilio
2850 3686 3107 3761 amplius
3127 3686 3490 3744 convenienti
3512 3686 3625 3744 dis-

1977 3785 2187 3859 posito,
2220 3787 2359 3838 tuus
2418 3781 2766 3854 episeOpus:
2815 3781 2901 3844 tu,
2961 3793 3086 3849 qua:
3117 3779 3348 3832 tantum
3395 3774 3623 3833 facinus

1977 3874 2386 3940 abhorrueras,
2410 3885 2582 3926 nosse
2607 3866 2736 3923 volo
2760 3883 2865 3922 cur
2893 3865 3292 3922 abhorrueris.
3324 3864 3470 3928 Quia
3498 3879 3625 3937 pes-

1978 3962 2221 4029 simum,
2242 3959 2463 4032 inquis,
2491 3957 2646 4030 quod
2676 3957 2760 4012 ita
2788 3958 3022 4013 sanctos
3041 3953 3342 4027 perdimus
3368 3956 3621 4009 nostros.

1979 4050 2317 4117 Verissime,
2371 4048 2473 4103 sed
2513 4044 2949 4101 convenientius
2980 4043 3202 4098 diceres
3256 4041 3425 4113 (692).
3458 4041 3621 4105 Quod

1979 4138 2167 4198 sancti
2186 4138 2266 4194 ita
2286 4153 2391 4192 nos
2422 4134 2655 4208 fugiunt
2683 4131 2886 4189 nostri.
2908 4129 3123 4203 Turpis
3153 4146 3294 4187 sane
3317 4127 3465 4184 lucri
3494 4145 3624 4185 cru-

1981 4228 2156 4302 pidus
2181 4243 2318 4282 eum
2348 4241 2520 4280 nemo
2550 4223 2627 4279 sit
2657 4225 2915 4288 sanctus,
2939 4219 3250 4275 honestum
3281 4216 3503 4290 fugisse
3531 4216 3622 4273 lu-

1982 4333 2147 4375 crum
2179 4332 2350 4371 nemo
2402 4312 2697 4368 invenitur
2725 4313 3082 4366 sanctorum.
3116 4308 3439 4363 Honestum
3491 4322 3624 4363 vero

1979 4407 2210 4463 lucrum
2241 4409 2348 4473 est,
2382 4402 2537 4475 quod
2568 4399 2778 4457 caelum
2808 4397 3141 4472 locupletat,
3172 4400 3459 4452 tartarum
3490 4413 3625 4470 spo-

1982 4497 2106 4553 liat.
2141 4495 2199 4551 Si
2231 4509 2362 4549 vero
2391 4496 2448 4548 te
2468 4488 2714 4563 fugienti
2734 4505 2969 4561 quoquo
2991 4486 3202 4543 annisu
3235 4485 3375 4541 illuc
3405 4485 3490 4542 ire
3508 4486 3630 4558 pla-

1981 4585 2103 4642 cuit
2127 4582 2300 4640 alicui
2319 4585 2540 4652 sancto,
2563 4578 2663 4634 ubi
2687 4595 2790 4652 pro
2822 4577 3162 4645 reverentia,
3186 4590 3365 4648 quam
3386 4574 3630 4633 honeste

1984 4674 2227 4730 minime
2256 4669 2530 4738 habebat,
2565 4667 2677 4724 sibi
2709 4683 2906 4723 amore
2927 4664 3143 4722 Christi
3167 4662 3445 4730 exhibita,
3466 4680 3631 4736 para-

1987 4763 2152 4819 disus
2169 4763 2239 4817 de
2263 4759 2575 4817 animabus
2588 4755 2809 4812 devotis
2822 4753 3143 4828 repleretur
3162 4751 3436 4811 aetherius
3458 4753 3626 4826 (693),

2058 4903 2209 4975 (689)
2236 4900 2433 4975 Vulg._,
2486 4915 2573 4975 me
2626 4897 2814 4975 stud...
2856 4897 3187 4975 depromam.
3243 4894 3363 4966 Ope
3379 4893 3629 4975 “codicis

1983 4963 2203 5031 Ve‘ron.’
2220 4963 2682 5046 emendavimus:
2706 4973 2766 5046 et_
2782 4963 2955 5041 paulo
2979 4967 3145 5046 aliter
3165 4966 3224 5021 in
3246 4963 3625 5046 nistFri-sing.

1985 5046 2299 5120 postremis
2329 5044 2486 5101 curis
2535 5039 2846 5098 Ratherius
2891 5040 3230 5111 maestiloquo
3260 5039 3497 5106 scripsit
3523 5052 3627 5107 pro

1984 5124 2190 5175 msto.

2078 5189 2204 5262 690)
2226 5187 2322 5262 lla
2347 5187 2544 5243 codex.
2580 5182 2729 5262 Male
2758 5181 2819 5237 in
2850 5180 3031 5262 vulg.,
3063 5179 3320 5262 ejusdem.

2078 5193 2183 5245 690
2238 5193 2322 5243 lta
2347 5193 2544 5243 codex.
2581 5193 2729 5240 Male
2758 5193 2819 5237 in
2850 5193 3031 5253 vulg.,
3063 5193 3320 5262 eiusdem.

2058 5193 2409 5333 E69lgi’oces
2428 5274 2552 5314 cum
2582 5255 2906 5333 indigerent,
2932 5269 3056 5323 quas
3081 5268 3141 5305 1n
3174 5250 3332 5324 vulg.
3366 5250 3628 5317 deerant,

1987 5326 2412 5390 exms.'Veron.
2447 5326 2867 5399 supplevimus.

2059 5404 2205 5477 (692)
2230 5392 2541 5477 Ratherius
2562 5392 2672 5469 pro
2700 5395 2904 5450 diceres
2928 5392 3120 5466 prima
3169 5410 3347 5450 manu
3379 5393 3627 5466 scripse~

1986 5475 2078 5532 rat
2107 5475 2376 5532 fatereris.

2059 5479 2531 5620 ἒϐςῖέῖνῗίέδᾶοᾶθχ
2563 5538 2738 5620 idem.
2772 5535 3106 5620 Habebatur
3125 5537 3195 5620 in
3222 5536 3383 5620 vulg.
3417 5536 3631 5620 ‘minus

1986 5608 2135 5675 bene
2159 5608 2445 5672 {tartarus
2476 5612 2805 5682 uacuaretur
2834 5608 3088 5682 inferius.
3125 5610 3258 5665 Mox
3287 5608 3388 5682 ubi
3406 5608 3632 5682 legitur

1986 5691 2276 5747 meruisset
2314 5692 2597 5740 tuorum...
2630 5680 2889 5750 videaris,
2940 5681 3131 5752 prima
3161 5681 3417 5738 Ratherii
3450 5680 3629 5735 manu

1989 5763 2273 5835 scriptum
2305 5756 2493 5814 fuerat
2521 5754 2809 5811 meruisset
2835 5755 3216 5811 vestratium...
3240 5752 3559 5810 videamini.
