  <div class='ocr_page' id='page_1' title='image "/cluster/home/n/w/nwhite01/storage/ocr_20150623/136/umn.31951002477429o/245.png"; bbox 0 0 4056 6378; ppageno 0'>
   <div class='ocr_carea' id='block_1_1' title="bbox 467 335 2069 407">
    <p class='ocr_par' dir='ltr' id='par_1_1' title="bbox 467 335 2054 407">
     <span class='ocr_line' id='line_1_1' title="bbox 467 335 2054 407; baseline -0.003 -1"><span class='ocrx_word' id='word_1_1' title='bbox 467 335 588 406; x_wconf 60' lang='lat'>378</span> <span class='ocrx_word' id='word_1_2' title='bbox 1385 338 1768 407; x_wconf 66' lang='lat' dir='ltr'>RATHERII</span> <span class='ocrx_word' id='word_1_3' title='bbox 1806 338 2054 404; x_wconf 75' lang='lat' dir='ltr'>EPISC‘.</span> 
     </span>
    </p>
   </div>
   <div class='ocr_carea' id='block_1_2' title="bbox 2307 335 3909 407">
    <p class='ocr_par' dir='ltr' id='par_1_2' title="bbox 2307 336 3909 405">
     <span class='ocr_line' id='line_1_2' title="bbox 2307 336 3909 405; baseline 0.001 -3"><span class='ocrx_word' id='word_1_4' title='bbox 2307 340 2390 402; x_wconf 64' lang='lat' dir='ltr'>lN.</span> <span class='ocrx_word' id='word_1_5' title='bbox 2439 338 2616 404; x_wconf 87' lang='lat' dir='ltr'>OPP.</span> <span class='ocrx_word' id='word_1_6' title='bbox 2659 338 2864 405; x_wconf 79' lang='lat' dir='ltr'><strong>PARS</strong></span> <span class='ocrx_word' id='word_1_7' title='bbox 2907 336 2958 404; x_wconf 87' lang='grc' dir='ltr'><strong>Ῑ.</strong></span> <span class='ocrx_word' id='word_1_8' title='bbox 3775 337 3909 404; x_wconf 62' lang='grc' dir='ltr'>ιηθ</span> 
     </span>
    </p>
   </div>
   <div class='ocr_carea' id='block_1_3' title="bbox 467 469 2069 548">
    <p class='ocr_par' dir='ltr' id='par_1_3' title="bbox 467 472 2069 548">
     <span class='ocr_line' id='line_1_3' title="bbox 467 472 2069 548; baseline -0.002 -15"><span class='ocrx_word' id='word_1_9' title='bbox 467 478 758 534; x_wconf 79' lang='lat' dir='ltr'>tartareus</span> <span class='ocrx_word' id='word_1_10' title='bbox 771 472 1419 543; x_wconf 54' lang='lat' dir='ltr'>&#39;vacuareturint&#39;ernus,</span> <span class='ocrx_word' id='word_1_11' title='bbox 1447 491 1580 531; x_wconf 89' lang='lat' dir='ltr'>cum</span> <span class='ocrx_word' id='word_1_12' title='bbox 1600 488 1710 548; x_wconf 79' lang='lat' dir='ltr'>per</span> <span class='ocrx_word' id='word_1_13' title='bbox 1721 477 1810 530; x_wconf 88' lang='lat' dir='ltr'>tot</span> <span class='ocrx_word' id='word_1_14' title='bbox 1830 490 2069 530; x_wconf 77' lang='lat' dir='ltr'>annorui</span> 
     </span>
    </p>
   </div>
   <div class='ocr_carea' id='block_1_4' title="bbox 2303 469 3905 548">
    <p class='ocr_par' dir='ltr' id='par_1_4' title="bbox 2303 469 3905 546">
     <span class='ocr_line' id='line_1_4' title="bbox 2303 469 3905 546; baseline 0.001 -17"><span class='ocrx_word' id='word_1_15' title='bbox 2303 489 2340 529; x_wconf 64' lang='grc' dir='ltr'>ις</span> <span class='ocrx_word' id='word_1_16' title='bbox 2367 477 2478 530; x_wconf 81' lang='lat' dir='ltr'>esto</span> <span class='ocrx_word' id='word_1_17' title='bbox 2507 473 2652 528; x_wconf 81' lang='lat' dir='ltr'>mihi</span> <span class='ocrx_word' id='word_1_18' title='bbox 2694 474 2968 544; x_wconf 70' lang='lat' dir='ltr'><strong><em>peccaturi</em></strong></span> <span class='ocrx_word' id='word_1_19' title='bbox 3017 471 3168 546; x_wconf 66' lang='lat' dir='ltr'>(Luc.</span> <span class='ocrx_word' id='word_1_20' title='bbox 3225 487 3388 540; x_wconf 76' lang='lat' dir='ltr'>mn,</span> <span class='ocrx_word' id='word_1_21' title='bbox 3439 469 3535 546; x_wconf 54' lang='lat'>1&#39;3)</span> <span class='ocrx_word' id='word_1_22' title='bbox 3591 485 3737 530; x_wconf 85' lang='lat' dir='ltr'>eum</span> <span class='ocrx_word' id='word_1_23' title='bbox 3798 470 3905 531; x_wconf 81' lang='lat' dir='ltr'>illo</span> 
     </span>
    </p>
   </div>
   <div class='ocr_carea' id='block_1_5' title="bbox 469 559 3900 638">
    <p class='ocr_par' dir='ltr' id='par_1_5' title="bbox 469 559 3900 638">
     <span class='ocr_line' id='line_1_5' title="bbox 469 559 3900 638; baseline -0.001 -16"><span class='ocrx_word' id='word_1_24' title='bbox 469 563 767 622; x_wconf 85' lang='lat' dir='ltr'>curricula</span> <span class='ocrx_word' id='word_1_25' title='bbox 790 581 896 638; x_wconf 91' lang='lat' dir='ltr'>pro</span> <span class='ocrx_word' id='word_1_26' title='bbox 920 565 1224 621; x_wconf 83' lang='lat' dir='ltr'>devotione</span> <span class='ocrx_word' id='word_1_27' title='bbox 1255 563 1544 620; x_wconf 82' lang='lat' dir='ltr'>consimili</span> <span class='ocrx_word' id='word_1_28' title='bbox 1598 564 1797 620; x_wconf 89' lang='lat' dir='ltr'>nullus</span> <span class='ocrx_word' id='word_1_29' title='bbox 1846 563 1955 620; x_wconf 89' lang='lat' dir='ltr'>hoc</span> <span class='ocrx_word' id='word_1_30' title='bbox 1996 580 2115 620; x_wconf 84' lang='lat' dir='ltr'>me—</span> <span class='ocrx_word' id='word_1_31' title='bbox 2230 561 2343 618; x_wconf 90' lang='lat' dir='ltr'>alio</span> <span class='ocrx_word' id='word_1_32' title='bbox 2376 561 2832 619; x_wconf 75' lang='lat' dir='ltr'>misericorditer</span> <span class='ocrx_word' id='word_1_33' title='bbox 2851 559 3174 634; x_wconf 76' lang='lat' dir='ltr'>justiﬁcato</span> <span class='ocrx_word' id='word_1_34' title='bbox 3205 565 3406 634; x_wconf 82' lang='lat' dir='ltr'><strong>posset</strong></span> <span class='ocrx_word' id='word_1_35' title='bbox 3431 560 3716 634; x_wconf 79' lang='lat' dir='ltr'>clamare,</span> <span class='ocrx_word' id='word_1_36' title='bbox 3752 578 3900 635; x_wconf 82' lang='lat' dir='ltr'>pro-</span> 
     </span>
    </p>
   </div>
   <div class='ocr_carea' id='block_1_6' title="bbox 467 651 2392 725">
    <p class='ocr_par' dir='ltr' id='par_1_6' title="bbox 467 651 2392 725">
     <span class='ocr_line' id='line_1_6' title="bbox 467 651 2392 725; baseline -0.002 -15"><span class='ocrx_word' id='word_1_37' title='bbox 467 655 685 711; x_wconf 88' lang='lat' dir='ltr'>ruissct</span> <span class='ocrx_word' id='word_1_38' title='bbox 705 658 963 723; x_wconf 80' lang='lat' dir='ltr'>tuorum,</span> <span class='ocrx_word' id='word_1_39' title='bbox 987 654 1309 710; x_wconf 89' lang='lat' dir='ltr'>cavendum</span> <span class='ocrx_word' id='word_1_40' title='bbox 1333 670 1404 708; x_wconf 90' lang='lat' dir='ltr'>ne</span> <span class='ocrx_word' id='word_1_41' title='bbox 1429 652 1554 708; x_wconf 84' lang='lat' dir='ltr'>cceli</span> <span class='ocrx_word' id='word_1_42' title='bbox 1582 652 1828 709; x_wconf 87' lang='lat' dir='ltr'>vid-eatis</span> <span class='ocrx_word' id='word_1_43' title='bbox 1850 653 2118 725; x_wconf 83' lang='lat' dir='ltr'>profecti-</span> <span class='ocrx_word' id='word_1_44' title='bbox 2226 651 2392 706; x_wconf 82' lang='lat' dir='ltr'>vidit.</span> 
     </span>
    </p>
   </div>
   <div class='ocr_carea' id='block_1_7' title="bbox 465 739 3905 815">
    <p class='ocr_par' dir='ltr' id='par_1_7' title="bbox 465 739 3905 815">
     <span class='ocr_line' id='line_1_7' title="bbox 465 739 3905 815; baseline -0.001 -16"><span class='ocrx_word' id='word_1_45' title='bbox 465 743 577 800; x_wconf 86' lang='lat' dir='ltr'>bus</span> <span class='ocrx_word' id='word_1_46' title='bbox 607 742 883 813; x_wconf 84' lang='lat' dir='ltr'>invidere,</span> <span class='ocrx_word' id='word_1_47' title='bbox 916 743 1148 799; x_wconf 82' lang='lat' dir='ltr'>damnis</span> <span class='ocrx_word' id='word_1_48' title='bbox 1190 743 1464 814; x_wconf 84' lang='lat' dir='ltr'>gaudere.</span> <span class='ocrx_word' id='word_1_49' title='bbox 1499 741 1616 798; x_wconf 89' lang='lat' dir='ltr'>Hoc</span> <span class='ocrx_word' id='word_1_50' title='bbox 1648 758 1902 815; x_wconf 88' lang='lat' dir='ltr'>quoque,</span> <span class='ocrx_word' id='word_1_51' title='bbox 1959 742 2114 810; x_wconf 88' lang='lat' dir='ltr'>quod</span> <span class='ocrx_word' id='word_1_52' title='bbox 2295 741 2348 795; x_wconf 93' lang='lat'>6.</span> <span class='ocrx_word' id='word_1_53' title='bbox 2381 741 2491 795; x_wconf 86' lang='lat' dir='ltr'>Sed</span> <span class='ocrx_word' id='word_1_54' title='bbox 2523 755 2628 795; x_wconf 86' lang='lat' dir='ltr'>cur</span> <span class='ocrx_word' id='word_1_55' title='bbox 2651 740 2899 812; x_wconf 81' lang='lat' dir='ltr'>profero,</span> <span class='ocrx_word' id='word_1_56' title='bbox 2947 741 3103 812; x_wconf 88' lang='lat' dir='ltr'>quod</span> <span class='ocrx_word' id='word_1_57' title='bbox 3145 756 3260 796; x_wconf 87' lang='lat' dir='ltr'>non</span> <span class='ocrx_word' id='word_1_58' title='bbox 3299 740 3600 808; x_wconf 74' lang='lat' dir='ltr'>convenit,</span> <span class='ocrx_word' id='word_1_59' title='bbox 3645 739 3905 797; x_wconf 68' lang='lat' dir='ltr'>stando?</span> 
     </span>
    </p>
   </div>
   <div class='ocr_carea' id='block_1_8' title="bbox 463 827 3900 905">
    <p class='ocr_par' dir='ltr' id='par_1_8' title="bbox 463 827 3900 905">
     <span class='ocr_line' id='line_1_8' title="bbox 463 827 3900 905; baseline -0.001 -17"><span class='ocrx_word' id='word_1_60' title='bbox 463 836 758 888; x_wconf 77' lang='lat' dir='ltr'>monstras</span> <span class='ocrx_word' id='word_1_61' title='bbox 788 832 1070 905; x_wconf 83' lang='lat' dir='ltr'>exemplo,</span> <span class='ocrx_word' id='word_1_62' title='bbox 1106 847 1210 888; x_wconf 87' lang='lat' dir='ltr'>nec</span> <span class='ocrx_word' id='word_1_63' title='bbox 1231 831 1385 904; x_wconf 88' lang='lat' dir='ltr'>apud</span> <span class='ocrx_word' id='word_1_64' title='bbox 1417 835 1471 887; x_wconf 81' lang='lat' dir='ltr'>te</span> <span class='ocrx_word' id='word_1_65' title='bbox 1502 831 1610 900; x_wconf 88' lang='lat' dir='ltr'>vis,</span> <span class='ocrx_word' id='word_1_66' title='bbox 1643 848 1749 887; x_wconf 90' lang='lat' dir='ltr'>nec</span> <span class='ocrx_word' id='word_1_67' title='bbox 1772 831 1907 887; x_wconf 90' lang='lat' dir='ltr'>alibi</span> <span class='ocrx_word' id='word_1_68' title='bbox 1933 831 2114 886; x_wconf 84' lang='lat' dir='ltr'>hono-</span> <span class='ocrx_word' id='word_1_69' title='bbox 2225 829 2393 901; x_wconf 82' lang='lat' dir='ltr'>quasi</span> <span class='ocrx_word' id='word_1_70' title='bbox 2425 833 2578 895; x_wconf 83' lang='lat' dir='ltr'>ante,</span> <span class='ocrx_word' id='word_1_71' title='bbox 2610 827 2702 883; x_wconf 89' lang='lat' dir='ltr'>vel</span> <span class='ocrx_word' id='word_1_72' title='bbox 2734 832 2866 900; x_wconf 84' lang='lat' dir='ltr'>post</span> <span class='ocrx_word' id='word_1_73' title='bbox 2895 845 3255 900; x_wconf 85' lang='lat' dir='ltr'>quamquam</span> <span class='ocrx_word' id='word_1_74' title='bbox 3301 829 3415 885; x_wconf 83' lang='lat' dir='ltr'>sibi</span> <span class='ocrx_word' id='word_1_75' title='bbox 3465 829 3582 902; x_wconf 82' lang='lat' dir='ltr'>ipsi</span> <span class='ocrx_word' id='word_1_76' title='bbox 3621 829 3900 902; x_wconf 73' lang='lat' dir='ltr'>aliquem</span> 
     </span>
    </p>
   </div>
   <div class='ocr_carea' id='block_1_9' title="bbox 463 916 3899 990">
    <p class='ocr_par' dir='ltr' id='par_1_9' title="bbox 463 916 3899 990">
     <span class='ocr_line' id='line_1_9' title="bbox 463 916 3899 990; baseline -0.001 -13"><span class='ocrx_word' id='word_1_77' title='bbox 463 937 590 977; x_wconf 89' lang='lat' dir='ltr'>rem</span> <span class='ocrx_word' id='word_1_78' title='bbox 621 920 876 977; x_wconf 86' lang='lat' dir='ltr'>habeant</span> <span class='ocrx_word' id='word_1_79' title='bbox 907 921 1115 976; x_wconf 82' lang='lat' dir='ltr'>sancti.</span> <span class='ocrx_word' id='word_1_80' title='bbox 2224 917 2403 989; x_wconf 88' lang='lat' dir='ltr'>hujus</span> <span class='ocrx_word' id='word_1_81' title='bbox 2433 916 2838 972; x_wconf 81' lang='lat' dir='ltr'>aestimationis</span> <span class='ocrx_word' id='word_1_82' title='bbox 2871 916 3235 973; x_wconf 81' lang='lat' dir='ltr'>audierimus</span> <span class='ocrx_word' id='word_1_83' title='bbox 3266 917 3476 974; x_wconf 86' lang='lat' dir='ltr'>tulisse</span> <span class='ocrx_word' id='word_1_84' title='bbox 3507 918 3899 990; x_wconf 74' lang='lat' dir='ltr'>martyrium.</span> 
     </span>
    </p>
   </div>
   <div class='ocr_carea' id='block_1_10' title="bbox 532 1005 3900 1082">
    <p class='ocr_par' dir='ltr' id='par_1_10' title="bbox 532 1005 3900 1082">
     <span class='ocr_line' id='line_1_10' title="bbox 532 1005 3900 1082; baseline 0.001 -18"><span class='ocrx_word' id='word_1_85' title='bbox 532 1010 589 1064; x_wconf 87' lang='lat'>5.</span> <span class='ocrx_word' id='word_1_86' title='bbox 623 1009 666 1065; x_wconf 93' lang='lat'>0</span> <span class='ocrx_word' id='word_1_87' title='bbox 699 1014 892 1065; x_wconf 87' lang='lat' dir='ltr'>autem</span> <span class='ocrx_word' id='word_1_88' title='bbox 924 1025 1137 1080; x_wconf 89' lang='lat' dir='ltr'>magna</span> <span class='ocrx_word' id='word_1_89' title='bbox 1155 1008 1404 1076; x_wconf 90' lang='lat' dir='ltr'>Verona,</span> <span class='ocrx_word' id='word_1_90' title='bbox 1429 1009 1568 1065; x_wconf 85' lang='lat' dir='ltr'>villa</span> <span class='ocrx_word' id='word_1_91' title='bbox 1599 1010 1897 1082; x_wconf 89' lang='lat' dir='ltr'>quondam</span> <span class='ocrx_word' id='word_1_92' title='bbox 1933 1014 2000 1064; x_wconf 90' lang='lat' dir='ltr'>ut</span> <span class='ocrx_word' id='word_1_93' title='bbox 2025 1008 2112 1063; x_wconf 88' lang='lat' dir='ltr'>al-</span> <span class='ocrx_word' id='word_1_94' title='bbox 2224 1006 2297 1061; x_wconf 94' lang='lat' dir='ltr'>Ut</span> <span class='ocrx_word' id='word_1_95' title='bbox 2326 1007 2481 1062; x_wconf 89' lang='lat' dir='ltr'>enim</span> <span class='ocrx_word' id='word_1_96' title='bbox 2511 1022 2611 1062; x_wconf 90' lang='lat' dir='ltr'>eos</span> <span class='ocrx_word' id='word_1_97' title='bbox 2641 1006 2934 1073; x_wconf 89' lang='lat' dir='ltr'>omittam,</span> <span class='ocrx_word' id='word_1_98' title='bbox 2967 1006 3067 1079; x_wconf 91' lang='lat' dir='ltr'>qui</span> <span class='ocrx_word' id='word_1_99' title='bbox 3094 1007 3167 1064; x_wconf 86' lang='lat' dir='ltr'>ad</span> <span class='ocrx_word' id='word_1_100' title='bbox 3199 1011 3483 1074; x_wconf 85' lang='lat' dir='ltr'>ventrem,</span> <span class='ocrx_word' id='word_1_101' title='bbox 3526 1005 3615 1064; x_wconf 92' lang='lat' dir='ltr'>vel</span> <span class='ocrx_word' id='word_1_102' title='bbox 3658 1011 3900 1066; x_wconf 68' lang='lat' dir='ltr'>stoma-</span> 
     </span>
    </p>
   </div>
   <div class='ocr_carea' id='block_1_11' title="bbox 459 1093 3898 1171">
    <p class='ocr_par' dir='ltr' id='par_1_11' title="bbox 459 1093 3898 1171">
     <span class='ocr_line' id='line_1_11' title="bbox 459 1093 3898 1171; baseline 0 -17"><span class='ocrx_word' id='word_1_103' title='bbox 459 1101 585 1154; x_wconf 88' lang='lat' dir='ltr'>tera</span> <span class='ocrx_word' id='word_1_104' title='bbox 613 1097 780 1170; x_wconf 64' lang='lat'>(694),</span> <span class='ocrx_word' id='word_1_105' title='bbox 806 1097 1102 1153; x_wconf 83' lang='lat' dir='ltr'>Platonica</span> <span class='ocrx_word' id='word_1_106' title='bbox 1118 1097 1219 1153; x_wconf 86' lang='lat' dir='ltr'>illa</span> <span class='ocrx_word' id='word_1_107' title='bbox 1239 1097 1597 1165; x_wconf 84' lang='lat' dir='ltr'>Athenis,vel</span> <span class='ocrx_word' id='word_1_108' title='bbox 1630 1099 1748 1154; x_wconf 89' lang='lat' dir='ltr'>alia</span> <span class='ocrx_word' id='word_1_109' title='bbox 1778 1115 1880 1171; x_wconf 91' lang='lat' dir='ltr'>pro</span> <span class='ocrx_word' id='word_1_110' title='bbox 1912 1097 2110 1154; x_wconf 84' lang='lat' dir='ltr'>multi-</span> <span class='ocrx_word' id='word_1_111' title='bbox 2221 1095 2398 1151; x_wconf 91' lang='lat' dir='ltr'>chum</span> <span class='ocrx_word' id='word_1_112' title='bbox 2430 1095 2679 1150; x_wconf 82' lang='lat' dir='ltr'>attinent</span> <span class='ocrx_word' id='word_1_113' title='bbox 2709 1094 3002 1151; x_wconf 86' lang='lat' dir='ltr'>cruciatus</span> <span class='ocrx_word' id='word_1_114' title='bbox 3027 1094 3442 1167; x_wconf 87' lang='lat' dir='ltr'>(consideranti</span> <span class='ocrx_word' id='word_1_115' title='bbox 3484 1093 3642 1154; x_wconf 82' lang='lat' dir='ltr'>enim</span> <span class='ocrx_word' id='word_1_116' title='bbox 3671 1100 3898 1154; x_wconf 64' lang='lat' dir='ltr'>cetera</span> 
     </span>
    </p>
   </div>
   <div class='ocr_carea' id='block_1_12' title="bbox 403 1183 3892 1262">
    <p class='ocr_par' dir='ltr' id='par_1_12' title="bbox 403 1183 3892 1262">
     <span class='ocr_line' id='line_1_12' title="bbox 403 1183 3892 1262; baseline -0 -20"><span class='ocrx_word' id='word_1_117' title='bbox 403 1256 412 1262; x_wconf 17' lang='grc' dir='ltr'>ἢ</span> <span class='ocrx_word' id='word_1_118' title='bbox 460 1187 662 1242; x_wconf 88' lang='lat' dir='ltr'>tudine</span> <span class='ocrx_word' id='word_1_119' title='bbox 691 1186 1022 1258; x_wconf 86' lang='lat' dir='ltr'>sapientum</span> <span class='ocrx_word' id='word_1_120' title='bbox 1065 1187 1374 1253; x_wconf 64' lang='lat' dir='ltr'>astimata,</span> <span class='ocrx_word' id='word_1_121' title='bbox 1416 1187 1789 1260; x_wconf 86' lang='lat' dir='ltr'>grandisonis</span> <span class='ocrx_word' id='word_1_122' title='bbox 1833 1191 2108 1242; x_wconf 84' lang='lat' dir='ltr'>sanctum</span> <span class='ocrx_word' id='word_1_123' title='bbox 2220 1184 2364 1240; x_wconf 90' lang='lat' dir='ltr'>illud</span> <span class='ocrx_word' id='word_1_124' title='bbox 2395 1184 2683 1240; x_wconf 82' lang='lat' dir='ltr'>aestimare</span> <span class='ocrx_word' id='word_1_125' title='bbox 2734 1183 3024 1256; x_wconf 79' lang='lat' dir='ltr'>dimitto);</span> <span class='ocrx_word' id='word_1_126' title='bbox 3081 1184 3161 1239; x_wconf 81' lang='lat' dir='ltr'>ad</span> <span class='ocrx_word' id='word_1_127' title='bbox 3193 1183 3478 1242; x_wconf 74' lang='lat' dir='ltr'>exteriora</span> <span class='ocrx_word' id='word_1_128' title='bbox 3533 1193 3892 1252; x_wconf 75' lang='lat' dir='ltr'>conversus,</span> 
     </span>
    </p>
   </div>
   <div class='ocr_carea' id='block_1_13' title="bbox 458 1272 3890 1348">
    <p class='ocr_par' dir='ltr' id='par_1_13' title="bbox 458 1272 3890 1348">
     <span class='ocr_line' id='line_1_13' title="bbox 458 1272 3890 1348; baseline -0.001 -17"><span class='ocrx_word' id='word_1_129' title='bbox 458 1279 627 1332; x_wconf 88' lang='lat' dir='ltr'>tuum</span> <span class='ocrx_word' id='word_1_130' title='bbox 675 1291 854 1348; x_wconf 83' lang='lat' dir='ltr'>quare</span> <span class='ocrx_word' id='word_1_131' title='bbox 885 1292 1000 1331; x_wconf 90' lang='lat' dir='ltr'>non</span> <span class='ocrx_word' id='word_1_132' title='bbox 1031 1275 1322 1332; x_wconf 84' lang='lat' dir='ltr'>extuleras</span> <span class='ocrx_word' id='word_1_133' title='bbox 1355 1276 1594 1332; x_wconf 85' lang='lat' dir='ltr'>modis?</span> <span class='ocrx_word' id='word_1_134' title='bbox 1640 1276 1756 1332; x_wconf 89' lang='lat' dir='ltr'>Cur</span> <span class='ocrx_word' id='word_1_135' title='bbox 1796 1276 2106 1344; x_wconf 84' lang='lat' dir='ltr'>mirabilia,</span> <span class='ocrx_word' id='word_1_136' title='bbox 2221 1289 2452 1344; x_wconf 82' lang='lat' dir='ltr'>pmnam</span> <span class='ocrx_word' id='word_1_137' title='bbox 2503 1273 2615 1328; x_wconf 87' lang='lat' dir='ltr'>sibi</span> <span class='ocrx_word' id='word_1_138' title='bbox 2664 1272 2892 1329; x_wconf 83' lang='lat' dir='ltr'>illatam</span> <span class='ocrx_word' id='word_1_139' title='bbox 2948 1273 3219 1340; x_wconf 77' lang='lat' dir='ltr'>referam,</span> <span class='ocrx_word' id='word_1_140' title='bbox 3253 1277 3311 1330; x_wconf 90' lang='lat' dir='ltr'>et</span> <span class='ocrx_word' id='word_1_141' title='bbox 3341 1273 3495 1332; x_wconf 85' lang='lat' dir='ltr'>hanc</span> <span class='ocrx_word' id='word_1_142' title='bbox 3521 1272 3890 1332; x_wconf 80' lang='lat' dir='ltr'>inauditam.</span> 
     </span>
    </p>
   </div>
   <div class='ocr_carea' id='block_1_14' title="bbox 459 1360 3892 1437">
    <p class='ocr_par' dir='ltr' id='par_1_14' title="bbox 459 1360 3892 1437">
     <span class='ocr_line' id='line_1_14' title="bbox 459 1360 3892 1437; baseline -0.001 -16"><span class='ocrx_word' id='word_1_143' title='bbox 459 1380 586 1437; x_wconf 67' lang='lat' dir='ltr'>quae</span> <span class='ocrx_word' id='word_1_144' title='bbox 617 1381 720 1437; x_wconf 88' lang='lat' dir='ltr'>per</span> <span class='ocrx_word' id='word_1_145' title='bbox 745 1381 882 1420; x_wconf 88' lang='lat' dir='ltr'>eum</span> <span class='ocrx_word' id='word_1_146' title='bbox 914 1365 1067 1420; x_wconf 89' lang='lat' dir='ltr'>Deus</span> <span class='ocrx_word' id='word_1_147' title='bbox 1116 1363 1305 1419; x_wconf 85' lang='lat' dir='ltr'>fuerat</span> <span class='ocrx_word' id='word_1_148' title='bbox 1341 1368 1638 1436; x_wconf 89' lang='lat' dir='ltr'>operatus,</span> <span class='ocrx_word' id='word_1_149' title='bbox 1672 1364 1782 1421; x_wconf 90' lang='lat' dir='ltr'>etsi</span> <span class='ocrx_word' id='word_1_150' title='bbox 1809 1381 1924 1420; x_wconf 92' lang='lat' dir='ltr'>non</span> <span class='ocrx_word' id='word_1_151' title='bbox 1955 1365 2110 1421; x_wconf 74' lang='lat'><strong>324</strong></span> <span class='ocrx_word' id='word_1_152' title='bbox 2218 1363 2392 1426; x_wconf 85' lang='lat' dir='ltr'>Quasi</span> <span class='ocrx_word' id='word_1_153' title='bbox 2425 1360 2581 1416; x_wconf 86' lang='lat' dir='ltr'>enim</span> <span class='ocrx_word' id='word_1_154' title='bbox 2614 1361 2850 1418; x_wconf 88' lang='lat' dir='ltr'>tortoris</span> <span class='ocrx_word' id='word_1_155' title='bbox 2881 1361 3241 1434; x_wconf 89' lang='lat' dir='ltr'>impiissimi,</span> <span class='ocrx_word' id='word_1_156' title='bbox 3264 1366 3322 1418; x_wconf 90' lang='lat' dir='ltr'>et</span> <span class='ocrx_word' id='word_1_157' title='bbox 3341 1361 3744 1420; x_wconf 84' lang='lat' dir='ltr'>crudelissimi</span> <span class='ocrx_word' id='word_1_158' title='bbox 3769 1363 3892 1419; x_wconf 77' lang='lat' dir='ltr'>sibi</span> 
     </span>
    </p>
   </div>
   <div class='ocr_carea' id='block_1_15' title="bbox 459 1450 3892 1526">
    <p class='ocr_par' dir='ltr' id='par_1_15' title="bbox 459 1450 3892 1526">
     <span class='ocr_line' id='line_1_15' title="bbox 459 1450 3892 1526; baseline -0.001 -16"><span class='ocrx_word' id='word_1_159' title='bbox 459 1454 722 1521; x_wconf 88' lang='lat' dir='ltr'>metrico,</span> <span class='ocrx_word' id='word_1_160' title='bbox 747 1452 954 1510; x_wconf 82' lang='lat' dir='ltr'>saltem</span> <span class='ocrx_word' id='word_1_161' title='bbox 978 1453 1123 1523; x_wconf 86' lang='lat'>(695)</span> <span class='ocrx_word' id='word_1_162' title='bbox 1151 1452 1301 1525; x_wconf 83' lang='lat' dir='ltr'>stylo</span> <span class='ocrx_word' id='word_1_163' title='bbox 1322 1452 1594 1526; x_wconf 80' lang='lat' dir='ltr'>vulgares</span> <span class='ocrx_word' id='word_1_164' title='bbox 1619 1453 1880 1525; x_wconf 89' lang='lat' dir='ltr'>prosaioo</span> <span class='ocrx_word' id='word_1_165' title='bbox 1897 1453 1925 1508; x_wconf 89' lang='lat'><strong>?</strong></span> <span class='ocrx_word' id='word_1_166' title='bbox 1946 1453 2108 1518; x_wconf 88' lang='lat' dir='ltr'>Quod</span> <span class='ocrx_word' id='word_1_167' title='bbox 2218 1451 2437 1507; x_wconf 89' lang='lat' dir='ltr'>diceret</span> <span class='ocrx_word' id='word_1_168' title='bbox 2464 1465 2631 1506; x_wconf 89' lang='lat' dir='ltr'>voces</span> <span class='ocrx_word' id='word_1_169' title='bbox 2656 1466 2668 1504; x_wconf 92' lang='lat'>:</span> <span class='ocrx_word' id='word_1_170' title='bbox 2705 1450 2846 1519; x_wconf 86' lang='lat' dir='ltr'>Quia</span> <span class='ocrx_word' id='word_1_171' title='bbox 2875 1466 2999 1506; x_wconf 77' lang='lat' dir='ltr'>cum</span> <span class='ocrx_word' id='word_1_172' title='bbox 3024 1451 3084 1505; x_wconf 85' lang='lat' dir='ltr'>in</span> <span class='ocrx_word' id='word_1_173' title='bbox 3130 1450 3332 1507; x_wconf 80' lang='lat' dir='ltr'>honore</span> <span class='ocrx_word' id='word_1_174' title='bbox 3358 1467 3520 1518; x_wconf 77' lang='lat' dir='ltr'>esses,</span> <span class='ocrx_word' id='word_1_175' title='bbox 3566 1467 3679 1507; x_wconf 73' lang='lat' dir='ltr'>non</span> <span class='ocrx_word' id='word_1_176' title='bbox 3711 1452 3892 1508; x_wconf 65' lang='lat' dir='ltr'>intel-</span> 
     </span>
    </p>
   </div>
   <div class='ocr_carea' id='block_1_16' title="bbox 459 1537 3893 1616">
    <p class='ocr_par' dir='ltr' id='par_1_16' title="bbox 459 1537 3893 1616">
     <span class='ocr_line' id='line_1_16' title="bbox 459 1537 3893 1616; baseline -0.001 -18"><span class='ocrx_word' id='word_1_177' title='bbox 459 1541 622 1616; x_wconf 88' lang='lat' dir='ltr'>plebs</span> <span class='ocrx_word' id='word_1_178' title='bbox 654 1543 891 1598; x_wconf 88' lang='lat' dir='ltr'>indocta</span> <span class='ocrx_word' id='word_1_179' title='bbox 920 1541 1185 1608; x_wconf 85' lang='lat' dir='ltr'>canebat,</span> <span class='ocrx_word' id='word_1_180' title='bbox 1217 1537 1561 1598; x_wconf 86' lang='lat' dir='ltr'>honoratius</span> <span class='ocrx_word' id='word_1_181' title='bbox 1595 1547 1680 1609; x_wconf 90' lang='lat' dir='ltr'>tu,</span> <span class='ocrx_word' id='word_1_182' title='bbox 1715 1543 1901 1610; x_wconf 90' lang='lat' dir='ltr'>crede,</span> <span class='ocrx_word' id='word_1_183' title='bbox 1934 1541 2105 1615; x_wconf 84' lang='lat' dir='ltr'>legis-</span> <span class='ocrx_word' id='word_1_184' title='bbox 2216 1541 2425 1604; x_wconf 69' lang='lat' dir='ltr'>lexisli,</span> <span class='ocrx_word' id='word_1_185' title='bbox 2456 1547 2801 1609; x_wconf 85' lang='lat' dir='ltr'>comparatus</span> <span class='ocrx_word' id='word_1_186' title='bbox 2834 1539 3102 1610; x_wconf 80' lang='lat' dir='ltr'>jumentis</span> <span class='ocrx_word' id='word_1_187' title='bbox 3133 1539 3542 1611; x_wconf 68' lang='lat' dir='ltr'>insipientibus,</span> <span class='ocrx_word' id='word_1_188' title='bbox 3573 1547 3626 1596; x_wconf 77' lang='lat' dir='ltr'>si</span> <span class='ocrx_word' id='word_1_189' title='bbox 3673 1541 3893 1605; x_wconf 71' lang='lat' dir='ltr'>similis</span> 
     </span>
    </p>
   </div>
   <div class='ocr_carea' id='block_1_17' title="bbox 459 1629 3890 1703">
    <p class='ocr_par' dir='ltr' id='par_1_17' title="bbox 459 1629 3890 1703">
     <span class='ocr_line' id='line_1_17' title="bbox 459 1629 3890 1703; baseline -0.001 -15"><span class='ocrx_word' id='word_1_190' title='bbox 459 1647 575 1700; x_wconf 86' lang='lat' dir='ltr'>ses,</span> <span class='ocrx_word' id='word_1_191' title='bbox 606 1635 664 1687; x_wconf 91' lang='lat' dir='ltr'>et</span> <span class='ocrx_word' id='word_1_192' title='bbox 692 1646 834 1686; x_wconf 87' lang='lat' dir='ltr'>auro</span> <span class='ocrx_word' id='word_1_193' title='bbox 863 1630 1212 1703; x_wconf 82' lang='lat' dir='ltr'>Taphnitico</span> <span class='ocrx_word' id='word_1_194' title='bbox 1240 1631 1685 1686; x_wconf 85' lang='lat' dir='ltr'>tabernaculum</span> <span class='ocrx_word' id='word_1_195' title='bbox 1717 1631 1826 1686; x_wconf 93' lang='lat' dir='ltr'>hoc</span> <span class='ocrx_word' id='word_1_196' title='bbox 1870 1631 1971 1686; x_wconf 88' lang='lat' dir='ltr'>Dei</span> <span class='ocrx_word' id='word_1_197' title='bbox 2017 1647 2104 1686; x_wconf 86' lang='lat' dir='ltr'>er-</span> <span class='ocrx_word' id='word_1_198' title='bbox 2215 1630 2332 1684; x_wconf 83' lang='lat' dir='ltr'>illis</span> <span class='ocrx_word' id='word_1_199' title='bbox 2359 1630 2576 1700; x_wconf 76' lang='lat' dir='ltr'>e/feclus</span> <span class='ocrx_word' id='word_1_200' title='bbox 2595 1646 2619 1692; x_wconf 86' lang='lat'><em>;</em></span> <span class='ocrx_word' id='word_1_201' title='bbox 2665 1629 3044 1699; x_wconf 81' lang='lat' dir='ltr'>jumentorum</span> <span class='ocrx_word' id='word_1_202' title='bbox 3075 1629 3189 1684; x_wconf 84' lang='lat' dir='ltr'>loro</span> <span class='ocrx_word' id='word_1_203' title='bbox 3220 1630 3572 1698; x_wconf 78' lang='lat' dir='ltr'>restringere,</span> <span class='ocrx_word' id='word_1_204' title='bbox 3607 1629 3670 1690; x_wconf 74' lang='lat' dir='ltr'>in</span> <span class='ocrx_word' id='word_1_205' title='bbox 3719 1639 3890 1700; x_wconf 76' lang='lat' dir='ltr'>pem-</span> 
     </span>
    </p>
   </div>
   <div class='ocr_carea' id='block_1_18' title="bbox 458 1717 3885 1792">
    <p class='ocr_par' dir='ltr' id='par_1_18' title="bbox 458 1717 3885 1792">
     <span class='ocr_line' id='line_1_18' title="bbox 458 1717 3885 1792; baseline -0.001 -15"><span class='ocrx_word' id='word_1_206' title='bbox 458 1736 686 1788; x_wconf 81' lang='lat' dir='ltr'>nasses,</span> <span class='ocrx_word' id='word_1_207' title='bbox 717 1719 965 1776; x_wconf 60' lang='lat' dir='ltr'>atterens</span> <span class='ocrx_word' id='word_1_208' title='bbox 998 1723 1054 1774; x_wconf 91' lang='lat' dir='ltr'>et</span> <span class='ocrx_word' id='word_1_209' title='bbox 1075 1719 1227 1791; x_wconf 89' lang='lat' dir='ltr'>quod</span> <span class='ocrx_word' id='word_1_210' title='bbox 1251 1721 1868 1792; x_wconf 86' lang='lat' dir='ltr'>mutuaveratcespitis</span> <span class='ocrx_word' id='word_1_211' title='bbox 1894 1719 2102 1787; x_wconf 88' lang='lat' dir='ltr'>cultor,</span> <span class='ocrx_word' id='word_1_212' title='bbox 2215 1719 2358 1773; x_wconf 78' lang='lat' dir='ltr'>lauti</span> <span class='ocrx_word' id='word_1_213' title='bbox 2384 1734 2454 1773; x_wconf 80' lang='lat' dir='ltr'>ne</span> <span class='ocrx_word' id='word_1_214' title='bbox 2481 1725 2538 1772; x_wconf 81' lang='lat' dir='ltr'>tu</span> <span class='ocrx_word' id='word_1_215' title='bbox 2565 1717 2804 1787; x_wconf 78' lang='lat' dir='ltr'>amplius</span> <span class='ocrx_word' id='word_1_216' title='bbox 2829 1720 3008 1788; x_wconf 84' lang='lat' dir='ltr'>passio</span> <span class='ocrx_word' id='word_1_217' title='bbox 3037 1718 3232 1788; x_wconf 75' lang='lat' dir='ltr'>uagari</span> <span class='ocrx_word' id='word_1_218' title='bbox 3289 1719 3460 1787; x_wconf 72' lang='lat' dir='ltr'>(Pali-1.</span> <span class='ocrx_word' id='word_1_219' title='bbox 3504 1735 3702 1788; x_wconf 68' lang='lat' dir='ltr'>xum,</span> <span class='ocrx_word' id='word_1_220' title='bbox 3733 1719 3847 1789; x_wconf 80' lang='lat'>~13)</span> <span class='ocrx_word' id='word_1_221' title='bbox 3872 1737 3885 1774; x_wconf 94' lang='lat'><strong><em>:</em></strong></span> 
     </span>
    </p>
   </div>
   <div class='ocr_carea' id='block_1_19' title="bbox 458 1804 3890 1908">
    <p class='ocr_par' dir='ltr' id='par_1_19' title="bbox 458 1804 3890 1908">
     <span class='ocr_line' id='line_1_19' title="bbox 458 1804 3890 1908; baseline 0 -43"><span class='ocrx_word' id='word_1_222' title='bbox 458 1813 698 1882; x_wconf 82' lang='lat' dir='ltr'>argento</span> <span class='ocrx_word' id='word_1_223' title='bbox 728 1807 1102 1881; x_wconf 88' lang='lat' dir='ltr'>compsisses.</span> <span class='ocrx_word' id='word_1_224' title='bbox 1134 1808 1281 1864; x_wconf 87' lang='lat' dir='ltr'>Nam</span> <span class='ocrx_word' id='word_1_225' title='bbox 1312 1809 1383 1864; x_wconf 93' lang='lat' dir='ltr'>ad</span> <span class='ocrx_word' id='word_1_226' title='bbox 1414 1809 1661 1864; x_wconf 85' lang='lat' dir='ltr'>dedecus</span> <span class='ocrx_word' id='word_1_227' title='bbox 1693 1809 1777 1864; x_wconf 89' lang='lat' dir='ltr'>tui</span> <span class='ocrx_word' id='word_1_228' title='bbox 1805 1825 1941 1865; x_wconf 90' lang='lat' dir='ltr'>cum</span> <span class='ocrx_word' id='word_1_229' title='bbox 1972 1809 2100 1881; x_wconf 88' lang='lat' dir='ltr'>qui-</span> <span class='ocrx_word' id='word_1_230' title='bbox 2132 1843 2180 1908; x_wconf 77' lang='grc' dir='ltr'><strong>Β</strong></span> <span class='ocrx_word' id='word_1_231' title='bbox 2215 1812 2478 1863; x_wconf 87' lang='lat' dir='ltr'>catenam</span> <span class='ocrx_word' id='word_1_232' title='bbox 2512 1805 2648 1878; x_wconf 90' lang='lat' dir='ltr'>pedi</span> <span class='ocrx_word' id='word_1_233' title='bbox 2678 1805 2989 1908; x_wconf 45' lang='lat' dir='ltr'>imposuit,</span> <span class='ocrx_word' id='word_1_234' title='bbox 3004 1804 3246 1878; x_wconf 89' lang='lat' dir='ltr'>plumbo</span> <span class='ocrx_word' id='word_1_235' title='bbox 3268 1823 3397 1862; x_wconf 83' lang='lat' dir='ltr'>eam</span> <span class='ocrx_word' id='word_1_236' title='bbox 3427 1805 3890 1881; x_wconf 43' lang='lat' dir='ltr'>inmagnofqni</span> 
     </span>
    </p>
   </div>
   <div class='ocr_carea' id='block_1_20' title="bbox 458 1893 3884 1970">
    <p class='ocr_par' dir='ltr' id='par_1_20' title="bbox 458 1893 3884 1970">
     <span class='ocr_line' id='line_1_20' title="bbox 458 1893 3884 1970; baseline -0.001 -17"><span class='ocrx_word' id='word_1_237' title='bbox 458 1897 593 1953; x_wconf 88' lang='lat' dir='ltr'>dam</span> <span class='ocrx_word' id='word_1_238' title='bbox 616 1897 768 1969; x_wconf 83' lang='lat'>(696)</span> <span class='ocrx_word' id='word_1_239' title='bbox 777 1895 1083 1969; x_wconf 67' lang='lat' dir='ltr'>praesulem</span> <span class='ocrx_word' id='word_1_240' title='bbox 1109 1897 1379 1953; x_wconf 88' lang='lat' dir='ltr'>conscius</span> <span class='ocrx_word' id='word_1_241' title='bbox 1399 1898 1544 1953; x_wconf 79' lang='lat' dir='ltr'>forte</span> <span class='ocrx_word' id='word_1_242' title='bbox 1567 1903 1685 1952; x_wconf 89' lang='lat' dir='ltr'>tam</span> <span class='ocrx_word' id='word_1_243' title='bbox 1710 1898 1949 1970; x_wconf 89' lang='lat' dir='ltr'>pretiosi</span> <span class='ocrx_word' id='word_1_244' title='bbox 1974 1899 2105 1953; x_wconf 80' lang='lat' dir='ltr'>fuei-</span> <span class='ocrx_word' id='word_1_245' title='bbox 2132 1893 2180 1908; x_wconf 79' lang='grc'>³¹</span> <span class='ocrx_word' id='word_1_246' title='bbox 2212 1895 2407 1964; x_wconf 59' lang='lat' dir='ltr'>adhuc</span> <span class='ocrx_word' id='word_1_247' title='bbox 2429 1899 2562 1951; x_wconf 90' lang='lat' dir='ltr'>ante</span> <span class='ocrx_word' id='word_1_248' title='bbox 2573 1895 2820 1967; x_wconf 88' lang='lat' dir='ltr'>januam</span> <span class='ocrx_word' id='word_1_249' title='bbox 2844 1893 3096 1951; x_wconf 87' lang='lat' dir='ltr'>basilicae</span> <span class='ocrx_word' id='word_1_250' title='bbox 3104 1896 3285 1968; x_wconf 85' lang='lat' dir='ltr'>jacet,</span> <span class='ocrx_word' id='word_1_251' title='bbox 3301 1895 3496 1969; x_wconf 83' lang='lat' dir='ltr'>lapide</span> <span class='ocrx_word' id='word_1_252' title='bbox 3516 1896 3884 1966; x_wconf 65' lang='lat' dir='ltr'>eli-ﬁrmavit,</span> 
     </span>
    </p>
   </div>
   <div class='ocr_carea' id='block_1_21' title="bbox 458 1983 3888 2059">
    <p class='ocr_par' dir='ltr' id='par_1_21' title="bbox 458 1983 3888 2059">
     <span class='ocr_line' id='line_1_21' title="bbox 458 1983 3888 2059; baseline 0 -18"><span class='ocrx_word' id='word_1_253' title='bbox 458 1986 618 2042; x_wconf 87' lang='lat' dir='ltr'>noris</span> <span class='ocrx_word' id='word_1_254' title='bbox 646 1991 816 2041; x_wconf 88' lang='lat' dir='ltr'>tuum</span> <span class='ocrx_word' id='word_1_255' title='bbox 847 1985 1282 2059; x_wconf 86' lang='lat' dir='ltr'>interrogasset,</span> <span class='ocrx_word' id='word_1_256' title='bbox 1311 1987 1479 2058; x_wconf 82' lang='lat' dir='ltr'>cujus</span> <span class='ocrx_word' id='word_1_257' title='bbox 1500 1985 1597 2042; x_wconf 90' lang='lat' dir='ltr'>ille</span> <span class='ocrx_word' id='word_1_258' title='bbox 1625 1992 1868 2044; x_wconf 86' lang='lat' dir='ltr'>sanctus</span> <span class='ocrx_word' id='word_1_259' title='bbox 1889 1987 2105 2042; x_wconf 88' lang='lat' dir='ltr'>sancti-</span> <span class='ocrx_word' id='word_1_260' title='bbox 2213 1983 2499 2041; x_wconf 87' lang='lat' dir='ltr'>circulum</span> <span class='ocrx_word' id='word_1_261' title='bbox 2525 1983 2656 2056; x_wconf 90' lang='lat' dir='ltr'>pedi</span> <span class='ocrx_word' id='word_1_262' title='bbox 2680 1983 3161 2054; x_wconf 87' lang='lat' dir='ltr'>circumpositum</span> <span class='ocrx_word' id='word_1_263' title='bbox 3186 1987 3450 2040; x_wconf 86' lang='lat' dir='ltr'>seratura</span> <span class='ocrx_word' id='word_1_264' title='bbox 3470 1984 3764 2042; x_wconf 82' lang='lat' dir='ltr'>ostiorum</span> <span class='ocrx_word' id='word_1_265' title='bbox 3787 1985 3888 2041; x_wconf 85' lang='lat' dir='ltr'>ﬁr-</span> 
     </span>
    </p>
   </div>
   <div class='ocr_carea' id='block_1_22' title="bbox 455 2071 3884 2149">
    <p class='ocr_par' dir='ltr' id='par_1_22' title="bbox 455 2071 3884 2149">
     <span class='ocr_line' id='line_1_22' title="bbox 455 2071 3884 2149; baseline 0 -18"><span class='ocrx_word' id='word_1_266' title='bbox 455 2074 596 2131; x_wconf 81' lang='lat' dir='ltr'>tatis</span> <span class='ocrx_word' id='word_1_267' title='bbox 621 2074 831 2140; x_wconf 80' lang='lat' dir='ltr'>fuerit;</span> <span class='ocrx_word' id='word_1_268' title='bbox 857 2090 962 2130; x_wconf 87' lang='lat' dir='ltr'>cur</span> <span class='ocrx_word' id='word_1_269' title='bbox 979 2091 1094 2130; x_wconf 90' lang='lat' dir='ltr'>non</span> <span class='ocrx_word' id='word_1_270' title='bbox 1114 2074 1262 2146; x_wconf 87' lang='lat'>(697)</span> <span class='ocrx_word' id='word_1_271' title='bbox 1284 2075 1366 2130; x_wconf 33' lang='lat' dir='ltr'>ad.</span> <span class='ocrx_word' id='word_1_272' title='bbox 1395 2074 1613 2131; x_wconf 89' lang='lat' dir='ltr'>librum</span> <span class='ocrx_word' id='word_1_273' title='bbox 1637 2092 1697 2131; x_wconf 90' lang='lat' dir='ltr'>se</span> <span class='ocrx_word' id='word_1_274' title='bbox 1729 2075 1976 2131; x_wconf 81' lang='lat' dir='ltr'>contulit</span> <span class='ocrx_word' id='word_1_275' title='bbox 2001 2091 2105 2149; x_wconf 38' lang='lat' dir='ltr'>get</span> <span class='ocrx_word' id='word_1_276' title='bbox 2216 2074 2412 2143; x_wconf 79' lang='lat' dir='ltr'>ina-vit,</span> <span class='ocrx_word' id='word_1_277' title='bbox 2447 2073 2654 2129; x_wconf 81' lang='lat' dir='ltr'>clavim</span> <span class='ocrx_word' id='word_1_278' title='bbox 2676 2072 2736 2126; x_wconf 87' lang='lat' dir='ltr'>in</span> <span class='ocrx_word' id='word_1_279' title='bbox 2766 2071 2997 2145; x_wconf 84' lang='lat' dir='ltr'>gurgite</span> <span class='ocrx_word' id='word_1_280' title='bbox 3019 2073 3268 2145; x_wconf 80' lang='lat' dir='ltr'>proximi</span> <span class='ocrx_word' id='word_1_281' title='bbox 3289 2072 3520 2130; x_wconf 80' lang='lat' dir='ltr'>Athesis</span> <span class='ocrx_word' id='word_1_282' title='bbox 3543 2091 3657 2129; x_wconf 88' lang='lat' dir='ltr'>non</span> <span class='ocrx_word' id='word_1_283' title='bbox 3685 2074 3884 2147; x_wconf 78' lang='lat' dir='ltr'>ignoti</span> 
     </span>
    </p>
   </div>
   <div class='ocr_carea' id='block_1_23' title="bbox 455 2159 3886 2237">
    <p class='ocr_par' dir='ltr' id='par_1_23' title="bbox 455 2159 3886 2237">
     <span class='ocr_line' id='line_1_23' title="bbox 455 2159 3886 2237; baseline 0 -17"><span class='ocrx_word' id='word_1_284' title='bbox 455 2167 680 2220; x_wconf 87' lang='lat' dir='ltr'>storum</span> <span class='ocrx_word' id='word_1_285' title='bbox 706 2161 865 2219; x_wconf 87' lang='lat' dir='ltr'>illius</span> <span class='ocrx_word' id='word_1_286' title='bbox 885 2167 1186 2235; x_wconf 90' lang='lat' dir='ltr'>stup.......</span> <span class='ocrx_word' id='word_1_287' title='bbox 1219 2162 1477 2231; x_wconf 89' lang='lat' dir='ltr'>illorum,</span> <span class='ocrx_word' id='word_1_288' title='bbox 1502 2165 1602 2237; x_wconf 91' lang='lat' dir='ltr'>qui</span> <span class='ocrx_word' id='word_1_289' title='bbox 1635 2181 1768 2220; x_wconf 88' lang='lat' dir='ltr'>cum</span> <span class='ocrx_word' id='word_1_290' title='bbox 1794 2165 2105 2220; x_wconf 87' lang='lat' dir='ltr'>Psalmista</span> <span class='ocrx_word' id='word_1_291' title='bbox 2211 2162 2498 2228; x_wconf 87' lang='lat' dir='ltr'>ﬂuminis,</span> <span class='ocrx_word' id='word_1_292' title='bbox 2523 2162 2581 2215; x_wconf 90' lang='lat' dir='ltr'>in</span> <span class='ocrx_word' id='word_1_293' title='bbox 2615 2161 2788 2232; x_wconf 85' lang='lat' dir='ltr'>cujus</span> <span class='ocrx_word' id='word_1_294' title='bbox 2810 2159 3004 2217; x_wconf 90' lang='lat' dir='ltr'>littore</span> <span class='ocrx_word' id='word_1_295' title='bbox 3027 2162 3155 2234; x_wconf 88' lang='lat' dir='ltr'>jam</span> <span class='ocrx_word' id='word_1_296' title='bbox 3188 2161 3345 2217; x_wconf 90' lang='lat' dir='ltr'>dicta</span> <span class='ocrx_word' id='word_1_297' title='bbox 3370 2165 3459 2218; x_wconf 87' lang='lat' dir='ltr'>est</span> <span class='ocrx_word' id='word_1_298' title='bbox 3489 2162 3604 2218; x_wconf 84' lang='lat' dir='ltr'>sita</span> <span class='ocrx_word' id='word_1_299' title='bbox 3623 2161 3886 2220; x_wconf 76' lang='lat' dir='ltr'>basilica</span> 
     </span>
    </p>
   </div>
   <div class='ocr_carea' id='block_1_24' title="bbox 450 2249 3880 2326">
    <p class='ocr_par' dir='ltr' id='par_1_24' title="bbox 450 2249 3880 2326">
     <span class='ocr_line' id='line_1_24' title="bbox 450 2249 3880 2326; baseline 0 -18"><span class='ocrx_word' id='word_1_300' title='bbox 450 2250 723 2309; x_wconf 86' lang='lat' dir='ltr'>volebant</span> <span class='ocrx_word' id='word_1_301' title='bbox 751 2253 897 2323; x_wconf 87' lang='lat'>(698)</span> <span class='ocrx_word' id='word_1_302' title='bbox 927 2268 1132 2308; x_wconf 89' lang='lat' dir='ltr'>canore</span> <span class='ocrx_word' id='word_1_303' title='bbox 1161 2253 1432 2309; x_wconf 90' lang='lat' dir='ltr'>cantibus</span> <span class='ocrx_word' id='word_1_304' title='bbox 1462 2252 1621 2309; x_wconf 88' lang='lat' dir='ltr'>illius</span> <span class='ocrx_word' id='word_1_305' title='bbox 1643 2252 1923 2310; x_wconf 91' lang='lat' dir='ltr'>divi.......</span> <span class='ocrx_word' id='word_1_306' title='bbox 1957 2255 2102 2309; x_wconf 79' lang='lat' dir='ltr'>refe-</span> <span class='ocrx_word' id='word_1_307' title='bbox 2211 2251 2560 2324; x_wconf 86' lang='lat' dir='ltr'>(rusticitius</span> <span class='ocrx_word' id='word_1_308' title='bbox 2579 2249 2806 2323; x_wconf 88' lang='lat' dir='ltr'>loquor,</span> <span class='ocrx_word' id='word_1_309' title='bbox 2832 2249 3074 2323; x_wconf 79' lang='lat' dir='ltr'>intelligi</span> <span class='ocrx_word' id='word_1_310' title='bbox 3106 2255 3173 2306; x_wconf 91' lang='lat' dir='ltr'>ut</span> <span class='ocrx_word' id='word_1_311' title='bbox 3203 2249 3574 2324; x_wconf 86' lang='lat' dir='ltr'>valeat)jeeit</span> <span class='ocrx_word' id='word_1_312' title='bbox 3599 2269 3612 2308; x_wconf 87' lang='lat'>:</span> <span class='ocrx_word' id='word_1_313' title='bbox 3649 2269 3880 2326; x_wconf 81' lang='lat' dir='ltr'>rogans</span> 
     </span>
    </p>
   </div>
   <div class='ocr_carea' id='block_1_25' title="bbox 453 2339 3878 2414">
    <p class='ocr_par' dir='ltr' id='par_1_25' title="bbox 453 2339 3878 2414">
     <span class='ocr_line' id='line_1_25' title="bbox 453 2339 3878 2414; baseline -0 -15"><span class='ocrx_word' id='word_1_314' title='bbox 453 2341 970 2408; x_wconf 84' lang='lat' dir='ltr'>rentibus-didicit,</span> <span class='ocrx_word' id='word_1_315' title='bbox 1002 2341 1432 2414; x_wconf 83' lang='lat' dir='ltr'>quodsanctus</span> <span class='ocrx_word' id='word_1_316' title='bbox 1462 2341 1520 2396; x_wconf 90' lang='lat' dir='ltr'>in</span> <span class='ocrx_word' id='word_1_317' title='bbox 1575 2341 1965 2400; x_wconf 87' lang='lat' dir='ltr'>adolescentia</span> <span class='ocrx_word' id='word_1_318' title='bbox 1993 2342 2100 2398; x_wconf 91' lang='lat' dir='ltr'>hu-</span> <span class='ocrx_word' id='word_1_319' title='bbox 2213 2343 2359 2398; x_wconf 81' lang='lat' dir='ltr'>forte</span> <span class='ocrx_word' id='word_1_320' title='bbox 2390 2341 2490 2396; x_wconf 91' lang='lat' dir='ltr'>Dei</span> <span class='ocrx_word' id='word_1_321' title='bbox 2539 2339 3028 2410; x_wconf 85' lang='lat' dir='ltr'>misericordiam,</span> <span class='ocrx_word' id='word_1_322' title='bbox 3059 2355 3132 2396; x_wconf 86' lang='lat' dir='ltr'>ne</span> <span class='ocrx_word' id='word_1_323' title='bbox 3161 2357 3427 2412; x_wconf 84' lang='lat' dir='ltr'>unquam</span> <span class='ocrx_word' id='word_1_324' title='bbox 3458 2357 3588 2397; x_wconf 86' lang='lat' dir='ltr'>eam</span> <span class='ocrx_word' id='word_1_325' title='bbox 3618 2340 3878 2409; x_wconf 83' lang='lat' dir='ltr'>videret,</span> 
     </span>
    </p>
   </div>
   <div class='ocr_carea' id='block_1_26' title="bbox 447 2427 3878 2504">
    <p class='ocr_par' dir='ltr' id='par_1_26' title="bbox 447 2427 3878 2504">
     <span class='ocr_line' id='line_1_26' title="bbox 447 2427 3878 2504; baseline 0 -18"><span class='ocrx_word' id='word_1_326' title='bbox 447 2430 711 2502; x_wconf 86' lang='lat' dir='ltr'>jusmedi</span> <span class='ocrx_word' id='word_1_327' title='bbox 744 2429 921 2486; x_wconf 70' lang='lat' dir='ltr'>fuerit</span> <span class='ocrx_word' id='word_1_328' title='bbox 941 2431 1168 2485; x_wconf 86' lang='lat' dir='ltr'>actibus</span> <span class='ocrx_word' id='word_1_329' title='bbox 1191 2430 1388 2486; x_wconf 79' lang='lat' dir='ltr'>saeculi</span> <span class='ocrx_word' id='word_1_330' title='bbox 1411 2430 1771 2504; x_wconf 86' lang='lat' dir='ltr'>implicatus,</span> <span class='ocrx_word' id='word_1_331' title='bbox 1795 2431 1866 2486; x_wconf 89' lang='lat' dir='ltr'>de</span> <span class='ocrx_word' id='word_1_332' title='bbox 1887 2431 2104 2503; x_wconf 78' lang='lat' dir='ltr'>quibus</span> <span class='ocrx_word' id='word_1_333' title='bbox 2213 2431 2394 2486; x_wconf 89' lang='lat' dir='ltr'>donec</span> <span class='ocrx_word' id='word_1_334' title='bbox 2424 2433 2678 2502; x_wconf 88' lang='lat' dir='ltr'>peccata,</span> <span class='ocrx_word' id='word_1_335' title='bbox 2713 2445 2840 2500; x_wconf 70' lang='lat' dir='ltr'>quas</span> <span class='ocrx_word' id='word_1_336' title='bbox 2869 2427 3148 2501; x_wconf 85' lang='lat' dir='ltr'>plangere</span> <span class='ocrx_word' id='word_1_337' title='bbox 3169 2428 3557 2501; x_wconf 84' lang='lat' dir='ltr'>disposuerat,</span> <span class='ocrx_word' id='word_1_338' title='bbox 3590 2430 3878 2503; x_wconf 81' lang='lat' dir='ltr'>Omnipo-</span> 
     </span>
    </p>
   </div>
   <div class='ocr_carea' id='block_1_27' title="bbox 453 2515 3874 2592">
    <p class='ocr_par' dir='ltr' id='par_1_27' title="bbox 453 2515 3874 2592">
     <span class='ocr_line' id='line_1_27' title="bbox 453 2515 3874 2592; baseline 0 -17"><span class='ocrx_word' id='word_1_339' title='bbox 453 2518 615 2575; x_wconf 90' lang='lat' dir='ltr'>liber-</span> <span class='ocrx_word' id='word_1_340' title='bbox 630 2518 888 2574; x_wconf 87' lang='lat' dir='ltr'>continet</span> <span class='ocrx_word' id='word_1_341' title='bbox 908 2518 991 2574; x_wconf 87' lang='lat' dir='ltr'>ita</span> <span class='ocrx_word' id='word_1_342' title='bbox 1009 2519 1245 2574; x_wconf 91' lang='lat' dir='ltr'>divinus</span> <span class='ocrx_word' id='word_1_343' title='bbox 1275 2535 1287 2574; x_wconf 90' lang='lat'>:</span> <span class='ocrx_word' id='word_1_344' title='bbox 1321 2521 1428 2588; x_wconf 85' lang='lat' dir='ltr'>Qui</span> <span class='ocrx_word' id='word_1_345' title='bbox 1446 2521 1679 2592; x_wconf 82' lang='lat' dir='ltr'>cupiunt</span> <span class='ocrx_word' id='word_1_346' title='bbox 1703 2520 1896 2576; x_wconf 80' lang='lat' dir='ltr'>divites</span> <span class='ocrx_word' id='word_1_347' title='bbox 1927 2523 1984 2575; x_wconf 84' lang='lat' dir='ltr'>in</span> <span class='ocrx_word' id='word_1_348' title='bbox 2007 2523 2105 2576; x_wconf 80' lang='lat' dir='ltr'>hoc</span> <span class='ocrx_word' id='word_1_349' title='bbox 2209 2519 2388 2576; x_wconf 88' lang='lat' dir='ltr'>tentis</span> <span class='ocrx_word' id='word_1_350' title='bbox 2411 2517 2719 2575; x_wconf 87' lang='lat' dir='ltr'>clementia</span> <span class='ocrx_word' id='word_1_351' title='bbox 2735 2515 3081 2573; x_wconf 84' lang='lat' dir='ltr'>dimisisset.</span> <span class='ocrx_word' id='word_1_352' title='bbox 3103 2517 3236 2573; x_wconf 90' lang='lat' dir='ltr'>Ideo</span> <span class='ocrx_word' id='word_1_353' title='bbox 3248 2534 3382 2574; x_wconf 88' lang='lat' dir='ltr'>vero</span> <span class='ocrx_word' id='word_1_354' title='bbox 3399 2517 3710 2576; x_wconf 81' lang='lat' dir='ltr'>dubitandi</span> <span class='ocrx_word' id='word_1_355' title='bbox 3729 2537 3874 2576; x_wconf 81' lang='lat' dir='ltr'>sum</span> 
     </span>
    </p>
   </div>
   <div class='ocr_carea' id='block_1_28' title="bbox 452 2605 3874 2682">
    <p class='ocr_par' dir='ltr' id='par_1_28' title="bbox 452 2605 3874 2682">
     <span class='ocr_line' id='line_1_28' title="bbox 452 2605 3874 2682; baseline -0.001 -18"><span class='ocrx_word' id='word_1_356' title='bbox 452 2608 652 2664; x_wconf 67' lang='lat' dir='ltr'>saeculo</span> <span class='ocrx_word' id='word_1_357' title='bbox 677 2607 818 2678; x_wconf 77' lang='lat' dir='ltr'>ﬁeri,</span> <span class='ocrx_word' id='word_1_358' title='bbox 845 2607 1095 2662; x_wconf 80' lang='lat' dir='ltr'>incidunt</span> <span class='ocrx_word' id='word_1_359' title='bbox 1142 2609 1203 2663; x_wconf 90' lang='lat' dir='ltr'>in</span> <span class='ocrx_word' id='word_1_360' title='bbox 1234 2609 1598 2680; x_wconf 85' lang='lat' dir='ltr'>muscipulam</span> <span class='ocrx_word' id='word_1_361' title='bbox 1625 2618 1677 2665; x_wconf 85' lang='lat' dir='ltr'>et</span> <span class='ocrx_word' id='word_1_362' title='bbox 1703 2610 1953 2682; x_wconf 80' lang='lat' dir='ltr'>laqueum</span> <span class='ocrx_word' id='word_1_363' title='bbox 1981 2610 2100 2666; x_wconf 83' lang='lat' dir='ltr'>dia-</span> <span class='ocrx_word' id='word_1_364' title='bbox 2211 2607 2483 2664; x_wconf 89' lang='lat' dir='ltr'>adverbio</span> <span class='ocrx_word' id='word_1_365' title='bbox 2513 2605 2664 2663; x_wconf 73' lang='lat'><strong>325</strong></span> <span class='ocrx_word' id='word_1_366' title='bbox 2696 2622 2862 2672; x_wconf 91' lang='lat' dir='ltr'>usus,</span> <span class='ocrx_word' id='word_1_367' title='bbox 2915 2606 3054 2677; x_wconf 90' lang='lat' dir='ltr'>quia</span> <span class='ocrx_word' id='word_1_368' title='bbox 3093 2605 3228 2661; x_wconf 88' lang='lat' dir='ltr'>licet</span> <span class='ocrx_word' id='word_1_369' title='bbox 3256 2605 3378 2662; x_wconf 66' lang='lat' dir='ltr'>haec</span> <span class='ocrx_word' id='word_1_370' title='bbox 3411 2623 3524 2663; x_wconf 90' lang='lat' dir='ltr'>non</span> <span class='ocrx_word' id='word_1_371' title='bbox 3556 2606 3874 2666; x_wconf 87' lang='lat' dir='ltr'>didicerim</span> 
     </span>
    </p>
   </div>
   <div class='ocr_carea' id='block_1_29' title="bbox 456 2693 3875 2770">
    <p class='ocr_par' dir='ltr' id='par_1_29' title="bbox 456 2693 3875 2770">
     <span class='ocr_line' id='line_1_29' title="bbox 456 2693 3875 2770; baseline -0.001 -18"><span class='ocrx_word' id='word_1_372' title='bbox 456 2696 568 2752; x_wconf 82' lang='lat' dir='ltr'>boli</span> <span class='ocrx_word' id='word_1_373' title='bbox 588 2695 635 2768; x_wconf 86' lang='grc' dir='ltr'>(Ι</span> <span class='ocrx_word' id='word_1_374' title='bbox 665 2697 798 2750; x_wconf 85' lang='lat' dir='ltr'>Tim.</span> <span class='ocrx_word' id='word_1_375' title='bbox 829 2711 906 2762; x_wconf 67' lang='lat' dir='ltr'>v1,</span> <span class='ocrx_word' id='word_1_376' title='bbox 945 2695 1024 2766; x_wconf 86' lang='lat'>9),</span> <span class='ocrx_word' id='word_1_377' title='bbox 1058 2696 1217 2761; x_wconf 90' lang='lat' dir='ltr'>Quod</span> <span class='ocrx_word' id='word_1_378' title='bbox 1254 2713 1386 2752; x_wconf 87' lang='lat' dir='ltr'>cum</span> <span class='ocrx_word' id='word_1_379' title='bbox 1419 2697 1682 2770; x_wconf 66' lang='lat'>(699)....</span> <span class='ocrx_word' id='word_1_380' title='bbox 1720 2699 1834 2754; x_wconf 91' lang='lat' dir='ltr'>Deo</span> <span class='ocrx_word' id='word_1_381' title='bbox 1875 2698 2101 2754; x_wconf 89' lang='lat' dir='ltr'>miseri-</span> <span class='ocrx_word' id='word_1_382' title='bbox 2211 2697 2395 2754; x_wconf 89' lang='lat' dir='ltr'>relatu</span> <span class='ocrx_word' id='word_1_383' title='bbox 2443 2695 2611 2768; x_wconf 87' lang='grc'>(701),</span> <span class='ocrx_word' id='word_1_384' title='bbox 2645 2693 2912 2750; x_wconf 89' lang='lat' dir='ltr'>miraculi</span> <span class='ocrx_word' id='word_1_385' title='bbox 2961 2697 3050 2751; x_wconf 91' lang='lat' dir='ltr'>est</span> <span class='ocrx_word' id='word_1_386' title='bbox 3092 2699 3456 2767; x_wconf 88' lang='lat' dir='ltr'>compertum</span> <span class='ocrx_word' id='word_1_387' title='bbox 3488 2695 3568 2752; x_wconf 87' lang='lat' dir='ltr'>ita</span> <span class='ocrx_word' id='word_1_388' title='bbox 3595 2695 3647 2752; x_wconf 91' lang='lat' dir='ltr'>ei</span> <span class='ocrx_word' id='word_1_389' title='bbox 3678 2696 3875 2753; x_wconf 90' lang='lat' dir='ltr'>conti-</span> 
     </span>
    </p>
   </div>
   <div class='ocr_carea' id='block_1_30' title="bbox 455 2783 3876 2861">
    <p class='ocr_par' dir='ltr' id='par_1_30' title="bbox 455 2783 3876 2861">
     <span class='ocr_line' id='line_1_30' title="bbox 455 2783 3876 2861; baseline 0.001 -21"><span class='ocrx_word' id='word_1_390' title='bbox 455 2783 710 2840; x_wconf 90' lang='lat' dir='ltr'>corditer</span> <span class='ocrx_word' id='word_1_391' title='bbox 738 2783 1132 2857; x_wconf 89' lang='lat' dir='ltr'>permittente,</span> <span class='ocrx_word' id='word_1_392' title='bbox 1166 2787 1232 2838; x_wconf 90' lang='lat' dir='ltr'>ut</span> <span class='ocrx_word' id='word_1_393' title='bbox 1262 2783 1466 2840; x_wconf 90' lang='lat' dir='ltr'>multis</span> <span class='ocrx_word' id='word_1_394' title='bbox 1488 2802 1637 2857; x_wconf 78' lang='lat' dir='ltr'>saepe</span> <span class='ocrx_word' id='word_1_395' title='bbox 1669 2786 1798 2842; x_wconf 89' lang='lat' dir='ltr'>aliis</span> <span class='ocrx_word' id='word_1_396' title='bbox 1831 2786 2105 2860; x_wconf 85' lang='lat' dir='ltr'>oontigis-</span> <span class='ocrx_word' id='word_1_397' title='bbox 2209 2787 2386 2861; x_wconf 86' lang='lat' dir='ltr'>gisse,</span> <span class='ocrx_word' id='word_1_398' title='bbox 2419 2785 2573 2840; x_wconf 90' lang='lat' dir='ltr'>Deus</span> <span class='ocrx_word' id='word_1_399' title='bbox 2627 2788 2691 2838; x_wconf 93' lang='lat' dir='ltr'>ut</span> <span class='ocrx_word' id='word_1_400' title='bbox 2721 2784 3033 2852; x_wconf 88' lang='lat' dir='ltr'>concessit,</span> <span class='ocrx_word' id='word_1_401' title='bbox 3088 2790 3319 2841; x_wconf 90' lang='lat' dir='ltr'>eventu.</span> <span class='ocrx_word' id='word_1_402' title='bbox 3378 2789 3609 2858; x_wconf 88' lang='lat' dir='ltr'>Septem</span> <span class='ocrx_word' id='word_1_403' title='bbox 3663 2785 3876 2860; x_wconf 86' lang='lat' dir='ltr'>itaque</span> 
     </span>
    </p>
   </div>
   <div class='ocr_carea' id='block_1_31' title="bbox 455 2871 3872 2946">
    <p class='ocr_par' dir='ltr' id='par_1_31' title="bbox 455 2871 3872 2946">
     <span class='ocr_line' id='line_1_31' title="bbox 455 2871 3872 2946; baseline 0 -17"><span class='ocrx_word' id='word_1_404' title='bbox 455 2875 567 2939; x_wconf 84' lang='lat' dir='ltr'>eet,</span> <span class='ocrx_word' id='word_1_405' title='bbox 599 2875 794 2927; x_wconf 84' lang='lat' dir='ltr'>reatus</span> <span class='ocrx_word' id='word_1_406' title='bbox 826 2871 917 2927; x_wconf 89' lang='lat' dir='ltr'>sui</span> <span class='ocrx_word' id='word_1_407' title='bbox 947 2872 1413 2928; x_wconf 87' lang='lat' dir='ltr'>consideratione</span> <span class='ocrx_word' id='word_1_408' title='bbox 1435 2879 1785 2941; x_wconf 88' lang='lat' dir='ltr'>commotus,</span> <span class='ocrx_word' id='word_1_409' title='bbox 1809 2881 2010 2931; x_wconf 89' lang='lat' dir='ltr'>contra</span> <span class='ocrx_word' id='word_1_410' title='bbox 2039 2893 2102 2933; x_wconf 90' lang='lat' dir='ltr'>se</span> <span class='ocrx_word' id='word_1_411' title='bbox 2210 2875 2380 2932; x_wconf 87' lang='lat' dir='ltr'>annis</span> <span class='ocrx_word' id='word_1_412' title='bbox 2406 2875 2515 2930; x_wconf 92' lang='lat' dir='ltr'>sub</span> <span class='ocrx_word' id='word_1_413' title='bbox 2549 2874 2679 2929; x_wconf 83' lang='lat' dir='ltr'>divo</span> <span class='ocrx_word' id='word_1_414' title='bbox 2710 2872 2888 2946; x_wconf 89' lang='lat' dir='ltr'>lapidi</span> <span class='ocrx_word' id='word_1_415' title='bbox 2924 2873 3004 2928; x_wconf 90' lang='lat' dir='ltr'>ita</span> <span class='ocrx_word' id='word_1_416' title='bbox 3034 2873 3253 2929; x_wconf 86' lang='lat' dir='ltr'>mansit</span> <span class='ocrx_word' id='word_1_417' title='bbox 3284 2878 3732 2944; x_wconf 88' lang='lat' dir='ltr'>concatenatus;</span> <span class='ocrx_word' id='word_1_418' title='bbox 3769 2875 3872 2929; x_wconf 88' lang='lat' dir='ltr'>do-</span> 
     </span>
    </p>
   </div>
   <div class='ocr_carea' id='block_1_32' title="bbox 455 2960 3875 3037">
    <p class='ocr_par' dir='ltr' id='par_1_32' title="bbox 455 2960 3875 3037">
     <span class='ocr_line' id='line_1_32' title="bbox 455 2960 3875 3037; baseline 0 -19"><span class='ocrx_word' id='word_1_419' title='bbox 455 2977 570 3018; x_wconf 87' lang='lat' dir='ltr'>non</span> <span class='ocrx_word' id='word_1_420' title='bbox 592 2960 847 3016; x_wconf 86' lang='lat' dir='ltr'>tardavit</span> <span class='ocrx_word' id='word_1_421' title='bbox 865 2960 1105 3032; x_wconf 86' lang='lat' dir='ltr'>erigere,</span> <span class='ocrx_word' id='word_1_422' title='bbox 1123 2961 1520 3033; x_wconf 90' lang='lat' dir='ltr'>mundihujus</span> <span class='ocrx_word' id='word_1_423' title='bbox 1533 2963 1732 3019; x_wconf 83' lang='lat' dir='ltr'>omnia</span> <span class='ocrx_word' id='word_1_424' title='bbox 1753 2963 2097 3037; x_wconf 89' lang='lat' dir='ltr'>relinquere,</span> <span class='ocrx_word' id='word_1_425' title='bbox 2209 2981 2314 3021; x_wconf 92' lang='lat' dir='ltr'>nec</span> <span class='ocrx_word' id='word_1_426' title='bbox 2344 2963 2571 3020; x_wconf 81' lang='lat' dir='ltr'>volente</span> <span class='ocrx_word' id='word_1_427' title='bbox 2603 2961 3058 3018; x_wconf 89' lang='lat' dir='ltr'>misericorditer</span> <span class='ocrx_word' id='word_1_428' title='bbox 3100 2964 3210 3019; x_wconf 91' lang='lat' dir='ltr'>Deo</span> <span class='ocrx_word' id='word_1_429' title='bbox 3226 2964 3354 3034; x_wconf 88' lang='lat' dir='ltr'>jam</span> <span class='ocrx_word' id='word_1_430' title='bbox 3403 2963 3580 3019; x_wconf 85' lang='lat' dir='ltr'>finem</span> <span class='ocrx_word' id='word_1_431' title='bbox 3608 2962 3704 3021; x_wconf 87' lang='lat' dir='ltr'>his</span> <span class='ocrx_word' id='word_1_432' title='bbox 3740 2963 3875 3019; x_wconf 86' lang='lat' dir='ltr'>mit-</span> 
     </span>
    </p>
   </div>
   <div class='ocr_carea' id='block_1_33' title="bbox 453 3049 3874 3126">
    <p class='ocr_par' dir='ltr' id='par_1_33' title="bbox 453 3049 3874 3126">
     <span class='ocr_line' id='line_1_33' title="bbox 453 3049 3874 3126; baseline 0.001 -19"><span class='ocrx_word' id='word_1_433' title='bbox 453 3055 518 3107; x_wconf 87' lang='lat' dir='ltr'>ut</span> <span class='ocrx_word' id='word_1_434' title='bbox 550 3049 875 3123; x_wconf 81' lang='lat' dir='ltr'>expeditius</span> <span class='ocrx_word' id='word_1_435' title='bbox 906 3054 966 3106; x_wconf 90' lang='lat' dir='ltr'>et</span> <span class='ocrx_word' id='word_1_436' title='bbox 983 3049 1226 3107; x_wconf 88' lang='lat' dir='ltr'>liberius</span> <span class='ocrx_word' id='word_1_437' title='bbox 1249 3050 1358 3108; x_wconf 89' lang='lat' dir='ltr'>soli</span> <span class='ocrx_word' id='word_1_438' title='bbox 1385 3052 1630 3108; x_wconf 89' lang='lat' dir='ltr'>Domino</span> <span class='ocrx_word' id='word_1_439' title='bbox 1655 3057 1852 3126; x_wconf 88' lang='lat' dir='ltr'>posset</span> <span class='ocrx_word' id='word_1_440' title='bbox 1875 3070 2097 3110; x_wconf 88' lang='lat' dir='ltr'>vacare.</span> <span class='ocrx_word' id='word_1_441' title='bbox 2207 3059 2351 3123; x_wconf 91' lang='lat' dir='ltr'>tere,</span> <span class='ocrx_word' id='word_1_442' title='bbox 2374 3070 2502 3126; x_wconf 84' lang='lat' dir='ltr'>quae</span> <span class='ocrx_word' id='word_1_443' title='bbox 2524 3051 2934 3124; x_wconf 78' lang='lat' dir='ltr'>hujuscemodi</span> <span class='ocrx_word' id='word_1_444' title='bbox 2959 3051 3390 3108; x_wconf 87' lang='lat' dir='ltr'>comitabantur</span> <span class='ocrx_word' id='word_1_445' title='bbox 3411 3050 3722 3126; x_wconf 88' lang='lat' dir='ltr'>supplicio,</span> <span class='ocrx_word' id='word_1_446' title='bbox 3745 3069 3874 3111; x_wconf 88' lang='lat' dir='ltr'>cru-</span> 
     </span>
    </p>
   </div>
   <div class='ocr_carea' id='block_1_34' title="bbox 450 3140 3874 3215">
    <p class='ocr_par' dir='ltr' id='par_1_34' title="bbox 450 3140 3874 3215">
     <span class='ocr_line' id='line_1_34' title="bbox 450 3140 3874 3215; baseline 0.001 -19"><span class='ocrx_word' id='word_1_447' title='bbox 450 3141 834 3212; x_wconf 77' lang='lat' dir='ltr'>Sycomorum</span> <span class='ocrx_word' id='word_1_448' title='bbox 885 3140 1077 3196; x_wconf 90' lang='lat' dir='ltr'>crucis</span> <span class='ocrx_word' id='word_1_449' title='bbox 1125 3157 1260 3196; x_wconf 92' lang='lat' dir='ltr'>cum</span> <span class='ocrx_word' id='word_1_450' title='bbox 1318 3141 1554 3198; x_wconf 64' lang='lat' dir='ltr'>Zacbaio</span> <span class='ocrx_word' id='word_1_451' title='bbox 1614 3144 1766 3215; x_wconf 88' lang='lat' dir='ltr'>(Luc.</span> <span class='ocrx_word' id='word_1_452' title='bbox 1797 3160 1914 3210; x_wconf 68' lang='lat' dir='ltr'>xxx,</span> <span class='ocrx_word' id='word_1_453' title='bbox 1947 3145 2003 3207; x_wconf 70' lang='lat' dir='ltr'>li)</span> <span class='ocrx_word' id='word_1_454' title='bbox 2037 3147 2101 3199; x_wconf 90' lang='lat' dir='ltr'>ut</span> <span class='ocrx_word' id='word_1_455' title='bbox 2142 3212 2170 3215; x_wconf 77' lang='lat'><strong>_</strong></span> <span class='ocrx_word' id='word_1_456' title='bbox 2209 3144 2395 3212; x_wconf 88' lang='lat' dir='ltr'>cibus,</span> <span class='ocrx_word' id='word_1_457' title='bbox 2421 3146 2478 3198; x_wconf 89' lang='lat' dir='ltr'>et</span> <span class='ocrx_word' id='word_1_458' title='bbox 2506 3140 2778 3214; x_wconf 88' lang='lat' dir='ltr'>supernis</span> <span class='ocrx_word' id='word_1_459' title='bbox 2809 3145 3124 3214; x_wconf 77' lang='lat' dir='ltr'>martyrem</span> <span class='ocrx_word' id='word_1_460' title='bbox 3156 3157 3331 3197; x_wconf 88' lang='lat' dir='ltr'>suum</span> <span class='ocrx_word' id='word_1_461' title='bbox 3358 3140 3608 3198; x_wconf 89' lang='lat' dir='ltr'>infulare</span> <span class='ocrx_word' id='word_1_462' title='bbox 3632 3141 3874 3198; x_wconf 88' lang='lat' dir='ltr'>honori-</span> 
     </span>
    </p>
   </div>
   <div class='ocr_carea' id='block_1_35' title="bbox 449 3212 3868 3306">
    <p class='ocr_par' dir='ltr' id='par_1_35' title="bbox 449 3212 3868 3306">
     <span class='ocr_line' id='line_1_35' title="bbox 449 3212 3868 3306; baseline 0 -19"><span class='ocrx_word' id='word_1_463' title='bbox 449 3231 652 3287; x_wconf 86' lang='lat' dir='ltr'>Jesum</span> <span class='ocrx_word' id='word_1_464' title='bbox 674 3228 1015 3286; x_wconf 84' lang='lat' dir='ltr'>liberandus</span> <span class='ocrx_word' id='word_1_465' title='bbox 1044 3230 1283 3299; x_wconf 88' lang='lat' dir='ltr'>videret,</span> <span class='ocrx_word' id='word_1_466' title='bbox 1313 3224 1580 3288; x_wconf 86' lang='lat' dir='ltr'>ascendit</span> <span class='ocrx_word' id='word_1_467' title='bbox 1603 3212 1697 3301; x_wconf 27' lang='lat' dir='ltr'>;&#39;et</span> <span class='ocrx_word' id='word_1_468' title='bbox 1727 3249 1797 3289; x_wconf 91' lang='lat' dir='ltr'>ne</span> <span class='ocrx_word' id='word_1_469' title='bbox 1827 3233 2096 3290; x_wconf 89' lang='lat' dir='ltr'>eamdem</span> <span class='ocrx_word' id='word_1_470' title='bbox 2129 3212 2171 3280; x_wconf 77' lang='lat' dir='ltr'>C</span> <span class='ocrx_word' id='word_1_471' title='bbox 2209 3235 2320 3290; x_wconf 88' lang='lat' dir='ltr'>bus</span> <span class='ocrx_word' id='word_1_472' title='bbox 2346 3251 2359 3302; x_wconf 92' lang='lat'><strong>;</strong></span> <span class='ocrx_word' id='word_1_473' title='bbox 2386 3212 2702 3306; x_wconf 82' lang='lat' dir='ltr'>piscatores</span> <span class='ocrx_word' id='word_1_474' title='bbox 2724 3212 2997 3304; x_wconf 76' lang='lat' dir='ltr'>episcopo</span> <span class='ocrx_word' id='word_1_475' title='bbox 3019 3231 3237 3304; x_wconf 87' lang='lat' dir='ltr'>piscem</span> <span class='ocrx_word' id='word_1_476' title='bbox 3264 3232 3580 3300; x_wconf 79' lang='lat' dir='ltr'>deferrent,</span> <span class='ocrx_word' id='word_1_477' title='bbox 3604 3231 3663 3286; x_wconf 89' lang='lat' dir='ltr'>in</span> <span class='ocrx_word' id='word_1_478' title='bbox 3688 3233 3868 3305; x_wconf 88' lang='lat' dir='ltr'>cujus</span> 
     </span>
    </p>
   </div>
   <div class='ocr_carea' id='block_1_36' title="bbox 450 3318 3868 3392">
    <p class='ocr_par' dir='ltr' id='par_1_36' title="bbox 450 3318 3868 3392">
     <span class='ocr_line' id='line_1_36' title="bbox 450 3318 3868 3392; baseline 0 -18"><span class='ocrx_word' id='word_1_479' title='bbox 450 3319 509 3374; x_wconf 88' lang='lat' dir='ltr'>in</span> <span class='ocrx_word' id='word_1_480' title='bbox 543 3319 785 3391; x_wconf 76' lang='lat' dir='ltr'>angat-ia</span> <span class='ocrx_word' id='word_1_481' title='bbox 827 3335 962 3374; x_wconf 90' lang='lat' dir='ltr'>cum</span> <span class='ocrx_word' id='word_1_482' title='bbox 993 3319 1250 3388; x_wconf 90' lang='lat' dir='ltr'>Simone,</span> <span class='ocrx_word' id='word_1_483' title='bbox 1285 3321 1386 3376; x_wconf 90' lang='lat' dir='ltr'>sed</span> <span class='ocrx_word' id='word_1_484' title='bbox 1419 3321 1621 3377; x_wconf 88' lang='lat' dir='ltr'>eadem</span> <span class='ocrx_word' id='word_1_485' title='bbox 1647 3339 1807 3377; x_wconf 71' lang='lat' dir='ltr'>&#39;eum</span> <span class='ocrx_word' id='word_1_486' title='bbox 1853 3322 2011 3378; x_wconf 85' lang='lat' dir='ltr'>vitiis</span> <span class='ocrx_word' id='word_1_487' title='bbox 2042 3327 2100 3378; x_wconf 91' lang='lat' dir='ltr'>et</span> <span class='ocrx_word' id='word_1_488' title='bbox 2208 3323 2361 3380; x_wconf 71' lang='lat' dir='ltr'>82B</span> <span class='ocrx_word' id='word_1_489' title='bbox 2393 3325 2590 3378; x_wconf 90' lang='lat' dir='ltr'>ventre</span> <span class='ocrx_word' id='word_1_490' title='bbox 2621 3325 2826 3376; x_wconf 88' lang='lat' dir='ltr'>sancta</span> <span class='ocrx_word' id='word_1_491' title='bbox 2855 3318 2956 3375; x_wconf 92' lang='lat' dir='ltr'>illa</span> <span class='ocrx_word' id='word_1_492' title='bbox 2987 3319 3163 3376; x_wconf 84' lang='lat' dir='ltr'>clavis</span> <span class='ocrx_word' id='word_1_493' title='bbox 3202 3321 3472 3386; x_wconf 76' lang='lat' dir='ltr'>inventa,</span> <span class='ocrx_word' id='word_1_494' title='bbox 3502 3320 3630 3392; x_wconf 90' lang='lat' dir='ltr'>ejus</span> <span class='ocrx_word' id='word_1_495' title='bbox 3663 3320 3868 3376; x_wconf 86' lang='lat' dir='ltr'>omnia</span> 
     </span>
    </p>
   </div>
   <div class='ocr_carea' id='block_1_37' title="bbox 450 3407 3869 3483">
    <p class='ocr_par' dir='ltr' id='par_1_37' title="bbox 450 3407 3869 3483">
     <span class='ocr_line' id='line_1_37' title="bbox 450 3407 3869 3483; baseline 0 -19"><span class='ocrx_word' id='word_1_496' title='bbox 450 3407 1428 3479; x_wconf 83' lang='lat' dir='ltr'>concupiscentiismortiﬁeandus,</span> <span class='ocrx_word' id='word_1_497' title='bbox 1460 3426 1576 3465; x_wconf 90' lang='lat' dir='ltr'>non</span> <span class='ocrx_word' id='word_1_498' title='bbox 1593 3409 1792 3482; x_wconf 88' lang='lat' dir='ltr'>aliquo</span> <span class='ocrx_word' id='word_1_499' title='bbox 1817 3415 2098 3483; x_wconf 89' lang='lat' dir='ltr'>tempore,</span> <span class='ocrx_word' id='word_1_500' title='bbox 2207 3411 2499 3472; x_wconf 87' lang='lat' dir='ltr'>nuntiavit</span> <span class='ocrx_word' id='word_1_501' title='bbox 2526 3409 2774 3466; x_wconf 90' lang='lat' dir='ltr'>dimissa</span> <span class='ocrx_word' id='word_1_502' title='bbox 2803 3408 3242 3469; x_wconf 82' lang='lat' dir='ltr'>facinora.Nam</span> <span class='ocrx_word' id='word_1_503' title='bbox 3264 3425 3332 3465; x_wconf 90' lang='lat' dir='ltr'>ea</span> <span class='ocrx_word' id='word_1_504' title='bbox 3357 3409 3674 3482; x_wconf 87' lang='lat' dir='ltr'>recognita,</span> <span class='ocrx_word' id='word_1_505' title='bbox 3707 3426 3869 3466; x_wconf 70' lang='lat' dir='ltr'>com~</span> 
     </span>
    </p>
   </div>
   <div class='ocr_carea' id='block_1_38' title="bbox 452 3494 3864 3573">
    <p class='ocr_par' dir='ltr' id='par_1_38' title="bbox 452 3494 3864 3573">
     <span class='ocr_line' id='line_1_38' title="bbox 452 3494 3864 3573; baseline 0.001 -21"><span class='ocrx_word' id='word_1_506' title='bbox 452 3495 555 3552; x_wconf 84' lang='lat' dir='ltr'>sed</span> <span class='ocrx_word' id='word_1_507' title='bbox 589 3494 849 3566; x_wconf 88' lang='lat' dir='ltr'>quotidie</span> <span class='ocrx_word' id='word_1_508' title='bbox 877 3495 1138 3563; x_wconf 84' lang='lat' dir='ltr'>sentiret,</span> <span class='ocrx_word' id='word_1_509' title='bbox 1195 3495 1314 3552; x_wconf 88' lang='lat' dir='ltr'>tale</span> <span class='ocrx_word' id='word_1_510' title='bbox 1358 3497 1472 3552; x_wconf 91' lang='lat' dir='ltr'>sibi</span> <span class='ocrx_word' id='word_1_511' title='bbox 1519 3497 1690 3571; x_wconf 83' lang='lat' dir='ltr'>elegit</span> <span class='ocrx_word' id='word_1_512' title='bbox 1720 3498 2097 3571; x_wconf 89' lang='lat' dir='ltr'>supplicium,</span> <span class='ocrx_word' id='word_1_513' title='bbox 2208 3502 2468 3573; x_wconf 87' lang='lat' dir='ltr'>pedeque</span> <span class='ocrx_word' id='word_1_514' title='bbox 2493 3497 2738 3555; x_wconf 89' lang='lat' dir='ltr'>catenali</span> <span class='ocrx_word' id='word_1_515' title='bbox 2783 3499 2855 3554; x_wconf 90' lang='lat' dir='ltr'>ab</span> <span class='ocrx_word' id='word_1_516' title='bbox 2895 3497 3165 3572; x_wconf 91' lang='lat' dir='ltr'>episcopo</span> <span class='ocrx_word' id='word_1_517' title='bbox 3214 3501 3487 3563; x_wconf 86' lang='lat' dir='ltr'>reserato,</span> <span class='ocrx_word' id='word_1_518' title='bbox 3538 3498 3708 3554; x_wconf 80' lang='lat' dir='ltr'>beato</span> <span class='ocrx_word' id='word_1_519' title='bbox 3763 3496 3864 3554; x_wconf 92' lang='lat' dir='ltr'>illo</span> 
     </span>
    </p>
   </div>
   <div class='ocr_carea' id='block_1_39' title="bbox 453 3582 3867 3659">
    <p class='ocr_par' dir='ltr' id='par_1_39' title="bbox 453 3582 3867 3659">
     <span class='ocr_line' id='line_1_39' title="bbox 453 3582 3867 3659; baseline 0.001 -19"><span class='ocrx_word' id='word_1_520' title='bbox 453 3584 631 3658; x_wconf 90' lang='lat' dir='ltr'>quod,</span> <span class='ocrx_word' id='word_1_521' title='bbox 655 3582 894 3639; x_wconf 85' lang='lat' dir='ltr'>etiamsi</span> <span class='ocrx_word' id='word_1_522' title='bbox 931 3584 1125 3639; x_wconf 87' lang='lat' dir='ltr'>carnis</span> <span class='ocrx_word' id='word_1_523' title='bbox 1172 3584 1495 3656; x_wconf 88' lang='lat' dir='ltr'>petulantia</span> <span class='ocrx_word' id='word_1_524' title='bbox 1544 3586 1727 3642; x_wconf 84' lang='lat' dir='ltr'>victus</span> <span class='ocrx_word' id='word_1_525' title='bbox 1766 3587 1935 3644; x_wconf 89' lang='lat' dir='ltr'>vellet</span> <span class='ocrx_word' id='word_1_526' title='bbox 1965 3605 2100 3644; x_wconf 87' lang='lat' dir='ltr'>eva-</span> <span class='ocrx_word' id='word_1_527' title='bbox 2205 3588 2344 3658; x_wconf 71' lang='lat' dir='ltr'>loto,</span> <span class='ocrx_word' id='word_1_528' title='bbox 2371 3588 2595 3655; x_wconf 88' lang='lat' dir='ltr'>induto,</span> <span class='ocrx_word' id='word_1_529' title='bbox 2618 3587 2888 3643; x_wconf 68' lang='lat' dir='ltr'>Ecclesia:</span> <span class='ocrx_word' id='word_1_530' title='bbox 2929 3588 3178 3654; x_wconf 90' lang='lat' dir='ltr'>reddito,</span> <span class='ocrx_word' id='word_1_531' title='bbox 3202 3591 3257 3642; x_wconf 91' lang='lat' dir='ltr'>et</span> <span class='ocrx_word' id='word_1_532' title='bbox 3287 3592 3490 3643; x_wconf 88' lang='lat' dir='ltr'>sancta</span> <span class='ocrx_word' id='word_1_533' title='bbox 3509 3587 3775 3659; x_wconf 89' lang='lat' dir='ltr'>corporis</span> <span class='ocrx_word' id='word_1_534' title='bbox 3809 3589 3867 3643; x_wconf 90' lang='lat' dir='ltr'>et</span> 
     </span>
    </p>
   </div>
   <div class='ocr_carea' id='block_1_40' title="bbox 452 3671 3870 3752">
    <p class='ocr_par' dir='ltr' id='par_1_40' title="bbox 452 3671 3870 3752">
     <span class='ocr_line' id='line_1_40' title="bbox 452 3671 3870 3752; baseline 0.001 -24"><span class='ocrx_word' id='word_1_535' title='bbox 452 3673 612 3738; x_wconf 90' lang='lat' dir='ltr'>dere,</span> <span class='ocrx_word' id='word_1_536' title='bbox 635 3671 782 3744; x_wconf 86' lang='lat'>(700)</span> <span class='ocrx_word' id='word_1_537' title='bbox 805 3671 1045 3728; x_wconf 88' lang='lat' dir='ltr'>omnino</span> <span class='ocrx_word' id='word_1_538' title='bbox 1070 3672 1357 3745; x_wconf 88' lang='lat' dir='ltr'>nequiret.</span> <span class='ocrx_word' id='word_1_539' title='bbox 1375 3673 1755 3731; x_wconf 85' lang='lat' dir='ltr'>Publicanum</span> <span class='ocrx_word' id='word_1_540' title='bbox 1780 3692 1841 3732; x_wconf 91' lang='lat' dir='ltr'>se</span> <span class='ocrx_word' id='word_1_541' title='bbox 1861 3676 2103 3746; x_wconf 89' lang='lat' dir='ltr'>enim,et</span> <span class='ocrx_word' id='word_1_542' title='bbox 2209 3678 2516 3752; x_wconf 86' lang='lat' dir='ltr'>sanguinis</span> <span class='ocrx_word' id='word_1_543' title='bbox 2537 3676 2770 3733; x_wconf 90' lang='lat' dir='ltr'>Domini</span> <span class='ocrx_word' id='word_1_544' title='bbox 2795 3675 3240 3748; x_wconf 89' lang='lat' dir='ltr'>participatione</span> <span class='ocrx_word' id='word_1_545' title='bbox 3269 3675 3500 3742; x_wconf 83' lang='lat' dir='ltr'>refecto,</span> <span class='ocrx_word' id='word_1_546' title='bbox 3531 3689 3666 3731; x_wconf 88' lang='lat' dir='ltr'>cum</span> <span class='ocrx_word' id='word_1_547' title='bbox 3691 3675 3870 3733; x_wconf 88' lang='lat' dir='ltr'>vesti-</span> 
     </span>
    </p>
   </div>
   <div class='ocr_carea' id='block_1_41' title="bbox 451 3760 3868 3842">
    <p class='ocr_par' dir='ltr' id='par_1_41' title="bbox 451 3760 3868 3842">
     <span class='ocr_line' id='line_1_41' title="bbox 451 3760 3868 3842; baseline 0.001 -25"><span class='ocrx_word' id='word_1_548' title='bbox 451 3764 815 3835; x_wconf 85' lang='lat' dir='ltr'>peccatorem</span> <span class='ocrx_word' id='word_1_549' title='bbox 847 3778 974 3817; x_wconf 89' lang='lat' dir='ltr'>esse</span> <span class='ocrx_word' id='word_1_550' title='bbox 1005 3760 1158 3817; x_wconf 87' lang='lat' dir='ltr'>ultra</span> <span class='ocrx_word' id='word_1_551' title='bbox 1204 3778 1409 3818; x_wconf 90' lang='lat' dir='ltr'>omnes</span> <span class='ocrx_word' id='word_1_552' title='bbox 1448 3763 1801 3835; x_wconf 90' lang='lat' dir='ltr'>dijudicans,</span> <span class='ocrx_word' id='word_1_553' title='bbox 1847 3765 2099 3822; x_wconf 64' lang='lat' dir='ltr'>ecclesiae</span> <span class='ocrx_word' id='word_1_554' title='bbox 2209 3769 2468 3842; x_wconf 89' lang='lat' dir='ltr'>gio.......</span> <span class='ocrx_word' id='word_1_555' title='bbox 2502 3764 2735 3821; x_wconf 85' lang='lat' dir='ltr'>tissime</span> <span class='ocrx_word' id='word_1_556' title='bbox 2757 3763 2982 3820; x_wconf 90' lang='lat' dir='ltr'>Domini</span> <span class='ocrx_word' id='word_1_557' title='bbox 3015 3763 3210 3820; x_wconf 88' lang='lat' dir='ltr'>hostia</span> <span class='ocrx_word' id='word_1_558' title='bbox 3256 3764 3568 3820; x_wconf 88' lang='lat' dir='ltr'>emissione</span> <span class='ocrx_word' id='word_1_559' title='bbox 3616 3763 3868 3837; x_wconf 86' lang='lat' dir='ltr'>spiritus</span> 
     </span>
    </p>
   </div>
   <div class='ocr_carea' id='block_1_42' title="bbox 453 3849 3600 3931">
    <p class='ocr_par' dir='ltr' id='par_1_42' title="bbox 453 3849 3600 3931">
     <span class='ocr_line' id='line_1_42' title="bbox 453 3849 3600 3931; baseline 0 -24"><span class='ocrx_word' id='word_1_560' title='bbox 453 3849 570 3914; x_wconf 76' lang='lat' dir='ltr'>sibi</span> <span class='ocrx_word' id='word_1_561' title='bbox 595 3849 802 3905; x_wconf 85' lang='lat' dir='ltr'>limina</span> <span class='ocrx_word' id='word_1_562' title='bbox 832 3849 1148 3918; x_wconf 85' lang='lat' dir='ltr'>obstruxit;</span> <span class='ocrx_word' id='word_1_563' title='bbox 1185 3868 1217 3906; x_wconf 88' lang='lat' dir='ltr'>a</span> <span class='ocrx_word' id='word_1_564' title='bbox 1249 3849 1420 3925; x_wconf 87' lang='lat' dir='ltr'>longe</span> <span class='ocrx_word' id='word_1_565' title='bbox 1443 3857 1508 3908; x_wconf 93' lang='lat' dir='ltr'>ut</span> <span class='ocrx_word' id='word_1_566' title='bbox 1531 3854 1739 3908; x_wconf 87' lang='lat' dir='ltr'>stando</span> <span class='ocrx_word' id='word_1_567' title='bbox 1762 3855 1901 3910; x_wconf 80' lang='lat' dir='ltr'>Deus</span> <span class='ocrx_word' id='word_1_568' title='bbox 1916 3857 2102 3927; x_wconf 85' lang='lat' dir='ltr'>propi-</span> <span class='ocrx_word' id='word_1_569' title='bbox 2209 3855 2550 3931; x_wconf 89' lang='lat' dir='ltr'>angelorum</span> <span class='ocrx_word' id='word_1_570' title='bbox 2583 3859 2735 3910; x_wconf 87' lang='lat' dir='ltr'>esset</span> <span class='ocrx_word' id='word_1_571' title='bbox 2767 3853 3013 3927; x_wconf 88' lang='lat' dir='ltr'>remigio</span> <span class='ocrx_word' id='word_1_572' title='bbox 3042 3853 3202 3909; x_wconf 64' lang='lat' dir='ltr'>caelis</span> <span class='ocrx_word' id='word_1_573' title='bbox 3232 3853 3600 3909; x_wconf 89' lang='lat' dir='ltr'>invecta......</span> 
     </span>
    </p>
   </div>
   <div class='ocr_carea' id='block_1_43' title="bbox 522 3993 3357 4077">
    <p class='ocr_par' dir='ltr' id='par_1_43' title="bbox 522 3993 3357 4077">
     <span class='ocr_line' id='line_1_43' title="bbox 522 3993 3357 4077; baseline 0.002 -29"><span class='ocrx_word' id='word_1_574' title='bbox 522 3995 672 4077; x_wconf 70' lang='lat'>(694)</span> <span class='ocrx_word' id='word_1_575' title='bbox 702 3993 1056 4049; x_wconf 77' lang='lat' dir='ltr'>Addidimus</span> <span class='ocrx_word' id='word_1_576' title='bbox 1087 3995 1349 4077; x_wconf 57' lang='lat' dir='ltr'>ulalterc</span> <span class='ocrx_word' id='word_1_577' title='bbox 1377 4011 1446 4050; x_wconf 86' lang='lat' dir='ltr'>ex</span> <span class='ocrx_word' id='word_1_578' title='bbox 1473 3993 1691 4077; x_wconf 87' lang='lat' dir='ltr'>codice,</span> <span class='ocrx_word' id='word_1_579' title='bbox 1721 4012 1788 4052; x_wconf 88' lang='lat' dir='ltr'>ex</span> <span class='ocrx_word' id='word_1_580' title='bbox 1811 4014 1926 4070; x_wconf 89' lang='lat' dir='ltr'>quo</span> <span class='ocrx_word' id='word_1_581' title='bbox 1958 3997 2098 4056; x_wconf 88' lang='lat' dir='ltr'>item</span> <span class='ocrx_word' id='word_1_582' title='bbox 2207 3998 2706 4077; x_wconf 53' lang='lat' dir='ltr'>misericorditer...</span> <span class='ocrx_word' id='word_1_583' title='bbox 2736 3997 3162 4077; x_wconf 57' lang='lat' dir='ltr'>permilleulem:</span> <span class='ocrx_word' id='word_1_584' title='bbox 3320 4065 3357 4077; x_wconf 47' lang='grc' dir='ltr'>η</span> 
     </span>
    </p>
   </div>
   <div class='ocr_carea' id='block_1_44' title="bbox 452 4065 3873 4142">
    <p class='ocr_par' dir='ltr' id='par_1_44' title="bbox 452 4065 3873 4142">
     <span class='ocr_line' id='line_1_44' title="bbox 452 4065 3873 4142; baseline 0 -20"><span class='ocrx_word' id='word_1_585' title='bbox 452 4065 808 4142; x_wconf 75' lang='lat' dir='ltr'>scripsimus</span> <span class='ocrx_word' id='word_1_586' title='bbox 829 4082 947 4136; x_wconf 88' lang='lat' dir='ltr'>pro,</span> <span class='ocrx_word' id='word_1_587' title='bbox 979 4082 1112 4142; x_wconf 84' lang='lat' dir='ltr'>cum</span> <span class='ocrx_word' id='word_1_588' title='bbox 1147 4065 1204 4142; x_wconf 81' lang='lat' dir='ltr'>in</span> <span class='ocrx_word' id='word_1_589' title='bbox 1237 4065 1394 4142; x_wconf 80' lang='lat' dir='ltr'>vulg.</span> <span class='ocrx_word' id='word_1_590' title='bbox 1429 4070 1582 4142; x_wconf 73' lang='lat' dir='ltr'>esset</span> <span class='ocrx_word' id='word_1_591' title='bbox 1608 4083 1786 4142; x_wconf 64' lang='grc' dir='ltr'>ρνκ.υ</span> <span class='ocrx_word' id='word_1_592' title='bbox 1827 4065 1844 4142; x_wconf 58' lang='grc' dir='ltr'><strong>ξ</strong></span> <span class='ocrx_word' id='word_1_593' title='bbox 1908 4139 1921 4142; x_wconf 90' lang='lat'>_</span> <span class='ocrx_word' id='word_1_594' title='bbox 2280 4073 2431 4142; x_wconf 74' lang='lat'>(700)</span> <span class='ocrx_word' id='word_1_595' title='bbox 2487 4069 2709 4142; x_wconf 54' lang='lat' dir='ltr'>Vulg,</span> <span class='ocrx_word' id='word_1_596' title='bbox 2736 4065 2950 4142; x_wconf 71' lang='lat' dir='ltr'>cadere.</span> <span class='ocrx_word' id='word_1_597' title='bbox 2985 4067 3260 4142; x_wconf 68' lang='lat' dir='ltr'>Quaedam</span> <span class='ocrx_word' id='word_1_598' title='bbox 3319 4065 3708 4142; x_wconf 48' lang='lat' dir='ltr'>litteraquuc&#39;e</span> <span class='ocrx_word' id='word_1_599' title='bbox 3741 4067 3873 4124; x_wconf 86' lang='lat' dir='ltr'>dili-</span> 
     </span>
    </p>
   </div>
   <div class='ocr_carea' id='block_1_45' title="bbox 544 4135 3870 4218">
    <p class='ocr_par' dir='ltr' id='par_1_45' title="bbox 544 4135 3870 4218">
     <span class='ocr_line' id='line_1_45' title="bbox 544 4135 3870 4218; baseline 0.001 -27"><span class='ocrx_word' id='word_1_600' title='bbox 927 4138 1060 4218; x_wconf 72' lang='lat' dir='ltr'>sale,</span> <span class='ocrx_word' id='word_1_601' title='bbox 1094 4135 1644 4218; x_wconf 50' lang='lat' dir='ltr'>minus_b&#39;ene.Vera</span> <span class='ocrx_word' id='word_1_602' title='bbox 1663 4139 1878 4218; x_wconf 79' lang='lat' dir='ltr'>codicis</span> <span class='ocrx_word' id='word_1_603' title='bbox 1908 4139 2098 4198; x_wconf 88' lang='lat' dir='ltr'>lectio.</span> <span class='ocrx_word' id='word_1_604' title='bbox 2210 4135 2458 4218; x_wconf 80' lang='lat' dir='ltr'>gentiori</span> <span class='ocrx_word' id='word_1_605' title='bbox 2481 4135 2986 4218; x_wconf 68' lang='lat' dir='ltr'>animadversione</span> <span class='ocrx_word' id='word_1_606' title='bbox 3000 4138 3428 4212; x_wconf 88' lang='lat' dir='ltr'>detegunturin</span> <span class='ocrx_word' id='word_1_607' title='bbox 3445 4135 3870 4218; x_wconf 65' lang='lat' dir='ltr'>codice_,veram</span> 
     </span>
    </p>
   </div>
   <div class='ocr_carea' id='block_1_46' title="bbox 543 4207 3867 4284">
    <p class='ocr_par' dir='ltr' id='par_1_46' title="bbox 543 4207 3867 4284">
     <span class='ocr_line' id='line_1_46' title="bbox 543 4207 3867 4284; baseline 0 -20"><span class='ocrx_word' id='word_1_608' title='bbox 543 4207 672 4275; x_wconf 89' lang='lat'>696)</span> <span class='ocrx_word' id='word_1_609' title='bbox 699 4207 904 4264; x_wconf 87' lang='lat' dir='ltr'>Mutile</span> <span class='ocrx_word' id='word_1_610' title='bbox 936 4209 993 4263; x_wconf 91' lang='lat' dir='ltr'>in</span> <span class='ocrx_word' id='word_1_611' title='bbox 1009 4207 1170 4284; x_wconf 72' lang='lat' dir='ltr'>vulg.</span> <span class='ocrx_word' id='word_1_612' title='bbox 1199 4213 1324 4264; x_wconf 89' lang='lat' dir='ltr'>erat</span> <span class='ocrx_word' id='word_1_613' title='bbox 1351 4211 1513 4282; x_wconf 79' lang='lat' dir='ltr'>qui...</span> <span class='ocrx_word' id='word_1_614' title='bbox 1548 4209 1648 4264; x_wconf 93' lang='lat' dir='ltr'>ubi</span> <span class='ocrx_word' id='word_1_615' title='bbox 1675 4209 1962 4284; x_wconf 88' lang='lat' dir='ltr'>integram</span> <span class='ocrx_word' id='word_1_616' title='bbox 1997 4231 2101 4269; x_wconf 87' lang='lat' dir='ltr'>vo-</span> <span class='ocrx_word' id='word_1_617' title='bbox 2210 4207 2518 4270; x_wconf 65' lang='lat' dir='ltr'>rectionem</span> <span class='ocrx_word' id='word_1_618' title='bbox 2578 4213 2922 4278; x_wconf 89' lang='lat' dir='ltr'>docuerunt,</span> <span class='ocrx_word' id='word_1_619' title='bbox 2989 4207 3242 4284; x_wconf 62' lang='lat' dir='ltr'>quas&#39;ex</span> <span class='ocrx_word' id='word_1_620' title='bbox 3321 4225 3432 4267; x_wconf 89' lang='lat' dir='ltr'>ms.</span> <span class='ocrx_word' id='word_1_621' title='bbox 3507 4209 3867 4283; x_wconf 80' lang='lat' dir='ltr'>Frisingensi</span> 
     </span>
    </p>
   </div>
   <div class='ocr_carea' id='block_1_47' title="bbox 448 4277 3222 4351">
    <p class='ocr_par' dir='ltr' id='par_1_47' title="bbox 448 4277 3222 4351">
     <span class='ocr_line' id='line_1_47' title="bbox 448 4277 3222 4351; baseline 0 -15"><span class='ocrx_word' id='word_1_622' title='bbox 448 4277 576 4336; x_wconf 65' lang='lat' dir='ltr'>cuin</span> <span class='ocrx_word' id='word_1_623' title='bbox 609 4297 678 4336; x_wconf 79' lang='lat' dir='ltr'>ex</span> <span class='ocrx_word' id='word_1_624' title='bbox 705 4295 819 4335; x_wconf 86' lang='lat' dir='ltr'>ms.</span> <span class='ocrx_word' id='word_1_625' title='bbox 853 4277 1278 4351; x_wconf 70' lang='lat' dir='ltr'>suppleviinus.</span> <span class='ocrx_word' id='word_1_626' title='bbox 1355 4277 1372 4282; x_wconf 79' lang='grc'><em>”</em></span> <span class='ocrx_word' id='word_1_627' title='bbox 1800 4277 1830 4284; x_wconf 66' lang='grc'><em>’</em></span> <span class='ocrx_word' id='word_1_628' title='bbox 2203 4285 2464 4340; x_wconf 69' lang='lat' dir='ltr'>maxime</span> <span class='ocrx_word' id='word_1_629' title='bbox 2495 4277 2914 4339; x_wconf 78' lang='lat' dir='ltr'>conﬁrmatur.</span> <span class='ocrx_word' id='word_1_630' title='bbox 3007 4277 3024 4284; x_wconf 80' lang='grc'><strong>’</strong></span> <span class='ocrx_word' id='word_1_631' title='bbox 3215 4304 3222 4308; x_wconf 61' lang='grc' dir='ltr'><strong><em>τ</em></strong></span> 
     </span>
    </p>
   </div>
   <div class='ocr_carea' id='block_1_48' title="bbox 522 4351 3866 4437">
    <p class='ocr_par' dir='ltr' id='par_1_48' title="bbox 522 4351 3866 4437">
     <span class='ocr_line' id='line_1_48' title="bbox 522 4351 3866 4437; baseline 0.001 -32"><span class='ocrx_word' id='word_1_632' title='bbox 703 4351 800 4437; x_wconf 73' lang='lat' dir='ltr'>§io</span> <span class='ocrx_word' id='word_1_633' title='bbox 820 4352 1196 4437; x_wconf 34' lang='lat' dir='ltr'>‘codexncum</span> <span class='ocrx_word' id='word_1_634' title='bbox 1226 4351 1284 4407; x_wconf 90' lang='lat' dir='ltr'>in</span> <span class='ocrx_word' id='word_1_635' title='bbox 1306 4351 1461 4437; x_wconf 64' lang='lat' dir='ltr'>vulg.</span> <span class='ocrx_word' id='word_1_636' title='bbox 1495 4356 1651 4437; x_wconf 69' lang='lat' dir='ltr'>esset</span> <span class='ocrx_word' id='word_1_637' title='bbox 1674 4354 1832 4437; x_wconf 53' lang='lat' dir='ltr'>cuius</span> <span class='ocrx_word' id='word_1_638' title='bbox 2283 4356 2431 4426; x_wconf 88' lang='lat'>(701)</span> <span class='ocrx_word' id='word_1_639' title='bbox 2461 4355 2673 4437; x_wconf 52' lang='lat' dir='ltr'>Vulg,</span> <span class='ocrx_word' id='word_1_640' title='bbox 2690 4355 2868 4437; x_wconf 65' lang='lat' dir='ltr'>relata.</span> <span class='ocrx_word' id='word_1_641' title='bbox 2895 4354 3170 4409; x_wconf 83' lang='lat' dir='ltr'>miracula</span> <span class='ocrx_word' id='word_1_642' title='bbox 3199 4370 3212 4421; x_wconf 90' lang='lat'><strong>;</strong></span> <span class='ocrx_word' id='word_1_643' title='bbox 3243 4357 3302 4408; x_wconf 86' lang='lat' dir='ltr'>et</span> <span class='ocrx_word' id='word_1_644' title='bbox 3327 4351 3866 4437; x_wconf 44' lang='lat' dir='ltr'>pau‘l&#39;o&#39;post‘sacris</span> 
     </span>
    </p>
   </div>
   <div class='ocr_carea' id='block_1_49' title="bbox 524 4421 3862 4500">
    <p class='ocr_par' dir='ltr' id='par_1_49' title="bbox 524 4421 3862 4500">
     <span class='ocr_line' id='line_1_49' title="bbox 524 4421 3862 4500; baseline 0.001 -24"><span class='ocrx_word' id='word_1_645' title='bbox 524 4421 669 4493; x_wconf 81' lang='lat'>(698)</span> <span class='ocrx_word' id='word_1_646' title='bbox 699 4423 838 4500; x_wconf 87' lang='lat' dir='ltr'>_Erat</span> <span class='ocrx_word' id='word_1_647' title='bbox 957 4421 1343 4500; x_wconf 42' lang='grc' dir='ltr'>νιιιεη-σαηη.2</span> <span class='ocrx_word' id='word_1_648' title='bbox 1374 4421 1691 4500; x_wconf 60' lang='lat' dir='ltr'>ferentibus.</span> <span class='ocrx_word' id='word_1_649' title='bbox 1732 4421 1832 4480; x_wconf 87' lang='lat' dir='ltr'>Est</span> <span class='ocrx_word' id='word_1_650' title='bbox 1864 4426 2100 4500; x_wconf 82' lang='lat' dir='ltr'>quidem</span> <span class='ocrx_word' id='word_1_651' title='bbox 2211 4421 2974 4500; x_wconf 67' lang='lat' dir='ltr'>pro_supernis._Lectiones,</span> <span class='ocrx_word' id='word_1_652' title='bbox 3017 4441 3259 4500; x_wconf 78' lang='lat' dir='ltr'>quasex</span> <span class='ocrx_word' id='word_1_653' title='bbox 3289 4421 3645 4500; x_wconf 41' lang='grc' dir='ltr'>ᾠιξνηνθῐῖοῐιἔ</span> <span class='ocrx_word' id='word_1_654' title='bbox 3679 4424 3775 4480; x_wconf 90' lang='lat' dir='ltr'>his</span> <span class='ocrx_word' id='word_1_655' title='bbox 3803 4423 3862 4478; x_wconf 89' lang='lat' dir='ltr'>in</span> 
     </span>
    </p>
   </div>
   <div class='ocr_carea' id='block_1_50' title="bbox 453 4491 3865 4570">
    <p class='ocr_par' dir='ltr' id='par_1_50' title="bbox 453 4491 3865 4570">
     <span class='ocr_line' id='line_1_50' title="bbox 453 4491 3865 4570; baseline 0.001 -23"><span class='ocrx_word' id='word_1_656' title='bbox 453 4491 666 4570; x_wconf 80' lang='lat' dir='ltr'>lacuna</span> <span class='ocrx_word' id='word_1_657' title='bbox 697 4492 1019 4570; x_wconf 86' lang='lat' dir='ltr'>i_n__co_dice:</span> <span class='ocrx_word' id='word_1_658' title='bbox 1063 4491 1167 4549; x_wconf 73' lang='lat' dir='ltr'>sed</span> <span class='ocrx_word' id='word_1_659' title='bbox 1207 4491 1491 4566; x_wconf 84' lang='lat' dir='ltr'>quidquid</span> <span class='ocrx_word' id='word_1_660' title='bbox 1525 4494 1714 4567; x_wconf 86' lang='lat' dir='ltr'>legere</span> <span class='ocrx_word' id='word_1_661' title='bbox 1743 4491 1998 4569; x_wconf 88' lang='lat' dir='ltr'>amplius</span> <span class='ocrx_word' id='word_1_662' title='bbox 2031 4499 2101 4554; x_wconf 92' lang='lat' dir='ltr'>li-</span> <span class='ocrx_word' id='word_1_663' title='bbox 2210 4491 2450 4554; x_wconf 66' lang='lat' dir='ltr'>vocibus</span> <span class='ocrx_word' id='word_1_664' title='bbox 2479 4497 2801 4570; x_wconf 62' lang='lat' dir='ltr'>exprimere</span> <span class='ocrx_word' id='word_1_665' title='bbox 2829 4491 3015 4552; x_wconf 87' lang='lat' dir='ltr'>licuit.</span> <span class='ocrx_word' id='word_1_666' title='bbox 3037 4491 3053 4498; x_wconf 76' lang='grc'><strong>’</strong></span> <span class='ocrx_word' id='word_1_667' title='bbox 3077 4497 3255 4553; x_wconf 88' lang='lat' dir='ltr'>codex</span> <span class='ocrx_word' id='word_1_668' title='bbox 3289 4495 3678 4569; x_wconf 85' lang='lat' dir='ltr'>Frisingensis</span> <span class='ocrx_word' id='word_1_669' title='bbox 3736 4511 3865 4552; x_wconf 83' lang='lat' dir='ltr'>cer—</span> 
     </span>
    </p>
   </div>
   <div class='ocr_carea' id='block_1_51' title="bbox 455 4563 2581 4649">
    <p class='ocr_par' dir='ltr' id='par_1_51' title="bbox 455 4563 2581 4649">
     <span class='ocr_line' id='line_1_51' title="bbox 455 4563 2581 4649; baseline 0.002 -30"><span class='ocrx_word' id='word_1_670' title='bbox 455 4563 1027 4649; x_wconf 30' lang='lat' dir='ltr'>cuitgeah‘ibuimus.</span> <span class='ocrx_word' id='word_1_671' title='bbox 1086 4635 1106 4649; x_wconf 42' lang='grc' dir='ltr'><strong>ν</strong></span> <span class='ocrx_word' id='word_1_672' title='bbox 1224 4563 1242 4565; x_wconf 70' lang='grc'><strong><em>“</em></strong></span> <span class='ocrx_word' id='word_1_673' title='bbox 1273 4634 1286 4649; x_wconf 43' lang='grc' dir='ltr'><strong>ι</strong></span> <span class='ocrx_word' id='word_1_674' title='bbox 1369 4563 1388 4566; x_wconf 63' lang='grc'>⁷</span> <span class='ocrx_word' id='word_1_675' title='bbox 1584 4563 1610 4567; x_wconf 59' lang='grc'>⁷</span> <span class='ocrx_word' id='word_1_676' title='bbox 1799 4563 1862 4649; x_wconf 55' lang='grc' dir='ltr'>Α’</span> <span class='ocrx_word' id='word_1_677' title='bbox 1925 4639 1938 4649; x_wconf 31' lang='grc'>⁸</span> <span class='ocrx_word' id='word_1_678' title='bbox 2135 4583 2180 4649; x_wconf 78' lang='grc' dir='ltr'><strong>ι)</strong></span> <span class='ocrx_word' id='word_1_679' title='bbox 2213 4570 2391 4627; x_wconf 86' lang='lat' dir='ltr'>tiores</span> <span class='ocrx_word' id='word_1_680' title='bbox 2425 4563 2581 4626; x_wconf 75' lang='lat' dir='ltr'>facit.</span> 
     </span>
    </p>
   </div>
   <div class='ocr_carea' id='block_1_52' title="bbox 528 4634 2104 4708">
    <p class='ocr_par' dir='ltr' id='par_1_52' title="bbox 528 4634 2104 4708">
     <span class='ocr_line' id='line_1_52' title="bbox 528 4634 2104 4708; baseline 0.006 -20"><span class='ocrx_word' id='word_1_681' title='bbox 528 4634 678 4706; x_wconf 78' lang='lat'>(699)</span> <span class='ocrx_word' id='word_1_682' title='bbox 695 4634 786 4690; x_wconf 80' lang='lat' dir='ltr'>Ita</span> <span class='ocrx_word' id='word_1_683' title='bbox 803 4651 883 4690; x_wconf 80' lang='lat' dir='ltr'>ex</span> <span class='ocrx_word' id='word_1_684' title='bbox 901 4635 1030 4690; x_wconf 93' lang='lat' dir='ltr'>cod.</span> <span class='ocrx_word' id='word_1_685' title='bbox 1083 4635 1146 4690; x_wconf 83' lang='lat' dir='ltr'>In</span> <span class='ocrx_word' id='word_1_686' title='bbox 1193 4634 1350 4708; x_wconf 88' lang='lat' dir='ltr'>vulg.</span> <span class='ocrx_word' id='word_1_687' title='bbox 1378 4651 1726 4708; x_wconf 86' lang='lat' dir='ltr'>perperam:</span> <span class='ocrx_word' id='word_1_688' title='bbox 1789 4639 1938 4706; x_wconf 82' lang='lat' dir='ltr'>Quod</span> <span class='ocrx_word' id='word_1_689' title='bbox 1978 4657 2104 4697; x_wconf 85' lang='lat' dir='ltr'>cum</span> 
     </span>
    </p>
   </div>
   <div class='ocr_carea' id='block_1_53' title="bbox 1324 4983 3024 5055">
    <p class='ocr_par' dir='ltr' id='par_1_53' title="bbox 1324 4983 3024 5055">
     <span class='ocr_line' id='line_1_53' title="bbox 1324 4983 3024 5055; baseline 0 -13"><span class='ocrx_word' id='word_1_690' title='bbox 1324 4983 1730 5045; x_wconf 88' lang='lat' dir='ltr'>ADMONITIO</span> <span class='ocrx_word' id='word_1_691' title='bbox 1770 4988 1843 5046; x_wconf 87' lang='lat' dir='ltr'>IN</span> <span class='ocrx_word' id='word_1_692' title='bbox 1879 4987 2054 5049; x_wconf 85' lang='lat' dir='ltr'>TRIA</span> <span class='ocrx_word' id='word_1_693' title='bbox 2111 4989 2555 5051; x_wconf 85' lang='lat' dir='ltr'>DOCUMENTA</span> <span class='ocrx_word' id='word_1_694' title='bbox 2601 4985 3024 5055; x_wconf 84' lang='lat' dir='ltr'>SEQUENTIA.</span> 
     </span>
    </p>
   </div>
   <div class='ocr_carea' id='block_1_54' title="bbox 528 5266 3860 5348">
    <p class='ocr_par' dir='ltr' id='par_1_54' title="bbox 528 5266 3860 5348">
     <span class='ocr_line' id='line_1_54' title="bbox 528 5266 3860 5348; baseline -0.001 -23"><span class='ocrx_word' id='word_1_695' title='bbox 528 5271 668 5348; x_wconf 78' lang='lat' dir='ltr'>T_ria_</span> <span class='ocrx_word' id='word_1_696' title='bbox 687 5272 993 5348; x_wconf 86' lang='lat' dir='ltr'>sequentia</span> <span class='ocrx_word' id='word_1_697' title='bbox 1019 5271 1388 5348; x_wconf 84' lang='lat' dir='ltr'>documenta,</span> <span class='ocrx_word' id='word_1_698' title='bbox 1411 5288 1550 5348; x_wconf 69' lang='lat' dir='ltr'>quae</span> <span class='ocrx_word' id='word_1_699' title='bbox 1581 5289 1666 5348; x_wconf 84' lang='lat' dir='ltr'>ex_</span> <span class='ocrx_word' id='word_1_700' title='bbox 1697 5273 1898 5348; x_wconf 80' lang='lat' dir='ltr'>ordine</span> <span class='ocrx_word' id='word_1_701' title='bbox 1929 5277 2208 5348; x_wconf 83' lang='lat' dir='ltr'>temporis</span> <span class='ocrx_word' id='word_1_702' title='bbox 2239 5280 2528 5334; x_wconf 70' lang='lat' dir='ltr'>Irweclivae</span> <span class='ocrx_word' id='word_1_703' title='bbox 2575 5274 2921 5348; x_wconf 59' lang='lat' dir='ltr'>praeedenti</span> <span class='ocrx_word' id='word_1_704' title='bbox 2957 5272 3324 5348; x_wconf 79' lang='lat' dir='ltr'>subjicienda</span> <span class='ocrx_word' id='word_1_705' title='bbox 3353 5273 3521 5348; x_wconf 63' lang='lat' dir='ltr'>sunt,</span> <span class='ocrx_word' id='word_1_706' title='bbox 3543 5269 3642 5348; x_wconf 78' lang='lat' dir='ltr'>hic</span> <span class='ocrx_word' id='word_1_707' title='bbox 3689 5266 3860 5326; x_wconf 79' lang='lat' dir='ltr'>simul</span> 
     </span>
    </p>
   </div>
   <div class='ocr_carea' id='block_1_55' title="bbox 458 5341 3860 5416">
    <p class='ocr_par' dir='ltr' id='par_1_55' title="bbox 458 5341 3860 5416">
     <span class='ocr_line' id='line_1_55' title="bbox 458 5341 3860 5416; baseline -0 -20"><span class='ocrx_word' id='word_1_708' title='bbox 458 5341 847 5416; x_wconf 68' lang='lat' dir='ltr'>proferimus;</span> <span class='ocrx_word' id='word_1_709' title='bbox 882 5344 1020 5415; x_wconf 88' lang='lat' dir='ltr'>quia</span> <span class='ocrx_word' id='word_1_710' title='bbox 1049 5342 1247 5416; x_wconf 80' lang='lat' dir='ltr'>omnia</span> <span class='ocrx_word' id='word_1_711' title='bbox 1280 5341 1568 5416; x_wconf 79' lang='lat' dir='ltr'>pertinent</span> <span class='ocrx_word' id='word_1_712' title='bbox 1598 5345 1671 5400; x_wconf 89' lang='lat' dir='ltr'>ad</span> <span class='ocrx_word' id='word_1_713' title='bbox 1702 5345 1940 5401; x_wconf 89' lang='lat' dir='ltr'>clericos</span> <span class='ocrx_word' id='word_1_714' title='bbox 1965 5364 2000 5400; x_wconf 92' lang='lat' dir='ltr'>a</span> <span class='ocrx_word' id='word_1_715' title='bbox 2031 5341 2244 5404; x_wconf 84' lang='lat' dir='ltr'>Milone</span> <span class='ocrx_word' id='word_1_716' title='bbox 2300 5341 2657 5405; x_wconf 76' lang='lat' dir='ltr'>Veronensis</span> <span class='ocrx_word' id='word_1_717' title='bbox 2689 5346 2865 5416; x_wconf 88' lang='lat' dir='ltr'>sedis,</span> <span class='ocrx_word' id='word_1_718' title='bbox 2912 5345 2996 5400; x_wconf 89' lang='lat' dir='ltr'>uti</span> <span class='ocrx_word' id='word_1_719' title='bbox 3027 5341 3229 5400; x_wconf 70' lang='lat' dir='ltr'>auctor</span> <span class='ocrx_word' id='word_1_720' title='bbox 3273 5342 3577 5416; x_wconf 68' lang='lat' dir='ltr'>ap,pellat,_</span> <span class='ocrx_word' id='word_1_721' title='bbox 3601 5341 3860 5416; x_wconf 84' lang='lat' dir='ltr'>invasere</span> 
     </span>
    </p>
   </div>
   <div class='ocr_carea' id='block_1_56' title="bbox 459 5411 3864 5489">
    <p class='ocr_par' dir='ltr' id='par_1_56' title="bbox 459 5411 3864 5489">
     <span class='ocr_line' id='line_1_56' title="bbox 459 5411 3864 5489; baseline 0 -23"><span class='ocrx_word' id='word_1_722' title='bbox 459 5411 782 5489; x_wconf 68' lang='lat' dir='ltr'>ordinatos,</span> <span class='ocrx_word' id='word_1_723' title='bbox 815 5411 1174 5489; x_wconf 26' lang='lat' dir='ltr'>de&#39;quorum‘</span> <span class='ocrx_word' id='word_1_724' title='bbox 1197 5411 1460 5489; x_wconf 67' lang='lat' dir='ltr'>legitima</span> <span class='ocrx_word' id='word_1_725' title='bbox 1489 5416 1872 5489; x_wconf 82' lang='lat' dir='ltr'>ordinatione,</span> <span class='ocrx_word' id='word_1_726' title='bbox 1907 5425 2080 5489; x_wconf 87' lang='lat' dir='ltr'>atque</span> <span class='ocrx_word' id='word_1_727' title='bbox 2111 5419 2382 5475; x_wconf 90' lang='lat' dir='ltr'>ordinum</span> <span class='ocrx_word' id='word_1_728' title='bbox 2410 5418 2681 5475; x_wconf 79' lang='lat' dir='ltr'>exercitio</span> <span class='ocrx_word' id='word_1_729' title='bbox 2714 5415 3022 5489; x_wconf 82' lang='lat' dir='ltr'>Ratherius</span> <span class='ocrx_word' id='word_1_730' title='bbox 3054 5411 3377 5489; x_wconf 68' lang='lat' dir='ltr'>dubitabat.</span> <span class='ocrx_word' id='word_1_731' title='bbox 3411 5413 3621 5489; x_wconf 76' lang='lat' dir='ltr'>Omnia</span> <span class='ocrx_word' id='word_1_732' title='bbox 3651 5414 3864 5486; x_wconf 83' lang='lat' dir='ltr'>scripta</span> 
     </span>
    </p>
   </div>
   <div class='ocr_carea' id='block_1_57' title="bbox 461 5431 3860 5565">
    <p class='ocr_par' dir='ltr' id='par_1_57' title="bbox 461 5431 3860 5565">
     <span class='ocr_line' id='line_1_57' title="bbox 461 5431 3860 5538; baseline 0 -71"><span class='ocrx_word' id='word_1_733' title='bbox 461 5431 782 5482; x_wconf 75' lang='lat' dir='ltr'>ordinatos,</span> <span class='ocrx_word' id='word_1_734' title='bbox 815 5431 886 5469; x_wconf 86' lang='lat' dir='ltr'>ae</span> <span class='ocrx_word' id='word_1_735' title='bbox 916 5431 1167 5484; x_wconf 89' lang='lat' dir='ltr'>quorum</span> <span class='ocrx_word' id='word_1_736' title='bbox 1199 5431 1460 5538; x_wconf 55' lang='lat' dir='ltr'>legitima</span> <span class='ocrx_word' id='word_1_737' title='bbox 1489 5431 1872 5485; x_wconf 79' lang='lat' dir='ltr'>ordinatione,</span> <span class='ocrx_word' id='word_1_738' title='bbox 1907 5431 2080 5489; x_wconf 89' lang='lat' dir='ltr'>alque</span> <span class='ocrx_word' id='word_1_739' title='bbox 2111 5431 2382 5475; x_wconf 78' lang='lat' dir='ltr'>ordinum</span> <span class='ocrx_word' id='word_1_740' title='bbox 2410 5431 2681 5475; x_wconf 78' lang='lat' dir='ltr'>exercitio</span> <span class='ocrx_word' id='word_1_741' title='bbox 2714 5431 3022 5474; x_wconf 63' lang='lat' dir='ltr'>metuemus</span> <span class='ocrx_word' id='word_1_742' title='bbox 3054 5431 3377 5472; x_wconf 80' lang='lat' dir='ltr'>dubitabat.</span> <span class='ocrx_word' id='word_1_743' title='bbox 3411 5431 3621 5472; x_wconf 80' lang='lat' dir='ltr'>umnia</span> <span class='ocrx_word' id='word_1_744' title='bbox 3651 5431 3860 5486; x_wconf 72' lang='lat' dir='ltr'>scripta</span> 
     </span>
     <span class='ocr_line' id='line_1_58' title="bbox 461 5483 3860 5565; baseline 0.001 -28"><span class='ocrx_word' id='word_1_745' title='bbox 461 5483 705 5565; x_wconf 58' lang='lat' dir='ltr'>fuerunt</span> <span class='ocrx_word' id='word_1_746' title='bbox 723 5486 1032 5565; x_wconf 45' lang='grc' dir='ltr'>αυτῷ-063,</span> <span class='ocrx_word' id='word_1_747' title='bbox 1065 5489 1130 5565; x_wconf 81' lang='lat' dir='ltr'>ut</span> <span class='ocrx_word' id='word_1_748' title='bbox 1160 5485 1218 5539; x_wconf 92' lang='lat' dir='ltr'>in</span> <span class='ocrx_word' id='word_1_749' title='bbox 1240 5561 1247 5565; x_wconf 87' lang='lat'>_</span> <span class='ocrx_word' id='word_1_750' title='bbox 1300 5486 1383 5565; x_wconf 84' lang='lat' dir='ltr'>ita</span> <span class='ocrx_word' id='word_1_751' title='bbox 1405 5486 1582 5565; x_wconf 88' lang='lat' dir='ltr'>la-tiu_s</span> <span class='ocrx_word' id='word_1_752' title='bbox 1603 5487 2023 5565; x_wconf 60' lang='lat' dir='ltr'>probavimusg‘</span> <span class='ocrx_word' id='word_1_753' title='bbox 2045 5491 2068 5565; x_wconf 75' lang='lat' dir='ltr'>l_</span> <span class='ocrx_word' id='word_1_754' title='bbox 2080 5492 2139 5565; x_wconf 53' lang='lat'>:4,</span> <span class='ocrx_word' id='word_1_755' title='bbox 2155 5496 2465 5565; x_wconf 80' lang='lat' dir='ltr'>postquam</span> <span class='ocrx_word' id='word_1_756' title='bbox 2489 5491 2582 5565; x_wconf 88' lang='lat' dir='ltr'>ille</span> <span class='ocrx_word' id='word_1_757' title='bbox 2600 5506 2717 5547; x_wconf 66' lang='lat' dir='ltr'>suae</span> <span class='ocrx_word' id='word_1_758' title='bbox 2741 5489 2862 5565; x_wconf 75' lang='lat' dir='ltr'>sedi</span> <span class='ocrx_word' id='word_1_759' title='bbox 2885 5487 3054 5565; x_wconf 84' lang='lat' dir='ltr'>tertio</span> <span class='ocrx_word' id='word_1_760' title='bbox 3067 5488 3404 5565; x_wconf 59' lang='lat' dir='ltr'>restitutus,</span> <span class='ocrx_word' id='word_1_761' title='bbox 3427 5485 3492 5541; x_wconf 77' lang='lat' dir='ltr'>in</span> <span class='ocrx_word' id='word_1_762' title='bbox 3515 5483 3718 5565; x_wconf 81' lang='lat' dir='ltr'>eadem</span> <span class='ocrx_word' id='word_1_763' title='bbox 3739 5491 3860 5565; x_wconf 83' lang='lat' dir='ltr'>tum</span> 
     </span>
    </p>
   </div>
   <div class='ocr_carea' id='block_1_58' title="bbox 461 5553 3857 5636">
    <p class='ocr_par' dir='ltr' id='par_1_58' title="bbox 461 5553 3857 5636">
     <span class='ocr_line' id='line_1_59' title="bbox 461 5553 3857 5636; baseline 0 -26"><span class='ocrx_word' id='word_1_764' title='bbox 461 5553 709 5610; x_wconf 87' lang='lat' dir='ltr'>Romani</span> <span class='ocrx_word' id='word_1_765' title='bbox 739 5555 1031 5636; x_wconf 79' lang='lat' dir='ltr'>pqntitieis</span> <span class='ocrx_word' id='word_1_766' title='bbox 1063 5557 1498 5636; x_wconf 28' lang='lat' dir='ltr'>d.ecrelo_,_tuﬂm_</span> <span class='ocrx_word' id='word_1_767' title='bbox 1528 5553 1831 5636; x_wconf 66' lang='lat' dir='ltr'>Papiensis</span> <span class='ocrx_word' id='word_1_768' title='bbox 1890 5553 2094 5636; x_wconf 69' lang='lat' dir='ltr'>synbd—i</span> <span class='ocrx_word' id='word_1_769' title='bbox 2117 5553 2342 5636; x_wconf 77' lang='lat' dir='ltr'>judicio</span> <span class='ocrx_word' id='word_1_770' title='bbox 2399 5564 2780 5636; x_wconf 73' lang='lat' dir='ltr'>confirmatus</span> <span class='ocrx_word' id='word_1_771' title='bbox 2824 5561 3049 5636; x_wconf 79' lang='lat' dir='ltr'>fuerat._</span> <span class='ocrx_word' id='word_1_772' title='bbox 3067 5559 3270 5636; x_wconf 82' lang='lat' dir='ltr'>Priora</span> <span class='ocrx_word' id='word_1_773' title='bbox 3300 5553 3415 5614; x_wconf 87' lang='lat' dir='ltr'>duo</span> <span class='ocrx_word' id='word_1_774' title='bbox 3447 5561 3584 5636; x_wconf 84' lang='lat' dir='ltr'>su_nt</span> <span class='ocrx_word' id='word_1_775' title='bbox 3613 5557 3857 5636; x_wconf 80' lang='lat' dir='ltr'>decreta,</span> 
     </span>
    </p>
   </div>
   <div class='ocr_carea' id='block_1_59' title="bbox 451 5624 3860 5702">
    <p class='ocr_par' dir='ltr' id='par_1_59' title="bbox 451 5624 3860 5702">
     <span class='ocr_line' id='line_1_60' title="bbox 451 5624 3860 5702; baseline 0.001 -23"><span class='ocrx_word' id='word_1_776' title='bbox 451 5641 711 5702; x_wconf 72' lang='lat' dir='ltr'>quorum</span> <span class='ocrx_word' id='word_1_777' title='bbox 743 5624 943 5702; x_wconf 69' lang='lat' dir='ltr'>altero</span> <span class='ocrx_word' id='word_1_778' title='bbox 973 5626 1225 5702; x_wconf 64' lang='lat' dir='ltr'>scripto</span> <span class='ocrx_word' id='word_1_779' title='bbox 1271 5628 1364 5683; x_wconf 90' lang='lat' dir='ltr'>die</span> <span class='ocrx_word' id='word_1_780' title='bbox 1393 5624 1755 5702; x_wconf 78' lang='lat' dir='ltr'>8_Februarii</span> <span class='ocrx_word' id='word_1_781' title='bbox 1800 5624 2049 5688; x_wconf 80' lang='lat' dir='ltr'>eosdem</span> <span class='ocrx_word' id='word_1_782' title='bbox 2107 5624 2346 5690; x_wconf 71' lang='lat' dir='ltr'>clericos</span> <span class='ocrx_word' id='word_1_783' title='bbox 2378 5636 2449 5691; x_wconf 90' lang='lat' dir='ltr'>ab</span> <span class='ocrx_word' id='word_1_784' title='bbox 2475 5634 2666 5691; x_wconf 78' lang='lat' dir='ltr'>ofﬁcio</span> <span class='ocrx_word' id='word_1_785' title='bbox 2711 5633 3003 5688; x_wconf 89' lang='lat' dir='ltr'>abstinere</span> <span class='ocrx_word' id='word_1_786' title='bbox 3026 5631 3210 5702; x_wconf 83' lang='lat' dir='ltr'>jussit</span> <span class='ocrx_word' id='word_1_787' title='bbox 3233 5639 3426 5701; x_wconf 81' lang='lat' dir='ltr'>usque</span> <span class='ocrx_word' id='word_1_788' title='bbox 3457 5627 3528 5702; x_wconf 86' lang='lat' dir='ltr'>ad</span> <span class='ocrx_word' id='word_1_789' title='bbox 3560 5632 3860 5702; x_wconf 82' lang='lat' dir='ltr'>venturam</span> 
     </span>
    </p>
   </div>
   <div class='ocr_carea' id='block_1_60' title="bbox 459 5695 3859 5779">
    <p class='ocr_par' dir='ltr' id='par_1_60' title="bbox 459 5695 3859 5779">
     <span class='ocr_line' id='line_1_61' title="bbox 459 5695 3859 5779; baseline 0.001 -24"><span class='ocrx_word' id='word_1_790' title='bbox 459 5695 732 5770; x_wconf 82' lang='lat' dir='ltr'>legitimae</span> <span class='ocrx_word' id='word_1_791' title='bbox 759 5695 1141 5756; x_wconf 83' lang='lat' dir='ltr'>ordinationis</span> <span class='ocrx_word' id='word_1_792' title='bbox 1173 5697 1324 5756; x_wconf 87' lang='lat' dir='ltr'>diem</span> <span class='ocrx_word' id='word_1_793' title='bbox 1351 5718 1365 5769; x_wconf 88' lang='lat'><strong>;</strong></span> <span class='ocrx_word' id='word_1_794' title='bbox 1399 5699 1579 5759; x_wconf 88' lang='lat' dir='ltr'>altero</span> <span class='ocrx_word' id='word_1_795' title='bbox 1611 5708 1807 5761; x_wconf 89' lang='lat' dir='ltr'>autem</span> <span class='ocrx_word' id='word_1_796' title='bbox 1838 5703 2122 5778; x_wconf 88' lang='lat' dir='ltr'>postridie</span> <span class='ocrx_word' id='word_1_797' title='bbox 2150 5706 2279 5779; x_wconf 89' lang='lat' dir='ltr'>ejus</span> <span class='ocrx_word' id='word_1_798' title='bbox 2312 5706 2424 5765; x_wconf 89' lang='lat' dir='ltr'>diei</span> <span class='ocrx_word' id='word_1_799' title='bbox 2448 5705 2603 5764; x_wconf 89' lang='lat' dir='ltr'>edito</span> <span class='ocrx_word' id='word_1_800' title='bbox 2635 5706 2707 5761; x_wconf 93' lang='lat' dir='ltr'>ob</span> <span class='ocrx_word' id='word_1_801' title='bbox 2731 5705 3011 5763; x_wconf 75' lang='lat' dir='ltr'>excitatas</span> <span class='ocrx_word' id='word_1_802' title='bbox 3026 5695 3859 5773; x_wconf 59' lang='lat' dir='ltr'>abiisdem&#39;turbas,.primum</span> 
     </span>
    </p>
   </div>
  </div>
