4056 6386
128 418 261 488 489

131 654 452 708 ventantes
484 649 703 706 morari
728 655 1104 723 praesumant.
1127 652 1349 709 Anima
1368 670 1501 709 vero
1522 653 1801 709 eorumei

132 739 571 807 creditasunt;
595 738 723 796 ideo
744 739 872 811 ejus
897 740 1143 797 consilio
1159 742 1357 798 omnia
1375 759 1545 816 agere
1568 743 1799 811 debent,

133 844 203 884 eo
237 827 586 886 inconsulto
617 827 783 885 nihil.
814 851 837 878 η

440 919 580 974 Item
607 934 678 974 ex
703 919 931 975 consilio
960 919 1312 990 Antiocheno,
1345 923 1429 977 tit.
1460 922 1514 975 9.

206 1029 237 1056 ιι
271 1005 702 1079 Unusquisque
730 1007 885 1062 enim
917 1008 1230 1083 episcopus
1264 1010 1477 1073 habeat
1496 1027 1614 1065 sua
1638 1026 1801 1083 paro-

132 1093 280 1150 chia
312 1096 690 1168 potestatem,
718 1099 783 1150 ut
810 1100 975 1169 regat
1013 1098 1183 1169 juxta
1230 1098 1612 1154 reverentiam
1645 1100 1800 1155 340

131 1181 395 1257 singulis
426 1186 872 1256 competentem,
892 1189 951 1241 et
974 1186 1397 1259 providentiam
1419 1192 1583 1260 gerat
1607 1188 1798 1244 omnis

131 1271 540 1344 possessionis
560 1289 687 1344 qua
709 1273 823 1329 sub
844 1274 972 1345 ejus
993 1278 1082 1330 est
1104 1279 1410 1347 potestate.
1428 1297 1456 1324 »
1479 1276 1645 1345 Item,
1668 1292 1794 1349 cap.

128 1362 201 1417 24
234 1378 250 1416 :
278 1383 309 1412 «
349 1363 486 1429 Qua
529 1365 670 1417 sunt
714 1361 1004 1429 Ecclesia,
1036 1364 1146 1420 sub
1197 1363 1358 1420 omni
1406 1363 1798 1421 sollicitudine

131 1450 283 1523 (741)
317 1454 377 1506 et
405 1451 739 1511 constantia
766 1452 943 1521 bona,
965 1456 1022 1508 et
1050 1453 1185 1521 fide,
1218 1470 1345 1526 qua
1374 1453 1436 1508 in
1468 1453 1654 1509 Deum
1685 1456 1796 1521 est,

106 1538 236 1611 ,qui
265 1542 493 1617 cuncta
537 1539 869 1596 considerat
905 1541 1274 1615 judicatque,
1308 1545 1629 1599 serventur.
1662 1544 1797 1607 Quae

129 1627 317 1685 etiam
350 1627 748 1701 dispensanda
769 1633 909 1685 sunt
931 1629 1154 1701 judicio
1176 1634 1235 1687 et
1254 1635 1539 1703 potestate
1569 1630 1798 1703 pontiﬁ-

130 1717 240 1786 cis,
265 1716 367 1774 cui
398 1717 754 1783 commissus
776 1722 865 1774 est
886 1718 1162 1792 populus,
1186 1723 1242 1776 et
1263 1719 1470 1776 animae
1493 1737 1620 1793 qua
1641 1720 1797 1776 intra

130 1805 448 1879 ecclesiam
490 1811 943 1880 congregantur.
970 1831 999 1858 »
1023 1813 1197 1881 Item,
1232 1826 1357 1882 cap.
1389 1811 1461 1865 25
1483 1828 1533 1866 :«
1566 1809 1796 1883 Episco-

1101 418 1201 490 DE
1246 420 1725 493 CONTEMPTU
1768 426 2171 497 CANONUM.
2207 466 2281 480 -—
2313 428 2513 499 PARS
2558 433 2608 499 Ι.

131 560 440 634 permisso
472 576 513 616 a‘
548 576 670 616 sua-
695 560 971 635 parochia
1012 562 1347 632 abscedant,
1380 581 1485 620 nec
1517 564 1575 619 in
1606 581 1675 620 ea
1701 565 1799 619 ad-
1830 568 1885 634 Α
1966 596 1967 599 η

3443 444 3568 511 490

2161 570 2291 623 Item
2319 586 2389 625 ex
2417 572 2645 641 epistola
2672 587 2834 643 papa:
2867 574 3091 643 Urbani,
3114 590 3231 647 cap.
3257 578 3311 630 2.

1996 677 2022 710 ι
2049 656 2161 713 Res
2189 658 2456 714 Ecclesia
2489 659 2707 715 collata
2734 660 2795 715 in
2825 661 3078 719 editione
3110 668 3276 721 erant
3304 665 3559 740 antiqui-

1912 748 2008 801 tus
2033 746 2460 819 episcoporum,
2486 749 2588 821 qui
2614 748 2809 806 locum
2834 755 3035 808 tenent
3061 752 3122 808 in
3142 753 3401 811 Ecclesia
3427 773 3563 829 apo-

1912 833 2219 905 stolorum,
2245 841 2301 891 et
2349 841 2490 893 sunt
2519 855 2706 911 usque
2736 839 2947 911 adhuc,
2982 846 3040 898 et
3087 843 3300 899 futuris
3349 844 3561 903 debent

1910 940 2040 980 esse
2069 925 2452 997 temporibus.
2478 948 2505 977 »

1908 1042 2041 1096 Item
2068 1042 2134 1096 de
2161 1042 2510 1099 xenodochiz's
2540 1052 2591 1099 et
2628 1048 2971 1102 monasteriis
3014 1056 3126 1104 tam
3170 1050 3562 1107 monachorum

1980 1128 2143 1183 quam
2173 1116 2677 1191 sanctimonialium
2715 1134 2784 1173 ea:
2812 1118 3039 1191 decretis
3074 1122 3300 1177 concilii
3323 1123 3563 1191 Eugenii

1977 1199 2160 1255 papa,
2190 1201 2310 1257 cap.
2341 1187 2430 1264 24,
2722 1189 2916 1246 iisdem
2944 1193 3122 1248 verbis
3152 1194 3337 1264 quarti
3363 1187 3560 1250 Leonis

1974 1270 2155 1327 papae,
2188 1273 2307 1327 cap.
2340 1258 2611 1313 similiter
2631 1260 2718 1314 23.

1980 1375 2009 1402 «
2043 1353 2150 1408 Per
2178 1353 2631 1412 sollicitudinem
2677 1357 3083 1431 episcoporum
3129 1361 3270 1430 hac,
3305 1379 3557 1435 quorum

1910 1442 2222 1498 diaceseos
2272 1444 2550 1513 existunt,
2602 1446 2673 1501 ad
2722 1448 2957 1504 easdem
3006 1448 3311 1521 utilitates,
3342 1452 3558 1524 quibus

1907 1532 2227 1588 constituta
2260 1538 2417 1601 sunt,
2443 1534 2818 1606 ordinentur;
2851 1540 2917 1592 ut
2944 1536 3123 1594 debiti
3151 1553 3353 1610 panes,
3381 1543 3558 1613 atque

1907 1626 2113 1677 caetera
2147 1623 2484 1693 petentibus
2515 1629 2898 1697 revertantur,
2924 1626 3176 1699 qualiter
3202 1628 3317 1685 Deo
3347 1645 3556 1693 vacan-

1908 1716 2019 1778 tes,
2063 1710 2281 1784 inopia,
2312 1710 2402 1769 vel
2433 1713 2882 1771 necessitatibus
2913 1715 3248 1774 nullatenus
3276 1733 3560 1790 occupen-

1905 1803 2023 1868 tur,
2047 1801 2149 1855 sed
2191 1800 2351 1856 omni
2382 1792 2625 1874 expulsa
2662 1820 2821 1873 cura,
2855 1804 3018 1876 puris
3067 1805 3125 1861 in
3174 1805 3275 1862 Dei
3322 1806 3556 1864 servitio

129 1912 247 1968 pus
274 1894 810 1953 ecclesiasticarum
841 1914 1037 1954 rerum
1081 1899 1294 1956 habeat
1322 1903 1687 1971 potestatem,
1722 1900 1794 1955 ad
1823 1939 1871 2006 B
1903 1889 2135 2006 vaieagt
2167 1891 2463 2006 militibus
2490 1908 2851 2006 permanere.
2878 1916 2906 2006 Ἰ

133 1984 600 2006 ,εξ-..-μ--..Δημ
643 2001 764 2006 ,ῌμΑ
812 2002 1006 2006 -..---,,
1050 2004 1073 2006 η
1102 1987 1135 2006 ,3
1173 1988 1183 1998 ο
1209 2005 1215 2006 ,
1245 1987 1318 2006 nec
1416 1992 1428 2006 ι
1634 2005 1640 2006 ,
1718 2005 1725 2006 ,
2115 1994 2188 2006 mn
2262 1996 2356 2006 ...ν-ι
2409 1997 2652 2006 ιηηλκη..
2682 1981 2797 2006 ιειυ..
2846 2000 2878 2006 --

128 1984 607 2059 dispensandum
637 2001 775 2059 erga
804 2002 1011 2042 omnes
1040 1987 1138 2060 qui
1168 1987 1604 2062 indigent,cum
1627 2005 1787 2045 sum-

128 2090 231 2130 ma
256 2074 588 2132 reverentia
633 2078 691 2131 et
729 2074 940 2132 timore
983 2077 1104 2133 Dei.
1146 2077 1458 2149 Participet
1504 2082 1701 2133 autem
1732 2082 1789 2134 et

125 2164 276 2235 ipse,
306 2162 531 2236 quibus
588 2162 829 2236 indiget,
865 2163 915 2219 si
954 2168 1150 2222 tamen
1206 2165 1448 2239 indiget,
1483 2169 1604 2222 tam
1662 2168 1788 2223 suis

126 2269 311 2325 quam
342 2251 595 2310 fratrum
625 2252 724 2325 qui
752 2253 830 2309 ab
877 2269 944 2310 eo
986 2254 1409 2327 suscipiuntur,
1443 2255 1789 2313 necessariis

126 2340 340 2397 usibus
364 2340 729 2414 profuturus,
748 2341 830 2397 ita
850 2345 917 2397 ut
938 2342 997 2397 in
1022 2342 1182 2398 nullo
1205 2341 1466 2414 qualibet
1487 2342 1788 2400 occasione

126 2429 481 2486 fraudentur
522 2431 692 2501 juxta
739 2426 1010 2487 sanctum
1054 2431 1398 2503 Apostolum
1446 2432 1735 2487 dicentem
1770 2448 1783 2487 :

127 2520 397 2575 Habentes
430 2520 633 2575 victum
661 2527 713 2575 et
762 2524 1150 2591 tegumentum,
1182 2521 1268 2581 his
1315 2523 1554 2577 contenti
1602 2538 1788 2577 sumus

128 2609 179 2681 (I
209 2609 346 2665 Tim.
378 2625 461 2675 v1,
491 2608 624 2681 8)..»

377 2700 520 2755 Item
548 2713 621 2754 ex
646 2697 874 2755 decretis
899 2714 1054 2772 papa
1086 2699 1306 2767 Gelasii,
1337 2702 1422 2756 tit.
1454 2702 1544 2756 27.

201 2809 229 2837 ‹‹
263 2787 437 2845 Sicut
483 2787 803 2844 sacerdotis
851 2789 1114 2845 intererit
1157 2788 1447 2862 integram
1497 2789 1788 2846 ministris

126 2875 399 2935 Ecclesia
444 2881 831 2934 memoratam
878 2878 1205 2951 dependere
1253 2878 1668 2950 quantitatem;
1703 2878 1787 2935 sic

127 2964 319 3022 clerus
346 2963 509 3021 ultra
536 2964 861 3038 delegatam
891 2964 1006 3023 sibi
1037 2983 1334 3023 summam
1364 2966 1510 3023 nihil
1538 2966 1787 3025 insolen-

126 3058 212 3109 ter
240 3053 471 3112 noverit
498 3054 906 3126 expetendum.
937 3078 968 3105 ››

398 3143 537 3199 Item
566 3144 629 3198 in
652 3159 775 3200 can.
809 3142 1100 3215 Gangren.,
1132 3161 1255 3217 cap.
1283 3148 1319 3201 7
1349 3146 1433 3201 vel
1462 3148 1516 3201 8.

200 3254 228 3283 ‹‹
257 3230 320 3289 Si
351 3230 489 3313 quis
528 3230 851 3291 oblationes
891 3232 1159 3290 Ecclesia
1205 3234 1574 3307 baptismalis
1621 3239 1784 3292 extra

1903 2037 1909 2041 _
1972 1978 2023 2032 3.
2060 1978 2189 2033 Hac
2221 1980 2360 2034 dum
2409 1979 2821 2050 inconsultius,
2846 1986 3043 2055 utpote
3092 1983 3377 2040 inutiliter
3423 2001 3555 2059 gar-

1900 2067 2058 2123 riens
2107 2067 2478 2139 delatrarem,
2513 2086 2743 2126 mecum
2795 2070 2876 2127 ita
2921 2073 3066 2145 ccepi
3118 2091 3325 2131 rursus
3354 2074 3550 2132 rixari.

1898 2156 2009 2212 Sed
2036 2156 2176 2228 quid
2202 2155 2317 2212 ritu
2339 2157 2827 2215 stultissimorum
2850 2162 3241 2232 quorumdam
3263 2161 3423 2219 mille
3443 2163 3553 2220 hoc

1899 2248 2158 2302 astruere
2189 2244 2567 2318 testimoniis,
2593 2264 2728 2303 cum
2773 2248 3030 2305 sufﬁciat
3071 2267 3276 2319 unum,
3310 2250 3554 2309 laboro?

1900 2335 2197 2407 Interroga
2222 2334 2379 2391 enim
2404 2336 2742 2407 quemlibet,
2762 2339 2915 2393 unde
2947 2355 3074 2395 mos
3104 2339 3403 2397 inoleverit
3431 2340 3546 2410 ille,

1897 2428 1963 2480 ut
1991 2429 2255 2495 pastores
2276 2429 2552 2480 vocentur
2570 2425 2837 2481 Ecclesia
2863 2427 3162 2499 prasules.
3189 2427 3391 2485 Nonne
3415 2434 3550 2502 post

1897 2512 2149 2584 typicam
2181 2512 2343 2568 illam
2373 2514 2840 2584 patriarcharum
2873 2516 3150 2588 pascendi
3181 2533 3387 2591 greges
3417 2535 3550 2575 con-

1898 2600 2294 2670 suetudinem,
2317 2606 2373 2657 et
2399 2603 2817 2675 prophetarum
2863 2606 2935 2661 ad
2976 2609 3242 2663 nostrum
3274 2606 3333 2662 id
3364 2624 3548 2665 sacu-

1898 2690 2020 2745 lum
2051 2690 2391 2763 spiritaliter
2419 2693 2885 2765 retorquentium
2916 2711 3137 2763 vocem,
3161 2712 3432 2753 summus
3451 2695 3549 2751 ille

1894 2783 2199 2852 pastorum
2239 2780 2514 2853 princeps
2546 2782 2818 2851 Occurrit,
2845 2787 2904 2839 et
2937 2783 3056 2839 ait:
3079 2785 3187 2856 Ego
3215 2801 3340 2841 sum
3360 2788 3550 2857 pastor

1896 2870 2109 2925 bonus?
2140 2870 2312 2941 (Joan.
2337 2888 2394 2938 x,
2421 2869 2534 2943 li.)
2557 2871 2623 2926 Et
2654 2875 2718 2926 ut
2747 2872 2846 2944 qui
2878 2876 3080 2946 pastor
3108 2877 3197 2930 est
3225 2872 3421 2947 gregis
3441 2874 3551 2930 Do-

1895 2957 2117 3025 minici,
2142 2965 2566 3030 consequenter
2602 2961 2875 3017 eumdem
2926 2962 3267 3035 episcopum
3316 2961 3544 3018 noveris

1894 3062 2042 3116 esse,
2064 3047 2200 3102 audi
2235 3063 2303 3103 ex
2331 3063 2466 3103 voce
2508 3047 2758 3105 dicentis
2782 3066 2795 3105 :
2821 3050 3002 3106 Eratis
3029 3052 3173 3106 sicut
3200 3067 3321 3108 oves
3348 3067 3543 3108 erran-

1893 3145 1986 3206 tes,
2019 3137 2111 3193 sed
2141 3139 2385 3193 conversi
2414 3139 2540 3193 estis
2581 3155 2728 3194 nunc
2752 3139 2822 3194 ad
2853 3148 3129 3212 pastorem
3157 3145 3209 3195 et
3236 3143 3546 3212 episcopum

1892 3229 2211 3283 animarum
2266 3234 2571 3283 vestrarum
2600 3227 2651 3299 (Ι
2674 3228 2824 3283 Petr.
2858 3247 2916 3296 ιι,
2958 3229 3071 3300 25).
3095 3229 3242 3302 (742)
3285 3229 3433 3285 Eum
3483 3228 3544 3283 in

130 3337 255 3378 eam
287 3302 555 3394 accipere
576 3320 665 3378 vel
696 3322 835 3379 dare
863 3322 1112 3381 voluerit
1136 3302 1345 3395 prater
1363 3325 1782 3382 conscientiam
1814 3302 1857 3369 Ο
1895 3316 2097 3373 ordine
2139 3315 2405 3388 εθίίυίῐυῖ
2432 3316 2512 3387 [id
2541 3304 2629 3372 es"
2658 3317 2716 3372 δι
2749 3317 2975 3389 Petrus]
3007 3317 3184 3388 idem:
3218 3333 3393 3391 quem
3423 3316 3546 3390 θΡί·

130 3410 408 3485 episcopi,
427 3409 517 3467 vel
538 3411 667 3483 ejus
692 3412 784 3467 cui
806 3410 927 3468 hac
950 3411 1141 3469 ofﬁcia
1156 3413 1474 3471 commissa
1499 3418 1658 3483 sunt,
1676 3414 1786 3470 nec

133 3516 261 3559 cum
291 3500 426 3572 ejus
459 3500 572 3556 hoc
622 3501 700 3556 sit
746 3500 1010 3570 consilio,
1044 3502 1358 3559 anathema
1408 3502 1557 3558 sit.»
1593 3504 1734 3558 Item
1769 3521 1782 3559 :

132 3612 158 3638 α
180 3589 237 3645 Si
267 3590 406 3661 quis
426 3590 657 3663 dederit
676 3590 871 3657 oblata
891 3591 1158 3648 Ecclesia
1188 3596 1396 3664 praeter
1423 3592 1782 3665 episcopum,

129 3677 214 3734 vel
239 3694 376 3735 eum
409 3678 514 3751 qui
558 3678 913 3737 constitutus
944 3685 1035 3737 est
1080 3680 1153 3736 ab
1202 3697 1269 3745 eo
1317 3682 1391 3736 ad
1439 3681 1786 3753 dispensan-

133 3767 300 3837 dum;
332 3772 393 3825 et
421 3767 524 3840 qui
556 3768 677 3837 dat,
709 3772 767 3825 et
797 3768 896 3842 qui
929 3769 1156 3842 accipit,
1186 3770 1499 3826 anathema
1529 3770 1623 3826 sit.
1659 3792 1687 3821 »

448 3858 581 3914 Item
612 3860 673 3913 in
700 3874 823 3914 can.
859 3858 1202 3928 Cbalcedon.,
1234 3876 1352 3931 cap.
1381 3861 1471 3916 26.

202 3969 228 3996 ι(
262 3946 556 4013 Quoniam
585 3946 826 4019 quidam
871 3950 1078 4021 prater
1104 3948 1535 4021 dispensatores
1564 3949 1787 4022 episco-

136 4051 340 4107 porum
374 4035 682 4097 facultates
702 4036 1127 4099 ecclesiasticas
1147 4041 1417 4107 tractant,
1441 4037 1543 4111 qui
1574 4038 1682 4094 hoc
1713 4038 1790 4094 fe-

138 4124 337 4193 cerint,
363 4124 669 4182 canonicis
694 4127 1161 4199 correptionibus
1191 4127 1620 4202 castigentur.»
1645 4129 1786 4184 Item

136 4228 254 4287 cap.
287 4216 345 4283 8,
375 4214 454 4270 De
497 4215 714 4271 clericis
753 4218 853 4288 qui
878 4225 1006 4272 sunt
1053 4218 1114 4272 in
1157 4218 1410 4289 ptochiis,
1442 4219 1789 4274 monasteriis

134 4311 291 4376 atque
318 4305 629 4377 martyriis,
652 4320 778 4378 qua
796 4306 896 4361 sub
920 4309 1182 4377 potestate
1201 4308 1575 4378 episcoporum
1598 4309 1790 4362 unius-

134 4393 395 4465 cujusque
423 4393 663 4451 civitatis
700 4395 945 4450 existunt
975 4412 995 4451 :
1019 4416 1047 4445 «
1081 4393 1280 4451 Clerici
1316 4394 1417 4468 qui
1457 4394 1789 4469 praeﬁciun-

134 4482 226 4534 tur
252 4480 531 4553 ptochiis,
561 4480 650 4537 vel
687 4482 791 4554 qui
821 4483 1166 4539 ordinantur
1218 4483 1279 4539 in
1330 4483 1703 4541 monasteriis
1733 4488 1793 4539 et

138 4567 398 4626 basilicis
430 4575 779 4644 martyrum,
814 4571 924 4628 sub
956 4572 1383 4645 episcoporum,
1419 4572 1519 4645 qui
1551 4572 1612 4627 in
1644 4588 1788 4629 una-

138 4674 368 4730 quaque
423 4658 655 4715 civitate
710 4664 868 4726 sunt,
920 4661 1244 4717 secundum
1294 4664 1630 4717 sanctorum
1678 4661 1788 4718 Pa-
1819 4677 1868 4742 D

140 4751 290 4803 trum
348 4747 720 4815 traditiones,
753 4753 1036 4821 potestate
1090 4754 1493 4823 permaneant,
1534 4766 1641 4806 nec
1686 4767 1791 4822 per

140 4836 566 4892 contumaciam
610 4837 681 4893 ab
721 4837 993 4912 episcopo
1024 4855 1130 4895 suo
1160 4838 1475 4895 dissiliant.
1498 4839 1605 4904 Qui
1634 4840 1783 4896 341

141 4940 264 4980 vero
294 4925 520 4981 audent
543 4930 794 4983 evertere
825 4927 1232 5000 hujuscemodi
1258 4929 1506 4985 formam
1534 4946 1792 5001 quocun-

141 5028 243 5084 que
271 5014 474 5083 modo,
498 5030 604 5071 nec
650 5016 885 5090 proprio
925 5016 1322 5089 subjiciuntur
1361 5018 1632 5091 episcopo
1664 5036 1677 5074 :
1712 5019 1789 5074 si-

140 5102 378 5173 quidem
409 5101 604 5159 clerici
634 5109 791 5175 sunt,
817 5122 1109 5163 canonum
1155 5107 1617 5179 correptionibus
1648 5109 1792 5164 sub-

134 5189 439 5260 jacebunt;
473 5192 523 5247 si
561 5209 696 5249 vero
744 5193 876 5251 laici
905 5194 993 5251 vel
1043 5195 1314 5252 monachi
1362 5195 1599 5267 fuerint,
1633 5213 1791 5252 com-

145 5279 417 5336 munione
445 5279 767 5352 priventur.
797 5305 827 5333 »

210 5438 356 5511 (741)
388 5439 558 5514 Lege,
582 5441 668 5498 uti
695 5444 849 5520 apud
881 5444 1225 5518 Dionysium
1250 5446 1564 5520 Exiguum,
1587 5462 1656 5504 ex
1680 5464 1797 5520 quo

149 5509 202 5565 hi
219 5509 782 5588 lcanonnessump'ti
812 5509 1072 5588 fuerunt,
1102 5521 1152 5573 et
1181 5509 1513 5575 conscientia
1544 5509 1701 5576 bona.

212 5583 360 5660 (742)
388 5583 1026 5660 Acheriani'Spicilegii
1057 5583 1414 5660 novissimus
1438 5590 1627 5647 editor
1650 5591 1799 5648 hanc

153 5655 502 5736 notationem
531 5655 856 5736 _apposuit.
881 5681 909 5711 «
947 5655 1058 5736 Hic
1088 5659 1406 5736 legebatur
1450 5679 1576 5719 eum
1618 5679 1798 5736 quem,

152 5726 400 5803 profecto
431 5726 944 5789 maleIibrarium
973 5726 1251 5791 fefellisse
1277 5732 1527 5807 videtur,
1554 5726 1708 5810 qu‘od
1741 5726 1801 5794 in

394 5876 397 5879 ν
466 5854 735 5927 Ριτιιοι.
781 5855 1088 5929 CXXXVI.

1894 3421 2138 3478 scopnm
2162 3405 2467 3461 instituere
2489 3405 2704 3478 (dicam
2727 3410 2792 3461 ut
2811 3406 2912 3479 ita)
2932 3406 3209 3480 gestiens,
3237 3424 3311 3463 an
3333 3422 3394 3463 se
3413 3405 3548 3479 plus

1895 3495 2125 3567 caeteris.
2149 3493 2372 3567 diligat,
2428 3494 2671 3551 solerter
2724 3495 3049 3569 interrogat
3090 3514 3103 3553 :
3151 3496 3435 3553 nimirum
3481 3498 3549 3550 ut

1895 3586 2143 3650 astruat,
2176 3583 2315 3654 quia
2344 3583 2636 3655 praecipua
2664 3586 2940 3657 pascendi
2980 3584 3387 3641 rationabilem
3420 3600 3547 3659 gre-

1894 3688 2026 3745 gem
2059 3688 2284 3739 norma,
2302 3672 2387 3728 vis
2409 3676 2497 3728 est
2530 3672 3100 3742 charitatis,dilectio
3129 3674 3397 3731 videlicet
3426 3673 3547 3745 Dei,

1896 3766 1952 3817 et
1981 3761 2244 3833 ejusdem
2295 3760 2406 3817 sibi
2439 3779 2473 3817 a
2510 3762 2625 3821 Deo
2674 3762 2974 3819 commissi
3021 3762 3251 3820 dilectio
3301 3762 3549 3836 proximi

1895 3851 2071 3922 (Joan.
2096 3868 2212 3922 χχι,
2233 3851 2341 3922 15).
2358 3851 2463 3914 Qui
2488 3868 2622 3906 cum
2647 3855 2737 3908 ter
2754 3851 3161 3926 interroganti,
3187 3856 3276 3909 ter
3296 3867 3359 3909 se
3379 3851 3547 3908 illum

1897 3935 2138 4013 diligere
2166 3939 2294 4012 ipso
2337 3939 2708 4011 proﬁteretur
2750 3942 2989 4010 sciente,
3012 3942 3095 3998 ait
3123 3947 3213 3997 ter
3240 3940 3325 3996 illi
3355 3940 3551 3997 Domi-

1897 4045 2008 4086 nus
2043 4044 2314 4103 quoque:
2340 4031 2508 4086 Pasce
2547 4046 2666 4086 oves
2703 4047 2870 4087 meas.
2894 4030 3056 4093 Quod
3088 4030 3199 4085 fuit
3227 4030 3430 4101 utique
3460 4029 3548 4083 di-

1896 4135 2025 4174 cere
2056 4135 2069 4173 :
2104 4122 2240 4174 Esto
2270 4121 2470 4190 pastor
2513 4118 2707 4174 ovium
2755 4116 3260 4184 intellectualium,
3295 4117 3447 4173 342
3487 4116 3547 4172 id

1896 4211 2003 4272 est,
2028 4206 2338 4279 episcopus
2379 4206 2743 4261 credentium
2773 4205 3146 4278 populorum.
3172 4205 3367 4262 Pastio
3408 4221 3549 4261 sane

1898 4295 1999 4352 illa
2019 4299 2215 4351 utrum
2242 4293 2572 4366 uniformis,
2592 4312 2665 4350 an
2689 4295 2766 4352 sit
2785 4294 3186 4362 multiformis,
3205 4293 3547 4367 corporalis,

1897 4403 1970 4442 an
2004 4383 2296 4451 animalis,
2321 4384 2440 4441 sive
2463 4388 2801 4456 utrumque,
2828 4401 2944 4440 non
2968 4402 3002 4440 a
3022 4400 3116 4441 me
3137 4382 3382 4457 quilibet
3408 4400 3553 4455 pra-

1898 4473 2144 4531 stoletur
2165 4473 2396 4542 audire;
2421 4473 2741 4546 interroget
2760 4474 3026 4531 doctores
3046 4473 3181 4531 illos
3202 4473 3549 4546 pracipuos,

1899 4563 1999 4636 qui
2030 4579 2207 4635 super
2226 4562 2537 4636 Evangelia
2568 4566 2801 4620 sanctos
2823 4563 3136 4620 ediderunt
3161 4562 3288 4620 sine
3310 4562 3552 4625 menda-

1899 4654 1986 4710 cio
2016 4652 2291 4708 libros.Si
2310 4668 2444 4708 vero
2465 4668 2776 4724 corporum
2808 4652 3070 4726 aliquam
3091 4653 3164 4710 ad
3194 4669 3295 4710 eos
3325 4668 3553 4720 curam,

1898 4742 1997 4815 qui
2030 4741 2209 4811 illius,
2234 4741 2327 4797 cui
2377 4741 2635 4814 primum
2666 4742 2778 4799 hoc
2825 4741 3049 4799 dictum
3102 4746 3213 4812 est,
3244 4746 3448 4799 tenent
3492 4741 3557 4799 in

1907 4830 2175 4887 Ecclesiis
2216 4830 2426 4898 vicem,
2459 4833 2835 4888 consentiunt
2874 4834 3190 4906 pertinere;
3225 4834 3558 4889 monstrent

1901 4919 2149 4994 qualiter
2187 4920 2561 4992 corporaliter
2620 4921 2732 4977 sibi
2793 4923 3144 4980 commissos
3193 4922 3327 4994 quis
3368 4920 3558 4976 valeat

1900 5026 2158 5084 pascere,
2192 5009 2242 5066 si
2272 5011 2429 5066 unde
2458 5026 2558 5066 eos
2589 5010 2798 5068 debeat
2828 5028 3085 5085 pascere,
3119 5028 3235 5067 non
3268 5007 3557 5082 permitti-

1900 5105 1999 5156 tur
2018 5099 2226 5156 saltem
2248 5115 2617 5172 cognoscere.
2636 5102 2707 5156 Et
2727 5116 2860 5157 cum
2883 5102 2952 5157 de
2969 5099 3365 5157 oblationibus
3387 5101 3445 5152 et
3463 5095 3561 5151 de-

1903 5189 2072 5246 cimis
2102 5187 2364 5245 ﬁdelium
2384 5188 2575 5244 vivere
2605 5188 2965 5245 tabernaculi
3001 5187 3275 5245 custodes
3312 5185 3563 5242 debeant

1904 5278 2155 5348 Domini,
2189 5277 2299 5335 hoc
2330 5282 2420 5334 est
2447 5277 2722 5347 ecclesia,
2756 5277 2988 5347 clerici;
3024 5276 3075 5333 si
3114 5275 3305 5332 nescit
3335 5274 3561 5347 episco-

1908 5439 2330 5519 codice,_quem
2372 5438 3028 5519 exscribebat,_utraqu_e
3074 5454 3182 5519 vos
3238 5435 3567 5519 reperieba:

1908 5518 2025 5583 tur,
2051 5507 2150 5569 sed
2170 5507 2302 5568 'una
2355 5526 2461 5583 suo
2518 5508 2666 5583 loco,
2701 5509 2890 5583 alterg
2929 5507 3086 5583 inter
3112 5507 3350 5583 lineas,
3384 5512 3451 5583 ut
3478 5508 3570 5565 vel

1910 5580 2159 5665 eum,vel
2189 5581 2568 5665 quem'lege‘re
2608 5580 2827 5665 liceret.
2848 5581 3036 5665 Totus
3062 5580 3567 5665 his-locusjnter-

1951 5650 2246 5713 unctionis
2266 5650 2406 5708 vitio
2436 5650 2741 5724 laborabat
2769 5650 2830 5709 in
2860 5652 3041 5724 priori
3066 5651 3421 5721 editione,in
3453 5667 3572 5724 qua

1951 5675 2246 5713 uncuoms
2267 5675 2406 5708 νιιιυ
2436 5675 2741 5708 iuuuruuut
2769 5675 2830 5709 111
2860 5675 3041 5723 pI'lUI‘l
3066 5675 3341 5721 ϐαιιιοηθ,
3360 5675 3421 5708 lIl
3453 5675 3543 5724 qua

1908 5675 2212 5806 Fegebatur
2235 5721 2513 5802 poscendi,
2546 5721 2648 5785 ubi
2677 5723 3053 5802 reposuimus
3076 5725 3360 5802 pascendi.
3396 5744 3426 5779 ››
3540 5776 3543 5779 .

3172 5851 3250 5919 16
