4056 6374
519 442 634 506 491

1441 432 1812 500 annnam
1855 415 2101 499 EPISC.
2147 430 2440 500 vnaox.
2487 430 2660 495 orp.
2709 425 2908 495 PARS
2953 429 3002 494 1.

3815 425 3964 493 492

519 593 630 650 pus
661 578 804 646 quot
833 572 1300 646 decimani,quot
1329 571 1539 641 mansi,
1559 574 1700 644 quot
1728 569 1924 627 modia
1966 567 2166 637 tritici,
2199 569 2254 637 Α
2283 567 2440 640 quod
2473 566 2645 622 modo
2675 565 2898 638 patitur
2937 565 3008 620 ab
3048 562 3200 632 istis,
3235 561 3345 619 hoc
3375 563 3498 636 ipse
3529 558 3742 619 inferat
3771 562 3908 620 aliis
3931 575 3960 628 ;

521 667 664 736 quot
693 661 902 734 congia
929 662 1048 718 vini
1079 661 1260 718 tantis
1290 659 1376 716 vel
1411 659 1590 715 tantis
1623 659 1919 716 sufﬁciant
1948 658 2174 714 clericis

519 753 594 809 ad
619 753 844 808 victum
875 751 1077 824 utique
1106 754 1164 806 et
1192 753 1630 822 tegumentum;
1665 765 1858 805 nonne
1889 747 2176 805 convinci-

519 845 618 897 tur
647 846 750 897 aut
779 857 894 896 non
918 856 1044 896 esse
1075 843 1294 912 pastor,
1322 842 1423 894 aut
1445 841 1602 894 certe
1625 838 1908 911 insipiens
1929 838 2174 893 existere

521 934 741 1002 pastor,
765 917 867 1001 qui
898 927 1080 984 nescit
1110 927 1313 999 utique
1346 926 1444 982 ubi
1472 925 1574 982 illa
1603 927 1722 982 sint
1750 944 1986 999 pascua.
2022 927 2170 998 (743)

522 1022 579 1075 et
623 1019 722 1074 ubi
774 1035 981 1090 pecora
1031 1017 1355 1073 conducere
1413 1017 1620 1073 debeat
1671 1033 1790 1073 suae
1846 1015 2174 1089 praevisioni

522 1105 584 1179 [ι.
617 1105 960 1179 provisioni]
991 1103 1330 1161 commissa.

590 1196 640 1249 4.
665 1195 756 1264 Et,
791 1199 856 1250 ut
881 1195 954 1250 ad
985 1197 1206 1262 nostra,
1235 1193 1294 1248 id
1325 1196 1432 1260 est,
1466 1193 1610 1265 proh
1643 1193 1838 1250 nefas!
1872 1192 2175 1251 saecularia

518 1283 774 1349 redeam,
795 1299 930 1338 cum
954 1281 1254 1338 rarissime
1273 1280 1472 1336 videas
1495 1279 1676 1353 gratis
1697 1281 1948 1353 aliquos,
1967 1282 2176 1353 [supple

517 1372 644 1443 sed]
677 1375 779 1427 aut
805 1369 1032 1438 timore,
1059 1373 1160 1426 aut
1186 1368 1565 1425 confcederari
1592 1386 1808 1440 amore,
1833 1370 1988 1425 unde
2011 1373 2068 1426 te
2087 1386 2176 1425 ve-

517 1461 761 1527 rebitur,
785 1459 879 1514 cui
912 1457 1061 1513 nihil
1107 1457 1266 1513 vales
1313 1458 1582 1513 auferre?
1613 1457 1775 1513 Unde
1807 1457 2048 1525 amabit,
2081 1458 2173 1514 cui

519 1549 666 1604 nihil
697 1552 864 1619 potes
886 1546 1188 1603 conferre?
1207 1546 1264 1600 8i
1295 1562 1430 1618 ergo
1464 1546 1535 1602 ad
1567 1547 1908 1618 episcopum
1935 1545 2080 1602 nihil
2104 1548 2176 1602 de

518 1637 695 1692 rebus
736 1635 1008 1708 pertinet,
1031 1633 1248 1706 quibus
1303 1633 1493 1690 clerici
1553 1633 1740 1690 vivere
1797 1635 2040 1703 debent;
2073 1639 2176 1691 aut

520 1724 647 1796 ipse
678 1724 763 1780 eis
797 1739 910 1780 non
943 1723 1135 1792 debet,
1162 1727 1227 1778 ut
1257 1721 1593 1792 animalem,
1624 1723 1705 1779 ita
1732 1727 1789 1780 et
1818 1724 2173 1796 corporalem

523 1814 662 1869 dare
692 1813 751 1868 in
782 1817 1044 1884 tempore
1075 1811 1254 1868 tritici
1303 1827 1661 1880 mensuram,
1695 1817 1770 1880 et,
1797 1813 1948 1868 sicut
1993 1817 2174 1869 Actus

521 1901 780 1956 continet
811 1898 1230 1972 apostolorum,
1255 1915 1370 1956 non
1416 1899 1759 1956 dividuntur
1807 1900 2059 1974 singulis
2099 1902 2171 1958 ab

521 1989 815 2062 episcopo,
839 1989 924 2044 vel
954 1987 1214 2061 quolibet
1241 1988 1354 2045 alio
1385 1989 1457 2045 ab
1489 1989 1690 2044 eodem
1720 1990 1791 2045 ad
1823 1989 1880 2045 id
1911 1990 2171 2048 ofﬁcium

519 2077 812 2144 instituto,
831 2082 1006 2149 prout
1023 2077 1235 2149 cuique
1257 2094 1404 2149 opus
1426 2081 1534 2144 est,
1551 2078 1652 2133 sed
1684 2077 1796 2150 ipsi
1819 2077 2009 2134 clerici
2033 2079 2173 2135 divi-

519 2167 668 2222 dunt
684 2166 834 2222 inter
854 2182 916 2222 se
936 2170 1110 2238 prout
1130 2165 1377 2239 quilibet
1397 2183 1600 2222 eorum
1621 2167 1912 2238 potentior
1927 2172 2016 2224 est
2033 2169 2169 2240 (Act.

519 2271 590 2323 IV,
613 2255 725 2326 35),
753 2258 812 2310 et
841 2271 955 2310 non
979 2256 1152 2326 juxta
1182 2255 1670 2310 consuetudinem
1699 2255 1948 2312 aliarum
1978 2257 2170 2312 Eccle-

516 2343 744 2398 siarum
778 2343 1054 2398 omnibus
1104 2343 1370 2400 Ecclesia:
1400 2343 1648 2411 clericis,
1682 2345 1782 2399 sed
1823 2347 1993 2416 juxta
2039 2363 2171 2418 pro-

516 2431 707 2504 priam
728 2431 1090 2488 voluntatem
1114 2433 1254 2488 solis
1270 2433 1614 2488 diaconibus
1631 2438 1688 2488 et
1707 2434 2062 2507 presbyteris
2081 2436 2174 2490 de-

518 2521 678 2588 bent,
703 2537 829 2593 quae
854 2521 1175 2578 Veronensi
1208 2520 1469 2577 Ecclesiae
1500 2521 1712 2578 collata
1743 2527 1899 2590 sunt,
1933 2524 2169 2594 cedere;

518 2614 584 2666 ut
613 2610 781 2666 ditati
811 2609 1084 2667 videlicet
1118 2610 1374 2667 habeant
1412 2612 1569 2667 unde
1599 2617 1802 2668 contra
1829 2613 2170 2685 episcopum

517 2717 693 2756 suum
724 2699 953 2756 valeant
1000 2698 1303 2768 rebellare,
1325 2704 1382 2756 et
1427 2704 1493 2755 ut
1521 2701 1899 2757 dominentur
1926 2703 2171 2788 caeteris,

518 2791 577 2843 et
605 2788 676 2843 ad
701 2789 792 2844 sui
825 2789 1109 2844 auxilium
1139 2805 1242 2860 per
1271 2793 1620 2861 potestatem
1643 2790 1870 2862 possint
1889 2807 2009 2862 eos,
2034 2807 2169 2848 cum

514 2875 737 2944 volunt,
797 2876 1168 2950 compellere,
1223 2882 1280 2934 et
1328 2879 1732 2949 juramentum
1775 2879 1922 2951 (744)
1981 2879 2168 2952 alteri,

517 2982 695 3037 quem
747 2965 828 3021 illi
882 2965 1104 3022 scilicet
1156 2967 1521 3036 attraxerint,
1553 2967 1822 3041 episcopo
1870 2968 2171 3026 ﬁdelitatis

517 3053 725 3111 fecisse
756 3056 844 3127 [f.,
873 3055 1081 3126 facere]
1118 3055 1349 3127 jubere,
1384 3059 1459 3124 et,
1491 3055 1540 3113 si
1585 3074 1697 3114 non
1731 3057 2072 3128 obedierint,
2099 3059 2172 3115 de

516 3142 775 3200 Ecclesia
805 3161 902 3200 eos
923 3144 1130 3216 ejicere
1151 3161 1352 3217 posse;
1387 3148 1452 3200 ut
1480 3144 1735 3202 habeant
1759 3163 1993 3220 quoque
2016 3149 2172 3204 unde

516 3232 654 3289 ﬁliis
685 3249 916 3303 uxores,
949 3233 1182 3290 ﬁliabus
1233 3234 1540 3306 acquirant
1585 3236 1846 3303 maritos,
1877 3236 2079 3293 vineas
2117 3243 2172 3293 et

514 3338 775 3393 campos,
800 3327 1094 3394 postremo
1125 3323 1279 3380 unde
1325 3339 1673 3380 mammonae
1717 3324 2048 3397 iniquitatis
2077 3343 2164 3382 va-

513 3409 673 3464 leant
719 3410 1028 3467 deservire.
1072 3411 1454 3479 Subdiaconi,
1485 3413 1759 3486 acolythi,
1785 3418 1843 3470 et
1889 3414 2077 3470 centeri
2108 3415 2168 3471 in

515 3497 716 3553 ordine
749 3497 942 3553 clerici
973 3499 1114 3572 quid
1154 3499 1369 3556 debent
1415 3517 1609 3573 agere,
1636 3501 1791 3557 unde
1820 3503 2030 3572 vivere,
2063 3520 2168 3576 pro

513 3601 632 3657 qua
653 3602 714 3641 re
733 3584 983 3642 militare
1006 3585 1292 3657 Ecclesiae,
1308 3589 1582 3645 excubias
1605 3591 1922 3660 custodire,
1940 3590 2170 3664 ﬂagella

514 3689 618 3745 pro
649 3674 946 3731 discendis
975 3675 1186 3732 litteris
1208 3675 1416 3733 saltem
1447 3677 1729 3750 perferre;
1765 3695 1899 3736 cum
1929 3680 2169 3738 interro-

512 3761 672 3833 ganti
701 3763 976 3834 Apostolo
1019 3767 1195 3836 atque
1225 3765 1440 3822 dicenti
1475 3784 1488 3823 :
1524 3768 1657 3836 Quis
1701 3769 1850 3824 enim
1896 3771 2169 3828 militavit

511 3851 630 3906 suis
657 3852 944 3923 stipendiis
967 3859 1250 3926 unquam?
1270 3855 1316 3928 (Ι
1347 3857 1466 3912 Cor.
1492 3875 1568 3926 IX,
1589 3859 1647 3929 7)
1672 3859 1862 3916 adhuc
1885 3877 2054 3918 nemo
2085 3879 2168 3920 re-

511 3939 832 4011 sponderit,
857 3943 952 3998 ille
981 3944 1136 4000 843
1158 3943 1246 4000 vel
1276 3945 1414 4002 ille?
1435 3947 1781 4020 Quanquam
1812 3954 1869 4005 et
1898 3949 2034 4018 illis,
2063 3969 2166 4024 pro

511 4029 729 4100 quibus
759 4029 944 4104 litigo,
965 4049 1082 4089 non
1107 4033 1346 4091 omnino
1380 4035 1492 4092 ista
1521 4053 1652 4092 mea
1693 4036 1918 4110 placeat
1965 4045 2168 4098 contra

511 4123 943 4192 contemptores
974 4122 1035 4178 in
1061 4121 1170 4180 hoc
1191 4140 1481 4180 canonum
1505 4125 1650 4193 rixa,
1672 4127 1820 4198 (745)
1842 4128 1998 4200 quod
2028 4130 2168 4186 dua-

510 4209 622 4263 bus
645 4215 828 4281 agunt
849 4214 1044 4268 tamen
1069 4229 1174 4284 pro
1196 4214 1392 4270 causis
1420 4231 1434 4270 :
1456 4231 1575 4270 una
1595 4215 1834 4285 scilicet,
1859 4222 1923 4272 ut
1946 4217 2054 4275 hac
2075 4236 2164 4276 oc-

509 4297 741 4353 casione
772 4315 833 4354 se
859 4300 1088 4372 possint
1117 4319 1151 4358 a
1179 4303 1414 4360 servitio
1452 4304 1553 4361 Dei
1601 4305 1922 4376 retrahere;
1957 4307 2161 4376 altera,

2281 672 2399 728 qua
2429 655 2630 728 utique
2658 671 2761 727 spe
2793 653 2954 710 mille
2978 651 3217 708 illorum
3247 652 3491 724 decepti,
3515 656 3574 708 et
3601 651 3659 707 in
3692 651 3806 708 hoc
3840 670 3965 709 se-

2281 744 2410 799 culo
2441 743 2758 800 maximam
2790 742 3079 815 pertulere
3102 740 3508 813 indigentiam,
3535 745 3592 796 et
3622 741 3682 796 in
3709 740 3826 797 alio
3848 759 3964 798 ve-

2281 831 2529 887 rendum
2561 848 2633 887 ne
2664 831 2812 886 forte
2842 829 3195 902 gehennam.
3227 829 3374 884 Nam
3406 844 3540 884 cum
3575 829 3758 886 totius
3791 829 3964 885 trau-

2282 920 2374 975 dis
2405 925 2462 976 et
2506 918 2758 992 perﬁdia;
2801 917 3038 975 illorum
3089 917 3228 974 hinc
3274 921 3472 973 sumat
3519 917 3964 991 scaturiginem

2281 1007 2532 1075 insania,
2549 1007 2649 1081 qui
2679 1025 2796 1064 non
2828 1006 3149 1063 dissimiles
3171 1005 3440 1062 videlicet
3467 1004 3606 1074 illis,
3630 1006 3702 1062 de
3725 1007 3967 1079 quibus

2282 1097 2505 1152 dictum
2539 1097 2800 1166 est:Qui
2830 1097 3202 1168 relinquentes
3245 1095 3507 1150 mandata
3549 1096 3655 1151 Dei
3699 1099 3971 1152 tenerent

2281 1186 2343 1258 [1.
2378 1185 2595 1260 tenetis]
2639 1185 2965 1242 traditiones
3013 1185 3301 1241 hominum
3349 1184 3534 1256 (Marc.
3560 1201 3659 1251 vn,
3686 1185 3766 1257 8),
3822 1184 3974 1259 lege

2282 1275 2516 1348 penitus
2563 1275 2845 1332 canonica
2892 1274 3262 1347 ﬂoccipensa,
3304 1273 3762 1330 consuetudines
3794 1274 3969 1345 (746)

2281 1367 2483 1419 tenent
2503 1369 2937 1420 antecessorum
2963 1380 3205 1420 suorum
3231 1363 3400 1435 (747),
3425 1379 3591 1436 reges
3612 1362 3819 1435 utique
3845 1367 3968 1419 aut

2282 1452 2780 1521 interﬁcientium,
2831 1457 2931 1508 aut
2986 1452 3426 1520 excaecantium,
3473 1451 3781 1525 episcOpos
3844 1456 3968 1509 aut

2281 1541 2672 1615 ignominiosa
2701 1541 2890 1598 vivere
2920 1540 3422 1614 compellentium,
3444 1545 3566 1610 aut,
3591 1541 3642 1596 si
3669 1533 3779 1597 huc
3809 1559 3962 1614 per-

2283 1629 2419 1704 peti,
2444 1635 2508 1687 ut
2539 1631 2689 1703 (748)
2720 1635 2921 1687 noster
2966 1629 3100 1698 iste,
3133 1628 3322 1702 quivis
3364 1628 3601 1685 illorum
3649 1630 3966 1702 patienter

2282 1720 2561 1792 nequivit,
2584 1719 2730 1790 (749)
2753 1718 3069 1776 Scariotico
3088 1719 3243 1790 jure,
3262 1721 3328 1774 ut
3351 1719 3424 1775 ab
3455 1716 3588 1775 aliis
3614 1721 3962 1790 pateretur,

2281 1809 2436 1880 quod
2461 1808 2573 1880 ipsi
2617 1807 2958 1877 intulerant,
2982 1807 3523 1864 fraudulentissime
3563 1807 3961 1878 facientium;

2283 1899 2422 1970 quis
2452 1913 2655 1954 eorum
2686 1897 3141 1954 consuetudines
3171 1896 3355 1954 sacris
3386 1897 3656 1970 praeferat
3684 1895 3961 1970 legibus,

2282 1987 2396 2043 nisi
2423 2003 2601 2059 quem
2622 1986 2906 2060 Josaphat
2925 1986 3046 2060 regi
3072 2003 3185 2042 non
3207 1989 3384 2043 terret
3411 1985 3574 2042 illata
3594 1985 3924 2058 hujusmod
3939 1987 3966 2042 i

2281 2076 2590 2142 sententia,
2629 2075 2879 2131 dicentis
2913 2091 2928 2131 :
2960 2077 3133 2147 Impia
3177 2075 3390 2147 praebes
3431 2075 3740 2141 auxilium,
3773 2079 3830 2132 et
3858 2077 3968 2132 his

2281 2167 2380 2237 qui
2406 2165 2636 2220 oderunt
2663 2165 2855 2233 Deum,
2895 2166 3145 2221 amicitia
3184 2165 3631 2238 conjungerisUl
3658 2165 3854 2222 Paral.
3886 2182 3962 2235 χ,

2279 2254 2356 2325 2),
2385 2258 2493 2309 etc.
2531 2252 2675 2308 Illud
2708 2270 2941 2326 quoque
2985 2253 3249 2325 Apostoli
3285 2270 3298 2308 :
3331 2253 3451 2309 Non
3498 2253 3676 2309 solum
3725 2256 3826 2326 qui
3853 2257 3963 2325 fa—

2279 2344 2454 2410 ciunt,
2497 2343 2588 2399 sed
2632 2345 2798 2399 etiam
2847 2344 2944 2413 qui
2988 2344 3334 2398 consentiunt
3374 2345 3549 2412 (Rom.
3585 2359 3624 2410 ι,
3655 2342 3770 2414 32).
3808 2342 3961 2398 Hie-

2280 2432 2506 2505 ronymi
2539 2448 2770 2504 quoque
2805 2449 2818 2487 :
2848 2454 2868 2481 ι
2899 2432 3226 2487 Defendens
3258 2431 3528 2504 iniquum
3560 2430 3948 2500 destruatur;

2279 2526 2338 2578 et
2369 2538 2539 2594 pcena
2567 2521 2746 2577 simili
2778 2521 3090 2577 damnetur
3131 2521 3399 2577 convenit
3441 2521 3718 2578 defensus
3749 2525 3808 2577 et
3838 2522 3948 2578 de-

2278 2612 2494 2667 fensor.
2519 2632 2546 2660 ››
2569 2614 2714 2666 Item
2751 2627 2816 2667 :«
2850 2609 2932 2665 Ne
2976 2609 3254 2665 defendas
3297 2607 3545 2681 injuste,
3567 2613 3634 2665 ut
3664 2609 3773 2666 ﬁas
3805 2609 3947 2666 alli-

2277 2704 2451 2773 gatus
2472 2700 2656 2771 juste,
2678 2703 2734 2754 et
2773 2699 3076 2770 subjectus
3122 2715 3304 2772 pcena:
3353 2697 3587 2769 alienae;
3620 2697 3722 2772 qui
3770 2699 3940 2756 enim

2278 2789 2530 2862 percutit
2585 2787 2772 2844 malos
2799 2788 2858 2844 in
2890 2804 2956 2844 eo
2987 2788 3140 2860 quod
3171 2786 3308 2843 mali
3341 2792 3498 2856 sunt,
3526 2788 3798 2844 minister
3829 2787 3948 2844 Do-

2279 2877 2424 2933 mini
2456 2882 2562 2934 est.
2587 2900 2614 2927 ››
2637 2877 2778 2934 Item
2809 2893 2858 2932 :«
2892 2876 3228 2934 Homicidas
3257 2881 3315 2934 et
3360 2877 3674 2951 sacrilegos
3723 2877 3946 2950 punire

2278 2983 2394 3023 non
2423 2971 2512 3023 est
2540 2966 2746 3022 effusio
2773 2965 3100 3038 sanguinis,
3120 2967 3222 3022 sed
3246 2965 3640 3022 ministerium
3672 2965 3946 3039 legum.»

2279 3057 2426 3112 Nota
2452 3073 2588 3112 vero
2620 3055 2773 3128 quod
2805 3072 2921 3112 non
2950 3055 3162 3111 dixerit
3190 3055 3534 3123 interﬁcere,
3565 3055 3665 3112 sed
3697 3055 3948 3129 punire,

2278 3145 2537 3219 vigilanti
2589 3145 2794 3217 utique
2842 3162 2986 3202 usus
3046 3161 3342 3214 sermone;
3377 3145 3461 3202 sic
3517 3144 3674 3201 enim
3734 3143 3945 3202 alter:

2281 3235 2479 3303 Tunde,
2505 3234 2608 3303 ait,
2633 3235 2812 3290 latera
2851 3234 2962 3304 [itii
2989 3235 3090 3302 tui,
3122 3233 3254 3289 dum
3300 3235 3488 3306 infans
3516 3237 3625 3297 est;
3655 3233 3724 3289 ad
3756 3235 3948 3290 inter-

2199 3301 2242 3370 C
2277 3301 2567 3396 rectionem
2591 3301 2774 3380 autem
2805 3301 2956 3380 illivs
2984 3339 3055 3380 ne
3078 3301 3252 3396 ponas
3279 3301 3527 3380 animam
3555 3331 3710 3379 tuam
3736 3324 3944 3395 (Eccli.

2276 3429 2406 3481 xxx,
2442 3413 2553 3486 12).
2575 3413 2817 3482 Dimitte,
2851 3412 2933 3469 ait
2972 3411 3207 3468 cuidam
3239 3412 3544 3479 Dominus,
3574 3419 3819 3468 mortuos
3847 3428 3945 3468 se-

2274 3503 2449 3576 pelire
2475 3506 2716 3558 mortuos
2743 3517 2870 3558 suos
2897 3501 3105 3572 (Matth.
3129 3518 3248 3568 vm,
3270 3501 3364 3574 22)
3391 3518 3404 3558 :
3438 3496 3591 3573 quod
3624 3501 3943 3559 enucleare

2276 3593 2534 3665 gestiens
2590 3591 2672 3648 ait
2715 3591 3052 3664 veriloquus
3100 3591 3435 3664 expositor:
3471 3592 3626 3648 844
3656 3590 3938 3649 Mortuus

2277 3686 2576 3738 mortuum
2608 3680 2834 3753 sepelit,
2861 3697 2994 3736 cum
3031 3684 3298 3754 peccator
3333 3685 3693 3752 peccatorem
3722 3679 3941 3736 defen-

2275 3772 2380 3839 dit,
2410 3775 2467 3828 et
2515 3787 2588 3827 ne
2636 3771 2708 3826 ad
2759 3770 3229 3826 emendationem
3281 3768 3602 3838 reviviscat,
3651 3767 3941 3827 falsitatis

2273 3861 2543 3933 congerie
2585 3859 2800 3916 obruit.
2838 3861 2939 3929 Vae,
2974 3858 3056 3916 ait
3086 3875 3188 3932 per
3215 3858 3560 3932 prophetam
3609 3856 3702 3912 bis
3748 3857 3938 3915 etiam

2273 3949 2578 4018 Dominus,
2602 3951 2698 4022 qui
2725 3957 2993 4006 consuunt
3011 3949 3272 4020 pulvillos
3297 3948 3396 4004 sub
3423 3947 3578 4002 omni
3603 3946 3780 4002 cubito
3810 3962 3939 4001 ma-

2272 4057 2378 4096 nus
2409 4039 2624 4112 (Ezech.
2657 4055 2780 4107 xm,
2803 4038 2912 4111 48).
2935 4038 3041 4105 Qui
3077 4041 3217 4093 sunt
3243 4053 3376 4093 vero
3407 4035 3512 4105 illi,
3545 4035 3660 4092 nisi
3689 4035 3762 4091 de
3793 4035 3934 4107 qui-

2273 4129 2385 4184 bus
2416 4127 2556 4184 alibi
2588 4127 2803 4184 dicitur
2834 4144 2847 4184 :
2889 4129 2972 4185 γω
3017 4129 3115 4198 qui
3148 4126 3330 4183 dicitis
3362 4127 3563 4182 bonum
3608 4124 3842 4194 malum,
3878 4133 3942 4181 et

2269 4219 2482 4273 malum
2513 4217 2751 4273 bonum?
2779 4219 2905 4287 (Isa.
2937 4233 2992 4284 v,
3025 4217 3142 4284 20.)

2339 4307 2391 4362 5.
2422 4304 2730 4362 Cavillator
2758 4309 2996 4362 econtra
3026 4322 3040 4360 :
3075 4305 3332 4374 Quandiu
3375 4303 3643 4377 apostolus
3670 4303 3935 4374 gentium

509 4402 626 4457 qua
652 4403 713 4442 se
744 4387 989 4460 quilibet
1018 4389 1254 4448 illorum
1275 4399 1474 4466 sperat
1501 4397 1731 4450 tantum
1761 4395 2074 4470 victurum,
2098 4401 2163 4454 ut
2267 4413 2410 4468 sum,
2442 4395 2523 4452 ait
2549 4395 2760 4452 Doctor
2800 4394 3089 4468 egregius,
3120 4395 3496 4450 ministerium
3533 4407 3720 4448 meum
3748 4391 3937 4448 hono-

580 4493 727 4573 (743)
746 4493 1092 4573 Qonjunctio
1128 4503 1220 4573 (et,
1249 4517 1386 4573 quas
1433 4517 1738 4573 perperam
1795 4501 1983 4559 locata
2037 4507 2162 4561 erat

509 4567 878 4638 anteutique,
913 4567 1046 4635 huc,
1086 4569 1184 4625 ubi
1209 4567 1692 4638 desiderabatur,
1723 4575 2155 4632 transtulimus.

2341 4504 2488 4575 (747)
2511 4503 2718 4576 Reges,
2744 4500 3025 4576 nimirum
3047 4501 3462 4576 Berengarium
3478 4501 3529 4576 _I,
3554 4499 3657 4576 qui
3686 4497 3936 4576 Verona)

2267 4569 2764 4643 interfectus'fuit,
2787 4579 2845 4628 et
2881 4569 3264 4630 Ludovicum'
3281 4572 3526 4629 Bosonis
3558 4569 3749 4627 ﬁlium
3782 4569 3934 4627 item

1121 4646 1272 4736 eiut,
1289 4635 1701 4736 (lia‘beant'unde
1733 4647 1944 4729 possint
1963 4647 2158 4718 jubere
2187 4671 2235 4736 Β
2265 4647 2504 4736 Veronae
2527 4635 2918 4736 _obcaecatum.

503 4707 1119 4791 [ticereujuramentumn
1145 4713 1429 4791 ﬁdelitatis
1485 4716 1650 4791 alteri
1700 4707 1981 4791 episcopo,"
1998 4736 2157 4791 quem

505 4776 824 4862 illi‘scilicet
851 4776 1180 4839 attraxerint
1205 4803 1239 4862 :7
1257 4785 1358 4840 ubi
1405 4776 1742 4862 notandum.
1758 4776 2154 4862 verbum‘pos-

499 4849 821 4932 sinitquod
855 4867 970 4932 non
1004 4861 1287 4932 remactu
1331 4861 1577 4930 gestam,
1603 4859 1703 4932 sed
1744 4860 1992 4932 jubendi
2020 4849 2155 4932 pos-

503 4919 845 5014 sibilitatem
860 4922 1275 5014 signiticat,ita
1305 4919 1368 5014 ult
1397 4919 1891 5014 sensus'sitﬁolis
1920 4919 2157 5014 presby-

2265 4859 2381 4933 qua
2405 4877 2436 4916 e
2469 4875 2712 4916 numero
2745 4859 2820 4914 mi

2263 4925 2551 5010 c'toratur.
2576 4933 2793 5010 Verum,
2814 4930 3030 5010 subdit“
3037 4925 3394 5010 novissimus
3415 4925 3708 5010 Spicilegii
3736 4926 3922 5010 Ache-

2515 4719 2949 4798 InVosteriisfeest
2978 4715 3102 4798 ipse
3133 4715 3464 4798 Eutherius.
3541 4784 3576 4798 Η
3627 4785 3640 4798 Δ
3694 4783 3708 4798 ἱ
3803 4782 3816 4796 ο

2337 4783 2483 4861 (749)
2512 4789 2804 4844 Scariotico
2825 4787 2973 4912 fure,
3001 4783 3065 4842 id
3104 4792 3192 4843 est
3238 4804 3306 4842 ea
3333 4787 3482 4860 lege,
3505 4784 3585 4841 ait
3611 4783 3922 4865 Acherius,

2337 4879 2381 4916 ia
2405 4877 2438 4940 e
2469 4875 2712 4940 numero
2745 4859 2820 4914 mi
2853 4859 3003 4940 itum
3030 4859 3385 4940 expungitur
3414 4857 3719 4940 quishsuge
3747 4871 3924 4940 exau-

501 4991 642 5072 terjs
693 4997 749 5048 et
791 4991 1052 5072 diaconis
1085 4991 1283 5072 omnia
1315 4999 1581 5056 Ecclesiae
1614 4991 1966 5072 veronensis
1999 4991 2154 5061 horia
2263 5003 2413 5059 riani
2444 5004 2649 5067 editor,
2682 5006 2744 5057 ut
2774 4991 2830 5056 id
2857 5017 2966 5056 esse
2995 5000 3355 5056 Scarioticum
3398 4991 3494 5072 jus
3548 4991 3919 5072 agnosco,_ita

499 5063 723 5146 cedere,
743 5070 808 5146 ut
828 5072 1030 5146 contra
1047 5070 1382 5146 episcopum
1404 5090 1584 5146 suum?
1599 5071 1830 5146 valeant
1847 5074 2150 5146 rebellare,

498 5140 554 5189 et
569 5153 682 5216 per
701 5142 1048 5216 potestatem
1068 5140 1407 5216 saecularem
1431 5145 1660 5216 possint
1681 5140 2161 5212 inferiores,cum-

496 5206 1078 5290 velint,:compcll_ere
1109 5214 1194 5290 ad
1214 5206 1496 5290 auxilium
1529 5215 1641 5282 sui,
1675 5220 1732 5290 et
1759 5217 1831 5272 ad
1869 5206 2149 5289 praestan-

499 5277 664 5360 dum.
685 5277 1091 5360 jurauientum
1145 5285 1334 5360 alteri“
1362 5277 1654 5360 episcopo,
1688 5287 1737 5342 si
1777 5277 1951 5359 quem
1983 5291 2053 5345 ad
2087 5306 2150 5347 se

499 5349 786 5428 attrahere
815 5353 1119 5428 placuerit,
1144 5358 1230 5413 uti
1262 5349 1416 5414 olim‘
1433 5349 1742 5425 acciderat,
1766 5349 1900 5414 cum
1937 5360 2146 5418 Rathe-

498 5419 619 5506 rius
653 5419 908 5506 Mena—ssi
939 5419 1209 5506 episcopo
1237 5429 1447 5506 locum
1467 5430 1659 5506 cederi
1706 5419 1961 5506 Dotharii
1992 5434 2146 5506 regis

496 5495 781 5578 Ρΐξιξίξεξρῒρ
812 5495 1310 5578 com.p‘u_lsus_fui_t.
1344 5501 1688 5578 Videepist.
1718 5503 1772 5568 5,
1803 5504 1942 5578 n_._7.

569 5561 714 5646 (745)
746 5562 807 5646 in
863 5561 1041 5636 pri-ori
1078 5571 1400 5646 Acheriana
1438 5561 1706 5646 editione
1752 5561 1884 5646 quid
1911 5574 2141 5633 duabus.

2262 5075 2529 5146 ejusmodi
2598 5073 3102 5146 interpretatipnem
3158 5072 3285 5128 huic
3324 5068 3462 5146 loco
3518 5068 3920 5146 accommodari

2255 5141 2414 5218 posse
2441 5163 2576 5217 nego
2598 5164 2616 5200 .'
2640 5141 2771 5200 nam
2788 5145 2896 5218 ihoc
2925 5143 3282 5218 Scarioticum
3301 5145 3397 5216 jus
3439 5143 3680 5218 appellat
3704 5141 3922 5218 _Rathe_-

2260 5213 2399 5285 rius,
2427 5213 2530 5290 quo
2561 5217 2896 5290 quisrefﬁcit,
2930 5219 3006 5290 ut
3034 5216 3175 5288 quod
3221 5213 3344 5290 ipse
3382 5213 3607 5290 malum
3624 5214 3816 5283 infert,
3849 5213 3919 5290 ab_

2257 5283 2636 5362 atio’q'uoda'm
2665 5283 3184 5362 illatum'qvideatur.
3221 5283 3285 5344 Ut
3322 5288 3498 5362 igitur
3548 5286 3728 5340 dicam
3776 5283 3924 5362 quod

2255 5355 2452 5428 sentio,
2483 5362 2704 5417 clericos
2727 5375 2854 5414 suos
2885 5359 2945 5413 in
2968 5374 3028 5413 se
3070 5359 3259 5430 eadem
3277 5355 3513 5430 perﬁdia
3550 5372 3675 5412 usos
3693 5355 3915 5430 scribit,

2293 5449 2365 5488 ua
2392 5426 2559 5490 ludas
2615 5431 2906 5488 Iscariotes
2961 5431 3023 5484 in
3080 5426 3388 5486 Christum;
3405 5429 3558 5485 Sicut
3613 5427 3763 5483 enim
3817 5426 3922 5482 ille

2300 5506 2547 5559 ominum
2572 5519 2736 5573 suum
2791 5517 2855 5556 ac
2907 5509 3156 5556 nostrum
3196 5500 3460 5573 prodidit,
3490 5517 3555 5556 ac
3609 5496 3804 5573 deinde
3855 5497 3918 5552 id

2251 5577 2422 5649 fecit,
2461 5589 2579 5649 quo
2636 5572 2810 5628 videri
2863 5579 3071 5644 poterat
3123 5571 3246 5649 non
3281 5571 3733 5649 consensisse_iis
3792 5585 3916 5649 quae

495 5630 972 5721 Emendatiouem
1011 5643 1328 5721 novissimi
1385 5644 1624 5701 editoris
1680 5630 1805 5718 ipse
1862 5630 2144 5706 orationis
2246 5630 2627 5721 proditionem
2673 5650 2833 5700 erant
2863 5630 3304 5721 'coasecuta;_ita
3351 5641 3741 5721 prapemodum
3788 5630 3913 5721 illo:

491 5706 796 5780 coelestia?
825 5711 1127 5780 approbat-

564 5774 711 5866 (746)
743 5774 937 5880 Vulgi,
968 5785 1208 5862 teneant,
1241 5786 1438 5850 minus
1467 5787 1633 5852 bene.

2248 5712 2308 5792 se
2335 5717 2483 5792 apud
2514 5719 2893 5792 imperatorem
2915 5714 3320 5792 (scribendum
3349 5712 3539 5792 fuerat
3567 5728 3774 5792 regem
3794 5712 3908 5768 Lo-

2248 5783 2529 5866 tharium,
2561 5783 2662 5872 qui
2691 5783 3036 5892 aetherium
3064 5785 3188 5892 lpco
3220 5788 3425 5886 cedere
3455 5783 3660 5873 jussit)
3687 5783 3904 5870 calumg
