4056 6374
517 342 642 416 499

1445 343 1822 414 RATHERII
1869 345 2119 411 EPISC.
2164 344 2451 410 VERON.
2499 345 2674 410 OPP.
2716 343 2918 410 PARS
2961 341 3014 410 Ῑ.

3824 295 3953 405 sco

525 490 598 545 ad
632 487 859 543 minora
884 482 1136 551 veniam,
1164 501 1335 542 canes
1366 465 1438 542 ad
1467 483 1924 554 venandum,vel
1955 484 2168 557 accipi-
2197 483 2253 552 Α
2280 481 2447 555 fessis
2461 464 3948 552 imponeretentaveruntdalesregulanonadmittit:

526 581 649 633 tres
679 577 750 632 ad
783 577 1120 648 aucupium,
1155 575 1369 647 quibus
1399 575 1598 646 utique
1628 575 1913 642 abundas,
1937 573 2172 644 habere,

532 664 749 738 pariter
767 663 917 720 vide.
939 665 1005 719 Et
1029 664 1075 719 si
1099 663 1269 718 liceat
1291 663 1393 718 tibi
1425 661 1724 718 smcularia
1755 663 1987 736 negotia
2003 663 2174 735 (773),

532 753 593 808 id
626 757 734 824 est,
748 769 958 809 causas
984 752 1211 825 aliquas
1233 751 1609 808 saecularibus
1631 751 2000 808 solummodo
2018 768 2178 807 exer-

535 843 770 908 cendas,
791 842 1093 898 considera
1121 845 1242 896 tam
1273 841 1331 895 in
1364 840 1624 912 apostolo
1652 857 1830 913 quam
1862 841 1920 896 in
1944 840 2179 896 canoni-

536 932 650 988 bus
679 947 939 988 exercere
965 949 977 986 :
1007 934 1062 986 et
1091 930 1511 1001 sapientiorum
1553 934 1610 985 te
1662 929 2036 986 fraternalem
2066 929 2179 984 cles

539 1021 823 1076 mentiam
853 1019 1273 1090 reprehendere
1305 1018 1526 1073 desine.
1553 1018 1748 1074 Etista
1781 1018 2068 1090 quidema
2089 1034 2183 1074 me

540 1108 714 1176 dicta,
748 1123 850 1164 seu
873 1106 1066 1180 potius
1096 1107 1347 1180 cogitata
1378 1107 1691 1163 sufﬁciant.

612 1198 697 1257 11.
719 1195 934 1253 Audita
952 1213 1086 1254 vero
1117 1200 1183 1252 ut
1211 1197 1480 1265 referam,
1505 1196 1762 1268 comperi
1777 1196 1903 1269 ipse
1918 1197 2184 1268 ejusdem

539 1283 761 1341 ordinis
793 1285 963 1350 duos,
997 1301 1181 1340 unum
1207 1284 1408 1354 lorica,
1432 1285 1680 1342 alterum
1713 1285 1902 1341 amica
1919 1302 2021 1357 pro
2044 1289 2186 1340 tem-

541 1391 681 1448 pore
733 1377 1014 1442 utentem,
1057 1373 1406 1428 alterutrum
1462 1389 1595 1428 vero
1641 1391 1704 1429 se
1758 1373 2184 1446 reprehenden-

541 1467 686 1519 tem.
720 1462 875 1520 850
903 1462 1016 1518 Sed
1065 1462 1168 1517 uni
1223 1479 1408 1517 canon
1463 1462 1850 1535 respondebat
1902 1461 2189 1534 Apostoli-

545 1568 652 1609 cus
681 1551 824 1614 (774)
857 1567 926 1608 :«
959 1551 1300 1624 Episcopus,
1333 1551 1637 1624 presbyter
1665 1556 1722 1608 et
1751 1552 2052 1619 diaconus,
2091 1550 2192 1623 qui

545 1641 609 1696 in
641 1656 992 1712 quacunque
1023 1639 1305 1696 seditione
1337 1656 1501 1697 arma
1529 1640 1747 1710 tulerit,
1763 1640 1834 1697 ab
1860 1641 2019 1697 omni
2043 1645 2192 1697 coetu

550 1729 1016 1786 Christianorum
1073 1730 1416 1802 deponatur.
1454 1752 1482 1779 »
1530 1730 1708 1786 Alteri
1765 1746 1899 1787 vero
1958 1747 2190 1786 canon:

552 1841 584 1872 υ
613 1819 953 1892 Episcopus,
969 1819 1270 1892 presbyter
1298 1823 1356 1877 dt
1385 1818 1751 1885 diaconus,si
1769 1835 2009 1875 uxorem
2023 1820 2195 1875 duxe—
2223 1853 2272 1920 Β

551 1907 647 1976 rit,
696 1906 946 1980 pellatur
983 1909 1164 1979 (Cone.
1208 1909 1442 1964 Neocces.
1471 1925 1520 1963 c.
1555 1909 1628 1976 l).
1663 1930 1692 1959 ››
1728 1909 2009 1981 Expertus
2061 1924 2193 1964 sum

550 1996 751 2069 talem,
783 1998 882 2069 qui
933 2000 1067 2053 ante
1110 1996 1536 2054 ordinationem
1585 1997 1939 2054 adulterium
1989 2014 2195 2071 perpe-

551 2086 728 2144 travit
751 2109 763 2155 ,
789 2090 990 2159 postea
1020 2086 1190 2158 quasi
1220 2087 1584 2142 continenter
1610 2087 1783 2155 vixit;
1815 2087 2063 2144 alterum
2096 2087 2196 2159 qui

550 2179 686 2250 post
713 2175 1140 2232 ordinationem
1170 2192 1408 2231 uxorem
1441 2176 1642 2245 duxit;
1675 2181 1733 2232 et
1754 2180 1865 2232 iste
1895 2175 2198 2246 illum,ille

552 2266 735 2323 istum
766 2266 1059 2338 carpebat.
1075 2265 1298 2330 Quibus
1319 2269 1515 2320 tamen
1539 2266 1826 2322 ambobus
1848 2270 2055 2323 Doctor
2065 2282 2199 2339 gen-

553 2355 724 2423 tium,
751 2354 921 2428 quasi
943 2353 1046 2410 uni
1076 2354 1229 2420 licet,
1263 2354 1558 2410 clamabat
1586 2354 1684 2411 isti
1716 2355 1919 2428 utique
1966 2360 2201 2428 propter

553 2443 790 2500 inanem
824 2443 1190 2500 continentiae
1221 2460 1338 2498 suae
1363 2443 1741 2514 jactantiam:
1766 2444 1933 2500 alteri
1966 2447 2203 2517 propter

557 2534 800 2590 ductum
849 2532 1046 2587 uxoris
1085 2531 1356 2587 illicitum
1409 2549 1422 2588 :
1469 2535 1691 2604 Ignoras
1743 2536 1876 2606 quia
1931 2536 2203 2606 patientia

557 2623 658 2678 Dei
684 2621 753 2676 ad
775 2622 1156 2693 paenitentiam
1187 2625 1238 2676 te
1267 2625 1556 2692 exspectat.
1593 2623 1661 2676 Tu
1693 2638 1817 2678 vero
1865 2624 2203 2680 thesaurizas

559 2711 666 2767 tibi
696 2711 835 2764 iram
868 2711 930 2764 in
958 2709 1047 2764 die
1075 2710 1176 2764 irce
1206 2713 1258 2765 et
1286 2711 1665 2766 retributionis
1684 2712 1853 2782 justii
1889 2712 2070 2783 judici
2106 2714 2206 2768 Dei

565 2800 737 2866 (Rom.
771 2815 832 2866 ιι,
868 2797 942 2870 4).
975 2796 1114 2852 Isti:
1147 2798 1271 2853 Noli
1314 2798 1491 2853 altum
1541 2816 1728 2870 sapere
1757 2801 1929 2873 (Rom.
1962 2818 2041 2868 x1,
2088 2801 2204 2873 20.)

563 2903 667 2962 pro
673 2890 800 2959 pter
811 2891 1153 2958 praesentem
1167 2887 1369 2959 utique
1382 2887 1694 2944 continenti
1704 2890 1915 2959 am,sed
1925 2890 2206 2962 time(775)

565 2980 802 3050 propter
830 2975 1177 3048 praeteritam
1216 2977 1720 3045 incontinentiam,
1743 2995 1849 3034 nec
1881 2979 2080 3052 aliqua
2114 2997 2208 3035 sa-

563 3065 892 3122 tisfactione
914 3063 1294 3137 probabiliter
1324 3065 1595 3133 deletam,
1616 3068 1884 3138 quamvis
1902 3068 2204 3124 omissam.

2285 573 2425 644 quia
2436 573 2587 643 quod
2598 571 3115 641 irreprehensibile
3126 575 3232 641 est,
3251 568 3543 626 catholica
3557 569 3824 643 defendit
3835 571 3952 625 Ec-

2287 660 2491 717 clesia.
2511 665 2653 716 Item
2672 660 2879 717 concil.
2895 658 3350 716 Neocaesariensi
3376 675 3504 730 cap.
3529 675 3586 713 1x
3601 674 3614 714 :
3632 661 3953 730 Presbyter

2287 753 2344 806 si
2353 751 2644 821 confessus
2653 750 2836 825 fuerit
2853 750 3009 821 quod
3023 754 3163 804 ante
3184 748 3618 814 ordinationem
3639 749 3955 818 corporali

2281 849 2519 914 peccato
2543 841 2875 912 deliquerit,
2900 839 3098 895 oblata
3127 855 3241 894 non
3268 846 3579 907 consecret,
3608 853 3850 893 manens
3884 840 3955 893 in

2290 929 2530 1001 reliquis
2578 929 2793 1002 ofﬁciis
2821 937 3058 1000 propter
3095 929 3360 984 studium
3405 929 3633 982 bonum.
3667 925 3951 994 Maxima,

2294 1018 2496 1087 fateor,
2514 1017 2662 1090 legis
2692 1016 3320 1074 austeritas.Miserum
3339 1014 3498 1071 enim
3530 1016 3656 1072 mel
3695 1016 3876 1082 Quid,
3901 1016 3956 1072 si

2295 1111 2427 1180 post
2479 1106 2906 1162 ordinationem
2965 1106 3332 1163 continenter
3365 1105 3512 1162 35!
3562 1104 3789 1172 vixerit,
3828 1121 3956 1160 non

2296 1195 2508 1269 poterit
2538 1195 2746 1252 saltem
2792 1199 3028 1268 propter
3075 1194 3338 1251 studium
3397 1195 3643 1262 bonum,
3678 1193 3959 1267 placendi

2298 1285 2503 1356 utique
2533 1285 2670 1353 Deo,
2704 1283 2898 1341 oblata
2927 1285 3200 1341 sacrare?

2373 1374 3089 1441 12,13.Secundustamen
3111 1372 3422 1447 dupliciter
3432 1373 3795 1440 convenitur,
3812 1387 3961 1428 cum

2301 1467 2508 1535 praater
2536 1461 2807 1535 superius
2837 1465 3107 1536 [subaudi
3133 1463 3311 1538 dicta]
3341 1463 3452 1519 hoc
3475 1479 3537 1519 se
3585 1462 3765 1518 sentit
3809 1478 3960 1518 con-

2302 1551 2567 1608 demnari
2597 1551 2802 1624 capite.
2823 1573 2852 1603 «
2882 1552 3541 1626 Episcopus,presbyter
3559 1556 3615 1608 et
3636 1551 3954 1619 diaconus,

2304 1629 2404 1712 qui
2452 1637 2511 1693 in
2561 1656 2909 1712 quacunque
2952 1639 3238 1696 seditione
3287 1657 3451 1697 arma
3497 1639 3843 1712 sumpserit,
3879 1641 3962 1696 ab

2303 1728 2463 1784 omni
2495 1732 2645 1784 cmtu
2667 1729 3132 1785 Christianorum
3155 1730 3498 1802 deponatur.
3516 1751 3545 1781 »
3563 1728 3725 1786 Istud
3750 1733 3963 1784 autem

2303 1818 2458 1889 quod
2491 1833 2562 1873 ex
2590 1817 2864 1875 omnibus
2897 1817 3230 1888 levioribus,
3266 1823 3333 1875 ut
3359 1817 3625 1875 videlicet
3672 1815 3821 1873 illud
3867 1820 3969 1873 est

2304 1907 2376 1962 de
2407 1906 2553 1975 alea,
2586 1907 2940 1976 ebriositate,
2956 1909 3233 1981 aucupio,
3259 1911 3436 1980 atque
3465 1905 3970 1973 venatu,ducitur

2304 1995 2477 2051 hodie
2501 1995 2890 2065 levissimum,
2925 2000 2988 2052 ut
3017 1996 3187 2069 quasi
3217 2000 3455 2070 propter
3483 1993 3832 2052 ﬁdelitatem
3863 1995 3967 2051 sui

2306 2085 2557 2141 senioris
2603 2083 2772 2141 malit
2811 2085 3113 2158 presbyter
3153 2084 3432 2142 loricatus
3462 2083 3738 2158 praeliari,
3773 2101 3966 2157 quam

2307 2173 2578 2246 perjurus
2607 2173 2835 2246 vocari;
2856 2190 2990 2230 cum
3018 2177 3216 2230 tamen
3239 2173 3565 2246 perjurium
3599 2171 3969 2246 gravissima

2307 2245 2670 2334 pcsnitentia,
2703 2245 2861 2318 istud
2889 2278 3024 2318 vero
3055 2261 3218 2318 nulla
3243 2245 3464 2334 expiari
3505 2245 3753 2318 dicatur.
3790 2262 3972 2318 Forte

2307 2367 2440 2406 vero
2463 2368 2531 2407 ex
2552 2352 2662 2408 isto
2680 2351 2775 2406 hic
2795 2350 3231 2424 praslibatorum
3247 2367 3512 2420 numero,
3527 2351 3585 2406 id
3617 2355 3730 2417 est,
3749 2349 3968 2406 horam

2309 2437 2483 2494 alicui
2514 2441 2663 2512 (7‘76)
2694 2439 2916 2496 scilicet
2945 2439 3183 2508 dixisse,
3212 2455 3347 2495 cum
3389 2456 3502 2495 non
3536 2439 3768 2507 dixerit,
3798 2438 3970 2496 visus

2311 2531 2402 2583 est
2433 2529 2715 2584 Dominus
2741 2529 2832 2586 :Si
2846 2529 3059 2600 diligis
3089 2546 3198 2598 me,
3222 2545 3392 2598 pasce
3421 2545 3553 2585 oves
3578 2545 3736 2585 meas
3759 2529 3966 2601 (Joan.

2310 2633 2424 2686 xxI,
2452 2619 2537 2690 17)
2564 2637 2577 2686 ;
2612 2635 2746 2674 cum
2779 2618 2983 2691 utique
3014 2617 3182 2674 illum
3212 2617 3456 2674 minime
3486 2618 3809 2691 probentur
3823 2617 3968 2672 dili-

2312 2722 2467 2777 gere.
2501 2707 2656 2771 Quos
2683 2707 2958 2780 repellere
2987 2707 3203 2780 potius,
3235 2723 3413 2779 quam
3461 2706 3694 2779 eligere,
3726 2706 3970 2762 videtur

2312 2795 2625 2867 Apostolus
2639 2813 2672 2852 a
2685 2795 3028 2861 sacerdotio,
3044 2813 3178 2852 cum
3196 2796 3338 2852 dicit
3353 2812 3366 2853 :
3380 2799 3620 2866 Oportet
3629 2795 3970 2866 episcopum

2314 2885 2441 2939 sine
2471 2886 2710 2941 crimine
2731 2902 2852 2941 esse
2873 2886 3009 2949 (Tit.
3037 2903 3078 2954 1,
3127 2888 3190 2941 17
3217 2903 3231 2954 ;
3262 2884 3350 2941 vel
3392 2886 3765 2958 expressius:
3816 2885 3973 2942 irre-

2314 2975 2774 3043 prehensibilem,
2807 2977 2978 3030 unius
3024 2976 3227 3032 uxoris
3269 2975 3458 3031 virum
3487 2978 3535 3043 (ι
3588 2974 3734 3031 Tim.
3769 2990 3855 3040 ιιι,
3892 2975 3974 3046 2).

2318 3063 2501 3128 Quem
2535 3065 2743 3121 cohors
2769 3063 2870 3120 illa
2891 3063 3104 3120 Christi
3137 3063 3554 3136 militum(777)
3574 3062 3982 3135 velutiquem-

559 3154 740 3211 Alteri
765 3171 897 3211 vero
931 3171 944 3210 :
977 3155 1160 3226 Neque
1189 3154 1429 3211 adulteri
1454 3172 1687 3225 regnum
1713 3159 1815 3212 Dei
1855 3158 2210 3229 possidebunt
2247 3222 2280 3229 _
2319 3152 2454 3208 dam
2488 3170 2738 3226 sequens
2769 3153 3135 3226 signiferum,
3169 3153 3443 3226 praecipit,
3476 3157 3543 3208 ut
3582 3168 3697 3208 non
3743 3149 3977 3226 bigami

564 3245 614 3317 (I
635 3246 756 3302 Cor.
787 3261 864 3312 v1,
896 3243 972 3315 9).
1126 3243 1318 3316 potuit
1361 3222 1609 3312 ﬁeri,'ut
1653 3222 1988 3302 istiusmodi
2038 3247 2209 3302 ambo
2237 3222 2281 3290 (ἶ
2322 3222 2710 3298 admittantur
2741 3222 3086 3298 ad'clerum.
3121 3222 3188 3299 Si
3213 3222 3584 3316 non—bigami
3611 3222 3982 3313 vero,qbali—

564 3333 743 3390 simul
765 3332 1018 3401 educati,
1035 3333 1253 3405 pariter
1263 3334 1471 3402 edocti,
1487 3334 1544 3388 in
1564 3335 1872 3407 pubertate
1886 3335 2213 3391 exstiterint

565 3422 845 3478 alterutra
873 3421 1201 3492 cognitione
1247 3421 1479 3490 lascivi;
1515 3440 1581 3479 ac
1611 3424 1738 3479 sine
1785 3425 2212 3481 examinatione

565 3511 637 3566 ad
669 3509 1047 3582 praesulatum
1079 3526 1212 3565 cum
1236 3510 1484 3567 fuissent
1513 3513 1786 3584 provecti;
1821 3530 1974 3570 unus
2005 3531 2208 3570 eorum

566 3597 920 3655 aliectaverit
956 3596 1462 3667 mulierositatem,
1497 3600 1642 3656 alter
1671 3600 2211 3675 belligerationem‘?

564 3688 745 3744 Nemo
777 3687 1011 3743 illorum
1030 3703 1136 3742 nec
1153 3688 1515 3744 nominandi.
1534 3691 1799 3746 Forsitan
1821 3709 1964 3748 usus
1982 3693 2207 3749 abdica.

565 3775 714 3832 verit
761 3775 1169 3848 turpissimam
1220 3776 1563 3833 fcnditatem.
1597 3779 1822 3844 Quibus
1868 3796 2052 3836 canon
2093 3798 2210 3838 uno

566 3863 821 3937 capitulo
869 3864 1197 3920 distinctim
1226 3865 1464 3938 propria
1492 3867 1719 3936 tribuit,
1749 3884 1882 3924 cum
1917 3869 2012 3924 isti
2073 3869 2213 3925 dicit

567 3955 872 4026 Presbyter,
904 3955 1002 4026 qui
1024 3961 1143 4026 post
1169 3953 1572 4012 ordinationem
1603 3973 1832 4013 uxorem
1861 3957 2102 4027 duxerit,
2118 3960 2209 4016 de-

560 4051 804 4117 ponatur
845 4050 1016 4113 (conc.
1072 4043 1302 4100 Neocces.
1334 4061 1381 4099 c.
1427 4045 1504 4116 l).
1537 4044 1717 4102 Alteri
1758 4063 1891 4103 vero
1926 4049 2212 4119 :Amplius

564 4140 748 4190 antem
773 4132 911 4206 pelli
937 4131 1106 4199 debet,
1133 4134 1185 4188 si
1213 4132 1550 4190 adulterium
1577 4139 1974 4208 perpetravcrit
2003 4138 2209 4210 (Ibid.).

565 4223 784 4279 Ambos
830 4237 965 4278 vero
1005 4222 1356 4278 condemnat
1394 4240 1510 4279 uno
1571 4225 1779 4296 capite,
1811 4225 1867 4280 id
1917 4231 2006 4282 e‘st
2034 4244 2112 4294 Ix,
2146 4243 2216 4283 ex

566 4311 798 4368 Nicaano
830 4309 1076 4367 concilio
1105 4311 1187 4366 ita
1216 4327 1228 4366 :
1265 4312 1327 4367 Si
1352 4314 1452 4386 qui
1479 4315 1598 4369 sine
1626 4317 1880 4370 examine
1907 4320 2037 4372 sunt
2082 4332 2212 4388 pro-

569 4402 724 4468 vecti,
781 4401 864 4456 vel
900 4417 1024 4456 cum
1070 4399 1490 4470 discuterentur,
1548 4411 1769 4474 peccata
1814 4420 1916 4460 sua
1961 4407 2214 4478 con/essi-

565 4493 734 4555 sunt;
763 4496 813 4545 et
841 4489 1084 4545 homines
1112 4497 1300 4544 contra
1327 4505 1558 4546 canones
1587 4493 1842 4548 commoti
1869 4509 2068 4549 manus
2089 4510 2213 4550 con-

639 4621 788 4693 (773)
819 4621 1130 4678 Construe:
1152 4626 1217 4678 Et
1244 4624 1295 4678 si
1323 4624 1483 4678 liceat
1513 4625 1616 4679 tibi
1643 4641 1891 4681 exercere
1919 4627 2214 4683 saecularia
2242 4598 2288 4664 D

567 4695 810 4758 negotia,
840 4697 949 4748 etc.

639 4710 1140 4840 (Ἶῧῖῗὶῗξὲἶοεῃοῃ
1172 4764 1324 4840 inter
1342 4765 1690 4840 apostcﬂieos
1714 4784 1828 4822 non
1852 4766 2083 4840 legitur.
2099 4768 2213 4824 Ali-

569 4835 710 4908 quid
741 4851 876 4908 vero
907 4835 1100 4908 simile
1121 4835 1414 4891 invenitur
1436 4837 1494 4891 in
1525 4837 1800 4894 Toletano
1832 4835 1980 4905 1v,'c.
2014 4841 2101 4895 45.

640 4907 787 4978 (775)
819 4906 1086 4992 Quinque
1109 4912 1431 4992 sequentes
1450 4925 1616 4992 voces
1648 4927 1750 4992 per
1775 4909 1994 4992 saltum
2036 4911 2211 4992 omis-

568 4996 665 5052 sas
695 4978 984 5052 persensit
1012 4978 1367 5052 novissimus
1399 4978 1691 5052 Spicilegii
1723 4981 1945 5049 editor;
1980 4983 2080 5038 sed
2112 4999 2210 5038 eas

567 5050 824 5107 inserere
846 5067 1026 5123 ausus
1059 5067 1175 5106 non
1189 5055 1295 5106 est.
1310 5050 1527 5106 Verum
1543 5057 1605 5106 ut
1619 5050 1775 5123 ipsas
1796 5052 2207 5121 insereremus,

568 5139 783 5196 sensus
811 5122 1014 5196 coegit.
1047 5127 1246 5196 Neque
1275 5123 1428 5196 enim
1463 5123 1533 5178 de
1572 5122 1944 5191 continentia,
1978 5126 2077 5179 sed
2141 5126 2211 5181 de

568 5193 993 5250 incontinentia
1011 5193 1297 5250 verificari
1331 5199 1576 5266 possunt
1597 5195 1900 5266 sequentia
1933 5213 1946 5250 :
1971 5198 2074 5252 Nec
2102 5198 2210 5252 ali-

569 5282 670 5334 qua
701 5267 1074 5336 satisfactione
1115 5267 1472 5336 probabiliter
1517 5266 1768 5320 deletam.
1803 5271 1988 5322 Voces
2033 5269 2209 5323 etiam

568 5336 818 5410 sed‘time
841 5337 1366 5410 adpracedentem
1399 5336 1560 5391 Pauli
1586 5341 1802 5410 textum
1829 5339 2136 5410 pertinent.

641 5407 787 5486 (776)
841 5406 1028 5486 Editio
1075 5409 1304 5486 Acherii
1343 5406 1845 5486 _quorun_i_alic‘-ui.'
1872 5409 2211 5486 Emendatio

571 5476 870 5554 novissimi
893 5479 1129 5554 editoris
1150 5476 1454 5554 Acheriani
1473 5480 1705 5534 arridet.
1722 5480 2002 5554 Construe
2017 5487 2210 5537 autem

567 5551 626 5602 et
652 5545 890 5627 explica
911 5551 1106 5627 :_Forte
1137 5568 1258 5627 vero
1279 5553 1542 5627 Dominus
1573 5554 1725 5606 visus
1752 5557 1828 5606 est
1857 5552 2065 5627 divisse
2086 5554 2210 5627 _a_li-

567 5618 661 5673 cui
689 5617 910 5693 scilicet
923 5620 1138 5693 borum,
1168 5623 1224 5677 id
1253 5631 1348 5688 est,
1373 5639 1442 5678 ea:
1471 5624 1569 5677 isto
1600 5639 1826 5678 numero
1848 5623 1937 5677 hic
1951 5624 2213 5693 praeliba-

570 5697 790 5745 torum:
823 5687 1250 5762 Siﬂdiligis'me,
1284 5710 1454 5764 pasce
1485 5710 1617 5750 oves
1643 5711 1801 5752 meas
1837 5711 1850 5763 ;
1885 5687 2019 5751 Cum
2045 5695 2212 5752 idali-

2317 3335 2406 3387 ter
2439 3331 2815 3404 multigami?
2840 3333 2898 3388 Si
2932 3349 3049 3389 non
3079 3333 3152 3388 ad
3175 3331 3417 3398 clerum,
3443 3331 3734 3404 quomodo
3771 3331 3846 3386 ad
3879 3348 3980 3387 sa-

2319 3420 2683 3477 cerdotium?
2716 3422 2880 3478 Pone
2929 3425 3125 3478 tamen
3177 3421 3501 3494 quemlibet
3565 3436 3768 3476 eorum
3823 3420 3981 3477 forte

2318 3510 2620 3583 higamum
2652 3514 2784 3566 ante
2815 3510 3178 3582 clericatum,
3215 3512 3358 3567 forte
3391 3510 3449 3565 in
3480 3509 3752 3566 clericatu
3789 3511 3980 3566 exsti-

2318 3599 2461 3655 tisse
2491 3599 2809 3668 lascivum;
2835 3600 2970 3656 inde
2999 3599 3523 3673 postsacerdotium
3538 3597 3976 3667 multinubum,

2319 3688 2684 3758 bellicosum,
2701 3690 3027 3762 perjurum,
3043 3689 3373 3757 venatibus,
3391 3687 3679 3762 aucupiis,
3703 3686 3864 3756 alere,
3880 3688 3981 3744 vel

2320 3777 2640 3834 ebriositati
2668 3778 3006 3845 obnoxium,
3031 3779 3220 3852 expeti
3253 3777 3516 3851 qualibet
3560 3776 3867 3834 occasione
3898 3778 3979 3833 ad

2321 3866 2765 3939 apostolicatum
2782 3867 3052 3924 Romanae
3069 3868 3230 3923 illius
3248 3867 3425 3934 sedis,
3444 3867 3545 3923 ubi
3573 3864 3794 3922 scilicet
3824 3865 3985 3922 solet

2320 3957 2468 4028 (778)
2490 3955 3050 4012 consuetudinaliter
3079 3956 3441 4012 ordinandus
3463 3953 3722 4010 moneri:
3744 3954 3874 4011 Vide
3901 3973 3983 4011 ne

2320 4045 2594 4119 aliquam
2613 4047 3052 4118 promissionem
3066 4047 3183 4102 tuis
3208 4045 3552 4102 electoribus
3573 4045 3800 4116 feceris.
3819 4045 3983 4101 Scito

2319 4136 2454 4207 quia
2472 4136 2866 4192 Simoniacum
2895 4145 2950 4192 et
2980 4141 3184 4191 contra
3214 4150 3457 4192 canones
3483 4139 3569 4189 est
3597 4133 3770 4203 (sup.,
3801 4150 3863 4188 η.
3891 4135 3978 4200 8).

2323 4224 2435 4280 Iste
2465 4224 2644 4297 igitur
2685 4225 2737 4281 si
2781 4223 3116 4298 illegalitate
3155 4223 3393 4296 publica
3425 4222 3581 4283 (Osio
3629 4221 3729 4279 illo
3790 4237 3982 4294 supra

2321 4317 2536 4380 taxato,
2560 4330 2693 4370 cum
2717 4314 2992 4369 omnibus
3014 4312 3124 4369 sibi
3145 4330 3214 4369 ex
3234 4313 3438 4368 eodem
3470 4310 3713 4368 concilio
3744 4313 3977 4378 Placet,

2319 4404 2513 4458 Placet
2567 4400 3112 4470 condemuautibus,
3141 4399 3388 4456 viriliter
3443 4398 3778 4472 resistente)
3821 4398 3979 4455 forte

2322 4490 2497 4546 fuerit
2525 4490 2584 4545 in
2615 4488 2934 4563 apostolica
2963 4494 3100 4546 sede
3129 4488 3375 4556 locatus,
3409 4487 3564 4560 quod
3605 4486 3809 4558 utique
3866 4503 3977 4560 pa-

2317 4627 2413 4682 cui
2441 4627 2649 4681 horum
2662 4641 2781 4697 ~non
2799 4623 3041 4690 dixerit,
3058 4639 3187 4680 cum
3201 4623 3394 4697 utique
3406 4621 3642 4678 minimc
3653 4623 3980 4691 probentur

2317 4699 2569 4768 diligere
2599 4695 2793 4751 illum.

2391 4764 2538 4841 (777)
2567 4768 2774 4823 Cohors
2805 4766 2918 4822 illa
2947 4767 3166 4841 Christi
3195 4764 3590 4841 militumtqui
3619 4764 3975 4841 Apostolum

2321 4834 2501 4897 secuti
2521 4834 2954 4911 praeceperunt,
2989 4855 3061 4894 ne
3090 4837 3310 4911 bigami
3341 4834 3728 4911 admittantur
3743 4836 3814 4890 ad
3847 4834 3975 4891 cle-

2319 4928 2472 4979 rum,
2507 4908 2647 4966 sunt
2678 4908 2762 4965 illi
2792 4911 2990 4966 Patres
3020 4908 3194 4982 atque
3237 4908 3548 4980 pontifices
3596 4924 3744 4979 quos
3795 4911 3977 4964 antea

2318 4983 2607 5040 allegavit.

2392 5000 2696 5125 ὅςῖθέἷιῖίωο
2719 5069 2834 5125 non
2869 5051 3061 5125 solum
3088 5049 3366 5125 leguntur
3396 5049 3739 5125 inantiquis
3754 5048 3976 5125 opdini-

2320 5119 2450 5204 bus,
2467 5119 2568 5204 sed
2603 5125 2660 5179 in
2690 5124 2923 5204 vulgato
2955 5119 3474 5204 etiamPontiﬁcali
3509 5119 3770 5204 Romano
3793 5119 3973 5177 habe-

2318 5201 2416 5252 tur
2435 5197 2574 5252 ordo
2605 5212 2740 5251 cum
2772 5194 2941 5250 titulo
2975 5211 2988 5250 :
3021 5195 3099 5249 De
3125 5195 3420 5250 Scrutinio
3445 5194 3972 5265 serotino,quoan-

2319 5271 2470 5340 tiqui
2500 5271 3162 5340 utebantur,antequam
3181 5268 3392 5340 electus
3414 5267 3473 5340 in
3499 5266 3972 5340 episcopumctm-

2317 5335 2672 5396 secraretur.
2711 5341 2769 5394 In
2788 5338 2896 5393 hoc
2929 5335 3123 5393 autem
3151 5337 3432 5392 scrutinio
3447 5335 3972 5392 isthaicinteralias

2321 5410 2672 5467 ordinatoris
2704 5408 3078 5481 interrogatio
3111 5409 3433 5481 exhibetur,
3470 5425 3649 5481 quam
3699 5407 3809 5462 hoc
3840 5407 3969 5481 loco

2321 5482 2591 5554 proponit
2624 5479 2951 5535 Ratheriusi
2980 5481 3114 5554 Post
3143 5479 3426 5554 nonnulla
3455 5479 3797 5554 permittere
3817 5480 3969 5554 valet

2321 5550 2672 5624 retinuimus
2703 5568 2836 5607 cum
2869 5551 3189 5607 novissima
3231 5551 3525 5624 Spicilegii
3554 5550 3830 5619 editione,
3863 5551 3966 5608 ubi

2321 5629 2490 5682 antea
2519 5623 2818 5697 legebatur
2840 5623 3229 5695 permitteret,
3259 5624 3429 5680 valet.
