4056 6382
105 307 226 378 801

1052 312 1170 396 ΒΕ
1214 309 1702 386 CONTEMPTU
1745 311 2151 386 CANONUM.
2180 351 2258 370 -
2286 318 2488 388 PARS
2533 312 2583 387 Ῑ.

3397 320 3530 395 -502

103 445 349 536 tienter,
402 447 470 506 ut
513 444 791 524 plurima,
841 450 1178 526 permittere
1217 453 1370 511 valet
1414 454 1770 535 longanimis
1797 460 1852 527 Α
1879 458 2062 514 rentia
2087 458 2197 514 sibi
2223 458 2360 531 (Job.
2393 476 2505 529 XLI,
2540 459 2654 531 14).
2698 452 2819 518 Sub
2861 452 3244 534 squamarum
3298 462 3532 536 quoque

104 534 309 607 Deus;
339 553 519 611 quem
546 540 598 596 si
624 556 730 614 ego
763 541 918 600 852
949 543 1145 600 adiero
1167 544 1314 616 (779)
1331 543 1766 618 velutiinjuria-

102 630 206 683 tus
229 627 470 700 adjuris
495 629 858 699 ministrum,
892 635 949 687 et
971 631 1068 687 ille
1098 631 1264 689 nisus
1294 633 1541 705 injurias
1577 634 1766 690 vindi-

1879 546 2033 603 853
2056 546 2247 619 specie
2267 549 2338 605 de
2365 547 2719 606 satellitibus
2739 549 2888 623 ejus:
2911 549 3140 608 Unauni
3153 553 3526 624 conjungitur,

1876 633 2028 706 (783)
2075 639 2222 692 etne
2251 639 2594 709 spiraculum
2623 639 2826 695 incedit
2849 655 2951 711 per
2994 655 3085 696 eas
3133 639 3316 710 (Ibid.,
3363 657 3414 697 v.
3446 641 3523 710 7).

102 731 237 773 care
268 717 582 783 meas,imo
613 719 756 776 talia
784 720 1149 794 prohibentis
1179 722 1300 793 Dei,
1333 727 1389 780 et
1425 728 1766 780 sanctorum
1873 721 2290 781 Universorum
2322 725 2539 800 quippe
2553 727 2816 800 nequitia
2834 728 3075 801 quosibi
3107 729 3525 802 congruentius

97 804 1594 885 Evangeliornm,apostolorum,apostolicorumque
1608 813 1766 868 viro-
1863 811 2158 885 jungitur,
2191 830 2257 871 eo
2289 819 2492 871 contra
2520 815 2620 872 Dei
2661 816 2956 887 justitiam
3001 817 3210 873 fortius
3240 821 3520 875 armatur.

97 911 567 962 rum,canonum
600 903 657 954 et
676 899 1066 967 decretorum,
1112 900 1161 955 ei
1207 900 1534 974 apostolicae
1567 905 1764 958 aucto-

96 983 293 1040 ritalis
328 985 555 1042 miserit
583 986 850 1055 litteras;
876 1005 1068 1045 nonne
1089 989 1209 1058 ille,
1241 989 1342 1061 qui
1373 1007 1466 1047 me
1515 994 1635 1047 tam
1666 1007 1761 1047 sa-

99 1071 323 1146 crilege
352 1075 673 1148 injuriavit,
707 1078 808 1133 sed
842 1095 958 1134 non
991 1079 1136 1135 adeo
1166 1083 1233 1134 ut
1265 1078 1376 1134 iste
1433 1079 1642 1149 Deum,
1703 1084 1761 1136 et

97 1162 305 1218 omnia
328 1163 471 1234 jura
499 1168 622 1220 tam
652 1165 850 1223 divina
881 1183 1058 1240 quam
1112 1167 1408 1236 humana;
1444 1169 1493 1224 si
1523 1167 1758 1240 quidem

101 1249 200 1307 ille
221 1253 380 1326 (780)
405 1269 498 1310 me
524 1254 948 1312 homunculum
972 1257 1296 1326 unum,iste
1317 1261 1505 1314 totum
1523 1257 1757 1330 penitus

97 1341 560 1410 mundum;ille
619 1361 798 1400 unam
850 1345 1203 1402 adulteravit
1247 1345 1590 1412 Ecclesiam,
1648 1346 1757 1403 iste

95 1430 373 1486 eamdem
403 1436 462 1487 et
488 1448 692 1490 omnes
721 1434 1176 1507 peruniversum
1199 1435 1398 1491 orbem
1419 1436 1756 1502 diﬁ'usas,ut

93 1517 212 1574 dixi
244 1520 466 1587 vero,si
491 1522 605 1578 mei
624 1539 802 1580 causa
821 1523 1042 1597 aliquid
1056 1523 1106 1581 ei
1123 1525 1328 1580 durius
1349 1523 1555 1582 saltem
1586 1541 1754 1580 man-

91 1606 341 1679 daverit,
374 1625 570 1667 nonne
599 1610 754 1668 illico
775 1611 872 1670 ille
903 1613 1114 1686 poterit
1159 1614 1210 1669 ei
1257 1613 1574 1670 rescribere
1603 1611 1751 1668 illud

91 1694 164 1752 de
190 1696 510 1770 Evangelio
545 1717 558 1756 :
589 1701 730 1770 Quid
757 1710 941 1758 autem
984 1703 1132 1759 vides
1181 1703 1449 1774 festucam
1492 1704 1554 1758 in
1597 1702 1750 1760 oculo

89 1786 292 1856 fratris
323 1788 432 1856 tui,
465 1790 672 1846 trabem
701 1795 902 1858 autem,
934 1808 1057 1864 qua:
1085 1794 1147 1847 in
1182 1792 1335 1849 oculo
1377 1797 1474 1847 tuo
1509 1795 1607 1858 est,
1637 1807 1750 1848 non

89 1874 413 1932 consideras
433 1880 458 1931 ?
487 1877 706 1950 (Matth.
737 1897 837 1948 vn,
879 1881 958 1950 3.)
987 1881 1058 1937 Et
1092 1881 1248 1953 quod
1279 1879 1469 1954 pirata
1507 1880 1748 1953 quidam

87 1979 272 2037 super
282 1964 548 2040 Gangem
562 1967 805 2025 ﬂuvium
817 1969 1142 2027 Alexandro
1153 1971 1364 2043 Magno
1377 1969 1748 2042 respondisse

86 2057 403 2124 narratur;
427 2072 603 2128 quem
653 2063 888 2131 captum
933 2076 1065 2116 cum
1096 2075 1196 2116 rex
1226 2063 1387 2116 torvo
1426 2057 1747 2132 respiciens

84 2141 254 2198 vultu
284 2143 372 2199 ita
391 2144 602 2202 fuisset
622 2145 911 2204 allocutus
945 2165 959 2204 :
994 2150 1158 2205 Latro
1181 2149 1435 2222 pessime,
1469 2148 1601 2221 quid
1648 2164 1746 2204 nos

84 2245 200 2286 non
219 2233 366 2289 sinis
394 2235 669 2306 quiescere
687 2239 713 2292 .9
741 2235 842 2292 Ille
872 2253 1154 2310 magnum
1176 2237 1344 2310 caepit
1390 2236 1742 2293 cachinnum

84 2319 628 2380 emittere.Miratus
660 2325 874 2399 oppido
917 2343 1015 2382 rex
1045 2343 1178 2383 cum
1210 2326 1322 2382 sibi
1361 2326 1692 2382 astantibus
1724 2342 1739 2384 :

84 2409 294 2466 Rides?
325 2411 428 2467 ait.
461 2411 653 2480 Ille,Et
671 2414 920 2486 equidem
937 2417 1104 2489 juste.
1139 2415 1257 2472 Rex
1294 2415 1434 2470 item
1471 2433 1485 2472 :
1519 2415 1743 2484 Quare?

86 2497 231 2566 Quia
260 2503 326 2556 tu
353 2517 481 2556 cum
521 2504 619 2572 sis,
653 2503 754 2572 ait,
805 2505 903 2576 fur
945 2506 1157 2576 furum,
1201 2503 1392 2576 prada
1435 2504 1738 2572 maximus,

80 2589 338 2645 omnium
367 2590 507 2648 latro
533 2594 926 2661 atrocissimus,
973 2593 1041 2650 ab
1084 2595 1200 2666 ipso
1254 2593 1459 2650 Oceano
1502 2594 1564 2648 in
1601 2592 1740 2662 fines

82 2675 330 2732 Orientis
356 2679 455 2752 qui
481 2682 667 2737 omnia
692 2681 1036 2754 depopulasti
1060 2699 1229 2755 regna
1251 2699 1272 2744 ,·
1295 2683 1568 2738 latronum
1603 2683 1740 2738 uni-

80 2780 370 2822 versorum
415 2769 694 2839 conditor,-
722 2787 810 2826 me
856 2772 1124 2828 latronem
1173 2771 1438 2843 appellas,
1468 2771 1566 2843 qui
1613 2786 1740 2825 cum

81 2871 197 2911 una
223 2859 613 2931 monoxyllula
642 2860 788 2932 (781)
816 2861 975 2918 dorso
1001 2877 1119 2918 meo
1138 2861 1431 2930 advectaet
1451 2861 1513 2914 in
1526 2861 1740 2931 ﬂumen

84 2945 359 3011 immissa,
387 2963 589 3019 parum
611 2949 744 3022 quid
781 2951 851 3006 ab
872 2952 976 3006 isto
1008 2951 1187 3007 littore
1210 2951 1386 3022 rapio,
1421 2949 1478 3004 id
1507 2953 1607 3020 est,
1639 2956 1738 3004 aut

83 3034 436 3108 chlamydem
478 3037 734 3109 alicujus,
783 3042 880 3094 aut
923 3038 1292 3095 tantummodo
1339 3041 1563 3111 frenum
1592 3037 1733 3109 (vid.

83 3124 233 3180 Avo.
266 3123 311 3180 l.
333 3141 394 3180 Iv
422 3124 488 3182 de
516 3126 631 3182 Civ.
663 3128 784 3195 Dei,
817 3144 868 3184 c.
903 3127 1152 3200 4.).Risu
1183 3143 1281 3184 rex
1306 3143 1440 3183 cum
1459 3125 1734 3182 omnibus

1871 921 1901 950 ‹‹
1932 899 2101 970 Nam,
2126 907 2191 957 ut
2217 903 2424 960 beatus
2441 903 2523 960 ait
2543 904 3038 978 Gregorius,sicut
3059 905 3315 961 multum
3330 911 3517 974 nocet,

1870 987 1920 1043 si
1954 990 2152 1046 unitas
2173 991 2324 1048 desit
2355 993 2524 1049 bonis
2552 1011 2566 1062 ;
2601 993 2682 1049 ita
2709 993 2876 1050 valde
2904 998 2994 1051 est
3023 994 3284 1062 noxium,
3320 995 3369 1050 si
3403 1012 3520 1052 non

1867 1077 2020 1134 desit
2049 1079 2240 1136 malis.
2280 1103 2308 1131 »
2339 1082 2567 1155 (ΟΜ-ια,
2591 1084 2814 1140 Momm.
2845 1085 2904 1139 in
2935 1083 3050 1140 Job.
3085 1083 3124 1138 l.
3156 1099 3402 1150 XXXIv,c.
3438 1084 3518 1156 4.)

1867 1165 2031 1230 Quod
2065 1168 2375 1239 probatum
2406 1175 2495 1227 est
2524 1171 2584 1226 in
2623 1188 2802 1228 causa
2832 1170 2993 1227 Pauli
3026 1171 3302 1244 apostoli;
3338 1188 3514 1243 quem

1865 1269 2000 1310 cum
2034 1257 2392 1314 unanimiter
2421 1263 2544 1316 tam
2573 1260 3043 1334 Pharisaaiquam
3076 1260 3341 1317 Saducaai
3362 1259 3513 1315 fuis-

1864 1348 1995 1399 sent
2026 1346 2309 1417 aggressi,
2334 1347 2431 1403 ille
2452 1348 2733 1406 divisione
2777 1349 2838 1405 in
2873 1349 2958 1404 eis
2983 1348 3182 1416 missa,
3216 1349 3460 1406 dicendo
3495 1365 3510 1404 :

1869 1433 1984 1488 Viri
2009 1435 2231 1505 fratres,
2254 1452 2350 1506 ego
2383 1438 2700 1496 Phariseeus
2739 1455 2862 1494 sum
2893 1438 3028 1511 (Act.
3079 1454 3241 1506 XXIII,
3279 1438 3356 1510 6),
3392 1441 3450 1494 et
3479 1454 3513 1495 θ.

1861 1520 2172 1579 Pharisaeis
2197 1529 2286 1580 est
2307 1525 2567 1597 adjutus,
2595 1530 2653 1583 et
2680 1543 2715 1584 a
2745 1526 3157 1583 Saduczeorum
3205 1526 3512 1600 impugna-

1858 1608 2016 1665 tione
2046 1611 2321 1670 defensus
2347 1631 2360 1682 ;
2394 1614 2578 1671 divisa
2605 1616 2807 1687 utique
2838 1617 3028 1682 turba,
3062 1631 3189 1687 quis
3220 1630 3355 1670 eum
3386 1630 3510 1686 pre-

1859 1699 2057 1755 mebat
2085 1701 2271 1770 unita,
2305 1701 2487 1760 illaesa
2515 1703 2678 1760 Pauli
2708 1704 2848 1760 exiit
2877 1703 3231 1760 innocentia.

1779 1831 1826 1898 Β
1927 1787 2015 1845 ili.
2050 1789 2149 1846 Est
2176 1794 2235 1846 et
2265 1791 2379 1847 alia
2407 1792 2468 1848 in
2497 1793 2608 1849 hac
2655 1809 2716 1849 re
2764 1793 2967 1850 auxilii
3014 1792 3128 1848 mei
3161 1791 3504 1861 difﬁdentia,

1857 1874 2091 1930 Domini
2115 1879 2318 1930 utiaue
2338 1881 2437 1930 ubi
2460 1882 2710 1930 habetur
2731 1882 3023 1930 sententia
3049 1897 3061 1930 :
3083 1883 3318 1930 Furmm
3337 1882 3504 1930 venit-

1909 1877 2091 1933 omini
2115 1879 2318 1952 utique
2338 1881 2439 1937 ubi
2460 1882 2710 1938 habetur
2731 1882 3023 1940 sententia
3049 1897 3061 1937 :
3081 1883 3192 1937 Fur
3205 1897 3318 1936 non
3337 1882 3504 1953 venit,

1855 1967 1967 2020 nisi
1994 1975 2053 2022 ut
2078 1971 2375 2039 furetur,et
2402 1975 2678 2038 mactet,et
2702 1970 2897 2044 perdat
2928 1970 3110 2042 (Joan.
3138 1985 3196 2037 x,
3229 1970 3340 2041 10).
3363 1970 3504 2034 Quis

1851 2070 1986 2111 vero
2017 2055 2114 2112 ille
2142 2061 2229 2114 est
2257 2060 2370 2129 fur,
2404 2059 2517 2115 nisi
2543 2059 2641 2116 ille
2672 2060 2742 2116 de
2772 2076 2887 2133 quo
2917 2059 3073 2115 idem
3105 2059 3188 2114 ait
3219 2075 3233 2114 :
3260 2058 3366 2126 Qui
3391 2074 3500 2114 non

1853 2144 2024 2201 intrat
2048 2163 2149 2218 per
2174 2149 2375 2204 ostium
2402 2150 2463 2204 in
2494 2150 2638 2205 ovile
2667 2148 2967 2216 ovium,sed
2996 2147 3497 2213 ascenditaliunde,

1851 2233 1950 2290 ille
1968 2239 2048 2290 est
2073 2239 2170 2308 fur
2195 2241 2246 2293 et
2275 2237 2415 2294 latro
2446 2237 2605 2310 (Ibid.
2640 2238 2714 2310 l).
2755 2238 2918 2304 Quod
2963 2240 3052 2293 est
3092 2251 3225 2292 vero
3256 2235 3494 2306 ostium,

1851 2321 1966 2379 nisi
1997 2325 2069 2381 de
2097 2342 2213 2398 quo
2243 2328 2400 2382 canit
2445 2326 2776 2383 Psalmista.
2808 2327 3026 2382 Etenim
3071 2324 3498 2382 benedictionem

1849 2410 2002 2469 dabit
2032 2415 2313 2485 legislator
2341 2417 2512 2488 (Psal.
2544 2433 2776 2483 LXXXIII,
2805 2417 2901 2485 8):
2934 2414 3035 2488 qui
3077 2415 3148 2470 de
3178 2430 3242 2470 se
3291 2414 3496 2486 utique

1848 2502 2156 2573 proﬁtetur
2187 2521 2200 2560 :
2233 2506 2344 2575 Ego
2390 2522 2515 2561 sum
2550 2506 2747 2561 ostium
2779 2505 2954 2578 (Joan.
2986 2521 3044 2574 x,
3083 2502 3160 2574 9).
3193 2502 3301 2567 Qui
3354 2506 3494 2559 tunc

1846 2587 2314 2649 benedictionem
2347 2593 2716 2650 solummodo
2749 2591 3008 2667 pontiﬁci
3041 2589 3365 2647 ordinando
3379 2589 3494 2645 lar-
3593 2649 3598 2656 ,

1845 2678 2023 2752 gitur,
2055 2697 2190 2737 cum
2223 2698 2325 2756 per
2351 2681 2540 2756 legem
2571 2699 2606 2738 a
2626 2699 2687 2739 se
2710 2681 2890 2739 latam
2905 2680 3170 2754 elegitur.
3186 2678 3344 2735 Ovile
3358 2694 3494 2734 vero

1845 2769 2034 2840 ipsam
2066 2771 2577 2844 congregationem
2595 2771 2858 2828 ﬁdelium
2871 2771 3193 2840 esse,Pasce
3213 2784 3332 2825 oves
3350 2783 3495 2824 meas

1844 2858 2021 2930 (Joan.
2046 2878 2159 2930 XXI,
2186 2861 2296 2934 17),
2331 2861 2495 2918 Petro
2526 2861 2721 2918 innuit
2767 2862 3010 2918 dictum.
3060 2857 3314 2914 Aliunde
3360 2873 3492 2912 vero

1843 2951 1933 3004 est
1961 2951 2410 3017 ascendere,non
2442 2947 3333 3024 legaliterintroire.Ascendisse
3358 2962 3491 3002 vero

1843 3037 2060 3108 potius,
2094 3055 2271 3110 quam
2321 3039 2571 3095 intrasse
2619 3037 2984 3095 convincitur
3006 3035 3130 3105 ille,
3163 3035 3235 3092 de
3282 3051 3397 3106 quo
3428 3035 3489 3089 in

1843 3126 2166 3183 canonibus
2197 3127 2412 3185 dicitur
2444 3145 2457 3184 :
2491 3128 2552 3182 Si
2581 3129 2702 3199 quis
2740 3127 3094 3199 potestatsbus
3119 3123 3489 3182 saecularibus

87 3213 416 3276 emoriri.et
443 3215 878 3294 sapientissime
922 3216 1186 3273 locutum
1237 3217 1426 3272 fateri.
1473 3216 1585 3272 Sed
1618 3231 1733 3271 non
1766 3203 1808 3271 C
1846 3231 1997 3283 usus,
2027 3233 2126 3288 per
2154 3233 2247 3272 eas
2273 3217 2555 3273 ecclesiam
2583 3216 2900 3284 obtinuerit,
2950 3213 3291 3286 deponatur;
3316 3219 3367 3267 et
3413 3226 3496 3266 se-

86 3301 262 3358 faciet
293 3303 467 3375 (782),
501 3320 616 3360 non
647 3304 840 3361 mittet
869 3305 920 3361 ei
950 3304 1175 3362 litteras
1207 3305 1493 3378 quidlibet
1533 3303 1740 3360 durius

87 3391 497 3460 continentes;
528 3409 644 3448 uon
686 3393 1010 3461 damnabit,
1045 3411 1162 3450 non
1211 3391 1742 3451 excommunicabit

86 3497 191 3552 pro
221 3479 326 3536 tali
348 3480 501 3537 facto
532 3481 786 3555 aliquem
812 3500 827 3552 ;
861 3499 1030 3557 pares
1060 3485 1217 3540 enim
1235 3483 1465 3539 animos
1491 3479 1740 3554 dispari-

85 3567 221 3625 litas
255 3587 376 3626 non
407 3569 614 3626 dividit
631 3571 1160 3640 voluntatum,cum
1174 3571 1498 3629 similitudo
1521 3571 1742 3626 deside-

83 3657 309 3714 riorum
341 3658 737 3733 aequalitatem
789 3661 994 3734 gignat
1039 3677 1271 3734 semper
1316 3662 1649 3728 eﬁ‘ectuum,
1684 3662 1743 3715 et

82 3747 358 3805 humanae
390 3748 662 3804 amicitiai
691 3767 861 3823 pares
891 3751 1143 3820 animos,
1176 3755 1233 3807 et
1263 3767 1380 3806 non
1421 3748 1742 3806 dissimiles

83 3841 361 3910 expetant
383 3837 735 3896 voluntates.
769 3839 1066 3913 Scriptum
1096 3843 1186 3896 est
1214 3839 1369 3896 enim
1421 3840 1492 3895 de
1522 3837 1741 3894 talibus

83 3926 140 3983 in
162 3927 560 4000 descriptione
583 3929 980 3985 membrorum
1002 3929 1212 4002 capitis
1231 3928 1563 3996 diaboli,vel
1584 3927 1741 3983 vasis

84 4014 242 4072 illius
302 4015 648 4074 Antichristi
699 4035 712 4074 :
759 4016 997 4074 Membra
1060 4019 1316 4074 carnium
1383 4019 1498 4090 ejus
1557 4016 1740 4073 adhe-

150 4158 308 4284 (779)
357 4162 660 4228 Construe,
709 4163 768 4216 et
813 4159 1040 4233 explica
1072 4176 1085 4216 :
1123 4162 1295 4230 Quem
1339 4161 1390 4216 si
1427 4176 1523 4230 ego
1552 4161 1742 4219 adiero

172 4231 257 4284 uti
288 4231 597 4284 iniuriatus
627 4231 697 4284 ad
722 4231 862 4284 iuris
874 4234 1285 4284 ministrum.ut
1307 4231 1527 4284 scilicet
1548 4251 1582 4284 a
1603 4250 1741 4284 non-

88 4231 257 4316 iveluti
279 4231 597 4316 .injuriatus
627 4231 697 4316 ad
713 4231 862 4316 juris
874 4231 1285 4316 ministrummt
1307 4231 1527 4316 scilicet
1548 4251 1582 4288 ιι
1603 4250 1741 4316 pon-

90 4301 243 4376 tiﬁce
266 4301 374 4373 jus
403 4301 514 4358 sibi
547 4301 965 4376 redderetur,et
993 4304 1089 4360 ille
1113 4301 1268 4359 nisus
1297 4303 1576 4360 vindicare
1597 4301 1744 4376 inju-

91 4374 200 4428 rias
226 4389 404 4446 meas,
437 4376 548 4430 imo
593 4375 697 4430 Dei
733 4375 1078 4446 prohibentis
1126 4376 1284 4443 talia,
1333 4379 1383 4431 et
1430 4374 1742 4431 sanctorum

89 4445 520 4516 evangeliorum,
577 4445 964 4518 apostolorum,
1022 4451 1074 4502 et
1123 4447 1540 4517 apostolicorum
1595 4451 1740 4503 viro-

92 4533 232 4584 rum,
293 4533 570 4589 canonum
612 4517 676 4573 et
726 4517 1061 4574 decretorum
1107 4518 1517 4589 prohibentium
1565 4520 1701 4574 talia
1720 4536 1744 4583 ;

1847 3313 2140 3376 gregentur
2168 3309 2265 3377 qui
2291 3307 2345 3361 ei
2371 3307 2774 3362 communicant
2804 3305 2948 3376 (can.
2981 3303 3160 3375 Apost.
3193 3300 3306 3372 31).

1921 3395 2007 3450 15.
2040 3387 3495 3467 Consideretigiturprudentiaillavestra,Domine,

1850 3498 1999 3554 quae,
2027 3488 2094 3539 ut
2124 3485 2327 3551 fertur,
2377 3481 2691 3540 universali
2742 3487 2832 3539 est
2859 3481 3039 3555 digna
3084 3479 3342 3554 preferri
3373 3478 3501 3534 visa

1847 3571 2115 3629 Ecclesia:
2150 3573 2294 3645 i784)
2329 3590 2341 3628 :
2375 3573 2726 3641 consideret,
2776 3571 3042 3644 inquam,
3075 3586 3227 3626 anne
3277 3568 3353 3626 sit
3390 3569 3500 3624 iste

1849 3660 2085 3717 evidens
2116 3677 2557 3730 ascensus,cum
2589 3660 2803 3717 dicitur
2823 3659 2960 3717 talis
2981 3658 3361 3716 saecularibus
3392 3673 3499 3730 po-

1847 3749 2163 3805 testatibus
2193 3765 2338 3804 nsus
2359 3766 2371 3816 ;
2397 3749 2497 3804 sed
2521 3746 2732 3821 deponi
2755 3746 2915 3803 illius
2930 3747 3234 3819 judicatur
3245 3743 3497 3817 judicio,

1849 3837 1950 3910 qui
1964 3837 2045 3892 ait
2066 3839 2125 3892 in
2139 3838 2293 3893 Evan
2302 3837 2471 3910 gelio:
2481 3837 2669 3895 Omnis
2681 3839 2778 3910 qui
2795 3852 2852 3892 se
2869 3835 3076 3892 exultat
3108 3835 3502 3891 humiliabitur

1850 3926 2004 3998 (Luc.
2035 3943 2150 3994 xw,
2185 3926 2294 3998 1t).
2329 3926 2476 3981 Nota
2503 3943 2661 3994 vero,
2690 3926 2845 3998 quod
2897 3941 3012 3980 non
3045 3923 3262 3979 dicitur
3305 3923 3499 3993 omnis

1849 4014 1950 4087 qui
1983 4014 2292 4083 exaltatur,
2319 4014 2855 4082 humiliandus,sed
2868 4013 2919 4069 is
2932 4011 3032 4085 qui
3065 4028 3127 4069 se
3142 4011 3337 4084 ipsum
3350 4009 3501 4066 exal-

1848 4173 2052 4214 vocare
2081 4156 2248 4213 solet.

1922 4230 2069 4301 (781)
2098 4229 2470 4307 Monoatyllum
2499 4231 2586 4307 est
2607 4227 2867 4307 indicum
2899 4225 3296 4307 navigium‘ex
3325 4223 3497 4279 unico

1849 4296 2007 4371 ligno
2035 4296 2396 4367 excavatum,
2431 4302 2601 4371 cujus
2634 4299 2856 4356 Plinius
2887 4296 3158 4353 meminit
3199 4296 3300 4352 lib.
3331 4313 3408 4364 Vl,
3443 4312 3493 4350 c.

1852 4317 1886 4356 ιι
1934 4317 2007 4355 no
2035 4317 2396 4367 excavatum,
2431 4317 2601 4371 chus
2634 4317 2856 4356 nimus
2887 4317 3158 4353 meminit
3199 4317 3300 4352 uo.
3332 4317 3408 4364 vn,
3443 4317 3460 4350 ε

1852 4317 2359 4448 ΕΞ-Μοηιζωςίιιαιᾳ
2377 4387 2524 4448 vero_
2533 4371 2956 4448 diminutivum
2987 4373 3095 4424 est.
3302 4442 3310 4448 Δ

1923 4443 2071 4524 (.782)
2103 4437 2464 4524 Subauditur
2511 4442 2638 4524 ille,
2661 4458 2837 4524 quem
2885 4441 3212 4524 higamum,
3252 4442 3320 4524 ‘et
3367 4437 3498 4494 aliis

1849 4514 2009 4570 vitiis
2029 4513 2318 4586 irretitum
2341 4514 2410 4586 ad
2438 4513 2796 4586 pontiﬁcium
2816 4514 3014 4569 sedem
3035 4514 3373 4586 promptum
3397 4527 3500 4582 per

91 4579 270 4668 nonne
298 4588 418 4668 ille,
449 4589 549 4660 qui
577 4589 866 4668 injuriavit
907 4605 994 4668 me
1042 4579 1153 4668 tam
1197 4589 1603 4668 sacrilega-sed
1634 4579 1740 4645 non
1774 4579 1821 4643 Ι)
1851 4585 2198 4668 hypothesin
2232 4579 2455 4668 posuit.-
2482 4585 2851 4668 Post.pauca
2879 4579 3157 4668 mendose
3196 4579 3500 4655 legebatur

92 4658 218 4715 adeo
238 4658 547 4733 sacrilege,
574 4658 640 4733 ut
665 4662 766 4715 iste
796 4661 1072 4733 pontifex,
1104 4660 1155 4716 si
1186 4661 1338 4716 male
1367 4658 1584 4733 electus
1600 4678 1742 4733 prae-

93 4735 386 4804 sumatur,
417 4731 709 4803 injuriavit
729 4731 909 4804 pilum
934 4748 955 4794 ,'
985 4734 1232 4804 etomnia
1241 4733 1379 4804 jura
1399 4739 1510 4787 tam
1527 4731 1738 4804 divina,

93 4817 253 4884 quam
282 4801 554 4884 humana,
584 4807 700 4884 etc.
728 4802 832 4884 llic
861 4802 1137 4884 nonnihil.
1163 4801 1365 4859 deesse
1377 4803 1610 4884 putavit
1639 4822 1742 4860 no-

93 4872 373 4947 vissimus
394 4873 584 4947 editor
603 4873 1046 4947 Spicilegii.SedA
1060 4872 1530 4947 interpunctione
1550 4892 1744 4931 emen-

95 4891 373 4930 vxssunus
394 4891 584 4930 emtor
603 4891 1037 5000 spicuegnmea
1060 4891 1530 4946 Interpuncuone
1550 4892 1744 4931 emen-

95 4944 337 5028 data,et‘
342 4944 585 5028 inducta
605 4949 811 5017 parent
855 4946 936 5002 esi
972 4945 1117 5028 nihil
1165 4945 1483 5028 desiderari
1517 4947 1745 5028 perspi-

95 5017 268 5089 citur.
295 5017 531 5072 Etenim
573 5033 745 5073 voces
794 5032 978 5089 nonne
1023 5018 1118 5073 ille
1167 5021 1298 5089 post
1345 5017 1742 5089 parenthesim

96 5087 349 5161 repetitas
381 5103 626 5161 sensum
656 5087 1126 5161 co_ntinuant.S_i_c
1155 5087 1437 5161 nimirum
1466 5104 1592 5160 quae
1616 5094 1748 5161 post

96 5158 500 5243 parenthesim
516 5158 738 5243 subjici
746 5164 922 5243 untur
951 5158 1500 5243 explicandahsunt.‘
1521 5158 1742 5243 _Verurn,

97 5230 140 5285 si
190 5231 307 5287 iste
365 5230 652 5304 pontifex,
680 5239 740 5287 ut
785 5231 928 5304 dixi,
977 5230 1457 5304 nisusgvindicare
1508 5232 1747 5304 injurias

97 5317 262 5370 meas,
317 5301 665 5358 mandaverit
693 5304 746 5358 ei
799 5303 1020 5374 aliquid
1075 5303 1272 5358 saltem
1336 5302 1529 5358 durius
1561 5301 1748 5359 'causa

98 5375 219 5446 mei,
253 5389 440 5446 nonne
488 5374 636 5430 illico
681 5375 781 5430 ille
825 5376 1025 5446 poterit
1065 5374 1356 5430 rescribere
1403 5375 1456 5429 ei
1501 5374 1642 5429 illud
1683 5375 1748 5431 de

99 5444 412 5515 Evangelia,
435 5448 546 5500 etc.

164 5517 318 5588 (780)
350 5516 459 5572 Per
487 5515 836 5588 hypothesin
868 5515 1022 5572 sicut
1053 5516 1124 5570 de
1153 5516 1448 5588 pontiﬁce,
1481 5515 1563 5571 ita
1592 5519 1648 5571 et
1677 5517 1749 5572 de

105 5602 159 5660 se
190 5603 397 5660 casum
431 5587 720 5660 proponit.
753 5589 853 5643 Ille
895 5603 1052 5660 ergo,
1086 5587 1186 5659 qui
1211 5605 1293 5660 ise
1324 5588 1748 5660 homunculum

105 5657 557 5730 injuriavit,'ita_
577 5662 644 5714 ut
691 5676 871 5715 unam
900 5657 1251 5714 ad'ulteravit
1280 5658 1622 5727 Ecclesiam,
1652 5659 1750 5715 ali-

105 5729 270 5801 quem
290 5729 517 5788 indicat
547 5746 664 5788 suae
687 5730 847 5789 sedis
870 5731 1405 5805 invasorem,quem
1437 5731 1753 5790 adulterum

1853 4656 2186 4728 eriépectant,
2218 4656 2317 4712 ubi
2348 4656 2790 4729 emendavimus
2818 4663 3090 4729 expetant.

1925 4724 2074 4798 (783)
2102 4729 2236 4783 Cum
2265 4729 2382 4786 tunc
2413 4746 2528 4784 una
2557 4727 2680 4794 uni,
2712 4738 2838 4796 etc.,
2859 4724 2930 4784 e'x
2959 4727 3098 4783 libro
3121 4725 3215 4783 Job
3233 4724 3503 4798 descripta

1852 4816 1964 4857 esse
1993 4817 2105 4856 non
2142 4801 2481 4872 percepisset
2538 4800 2820 4866 Acherius,
2843 4801 3037 4872 voluit
3075 4799 3173 4872 hoc
3230 4798 3502 4872 loco__legi

1851 4868 2549 4945 [Etnte_spiracul_um.Sic
2580 4871 2876 4945 Spicilegii
2911 4869 3269 4926 novissimus
3283 4868 3496 4945 editor.

1925 4943 2073 5014 (784)
2097 4941 2428 5016 Hubertum
2459 4941 3301 5016 episcopum'Parmensemmd
3326 4956 3497 5016 quem

1853 5009 1963 5092 hoc
1994 5009 2142 5092 opus
2177 5015 2463 5092 directum
2484 5009 2625 5092 iuit,
2658 5009 2995 5092 alloquitur.
3030 5013 3136 5092 Hic
3164 5009 3499 5092 interfuisse

1853 5087 1905 5169 ei
1933 5083 2617 5169 pse—udosynodo'habitzs
2652 5083 2862 5169 mense.
2881 5084 3187 5169 Novemnbri
3211 5083 3347 5169 anni
3369 5083 3496 5169 963A,

1854 5158 1912 5212 in
1936 5155 2061 5229 qua
2089 5155 2318 5240 Joanne
2342 5157 2440 5214 Xll
2498 5158 2762 5241 deposito
2815 5157 3032 5214 electus
3083 5155 3500 5236 fuitantipapa

1855 5229 1967 5285 Leo
1996 5227 2423 5302 Vlll,_tradltur
2451 5229 2610 5285 aliud
2637 5228 3128 5302 Liutprando,seu
3158 5241 3284 5302 ejus
3315 5229 3499 5302 conti-

1856 5305 2101 5357 nuatore
2130 5295 2231 5356 lib.
2265 5303 2320 5366 6,
2374 5317 2500 5372 cap.
2559 5303 2614 5369 2,
2673 5295 2794 5354 uhi'
2823 5303 3054 5372 tamen__
3072 5313 3174 5368 pro
3232 5295 3499 5372 "ubertas

1856 5373 2135 5454 mendose
2165 5372 2378 5454 legitur
2406 5367 2624 5454 B'ubtus‘
2637 5371 2976 5454 Parmensis.
3000 5367 3126 5454 ‘Hoc
3156 5373 3353 5454 autem
3377 5369 3496 5454 ,Πει-

1857 5443 2029 5499 therii
2059 5443 2186 5500 loco
2222 5439 2487 5499 indicari
2533 5442 2782 5507 videtur,
2844 5439 3116 5496 eumdem
3175 5441 3499 5496 Hubertum

1859 5533 1894 5571 a
1920 5515 2222 5571 nonnullis
2246 5514 2510 5586 ejusdem
2525 5511 2956 5586 pseudosynodi
2973 5511 3238 5586 patribus
3255 5512 3310 5567 di
3319 5529 3500 5585 gnum

1859 5533 1894 5571 a
1920 5531 2222 5571 nonnullis
2246 5531 2510 5586 ejusaem
2525 5531 2777 5585 pseuoos
2803 5531 2953 5568 ἠοω
2973 5531 3238 5583 ρειιηυιιε
3255 5531 3500 5585 mgnum

1857 5587 2040 5643 fuisse
2072 5587 2361 5652 habitum,
2395 5584 2495 5654 qui
2524 5531 2870 5653 universalis,
2903 5583 2962 5638 id
2984 5589 3068 5639 est
3104 5585 3378 5642 Romanm
3401 5587 3502 5641 Ευ-

1859 5659 2068 5729 clesias,
2097 5659 2402 5731 episcopus
2431 5656 2610 5713 ﬁeret.
