4056 6380
193 391 343 458 518-

1156 386 1259 456 Dlll
1301 384 1786 459 CONTEMPTU
1828 383 2238 459 (SA-NONUM.
2271 428 2353 443 —
2377 386 2583 460 PARS
2618 392 2668 461 Ι.

3496 394 3615 472 514

271 528 367 585 23.
402 522 644 584 Memini
675 541 770 583 me
798 522 862 582 in
886 520 1089 584 Rheno
1119 527 1342 584 bicorni
1390 531 1620 585 tantum
1664 533 1858 601 pertu-
1889 529 1943 595 Α
2041 531 2131 584 24.
2166 530 2277 586 Sed
2310 531 2559 589 velimus
2591 531 2869 602 nolimus,
2919 532 3079 608 ipsos
3127 528 3272 612 legis
3312 539 3437 611 Dei,
3467 554 3615 615 quos

192 616 345 674 lisse
372 616 676 690 quondam
706 632 1003 689 pavorem,
1037 616 1290 675 cumulis
1328 618 1531 689 utique
1572 618 1645 673 ad
1674 617 1865 674 instar

196 705 446 764 collium
477 704 898 762 cbullientibus
928 705 1232 773 ﬂuctuum,
1251 706 1546 763 utEuxino
1565 706 1710 764 freto
1731 723 1863 763 ma-

188 797 305 869 jus
330 794 615 855 habuisse
642 794 968 867 putaverim
1019 794 1281 857 nullum:
1337 797 1439 852 sed
1467 812 1602 852 cum
1652 800 1864 852 nautas

196 883 428 945 ﬁducis
454 881 691 957 peritiae
749 882 1060 956 navigandi
1112 884 1300 956 jocari
1356 884 1654 953 vidissem,
1702 886 1862 941 metu

199 973 450 1044 amisso,
482 971 790 1039 audaciam
822 972 1079 1044 [subaudi
1105 972 1351 1030 memini
1381 972 1497 1046 me]
1537 972 1865 1045 sumprisse

199 1078 324 1121 non
354 1061 674 1119 modicam.
702 1061 822 1119 Hoc
847 1061 1045 1135 itaque
1076 1060 1225 1126 (803)
1257 1065 1323 1118 ut
1371 1061 1463 1123 uti~
1485 1060 1582 1117 hic
1625 1075 1741 1117 non
1772 1060 1860 1118 in-

199 1166 536 1226 congruum
558 1149 859 1223 judicetur
881 1150 1165 1224 exemplo,
1200 1151 1249 1207 si
1268 1149 1573 1207 saeculares
1595 1150 1667 1207 ad
1695 1154 1865 1207 tanta

200 1240 388 1298 divini
413 1239 655 1297 terroris
687 1256 817 1312 quis
848 1239 1023 1297 isthic
1050 1239 1311 1312 depinxit
1339 1240 1615 1307 tonitrua,
1631 1256 1757 1312 quae
1788 1238 1864 1295 le-

199 1334 416 1404 gentes
445 1326 771 1403 i'ntelligere
801 1346 908 1386 nos
938 1345 1150 1402 negare
1180 1346 1296 1386 non
1318 1344 1659 1402 possumus,
1687 1328 1864 1385 vidis-

201 1424 341 1477 sent
358 1418 748 1493 exspergisci,
784 1423 1084 1491 utcunque
1114 1417 1502 1475 nihilominus
1530 1417 1682 1474 etilli
1700 1418 1864 1474 time-

203 1510 705 1565 rentAtcumnes
716 1507 952 1564 videant
976 1507 1219 1563 ridendo
1231 1523 1301 1563 ea
1314 1506 1747 1580 quoquelogere
1756 1524 1861 1562 sae-

202 1604 300 1671 pe;
324 1599 527 1653 etiam
542 1595 833 1653 obstinate
850 1596 1159 1652 adversum
1171 1594 1575 1667 talia,tamque
1589 1595 1865 1651 audacter

205 1684 508 1757 resistere,
535 1688 593 1741 et
621 1684 933 1743 rebellione
950 1688 1151 1741 contra
1169 1689 1349 1742 Deum
1363 1683 1599 1757 publica
1618 1685 1865 1740 obdura-

205 1775 281 1845 ri;
317 1774 369 1832 si
399 1773 486 1831 illi
509 1773 650 1832 talia
667 1792 781 1832 non
794 1778 1023 1843 curant,
1043 1774 1338 1831 mirumne
1354 1772 1546 1829 alicui:
1571 1777 1762 1846 potest
1779 1772 1861 1828 vi-

1971 619 2146 673 modo
2178 622 2298 674 tam
2330 620 2691 677 obduranter
2717 622 2950 680 odimus
2967 628 3141 698 atque
3159 624 3615 702 contemnimus,

1968 705 2151 794 libros
2171 707 2520 765 habebimus
2548 711 2792 782 iudices,
2824 711 2985 785 ipsos
3035 716 3422 791 accusatores,
3467 738 3635 794 quos)

1969 793 2174 851 haberi
2201 801 2538 869 oportuerat
2564 799 2919 857 defensores.
2954 804 3246 878 Scriptum
3299 812 3388 865 est
3415 793 3572 867 enim
3599 828 3613 868 :

1967 884 2247 940 Iudicium
2272 885 2428 955 sedit,
2460 895 2511 943 et
2559 888 2696 945 libri
2738 892 2916 962 aperti
2943 897 3069 948 sunt
3118 895 3278 967 (Dan.
3327 913 3429 969 vn,
3476 900 3612 972 10):

1970 973 2126 1045 quod
2157 975 2425 1046 quamvis
2454 979 2511 1031 et
2539 977 2610 1032 de
2639 979 3009 1038 conscientiis
3033 982 3401 1055 singulorum
3430 987 3620 1045 valeat

1968 1061 2247 1135 intelligi;
2280 1062 2583 1120 sciendum
2615 1082 2684 1122 ex
2711 1084 2800 1137 eo,
2834 1070 2988 1142 quod
3007 1068 3248 1129 inlibris
3263 1075 3614 1147 continetur,

1970 1166 2173 1207 omnes
2194 1151 2569 1223 judicandos.
2603 1154 2891 1213 Monstrat
2903 1158 3189 1232 Propheta
3205 1161 3378 1232 alius,
3393 1165 3615 1224 dicens:

1973 1238 2271 1297 Conversus
2298 1258 2440 1313 sum,
2472 1246 2526 1298 et
2555 1244 2731 1300 levavi
2758 1247 2940 1304 oculos
2968 1264 3132 1316 meos,
3163 1259 3215 1306 et
3241 1253 3377 1323 vidi,
3408 1257 3463 1311 et
3503 1271 3621 1312 ecce

1968 1329 2225 1385 volumen
2250 1331 2459 1399 volans,
2490 1339 2563 1387 et‘
2587 1332 2735 1389 dixit
2761 1334 2833 1390 ad
2883 1352 2998 1391 me:
3047 1339 3193 1408 Quid
3239 1342 3299 1396 tu
3333 1342 3528 1400 vides?
3554 1346 3619 1400 Et

1973 1432 2071 1486 ego
2100 1418 2262 1474 dixi:
2295 1420 2402 1491 Ego
2431 1420 2584 1476 video
2611 1421 2864 1479 volumen
2902 1426 3121 1497 volans;
3173 1428 3455 1499 longitudo
3502 1434 3637 1506 ejus'

1969 1507 2173 1578 viginti
2200 1508 2527 1576 cubitorum,
2552 1514 2607 1565 et
2646 1510 2876 1567 latitudo
2921 1514 3037 1586 ejus
3085 1517 3266 1575 decem
3313 1520 3621 1579 cubitorum

1970 1596 2037 1651 Et
2065 1595 2211 1652 dixit
2237 1596 2307 1653 ad
2333 1613 2460 1654 me:
2495 1602 2624 1654 Haec
2667 1604 2747 1656 est
2790 1602 3120 1671 maledictio,
3168 1622 3294 1678 quae
3342 1610 3622 1679 egreditur

1970 1701 2138 1756 super
2171 1687 2365 1741 'aciem
2396 1688 2575 1743 omnis
2601 1691 2797 1756 terrm;
2822 1691 2952 1761 quia
2986 1695 3166 1748 omnis
3210 1697 3325 1767 fur,
3358 1699 3517 1754 sicut
3543 1700 3623 1756 ibi

1970 1776 2238 1847 scriptum
2285 1783 2381 1842 est,
2431 1776 2800 1849 judicabitur;
2831 1783 2885 1834 et
2910 1783 3091 1837 omnis
3135 1783 3358 1856 jurans,
3409 1803 3479 1843 ex
3525 1788 3623 1846 hoc

206 1863 370 1920 deri?
396 1863 485 1920 Illi
517 1878 728 1963 nempe
757 1863 899 1963 quid
949 1862 1468 1963 dicatur,"nedum
1509 1860 1860 1963 intelligant,
1893 1896 1942 1961 B
1970 1863 2603 1963 similiterjudicabitur.
2638 1866 2705 1920 Et
2733 1865 2957 1923 educam
2987 1870 3171 1940 illum,
3201 1871 3335 1930 dicit
3362 1876 3623 1935 Dominus

203 1958 415 2009 utrum
442 1962 577 2009 vere
607 1952 841 2009 dicatur
865 1952 1159 2025 ignorant.
1193 1952 1355 2007 Unde
1381 1955 1440 2007 et
1464 1952 1863 2007 excommuni-

205 2041 470 2099 cationes
494 2044 725 2098 nostras
754 2057 890 2099 cum
922 2040 1395 2098 absolutionibus
1426 2040 1585 2114 parvi
1616 2041 1865 2106 ducunt,

206 2132 355 2205 quia
384 2134 674 2205 quantum
706 2130 1030 2204 intelligere
1060 2133 1330 2204 possunt,
1363 2133 1421 2187 et
1448 2147 1554 2187 nos
1586 2147 1620 2185 a
1647 2129 1869 2187 sanctis

207 2222 545 2279 monibus
571 2220 1106 2279 excommunicatos
1135 2224 1511 2293 cognoscunt,
1535 2224 1593 2275 et
1620 2219 1867 2293 ligatum

209 2311 515 2368 neminem
548 2309 728 2384 ligare
757 2309 846 2367 vel
867 2308 1163 2377 absolvere
1187 2324 1359 2383 posse
1371 2309 1612 2365 arbitrio
1635 2308 1868 2382 preprio

211 2401 373 2459 864
403 2398 927 2472 comprehendunt.
956 2390 1051 2457 Al
1074 2397 1525 2472 praedicandum.
1551 2413 1870 2467 sane;cum

210 2489 473 2546 inaniter
500 2488 853 2562 pervenitur:
882 2487 1149 2559 quamvis
1168 2486 1385 2543 dixisse
1405 2487 1690 2543 Dominus
1713 2502 1870 2542 reco-

214 2578 411 2635 latur:
446 2580 578 2648 Quae
605 2576 795 2633 dicunt
817 2579 1007 2649 facile,
1055 2593 1174 2649 quae
1219 2584 1404 2632 autem
1443 2579 1656 2649 faciunt
1703 2576 1873 2634 nolite

212 2669 405 2739 facere
433 2668 646 2739 (Matth.
680 2683 837 2735 xxm,
859 2666 935 2737 3);
967 2664 1225 2737 Apostoli
1244 2668 1439 2720 tamen
1470 2664 1872 2737 exaggerando

219 2771 560 2814 sermonem
589 2755 729 2828 quid
776 2755 969 2810 dicere
1021 2752 1267 2828 possint,
1319 2771 1436 2810 non
1485 2754 1598 2810 sibi
1631 2754 1876 2810 credunt

217 2846 451 2903 deesse.
474 2844 629 2914 Quid
650 2843 923 2916 praedicas
938 2860 1048 2900 non
1056 2843 1380 2915 furandum,
1405 2843 1711 2916 spoliando
1736 2860 1878 2916 pau-

216 2950 416 3007 peres,
457 2938 525 2990 ut
548 2932 953 3007 locupleteris,
972 2933 1141 3004 pejus
1172 2932 1434 2989 omnimo
1460 2934 1674 3004 furoris
1698 2934 1872 3003 (Rom.

218 3041 291 3092 ιι,
318 3023 435 3095 21).
470 3022 579 3092 Qui
599 3021 739 3078 dicis
754 3038 867 3078 non
893 3020 1276 3077 mwchandum
1325 3020 1443 3077 ullo
1489 3021 1683 3092 modo,
1715 3021 1877 3079 mille

217 3111 416 3169 modis
447 3111 511 3168 in
539 3111 832 3168 actitando
862 3110 1031 3184 pejus
1055 3111 1349 3168 msecharis
1378 3110 1561 3183 (Ibid,
1590 3111 1702 3183 22),
1721 3111 1874 3168 mul-

1974 1953 2335 2021 exerciluum,
2367 1956 2419 2008 et
2449 1955 2625 2009 veniet
2653 1955 2722 2010 ad
2742 1955 2963 2012 domum
3009 1960 3175 2029 furis,
3209 1964 3356 2019 et-ad
3402 1964 3622 2023 domum

1967 2042 2213 2112 jurantis
2268 2044 2330 2098 in
2396 2044 2621 2100 nomine
2680 2060 2798 2101 meo
2858 2047 3217 2105 mendaciter.
3271 2055 3326 2107 et
3386 2068 3629 2113 comma;

1976 2131 2194 2186 rabitur
2216 2132 2277 2186 in
2330 2131 2506 2186 medio
2561 2132 2750 2188 domus
2803 2135 2941 2205 ejus,
2973 2139 3026 2192 et
3053 2144 3332 2196 consumet
3376 2157 3521 2211 eum,
3572 2153 3625 2203 et

1978 2220 2133 2289 ligna
2161 2220 2300 2291 ejus,
2330 2228 2383 2276 et
2409 2219 2616 2292 lapides
2645 2222 2762 2292 ejus
2791 2223 2973 2291 (Zach.
3014 2242 3070 2292 ν,
3102 2224 3156 2293 4,
3187 2229 3267 2300 4).
3300 2230 3516 2299 Audite,
3541 2233 3623 2290 ait

1979 2308 2152 2381 alius,
2185 2312 2252 2363 ut
2278 2309 2351 2364 ad
2383 2307 2862 2390 alia-transeam,
2909 2312 3092 2390 audita
3146 2314 3245 2371 hoc
3298 2320 3621 2390 sacerdotes,

1977 2396 2351 2464 st'altaulitc;
2367 2398 2496 2467 quia
2516 2388 2672 2454 vows
2692 2388 2971 2469 judicium
2998 2411 3093 2468 est,
3116 2408 3377 2475 quoniam
3396 2388 3622 2482 laqueus

1977 2489 2115 2560 facti
2159 2488 2289 2543 estis
2331 2489 2695 2559 speculationi
2724 2488 2863 2561 (Ose.
2895 2507 2952 2557 v,
2982 2492 3052 2561 1).
3099 2495 3207 2558 Qui
3257 2496 3502 2572 intelligi
3532 2499 3621 2556 lu-

1983 2576 2194 2647 eidius,
2227 2575 2364 2649 quid
2401 2592 2584 2647 presso
2615 2577 2877 2648 apertius
2917 2581 3146 2650 potest?
3188 2583 3622 2655 Speculatorem

1982 2666 2198 2738 quippe
2242 2680 2370 2719 esse
2396 2672 2661 2737 oportere
2691 2666 3044 2737 pontificem,
3078 2671 3179 2742 qui
3208 2672 3368 2741 dicit,
3399 2674 3621 2734 innuit:

1982 2754 2383 2827 Speculatorem
2411 2761 2464 2808 te
2485 2756 2667 2826 posui,
2700 2756 2781 2810 ait
2792 2756 3627 2833 Dominusexercituum,domus

1980 2845 2149 2900 Israel
2180 2842 2395 2916 (Ezeeh.
2420 2859 2503 2909 III,
2530 2843 2641 2914 17).
2674 2842 2837 2900 Unde
2863 2850 2922 2900 et
2948 2846 3258 2920 episcopus
3287 2851 3503 2921 Graece,
3525 2871 3625 2911 sn-

1981 2932 2396 3006 perintendens
2407 2931 2558 2987 805
2573 2931 2789 2987 dicitur
2799 2933 3018 2992 Latine.
3028 2936 3136 3002 Qui
3157 2936 3207 2992 si
3224 2936 3334 2995 hoc
3346 2952 3514 3015 agere
3527 2947 3630 3001 aut

1984 3020 2191 3089 nescit,
2204 3025 2306 3076 aut
2321 3020 2580 3093 negligit,
2603 3022 2895 3093 aut,~quod
2920 3027 3009 3079 est
3019 3025 3273 3097 gravius,
3292 3045 3407 3085 non
3416 3031 3626 3101 jussus

1983 3110 2305 3184 praesumit;
2335 3107 2581 3181 laqueus
2629 3109 3031 3182 speculationi,
3081 3112 3141 3169 id
3173 3119 3262 3171 est
3309 3118 3627 3193 episcopali

215 3200 471 3258 tinubus
498 3201 904 3273 dumquoque
928 3215 1043 3256 non
1072 3216 1202 3256 esse
1227 3199 1462 3256 vereris.
1496 3200 1645 3264 Quid
1674 3205 1869 3259 tamen
1906 3262 1944 3279 η
1984 3199 2195 3269 ordini,
2229 3202 2287 3256 et
2313 3214 2493 3255 causa
2515 3198 2863 3271 perditionis
2888 3200 3068 3257 dubio
3098 3203 3301 3275 procul
3350 3200 3624 3279 efficitur,

216 3289 360 3347 inde
387 3288 710 3363 proveniat,
742 3306 860 3347 non
889 3305 925 3346 θ.
951 3305 1046 3345 me
1061 3288 1283 3346 discere
1302 3289 1494 3361 quivis
1521 3289 1869 3363 expostulet.
1900 3262 1946 3331 α
1983 3289 2237 3345 maxime
2266 3288 2317 3344 si
2349 3304 2463 3344 non
2495 3287 2738 3358 inscius,
2772 3289 2874 3345 sed
2907 3262 3179 3349 conscius
3211 3293 3276 3350 id
3329 3262 3623 3369 operatur:

217 3380 570 3455 Gregorium
627 3378 858 3436 audiat:
919 3381 1106 3436 Causa
1159 3377 1371 3451 inquit,
1441 3382 1627 3439 ruinap
1680 3380 1875 3452 populi

217 3469 521 3531 sacerdotes
546 3468 881 3542 mali(804).
912 3467 1021 3533 Qui
1051 3466 1276 3540 utique,
1323 3467 1435 3524 nisi
1466 3484 1567 3524 eos
1613 3474 1872 3525 contem-

220 3563 431 3619 nerent
454 3573 730 3627 canones,
760 3557 879 3613 imo
908 3556 1024 3613 nisi
1056 3556 1412 3630 prophetica,
1446 3556 1799 3631 evangelica,
1817 3562 1876 3614 et

222 3648 547 3724 apostolica
578 3662 682 3720 pro
715 3646 896 3702 nihilo
918 3647 1193 3702 ducerent
1217 3646 1391 3714 dicta,
1411 3645 1612 3703 nullus
1630 3646 1871 3703 saecula-

222 3741 382 3798 rium
411 3743 535 3796 tam
565 3752 637 3793 ea
664 3735 824 3809 parvi
867 3736 1103 3792 duceret
1157 3735 1414 3802 vesania,
1472 3735 1573 3791 sed
1605 3752 1810 3791 omnes
1840 3753 1875 3793 a

223 3830 398 3889 nobis
427 3832 551 3885 tam
580 3825 843 3883 studiose
875 3828 1166 3893 venerata,
1201 3825 1442 3880 omnino
1458 3831 1876 3897 cognoscerent

222 3918 573 3977 veneranda.
605 3915 1034 3972 Venerarentur
1060 3929 1196 3971 vero
1224 3930 1258 3970 a
1286 3914 1457 3971 nobis
1488 3918 1805 3988 utcunque,
1824 3917 1876 3974 si

222 4009 631 4083 diligerentur.
682 4003 1073 4078 Diligerentur
1121 4006 1341 4073 autem,
1374 4002 1424 4059 si
1455 4020 1572 4060 non
1623 4003 1726 4062 illa
1752 4010 1874 4062 tam

222 4097 451 4157 sancite
479 4095 990 4153 fuissentaustere.
1010 4108 1137 4165 quis
1149 4091 1443 4149 contraria
1472 4097 1613 4148 sunt
1641 4092 1874 4150 libidini

222 4206 290 4247 ac
319 4185 565 4245 luxuriae
597 4181 938 4252 maledictis,
988 4181 1159 4253 cuius
1212 4181 1667 4239 detestationem
1701 4199 1874 4240 nemo

217 4277 536 4345 litteratus,
567 4271 796 4333 etiamsi
811 4270 967 4339 velit,
981 4269 1639 4344 permittiturignorare.
1658 4271 1875 4331 Omnes

218 4384 357 4425 vero
384 4381 516 4423 eam
534 4362 700 4435 {(805)
729 4360 944 4427 odisse,
973 4359 1334 4431 voluptatem
1383 4375 1515 4417 vero
1563 4359 1751 4433 ipsius
1778 4361 1874 4418 di-

217 4455 423 4530 ligare,
454 4450 725 4526 quamvis
744 4450 1021 4525 gehennae
1034 4452 1309 4521 suspectu
1324 4448 1638 4506 multieam
1650 4466 1869 4521 cavere;

222 4562 291 4603 ac
321 4559 429 4619 per
450 4541 563 4598 hoc
592 4537 989 4598 adversarium
1016 4537 1186 4593 nobis
1232 4552 1563 4595 sermonem
1606 4538 1870 4596 divinum

1978 3378 2076 3435 Ait
2105 3377 2261 3434 enim
2291 3378 2364 3433 de
2394 3374 2613 3433 talibus
2637 3377 3046 3450 Apostolorum
3064 3383 3414 3456 praecipuus:
3436 3386 3630 3445 Melius

1982 3469 2098 3524 illis
2124 3469 2308 3539 fuerat
2330 3481 2445 3523 non
2471 3481 2786 3538 cognoscere
2814 3469 2962 3524 viam
2988 3472 3254 3540 veritatis,
3304 3490 3472 3546 quam
3508 3482 3630 3548 post

1981 3558 2347 3628 cognitionem
2372 3559 2674 3612 retrorsum
2700 3560 2943 3614 converti
2969 3559 3146 3632 ab‘eo,
3179 3560 3337 3634 quod'
3363 3564 3630 3622 traditum

1983 3650 2063 3703 est
2090 3646 2225 3715 illis,
2258 3648 2445 3701 sancto
2468 3644 2726 3701 mandato
2756 3636 2828 3719 (II
2853 3649 3003 3703 Petr.
3028 3666 3089 3718 ιι,
3121 3651 3233 3725 21).
3255 3653 3417 3718 Quod
3449 3656 3632 3729 stipu-

1984 3734 2113 3791 lans
2139 3751 2266 3808 ego,
2296 3733 2627 3790 visceratim
2660 3734 2824 3807 (quid
2855 3734 2953 3791 alii
2979 3737 3051 3793 de
3080 3754 3142 3795 se
3181 3741 3456 3812 sentiant,
3500 3742 3630 3801 illo-

1983 3841 2116 3881 rum
2147 3824 2429 3880 interesse
2450 3823 2776 3894 dimittens)
2790 3836 2927 3881 cum
2957 3842 3046 3897 eo,
3072 3828 3171 3901 qui
3201 3834 3335 3887 ante
3367 3848 3459 3888 me
3473 3832 3629 3890 idem

1984 3912 2365 3986 deprompsit,
2395 3911 2685 3968 exclamo:
2722 3913 2937 3971 Utinam
2958 3932 3068 3973 non
3076 3919 3305 3987 fuissem
3320 3922 3411 3976 vir
3428 3920 3631 3980 habens

1981 4003 2258 4075 spiritum,
2287 4016 2390 4057 nec
2434 4001 2506 4057 ad
2556 4016 2645 4057 me
2671 4017 2847 4059 sermo
2892 4004 3072 4075 factus
3119 4008 3316 4078 fuisset
3366 4008 3624 4067 Domini!

1982 4091 2158 4162 (Mich.
2195 4108 2253 4160 ιι,
2292 4091 2399 4159 11.)
2431 4089 2577 4155 Quid
2608 4090 2766 4146 enim
2794 4091 3100 4166 mihi(806)
3122 4096 3393 4169 corrupte
3413 4097 3629 4155 viventi

1984 4196 2177 4237 sermo
2207 4178 2458 4247 Domini,
2492 4177 2603 4233 nisi
2633 4179 2954 4252 perspictm
2983 4185 3187 4238 contra
3225 4181 3393 4241 illum
3443 4186 3629 4243 rebel-

1983 4269 2159 4326 lionis
2190 4266 2498 4337 indicium,
2531 4270 2590 4323 et
2618 4268 2963 4340 perditionis
2992 4274 3081 4327 est
3119 4270 3393 4331 cumulus
3439 4291 3582 4332 mea:
3601 4275 3649 4332 ‘t'

1983 4359 2127 4416 Cum
2158 4357 2316 4415 enim
2346 4355 2445 4413 ille
2473 4355 2642 4413 bonis
2671 4358 2930 4429 praemia,
2965 4377 2999 4415 a
3018 4360 3173 4417 malo
3202 4376 3337 4419 vero
3360 4365 3631 4421 receden-

1981 4449 2142 4506 tibus
2169 4444 2399 4503 veniam
2430 4446 2757 4518 promittat,
2787 4448 3083 4505 neminem
3100 4450 3630 4525 decipit,omnibus

1980 4537 2157 4593 dicit:
2185 4537 2363 4592 Filius
2412 4534 2649 4591 hominis
2702 4544 2965 4593 venturus
2991 4543 3069 4595 est
3124 4541 3187 4596 in
3211 4541 3398 4613 gloria
3446 4545 3634 4600 Patris

221 4633 284 4690 in
310 4631 409 4689 via
452 4627 757 4705 praesentis
805 4625 1107 4700 temporis,
1166 4624 1395 4683 Christo
1450 4629 1722 4698 testante,
1772 4646 1873 4685 ex—
1903 4634 1951 4702 D
1979 4629 2070 4684 sui
2096 4642 2222 4683 cum
2249 4625 2605 4696 angelissuis,
2630 4629 2825 4683 ettunc
2847 4627 3635 4711 reddetunicuicuiquesecun-

222 4721 455 4779 sistere.

293 4862 445 4937 (803)
504 4860 825 4937 construe:
885 4860 1070 4937 Itaque
1116 4865 1178 4915 ut
1197 4856 1479 4937 iudicetur
1524 4873 1634 4916 non
1659 4860 1869 4937 incon-7

224 4929 436 5007 gruum
456 4932 545 4989 uti
581 4932 700 5007 hic
726 4929 992 5007 exemplo:
1029 4929 1147 4987 hoc.
1178 4929 1231 5007 si
1272 4931 1562 5007 swculares
1612 4930 1873 5007 vidissent

205 5001 335 5065 ,ᾖοη
393 5004 712 5076 expergisci
753 5002 824 5076 ad
870 5001 1025 5058 tanta
1080 5003 1323 5058 tonitrua
1374 5001 1554 5058 divini
1622 5005 1870 5073 terroris,

259 5092 355 5137 uae
378 5075 835 5158 unorsum-
895 5088 1021 5158 ιη’
1047 5089 1159 5130 ποτε
1206 5088 1494 5158 unum?!
1547 5089 1875 5158 negarine

223 5096 355 5206 71sec
378 5096 546 5134 mnu:
589 5096 835 5158 αεριηαπ.
895 5096 1021 5145 quae
1047 5096 1159 5130 non
1206 5096 1494 5156 pessumus
1547 5096 1751 5157 negare
1776 5096 1873 5131 nos

244 5156 458 5220 egentes
476 5146 803 5219 intelligere,
846 5149 1140 5218 utcumque
1182 5144 1548 5201 nihilominus
1577 5149 1631 5202 et
1678 5146 1768 5201 illi
1797 5148 1873 5202 ti-

291 5291 445 5366 (804)
474 5288 582 5366 Hic
631 5290 824 5345 textus
875 5286 1033 5344 Ossae
1063 5284 1554 5366 _est_ex_ant_iqua
1595 5286 1873 5366 versione

225 5357 350 5438 cap.
381 5357 445 5438 ν,
473 5374 527 5438 v.
562 5362 613 5431 1,
646 5376 822 5435 quem
863 5376 1006 5438 cum
1063 5357 1471 5438 Ratheriusjn’
1514 5357 1760 5438 vulgata
1784 5360 1873 5415 in-

358 5404 637 5508 τέξειὶίσιίθ
647 5404 822 5508 uno;
862 5404 1211 5508 iri-vgnerit:
1219 5404 1374 5508 sedw
1390 5404 1874 5508 legeritf’t‘gintum

223 5499 377 5581 apiid
409 5503 845 5581 819mgpridm
865 5500 1367 5581 inpommentario
1393 5499 1630 5581 iq'lib.l
1649 5500 1874 5581 Regum

223 5571 279 5635 cI
296 5595 361 5649 ιι,
378 5574 543 5649 ν.23,
570 5571 673 5637 ubi
677 5575 845 5649 Qsezs
855 5574 1096 5647 quidem
1109 5571 1413 5649 asseritur,
1436 5572 1574 5649 hinc
1593 5573 1653 5628 S.
1669 5571 1877 5648 Gr‘ego;

224 5643 380 5707 rium
412 5643 645 5720 allegat.
676 5645 805 5703 Non
831 5643 1173 5720 ignoramus
1202 5643 1631 5720 intereruditos
1651 5643 1876 5720 conti-o-

224 5714 559 5803 νρτιίτιιιπῑ
576 5714 935 5803 ιμριοιῖριῖῑιι
964 5714 1378 5803 (lmentari
1422 5715 1611 5803 sits-
1661 5716 1875 5803 61:989-

230 5793 379 5872 rius;
411 5795 493 5869 at;
527 5789 814 5872 quidquid
826 5786 1047 5865 ill-est,
1093 5786 1354 5851 Eutherii
1402 5787 1582 5847 codex
1618 5786 1874 5869 profecto

1978 4716 2110 4773 dum
2137 4731 2301 4789 opera
2353 4718 2478 4790 ejus
2536 4713 2749 4788 (Matth.
2795 4732 2912 4785 xv1,
2972 4719 3085 4793 27).
3139 4720 3341 4789 [Quem
3391 4724 3630 4781 secutus

2051 4857 2312 4931 Gregorii
2344 4874 2556 4931 nomen
2587 4859 2948 4931 praeferebat.

2052 4874 2161 4916 ure
2203 4875 2312 4915 orn
2344 4874 2556 4915 nomen
2587 4874 2948 4931 praeterenat.

2052 4874 2202 5013 (805%
2232 4931 2314 4986 An
2337 4929 2913 5013 .hic_dee.stnquo_ddam
2958 4935 3202 5013 verbum,
3251 4935 3633 5013 quod__regere

1980 5002 2167 5059 debeat
2186 5002 2383 5087 omnia
2404 5002 2506 5087 illa
2533 5002 2750 5087 inﬁniti
2794 5008 3052 5087 temporis
3100 5002 3312 5087 odisse,
3350 5002 3625 5087 diligere,

1982 5073 2223 5146 cavere?
2257 5078 2363 5146 etc.
2397 5074 2554 5145 Infra
2582 5073 2853 5145 edidimus
2881 5073 3083 5146 libros,
3115 5079 3215 5134 ubi
3241 5073 3360 5134 erat
3388 5073 3625 5135 libérosi

1980 5146 2104 5201 Mox
2133 5143 2436 5218 sciendum
2462 5143 2537 5200 ex
2568 5143 2636 5201 eo
2666 5147 2844 5217 quod,
2867 5163 2970 5218 quo
2999 5143 3113 5204 loco
3138 5148 3398 5205 Achcrius
3440 5147 3630 5205 edide-

1980 5225 2103 5344 7·ιᾶςὶ
2123 5216 2429 5274 sciendum
2459 5233 2592 5273 vero
2623 5216 2801 5288 quod.
2834 5216 2919 5274 Ita
2946 5218 3304 5277 novissimus
3333 5218 3631 5295 Spicilegii

1982 5306 2014 5344 e
2058 5306 2076 5342 1
2104 5306 2188 5344 or.

1982 5306 2188 5345 BOILOI‘.

2057 5359 2202 5442 (806)
2251 5358 2535 5442 .Mend‘ose
2566 5358 2625 5442 in
2655 5357 2908 5442 vulgatis
2963 5362 3088 5431 apte
3106 5362 3384 5442 _vivenl_i:
3437 5379 3629 5442 neque

1984 5429 2140 5511 enim
2171 5429 2622 5511 apte,"sed_male
2648 5430 2856 5511 viventi
2884 5429 3077 5511 sermo
3106 5431 3339 5511 gemini
3365 5440 3456 5492 est
3484 5429 3632 5495 indi-

1986 5503 2142 5564 cium
2172 5499 2855 5574 rebellionisperspicuaa
2886 5506 3091 5560 contra
3117 5503 3324 5574 Deum,
3343 5510 3402 5565 et
3429 5523 3632 5564 cumu-

1984 5574 2079 5655 lus
2108 5570 2469 5655 perditionis.
2498 5570 2645 5655 Quid
2674 5570 2875 5655 autem
2906 5570 3389 5655 substituendum
3419 5579 3497 5635 sit
3516 5596 3630 5655 pro

1984 5596 2079 5633 ωδ
2108 5596 2469 5648 perumuuis.
2498 5596 2645 5634 uuiu
2679 5596 2875 5628 autem
2906 5596 3389 5635 sumtltuenaum
3419 5596 3497 5635 8H.
3566 5596 3630 5635 1‘0

1983 5650 2128 5715 apte,
2162 5648 2229 5701 ut
2256 5641 2619 5715 signiﬁcetur
2644 5642 2810 5711 male,
2841 5646 2897 5701 8.
2930 5646 3178 5706 Zenonis
3226 5653 3422 5709 textus
3452 5668 3487 5707 a
3516 5596 3630 5707 ﬁa-

2053 5719 2172 5775 erio
2203 5712 2375 5801 antea
2402 5712 2696 5801 laudatus,
2743 5726 2996 5796 corrupte
3039 5720 3363 5798 viventium,
3413 5737 3647 5801 appar»

1983 5792 2128 5866 tune
2157 5788 2472 5867 suggessit.
2900 5788 2920 5796 -
3344 5788 3357 5798 ς
3450 5788 3471 5801 .
3490 5788 3512 5800 -
3696 5790 3701 5798 ,
