4056 6382
512 390 629 453 323

1708 391 2083 458 RATHERII
2128 393 2371 457 EPISC.
2417 391 2707 457 VERON.

3799 386 3916 449 524

513 525 780 591 derezcui
812 524 1033 583 scilicet
1062 544 1178 583 non
1209 526 1378 582 liceat
1403 525 1542 583 soli:
1569 525 1682 582 nisi
1713 526 1942 600 praefixo
1973 525 2154 598 loqui,
2186 529 2240 595 Α
2270 524 2525 581 filloncm
2566 526 2715 598 (823)
2765 543 2880 581 non
2931 525 3107 581 audet
3166 520 3481 598 appellare.
3528 519 3747 578 Milites
3802 536 3916 576 non

510 615 776 686 [subaudi
805 633 909 672 nec
939 617 1216 689 liceatJde
1244 634 1357 672 uno
1380 615 1586 672 saltem
1618 615 1677 671 in
1697 615 1946 671 alterum
1964 620 2154 671 trans-

502 704 594 773 ,ire
634 703 759 760 sine
815 705 1037 761 ratione
1097 706 1390 761 reddenda
1432 704 1817 774 cubiculum;
1870 722 2004 760 cum
2055 705 2155 760 Dei

514 793 933 862 misericordia,
968 798 1023 851 et
1082 794 1238 849 illius
1281 795 1427 866 (821)
1459 794 1844 866 elecmosyna,
1879 794 1979 865 qui
2013 792 2156 847 mihi

515 882 764 938 contulit
814 883 941 955 ipsa
988 883 1234 939 habeam
1287 883 1498 951 multa,
1527 901 1633 938 nec
1675 884 1984 939 interdicta
2014 881 2159 938 mihi

518 971 595 1025 sit
624 971 709 1027 eis
767 971 993 1027 fruendi
1034 971 1289 1028 licentia.
1314 974 1383 1027 Et
1427 972 1630 1043 utique
1661 972 1709 1029 si
1742 972 1893 1027 inter
1924 987 1986 1026 se
2017 970 2162 1026 talia

518 1061 787 1131 [subaudi
821 1062 1039 1133 osores]
1072 1061 1460 1130 collatrarent,
1495 1077 1610 1116 non
1662 1060 1876 1116 mirum
1925 1060 2158 1127 fuerat;

420 1140 435 1149 “
520 1148 661 1222 (822)
699 1149 840 1205 tales
871 1150 1088 1206 mirum
1134 1151 1292 1207 haud
1339 1150 1564 1206 modice
1614 1151 1685 1205 de
1728 1149 1944 1206 talibus
2004 1149 2161 1206 374

519 1237 762 1311 fatigare
788 1238 1120 1311 imperiales
1163 1239 1213 1296 si
1257 1240 1385 1296 ausi
1424 1240 1543 1296 sint
1584 1256 1776 1294 aures.
1811 1238 1967 1302 Quid
2004 1236 2161 1293 enim

519 1327 588 1381 ad
635 1326 824 1397 illum,
858 1327 952 1382 cui
999 1329 1070 1384 de
1102 1332 1222 1384 tota
1251 1326 1505 1383 climatis
1537 1327 1720 1383 nostri
1779 1330 1867 1383 est
1896 1326 2164 1399 cogitan-

518 1416 658 1471 dum
694 1416 1052 1483 monarchia,
1079 1434 1228 1489 opus
1268 1418 1500 1483 referre,
1533 1417 1603 1472 de
1643 1433 1759 1472 uno
1808 1416 1869 1471 in
1914 1414 2163 1471 alterum

519 1522 581 1560 se
608 1505 656 1561 si
689 1505 930 1561 collocat
958 1505 1351 1578 pauperculus
1395 1505 1608 1577 aliquis
1650 1505 1886 1573 lectum,
1921 1505 1992 1559 de
2048 1519 2165 1558 uno

522 1593 581 1647 in
612 1593 773 1649 aliud
807 1595 855 1649 si
888 1612 950 1650 se
990 1594 1159 1650 vertit
1208 1594 1454 1667 quilibet
1496 1594 1693 1650 latus?
1725 1592 2165 1650 Cavillatoribus

524 1682 708 1754 igitur
737 1685 981 1739 materia
1006 1688 1131 1740 est:
1162 1684 1233 1739 ad
1279 1684 1357 1751 id,
1384 1684 1603 1739 instant
1632 1684 1725 1739 cui
1776 1683 2019 1756 agendo,
2042 1681 2167 1753 ipse

527 1772 611 1827 uti
664 1772 1014 1838 ministrem,
1049 1772 1196 1830 falsa
1237 1772 1408 1842 veris,
1442 1772 1760 1845 opinabilia
1789 1772 1961 1828 Certis
1992 1775 2169 1843 atque

526 1861 905 1934 conjungam,
924 1861 1297 1918 rumusculos
1327 1861 1421 1918 hic
1442 1878 1761 1935 congerens
1787 1879 1889 1934 pro
1918 1860 2170 1917 valentia
2198 1903 2245 1968 Β

529 1954 774 2018 vestros,
811 1968 925 2023 quo
983 1968 1084 2007 vos
1142 1951 1343 2023 utique
1402 1952 1680 2007 exsatiem
1738 1954 1999 2008 cunctos.
2033 1951 2167 2016 Quae

528 2041 757 2107 dicatis,
793 2057 989 2111 quaeve
1020 2041 1090 2096 de
1120 2057 1213 2096 me
1253 2039 1411 2111 quali
1470 2057 1704 2113 quoque
1759 2058 1935 2097 sensu
1980 2040 2172 2094 dicere

524 2128 785 2197 valeatis,
819 2146 921 2201 per
951 2130 1265 2202 quamdam
1297 2130 1654 2202 praeveniens
1692 2128 2169 2202 anticipationem

524 2218 957 2289 hujuscemodi,
988 2218 1241 2275 similem
1287 2219 1380 2274 cui
1428 2224 1561 2275 ante
1609 2236 1722 2291 me,
1755 2220 1947 2286 credo,
1980 2219 2051 2273 de
2108 2231 2170 2273 se

524 2306 724 2362 nullus
775 2306 927 2373 fecit,
960 2308 1031 2362 de
1088 2324 1182 2363 me
1213 2323 1479 2379 promere
1522 2312 1679 2363 tento
1728 2307 1853 2380 ipse
1897 2306 2169 2363 relatum.

526 2396 703 2468 chat
727 2410 864 2467 ergo
895 2396 994 2467 qui
1025 2394 1194 2465 volet,
1228 2397 1375 2451 etde
1408 2412 1501 2451 me
1526 2396 1779 2468 proferat
1812 2398 1976 2469 pejus
2003 2399 2173 2470 quid-

526 2484 683 2553 dam,
713 2484 763 2541 si
788 2483 958 2540 valet.

594 2577 647 2627 2.
685 2573 980 2645 Famulos,
1032 2574 1327 2646 inquiunt,
1360 2592 1508 2647 quos
1568 2592 1682 2630 non
1738 2575 1917 2632 audet
1974 2577 2170 2651 ﬂagel-

528 2663 666 2730 lare,
687 2662 837 2718 375
889 2661 1074 2718 malos
1132 2680 1330 2719 servos
1378 2680 1493 2719 non
1525 2668 1717 2720 cessat
1744 2682 1967 2722 vocare.
2001 2666 2168 2737 Dicit,

526 2753 665 2824 quia
693 2768 797 2824 pro
845 2769 934 2818 eo,
964 2752 1121 2824 quod
1160 2756 1250 2808 est
1295 2752 1598 2809 animosus
1647 2756 1820 2824 atque
1863 2757 2170 2828 pauperri-

527 2841 844 2912 mus,nolit
871 2841 1210 2899 ministrum
1239 2841 1330 2897 vel
1349 2840 1719 2914 capellanum
1747 2842 1982 2912 habere,
1997 2862 2171 2917 quem

526 2958 854 3030 villationes
866 2956 1243 3030 praeveniens,
1260 2974 1622 3030 quaecunque
1635 2958 1917 3030 sivevera,
1934 2961 2052 3017 sive
2067 2961 2171 3019 fal-

526 3047 594 3086 sa
622 3029 835 3113 opponi
856 3029 1142 3113 poterant,
1167 3029 1276 3085 hoc
1324 3029 1605 3112 opusculo
1639 3029 1940 3113 lepide
1969 3048 2169 3113 eorum

526 3100 718 3184 verbis
750 3100 1040 3184 exposuit,
1072 3105 1137 3184 ut
1185 3100 1431 3184 censura
1484 3100 1663 3184 simul
1673 3106 1753 3184 Aet.
1772 3100 2031 3184 defensio
2082 3104 2170 3184 vi-

528 3172 648 3228 deri
678 3172 882 3245 possit,
915 3172 1139 3228 lneunti
1190 3175 1383 3245 autem
1418 3189 1567 3245 anno
1597 3174 1703 3227 966
1740 3173 1952 3230 idcirco
1984 3176 2170 3231 ascri-

2266 613 2542 688 opitulari
2600 616 2711 671 sibi
2744 614 3034 671 instanter
3065 613 3320 682 causari,
3350 613 3498 684 (821:)
3530 611 3759 687 quodve
3791 608 3917 682 capi

2266 704 2658 776 sivissentque
2716 703 2882 760 illum
2944 703 3177 760 abduci.
3230 705 3438 771 Mores,
3479 701 3814 768 lectionem,
3865 702 3921 754 et

2266 798 2503 849 cantum
2562 810 2798 865 carpere
2854 793 3222 850 clericorum.
3282 791 3512 865 lllegale
3576 790 3920 862 conjugium

2268 883 2533 937 nominat
2561 882 2913 938 adulterium
2948 883 3095 946 (825)
3123 900 3137 949 ;
3170 881 3359 955 legem
3391 880 3654 952 [subaudi
3704 878 3922 951 potius]

2269 990 2446 1044 quam
2469 973 2977 1043 consuetudinem,
3008 971 3363 1045 dogmatizat
3393 970 3726 1027 tenendam.
3760 968 3924 1040 Opus

2270 1060 2476 1118 servile
2524 1063 2674 1125 (826)
2719 1060 3015 1116 interdicit
3069 1058 3373 1114 Dominica
3426 1058 3541 1114 die.
3571 1057 3696 1113 Non
3746 1056 3924 1113 modo

2272 1150 2572 1217 inusitato,
2602 1150 2703 1206 scd
2747 1155 2804 1205 et
2850 1149 3112 1205 inaudito
3162 1148 3511 1204 commissos
3538 1147 3621 1219 [id
3663 1156 3747 1203 est
3779 1163 3926 1203 con-

2270 1255 2490 1306 versos,
2515 1255 2641 1295 seu"
2671 1239 2893 1294 dicatos
2938 1238 3077 1310 Deo]
3108 1238 3224 1293 Deo
3263 1237 3436 1309 jubet
3480 1236 3652 1293 modo
3681 1234 3921 1292 servire.

2273 1328 2361 1383 Ad
2390 1344 2610 1402 magna
2660 1328 2915 1400 praemia
2964 1327 3263 1395 perveniri
3288 1341 3402 1382 non
3430 1340 3594 1396 posse
3645 1325 3759 1381 nisi
3819 1340 3928 1394 per

2273 1434 2510 1489 magnos
2566 1419 2789 1473 labores
2830 1415 3030 1482 (Cm-:0.
3081 1416 3277 1473 homil.
3310 1418 3380 1472 57
3426 1415 3487 1471 in
3517 1418 3771 1488 Evang).
3808 1431 3928 1470 non

2276 1506 2522 1579 quiescit
2541 1505 2810 1562 clamare.
2839 1505 2946 1561 Ubi
2972 1522 3109 1577 ergo
3143 1520 3328 1578 reges,
3355 1504 3453 1560 ubi
3476 1520 3679 1560 omnes
3705 1502 3932 1559 divitiis

2277 1597 2601 1663 affluentes,
2636 1596 2771 1651 inde
2820 1593 2922 1668 qui
2964 1594 3311 1667 voluptuose
3358 1594 3580 1650 vadunt
3626 1592 3933 1650 viventes?

2275 1685 2642 1741 Calamitosis
2675 1701 2811 1741 nam
2854 1683 2964 1739 iste
2996 1683 3191 1740 solum
3223 1698 3469 1756 regnum
3501 1682 3599 1739 Dei
3630 1681 3741 1738 hoc
3768 1682 3933 1739 dicto

2278 1774 2586 1847 promittit.
2618 1774 2840 1830 Nasum
2872 1789 3103 1845 semper
3130 1777 3287 1828 tenet
3317 1773 3376 1828 in
3415 1771 3587 1841 libro,
3621 1771 3755 1828 inde
3799 1787 3935 1844 gar-

2278 1864 2392 1919 rire
2440 1880 2556 1919 non
2607 1866 2818 1920 cessat.
2850 1861 3102 1918 Omnino
3155 1861 3455 1934 redarguit
3512 1877 3737 1929 omnes,
3773 1864 3937 1932 (827)

2279 1952 2575 2024 contiguus
2592 1951 2697 2008 nul
2705 1951 2946 2022 li,cujus
2973 1966 3163 2007 mores
3184 1952 3447 2021 placeant
3461 1949 3580 2007 illi.
3595 1950 3779 2015 Quem
3791 1966 3933 2007 vero

2277 2042 2498 2107 laudat,
2535 2041 2634 2115 qui
2681 2041 2945 2113 seipsum
2988 2056 3222 2113 semper
3290 2039 3624 2112 vituperat?
3672 2038 3778 2095 Illa
3824 2034 3933 2096 Sed

2279 2131 2424 2187 forte
2480 2132 2759 2201 deceptus
2788 2127 3048 2201 Apostoli
3080 2127 3388 2185 verissima
3428 2127 3739 2197 sententia,
3774 2129 3936 2185 male

2279 2220 2480 2292 utique
2505 2218 2734 2275 intellec
2745 2223 2804 2274 ta
2819 2235 2831 2274 :
2844 2219 2909 2275 Si
2920 2220 3292 2291 nosmetipsos
3312 2218 3801 2291 diiudicaremus,
3816 2235 3937 2275 non

2277 2310 2474 2381 utique
2491 2309 2908 2379 judicaremur
2940 2306 2987 2368 (l
3011 2308 3146 2364 Cor.
3178 2325 3239 2375 ιι,
3269 2308 3360 2370 31)
3395 2324 3409 2362 :
3444 2308 3611 2380 quasi
3660 2311 3935 2381 peccato-

2279 2415 2401 2455 rem
2442 2413 2505 2454 se
2537 2395 2797 2453 confiteri
2828 2395 3001 2453 alicui
3044 2397 3319 2464 sufficiat,
3354 2396 3404 2453 si
3434 2402 3737 2469 peccatum
3768 2399 3932 2470 quod

2280 2487 2588 2543 confitetur
2617 2502 2733 2540 non
2764 2484 3024 2554 deserat;
3058 2501 3191 2539 cum
3222 2484 3427 2557 utique
3459 2484 3508 2539 si
3539 2482 3688 2540 alter
3736 2484 3850 2540 hoc
3880 2485 3933 2540 ei

2280 2576 2514 2641 diceret,
2565 2572 2980 2630 molestissime
3038 2574 3230 2629 ferret.
3279 2573 3414 2637 Quae
3475 2573 3635 2638 dicit,
3699 2574 3930 2641 scribit,

2280 2666 2427 2736 (828)
2474 2663 2834 2737 legendaque
2882 2662 3151 2735 posteris,
3213 2662 3604 2734 praesentibus
3649 2662 3805 2719 816
3865 2666 3935 2718 ut

2281 2756 2578 2825 derogent,
2611 2751 2877 2824 linquere
2923 2751 3119 2824 gestit.
3163 2750 3704 2824 Chronograpbiam
3750 2751 3928 2821 (829),

2279 2842 2637 2917 graecizando
2692 2857 2899 2911 vanus,
2934 2857 3067 2897 cum
3112 2857 3229 2897 non
3278 2840 3357 2897 sit
3403 2840 3613 2898 saltem
3659 2840 3930 2909 Latinus,

2350 2958 2497 3030 (824)
2538 2956 2772 3030 Milites,
2805 2956 2896 3030 Jde
2944 2956 3161 3030 quibus
3209 2955 3490 3030 loquitur,
3531 2960 3671 3012 sunt
3723 2956 3934 3030 Eccle-

2280 3027 2378 3087 size
2426 3027 2639 3085 vassali
2680 3027 3068 3100 nobilequui
3105 3044 3208 3100 pro
3256 3027 3513 3083 Ecclesia
3547 3032 3606 3083 et
3651 3027 3852 3100 episco

2284 3101 2533 3157 militare
2561 3099 2893 3172 debebant:
2923 3098 3356 3172 Rdthdriusquc
3379 3098 3935 3172 conquestustradi-

2284 3178 2398 3253 t_ur,
2430 3189 2528 3228 eos
2558 3170 2680 3253 sibi.
2701 3168 3176 3253 nonppiotulatos,
3210 3168 3433 3253 quodve
3458 3168 3733 3253 sivi-ssent
3754 3187 3933 3227 eum-

530 3241 746 3310 himus,
778 3243 1357 3341 q‘uialtun‘i‘malxime
1386 3242 1744 3341 ebul‘liehant
1792 3245 2072 3341 molestia-3l
2102 3247 2173 3302 de
2202 3274 2245 3341 Β
2283 3245 2439 3341 (ἰθιῆ
2465 3242 2690 3316 capiet
2736 3241 3151 3341 abt‘luci,‘cukmll
3185 3241 3408 3341 scilicet
3442 3258 3475 3341 εξ
3513 3241 3726 3341 Milone
3766 3259 3932 3341 corn-

533 3316 796 3341 -..ζηηληη
832 3333 864 3341 ..
940 3314 1039 3341 ἔκηε
1101 3331 1165 3341 Α..
1218 3332 1245 3341 Α
1288 3331 1480 3341 ,υκαι-ιη
1537 3331 1627 3341 Α-..
1652 3317 1959 3341 ..Α-.-Α-ζι..
1984 3317 2033 3341 -.ε
2086 3335 2145 3341 __
2287 3333 2352 3341 ...ι
2400 3316 2413 3341 ζ
2449 3332 2541 3341 -..Α
2573 3331 2677 3341 ...υ-ι
2712 3330 2816 3341 ...ιη
2847 3330 2914 3341 ιυ-
2957 3330 2986 3341 Α
3044 3329 3071 3341 η
3160 3330 3231 3341 ..ιι
3262 3330 3330 3341 ..η
3389 3313 3442 3341 ..ζ
3505 3330 3519 3341 .
3596 3329 3624 3341 Α
3657 3329 3772 3341 ιιι-,Α
3797 3315 3850 3341 ..2
3904 3332 3932 3341 Α

530 3314 869 3387 episcopatu
896 3314 1270 3387 idimittendo,
1286 3331 1482 3387 eaeque
1513 3316 1628 3387 fere
1650 3317 1960 3387 consopitos
1984 3317 2177 3373 viden-

534 3385 631 3441 tur
659 3385 1207 3459 in’Quadragcsima
1236 3385 1375 3459 anni
1400 3386 1686 3459 ejusdem,
1720 3385 2175 3459 cumiejusmodi

534 3456 825 3529 angustiis
845 3455 1072 3529 solutus
1090 3456 1378 3529 synodum
1402 3456 1607 3529 coegit,
1624 3462 1680 3513 et
1695 3455 2035 3529 synodicam
2053 3460 2175 3516 edi-

537 3526 641 3581 dit:
678 3527 887 3582 Confer
913 3526 1107 3581 Vitam
1129 3526 1385 3582 auctoris
1414 3543 1471 3580 n.
1508 3526 1629 3582 109.

608 3599 758 3670 (82771)
787 3599 949 3653 Illius
972 3596 1196 3670 scilicet
1215 3597 1602 3670 imperatoris.
1627 3597 1908 3658 Construe
1929 3606 2121 3658 autem
2157 3621 2172 3659 :

534 3668 664 3746 cum
692 3668 944 3746 habeam
963 3668 1157 3746 multa
1185 3670 1290 3746 Dei
1300 3668 1730 3746 inisericm'dia,
1743 3680 1797 3727 et
1814 3672 2178 3746 eleemosyna

536 3741 730 3824 illius,
762 3741 1061 3824 qui‘milii
1095 3741 1335 3797 contulit
1367 3741 1802 3824 ipsaunecnetc.
1838 3741 2175 3824 Q‘uoadim-

531 3810 817 3885 peratoris
842 3810 1269 3885 eleemosynam
1301 3812 1497 3868 confer
1526 3811 1767 3869 inferius
1800 3819 1917 3871 not.
1949 3816 2076 3873 920.

603 3885 746 3952 (822)
791 3884 1076 3939 Construe
1102 3884 1121 3939 ξ
1158 3885 1379 3940 Mirum
1437 3884 1593 3939 haud
1640 3885 1886 3954 modice,
1931 3889 1983 3943 si
2030 3890 2179 3945 tales

531 3956 770 4029 (osores)
798 3957 934 4012 ausi
958 3955 1070 4029 sint
1098 3954 1356 4029 fatigare
1381 3970 1555 4012 aures
1593 3956 1927 4027 imperiales
1966 3960 2040 4015 de
2081 3966 2178 4015 Ia-

532 4026 703 4083 libus.
736 4026 886 4099 Quid
912 4028 1066 4083 enim
1094 4026 1237 4096 opus
1265 4028 1348 4084 est
1375 4030 1604 4097 referre
1632 4026 1714 4085 ad
1744 4030 1929 4098 illum,
1957 4032 2053 4088 cui
2078 4046 2175 4088 co-

527 4100 834 4171 gitandum
865 4107 948 4155 est
980 4100 1051 4154 de
1075 4104 1203 4155 lota
1232 4100 1575 4171 monarcliia
1603 4101 1848 4157 climatis
1891 4104 2095 4167 nostri,
2126 4105 2178 4160 si

528 4169 738 4243 aliquis
769 4172 1157 4243 pauperculus
1181 4188 1241 4227 se
1266 4169 1519 4243 collocat
1541 4172 1610 4227 de
1623 4188 1737 4229 uno
1751 4174 1813 4229 in
1827 4176 2079 4230 alterum
2102 4173 2181 4233 le-

530 4242 705 4316 ctum,
739 4244 793 4299 si
820 4242 1052 4316 quilibet
1090 4259 1149 4299 se
1199 4244 1370 4298 vertit
1400 4242 1470 4297 de
1499 4258 1613 4300 uno
1664 4244 1723 4299 in
1763 4244 1936 4300 aliud
1982 4246 2179 4302 latus?

532 4314 717 4383 Igitur
745 4314 1175 4371 cavillatoribus
1202 4317 1457 4370 materia
1478 4324 1561 4369 est
1585 4334 1602 4380 ,-
1626 4325 1688 4370 ut
1717 4316 1838 4384 ipse
1855 4318 2179 4374 ministrem

498 4406 501 4411 λ
531 4388 608 4441 ad
638 4387 715 4461 id,
746 4390 843 4461 cui
874 4387 1088 4461 instant
1126 4386 1360 4461 egendo,
1392 4391 1566 4459 atque
1611 4388 1957 4461 conjungam
2012 4392 2178 4461 falsa

532 4458 702 4532 veris,
736 4458 1050 4532 opinabilia
1079 4458 1271 4526 certis,
1293 4473 1601 4528 congerens
1632 4458 1729 4515 hic
1754 4458 1864 4532 pro
1897 4458 2173 4530 valentia,

532 4528 588 4581 id
609 4529 917 4607 estquoad
939 4545 1200 4599 possum,
1218 4532 1579 4607 rumusculos
1607 4528 1836 4607 vestros,
1854 4548 1965 4605 quo
1980 4528 2179 4607 utique

532 4600 812 4676 exsatient
835 4616 936 4676 vos
958 4610 1209 4676 cunctos.
1230 4604 1359 4672 Ipse
1366 4604 1721 4676 praeueniens
1742 4617 1848 4671 per
1864 4600 2176 4676 quamdam

531 4671 1012 4747 anticipationem
1025 4660 1439 4747 hujuscemodi,
1452 4672 1547 4727 cui
1555 4673 1689 4727 simi
1696 4660 2028 4747 lem,credo,
2040 4694 2113 4733 an
2121 4660 2176 4732 te
2204 4660 2250 4725 D

532 4758 622 4794 me
650 4740 850 4815 nullus
899 4741 1038 4814 fecit
1084 4740 1153 4796 de
1202 4758 1283 4805 se,
1318 4749 1474 4798 tenlo
1498 4759 1770 4813 promere
1807 4740 2078 4815 relatum,
2110 4748 2169 4803 id

531 4817 620 4866 est
649 4812 1009 4890 relationem,
1042 4815 1114 4868 de
1142 4829 1381 4890 magna?
1410 4815 1637 4890 dicatis,
1670 4832 1901 4890 quaque
1930 4812 2173 4876 valeatis

529 4885 690 4956 quali
736 4901 954 4957 quoque
1000 4901 1170 4957 sensu
1212 4885 1399 4941 dicere
1440 4887 1509 4941 de
1549 4903 1659 4941 me.
1685 4885 1873 4945 'Voc'es
1903 4908 2043 4957 onus
2074 4909 2171 4946 re-

525 4960 705 5026 ferre,
736 4956 861 5028 quae
895 4956 948 5010 in
981 4956 1232 5029 vulgatis
1262 4974 1563 5029 perperam
1607 4959 1882 5016 traductae
1937 4956 2172 5019 l‘ueruut

530 5035 662 5083 ante
690 5044 887 5083 vocem
921 5028 1280 5099 manare/tia,
1315 5028 1371 5082 in
1412 5032 1917 5101 congruentiorem
1979 5034 2169 5090 locum

530 5101 917 5156 rcstituimus.

597 5174 747 5241 (823)
792 5173 936 5246 [iero
985 5172 1326 5240 monachus,
1374 5174 1615 5228 verbera
1677 5174 1823 5246 ﬂllo,
1871 5181 2171 5233 verberum

525 5247 799 5318 [illonum.
834 5245 979 5318 Hinc
1020 5246 1253 5318 ﬁllones,
1298 5245 1929 5318 verberones,’verbcre
1982 5249 2163 5318 digni,

526 5317 845 5371 nebulones.
878 5316 1022 5370 Vide
1080 5316 1381 5385 Cangium.
1414 5316 1518 5380 Qui
1570 5334 1673 5372 nec
1719 5316 2167 5385 ministrisfnec

528 5386 844 5461 capellanis
874 5388 1164 5456 utebatur,
1199 5389 1396 5443 omnia
1417 5404 1518 5459 per
1548 5404 1677 5461 scse
1702 5404 1871 5461 agere
1900 5391 2165 5461 debebat;

528 5467 581 5512 et
612 5459 823 5530 idcirco
857 5460 1271 5530 seconimosum
1299 5476 1504 5530 vocare
1552 5459 1781 5515 videtur
1834 5459 2164 5530 Ratherius,

525 5529 840 5607 quodcum
892 5528 987 5583 alii
1040 5530 1297 5603 episcOpi
1342 5529 1531 5607 multa
1573 5547 1677 5603 per
1707 5531 2008 5588 ministros
2067 5528 2166 5607 geé

523 5602 753 5674 reren_t_,_
780 5598 905 5670 ipse
954 5598 1163 5671 per—se
1210 5598 1482 5674 q'uzrlibet
1519 5598 1717 5674 gerere
1761 5620 1876 5659 non
1938 5598 2167 5661 verere-

522 5669 834 5751 turn-Hinc
889 5669 1051 5751 num.
1105 5674 1170 5728 14
1207 5669 1397 5751 :'_N_on
1444 5669 1643 5746 habeo,
1690 5675 1905 5751 inquit,
1952 5674 2161 5751 ﬁdum,

518 5744 615 5800 cui
645 5741 751 5798 hoc
779 5743 1157 5818 committant,
1187 5745 1538 5804 ministrum.
1572 5741 1750 5805 Facio
1773 5741 1900 5821 ‘pro'
1922 5741 2015 5806 me
2040 5741 2161 5825 ipse

518 5814 665 5873 anod
692 5828 943 5873 possum.

517 5828 664 5907 quoa
692 5828 943 5887 possum.

2287 3313 2554 3400 peditore'
2573 3331 2679 3369 suo
2710 3317 2916 3385 captus
2955 3317 3012 3368 et
3043 3313 3332 3368 abductus
3365 3313 3474 3369 fuit
3505 3330 3519 3369 :
3555 3314 3625 3369 de
3654 3329 3774 3385 quo
3797 3315 3935 3371 vide

2287 3388 2438 3441 infra
2468 3403 2630 3441 num.
2662 3386 2786 3441 833.
2820 3385 2903 3439 Ad
2938 3401 3007 3440 ea
3048 3401 3238 3441 porro.
3273 3401 3401 3441 ante
3460 3401 3593 3441 mox
3631 3386 3935 3441 adduntur

2284 3401 2438 3443 lnlra
2468 3403 2630 3442 num.
2662 3401 2786 3441 δὸὄ.
2820 3401 2903 3439 Λα
2938 3401 3007 3440 ea
3048 3401 3238 3451 porro,
3273 3401 3401 3451 qua:
3460 3401 3593 3441 mox
3631 3401 3936 3442 adduntur

2286 3401 2438 3443 mlra
2468 3403 2630 3442 num.
2662 3401 2786 3441 δδδ.
2820 3401 2903 3439 Ad
2938 3401 3007 3440 ea
3047 3401 3238 3457 porro,
3273 3401 3401 3457 qua:
3460 3401 3593 3441 mox
3631 3401 3934 3442 acuuntur

2286 3460 2357 3514 de
2378 3462 2551 3514 cantu
2583 3456 2947 3529 clericorum,
2977 3461 3177 3512 notare
3205 3455 3341 3512 licet
3383 3456 3612 3529 duosIn
3642 3457 3934 3529 opusculo

2287 3535 2366 3587 De
2384 3529 2614 3601 clericis
2642 3527 2958 3601 rebellibus
2987 3544 3152 3601 num,
3169 3528 3576 3601 Lmemoratis
3608 3527 3935 3601 prophetis,

2285 3600 2552 3674 psalmis,
2575 3598 2816 3674 hymnis
2844 3599 3164 3674 eteauticis
3193 3598 3276 3654 ait
3306 3617 3319 3655 :
3351 3603 3492 3670 Quae
3517 3598 3623 3674 vos
3643 3598 3936 3674 jactantis

2283 3670 2413 3729 aliis
2454 3670 2639 3727 Italia!
2679 3671 2940 3727 Ecclesiis
2980 3672 3359 3742 frequentare
3410 3670 3639 3742 melius.
3676 3672 3937 3729 Econtra

2285 3761 2384 3801 eos
2417 3742 2820 3816 _pe_rstringit,_
2843 3741 3146 3816 propterea
3202 3741 3355 3816 quod
3386 3741 3640 3816 pollent
3718 3760 3936 3801 canere

2285 3812 2614 3888 symbolum
2643 3812 2715 3870 Sf
2732 3812 3058 3870 Athanasii.
3091 3812 3298 3869 Confer
3321 3813 3705 3871 [litterarium
3756 3832 3927 3871 num.

2282 3889 2337 3942 7.
2373 3891 2430 3942 et
2462 3891 2545 3942 De
2571 3890 2899 3942 contemvlu
2925 3901 3208 3942 canonum
3243 3888 3388 3942 part.
3421 3902 3460 3942 ι.
3495 3902 3659 3941 num.
3689 3886 3779 3942 24.

2373 3901 2430 3942 et
2462 3901 2545 3942 De
2571 3901 2899 3943 contemptu
2925 3901 3208 3942 canonum
3243 3901 3388 3943 part.
3421 3902 3460 3943 Ι.
3495 3902 3659 3941 num.
3689 3901 3779 3943 Z4.

2325 3930 2337 3955 ,
2373 3901 2430 3942 et
2462 3901 2545 3942 De
2571 3901 2899 3955 contemptu
2925 3901 3208 3942 canonum
3243 3901 3388 3957 part.
3421 3902 3460 3955 ι,
3495 3902 3659 3941 num.
3689 3901 3779 3943 24.

2356 3958 2502 4029 (825)
2534 3959 2596 4013 In
2632 3957 2931 4013 Discordia
2960 3973 3124 4012 num.
3154 3958 3180 4012 1
3209 3973 3222 4011 :
3256 3956 3514 4030 Adulter,
3539 3957 3754 4030 inquit,
3769 3959 3935 4014 nobis

2283 4028 2721 4111 est,_qui.con_tra.
2739 4042 2984 4087 canones
2996 4029 3251 4111 .uvorius
3267 4028 3456 4111 est...Et
3475 4028 3537 4084 in
3556 4028 3932 4111 Apologgtico

2284 4098 2557 4174 conjugis
2588 4100 2930 4174 clericorum
2962 4099 3233 4174 similiter
3258 4098 3535 4156 vellicans
3551 4098 3633 4174 ait
3662 4098 3754 4157 af:
3774 4103 3933 4174 7His

2284 4119 2389 4157 COD
2422 4118 2557 4174 ugla
2588 4118 2930 4161 clericorum
2962 4118 3233 4156 Blmultel‘
3258 4118 3535 4156 vellicans
3551 4118 3633 4163 alii
3662 4118 3754 4157 11.:
3776 4118 3805 4156 ⁷1
3824 4118 3933 4159 ﬂ”

2284 4190 2355 4246 ne
2385 4118 2855 4246 [’superintendo],
2879 4172 2978 4244 qui
3002 4173 3141 4246 dum
3163 4186 3525 4246 monogomos
3552 4172 3936 4246 foreadulte-

2285 4243 2436 4299 rinin
2466 4245 2776 4313 publicum,
2800 4243 2960 4299 dmm
2991 4243 3221 4315 illegale
3250 4245 3443 4315 utique
3468 4243 3798 4315 conjugium
3829 4246 3931 4315 sit,

2286 4317 2523 4387 trigami
2566 4332 2705 4383 esse,
2760 4324 2813 4370 et
2870 4332 2982 4387 pro
3027 4316 3254 4385 pudar!
3295 4315 3679 4387 quagrigami,
3724 4323 3781 4372 et
3829 4321 3934 4374 hoc

2284 4385 2611 4459 presbyteri
2632 4393 2687 4461 et
2715 4385 2968 4461 diaconi,
2985 4402 3117 4461 cum
3127 4385 3345 4461 biganii
3357 4403 3433 4442 es:
3453 4385 3618 4461 laicis
3644 4394 3936 4461 nequeant

2283 4457 2488 4516 saltem
2516 4459 2642 4530 ﬁeri
2667 4457 2894 4523 clerici,
2925 4474 3034 4526 pro
3056 4457 3236 4530 nihilo
3261 4457 3502 4514 dicunt?

2357 4532 2504 4604 (826)
2556 4531 2618 4585 In
2663 4530 2834 4602 epist.
2871 4531 2956 4604 12,
2991 4529 3062 4585 ad
3089 4529 3468 4604 Ambrosium
3509 4546 3669 4585 num.
3697 4535 3749 4597 3,
3792 4531 3881 4587 ait
3916 4548 3931 4587 :

2287 4601 2425 4658 Cum
2454 4601 3037 4659 excommucicatione
3072 4601 3380 4670 interdixi,
3408 4609 3475 4657 ut
3501 4606 3574 4658 ab
3599 4617 3776 4671 opere
3803 4619 3933 4658 ser-

2280 4675 2380 4731 vili
2410 4675 2709 4730 Dominica
2737 4673 2829 4729 die
2856 4682 3167 4730 cessarent.
3204 4673 3271 4728 Id
3298 4689 3429 4729 eum
3456 4674 3712 4730 evincere
3761 4674 3934 4731 nullo

2281 4746 2449 4802 modo
2479 4747 2804 4813 valuissem,
2838 4752 3041 4816 portas
3086 4746 3352 4801 obserari
3390 4752 3595 4802 contra
3640 4746 3933 4803 venientia

2279 4817 2556 4889 plaustra
2580 4817 2845 4889 praecepi.
2884 4822 3001 4873 Hoc
3026 4817 3261 4886 facinus
3291 4826 3398 4873 aut
3428 4826 3635 4882 morte,
3667 4827 3770 4873 aut
3819 4836 3928 4874 ea:-

2278 4888 2546 4958 pulsione
2574 4888 2704 4944 mea
2732 4889 2940 4943 debere
2956 4889 3230 4958 judicant
3259 4890 3517 4960 expiari.

2352 4961 2499 5031 (827)
2539 4960 3135 5042 Contiguushidest,
3159 4960 3364 5042 animo
3414 4975 3760 5042 propensus,
3790 4977 3929 5042 pro-

2280 5032 2558 5104 pinquus,
2593 5031 3388 5104 amicus;sici1teontiguitas
3419 5031 3476 5086 in
3507 5031 3777 5104 Gossario
3791 5031 3929 5087 Bar-

2280 5102 2503 5176 thii'es
2550 5103 2809 5176 Guiberti
2861 5102 3005 5157 Hist.
3059 5102 3282 5170 Palaest,
3330 5119 3432 5176 pro
3472 5102 3816 5176 cognatione
3870 5108 3929 5158 et

2280 5175 2537 5229 amicitia
2570 5174 2872 5246 accipitur.

2350 5250 2500 5318 (828)
2532 5247 2590 5301 Id
2624 5245 2731 5312 est,
2755 5251 2814 5300 et
2850 5245 3018 5314 gestit
3069 5245 3328 5319 linquere
3357 5245 3597 5316 legenda
3648 5246 3918 5315 posteris,

2278 5327 2340 5373 ut
2372 5320 2649 5385 derogent
2666 5319 3071 5388 praesentibus.

2350 5389 2498 5461 (829)
2518 5388 2755 5462 Miraaus
2771 5389 2831 5462 in
2863 5388 3117 5462 ngtisiad
3138 5389 3409 5462 Sigiberti
3434 5388 3648 5444 librum
3670 5388 3740 5445 dc
3767 5390 3927 5445 Viris

2276 5459 2626 5527 illustribus,
2659 5460 2760 5514 ubi
2799 5459 2872 5514 de
2916 5459 3926 5532 Ratberio'loquitur,Cltronogra-

2318 5532 2474 5587 hiam
2488 5532 2761 5603 ejusdem
2775 5535 3060 5603 memorat
3080 5531 3232 5603 inter
3249 5531 3682 5603 manuscriptos
3693 5532 3926 5603 codices

2318 5548 2474 5587 ηιατη
2496 5548 2761 5603 ejusdem
2775 5548 3060 5587 memorat
3080 5548 3232 5587 inter
3249 5548 3541 5587 manuscrl
3589 5548 3682 5587 tos
3693 5548 3926 5587 couices

2272 5548 2640 5659 bibliothecae
2695 5602 3151 5659 Gemblacensis.
3188 5603 3333 5658 Cum
3364 5619 3499 5659 vero
3543 5549 3664 5659 ane
3717 5601 3927 5659 biblio-

2274 5675 2444 5730 theca
2473 5673 2742 5730 incendio
2758 5679 3128 5730 concremata
3142 5672 3340 5741 fuerit,
3369 5674 3606 5742 frustra,
3628 5673 3724 5730 hic
3744 5675 3927 5731 codex

2274 5749 2584 5819 quaeretur.
2635 5746 2941 5819 Quispiam
2969 5745 3234 5819 fortassis
3287 5744 3686 5819 suspicabitur
3741 5744 3925 5819 Clavo-

2272 5815 2605 5899 nographite
2628 5815 2864 5879 nomine
2886 5815 3134 5879 indicari
3165 5815 3588 5892 Confessionem
3638 5816 3920 5897 Ratherii,
