4056 6380
513 364 630 426 553

1704 352 2087 420 BATHERII
2129 351 2377 418 EPISC.
2420 354 2712 419 VERON.

3799 351 3925 417 544

511 514 660 569 cere,
695 492 879 555 urbis.
911 493 1121 553 Visum
1148 494 1243 551 est
1276 488 1728 568 perabsurdum,
1779 486 1864 548 uti
1895 484 1952 548 et
1977 499 2153 547 nemo
2180 490 2237 557 Α
2336 486 2406 546 l5
2430 487 2533 547 Est
2592 487 2706 547 ista
2753 484 2846 546 hic
2897 482 3320 562 aliquantisper
3356 482 3625 545 morandi
3656 482 3924 544 rationa-

512 585 957 664 ignorabat,ni'si
972 583 1444 643 stultissimimus
1457 581 1650 655 quivis
1662 578 2158 638 illorum.Nullius

511 679 644 735 istic
675 678 892 734 iterum
915 675 1003 731 vel
1035 689 1266 740 accuso,
1303 671 1391 729 vel
1422 688 1632 728 excuso
1663 670 1966 743 ingenium
1993 686 2006 725 :
2057 668 2155 724 de-

511 767 711 825 scendi
733 771 933 821 tamen
947 763 1117 837 (906),
1134 764 1511 834 domumque,
1537 759 1977 816 formidolosam
2001 758 2152 824 licet,

511 856 740 930 repetii,
767 854 893 910 Non
922 869 1101 909 ausus
1128 851 1187 905 in
1218 867 1288 906 ea
1315 850 1414 905 diu
1448 850 1684 916 morari,
1720 849 1971 905 Gardam
2003 847 2154 918 (907)

512 956 751 1019 pergere
766 941 1028 998 inchoavi
1055 960 1066 1008 ;
1082 939 1394 996 consilium
1417 939 1515 994 sed
1531 937 1822 993 demutavi
1836 936 2157 993 reverentia

513 1051 640 1108 quae
672 1030 1016 1089 imminebat
1044 1027 1327 1101 paschali.
1361 1025 1521 1099 Elegi
1554 1025 1868 1099 quemdam
1903 1023 2154 1080 civitatis

511 1121 819 1196 angelum:
869 1117 1008 1190 petii
1054 1110 1245 1189 ipsius
1275 1117 1355 1185 (id
1383 1125 1459 1171 est
1490 1114 1744 1185 comitis]
1776 1128 2151 1179 consensum,

511 1208 675 1264 dedit
702 1206 878 1263 etiam
909 1203 1215 1260 auxilium.
1249 1202 1558 1259 Conslruxi
1592 1202 1652 1256 in
1693 1219 1760 1257 eo
1789 1201 2100 1256 aedificium
2136 1216 2147 1252 :

511 1299 665 1355 894
698 1295 809 1351 fuit
835 1293 991 1349 illico
1017 1295 1471 1348 concrematam.
1495 1291 1636 1355 Quis
1667 1307 1800 1346 vero
1832 1289 2047 1355 fecerit,
2067 1292 2155 1343 est

512 1404 546 1443 ο.
571 1384 738 1441 nuilo’
763 1383 1097 1457 quaesitum.
1132 1380 1401 1436 Bestruxi
1434 1378 1685 1446 melius;
1718 1393 1874 1443 sum,
1907 1392 1979 1432 ne
2003 1378 2154 1432 face-

510 1488 656 1542 rem,
697 1475 768 1531 ab
800 1490 865 1529 eo
896 1469 1251 1544 prohibitus.
1283 1469 1385 1524 Est
1416 1470 1627 1524 iterum
1659 1466 1985 1522 restruendi
2019 1466 2155 1521 data

508 1564 763 1632 licentia,
814 1559 1180 1635 prosperiore
1212 1557 1435 1615 scilicet
1463 1558 1590 1630 lyra
1620 1556 1789 1627 (908),
1823 1555 2026 1610 laudes
2058 1571 2152 1610 ca-

509 1657 683 1711 nente
704 1650 1078 1725 postprobra.
1100 1648 1452 1719 Suspectum
1478 1663 1571 1702 me
1601 1645 1892 1717 incipiunt
1914 1645 2153 1700 reddere

509 1741 669 1799 talia.
703 1735 1244 1796 Meditaturiterum
1266 1735 1519 1792 Gardam
1538 1734 1847 1805 confugere
1866 1730 2152 1787 timiditas

509 1843 679 1897 mea;
709 1827 977 1899 interque
1000 1824 1425 1892 meditandum,
1449 1823 1604 1878 venit
1626 1823 1878 1878 domnus
1895 1821 2153 1877 Joannes

507 1920 809 1986 diecbnus,
861 1915 1017 1988 cepit
1062 1928 1262 1969 coram
1306 1928 1400 1968 me
1450 1912 1802 1985 deplangere
1861 1910 2152 1983 porticum

509 2006 697 2066 sancti
726 2004 879 2062 Petri
906 2004 1096 2077 (909);
1131 2002 1286 2074 quod
1320 2001 1552 2057 ruinam
1584 2001 1788 2073 utique
1830 1999 2155 2055 minaretur

510 2096 624 2164 sui,
656 2094 770 2152 nisi
801 2091 1212 2151 subveniretur
1234 2089 1398 2146 ocius
1426 2088 1533 2145 illi.
1567 2087 1814 2145 Promisi
1847 2086 2150 2154 auxilium,

508 2185 666 2258 quod
678 2181 1084 2256 etimpenderc
1100 2197 1213 2235 non
1236 2178 1459 2235 distuli.
1474 2178 1743 2243 Ascendi,
1770 2174 2151 2241 consideravi,

507 2275 786 2331 humeros
814 2272 888 2327 ad
934 2268 1399 2326 succurrendum
1443 2267 1660 2339 paravi.
1709 2264 2154 2321 Prmvalescente

506 2362 795 2421 desiderio
817 2358 1084 2433 juvandi,
1117 2355 1392 2429 conspexi
1423 2355 1610 2410 multa
1640 2354 1830 2425 magis
1857 2353 2049 2408 inesse
2079 2351 2151 2407 ad

506 2450 942 2509 emendandum
973 2444 1322 2513 necessaria,
1352 2460 1478 2516 quae
1507 2460 1625 2498 non
1657 2442 1888 2498 conﬁdo
1921 2440 2153 2512 impleri

509 2557 680 2614 posse
711 2540 773 2595 in
804 2536 923 2593 vita
953 2552 1102 2591 mea.
1136 2535 1263 2590 Non
1293 2532 1478 2588 habeo
1510 2532 1693 2587 {idum
1737 2529 1831 2586 cui
1862 2529 1970 2586 hoc
1994 2545 2153 2585 com-

510 2630 740 2684 mittam
788 2625 1128 2681 ministrum
1167 2640 1180 2679 :
1216 2620 1507 2694 siquidem
1540 2619 1726 2689 illum,
1761 2618 1852 2675 cui
1883 2635 2061 2674 unam
2083 2617 2152 2673 li-

509 2718 677 2774 bram
729 2713 953 2787 argenti
1003 2728 1108 2785 pro
1138 2710 1409 2766 trabibus
1440 2709 1706 2766 emendis
1738 2707 2152 2765 commiseram

511 2822 663 2862 anno
678 2802 989 2877 prmterito,
1020 2798 1357 2857 immaniter
1387 2797 1530 2854 mihi
1562 2798 2012 2855 indebausiasse
2031 2812 2156 2869 per-

509 2893 633 2967 cepi
663 2890 829 2965 (910).
870 2890 1040 2946 Facio
1088 2905 1193 2961 pro
1237 2903 1329 2944 me
1358 2886 1484 2961 ipse
1515 2888 1669 2961 quod
1700 2903 1941 2959 possum
1971 2904 1984 2955 ;
2017 2903 2153 2942 cum

509 2983 769 3040 habuero
798 2980 1018 3035 factum
1042 2977 1210 3050 (911),
1245 2979 1519 3045 revertar,
1554 2976 1605 3033 si
1630 2974 1919 3048 praecipis,
1952 2974 2153 3030 inimi-

510 3071 764 3139 nissime,
796 3067 952 3126 805
986 3066 1089 3139 qui
1120 3065 1450 3123 sollicitaris
1482 3065 1965 3134 exinde,domum
1991 3069 2086 3121 :tu
2104 3063 2153 3120 si

507 3156 650 3219 libet
679 3163 736 3216 et
761 3157 999 3233 quando
1027 3154 1171 3213 libet
1198 3155 1355 3212 intra
1383 3154 1443 3211 in
1476 3159 1666 3222 tuum,
1701 3171 1815 3210 non
1849 3154 2149 3227 prohibeo,

511 3251 772 3309 furnum.

553 3393 689 3433 nam
711 3373 983 3447 exigente
1001 3387 1176 3447 sensu
1205 3368 1565 3447 indusimus,
1580 3385 1751 3447 nemo
1774 3367 2151 3447 improbabit.

518 3438 1026 3521 dmphithe'atrum
1039 3445 1234 3521 autem
1255 3442 1316 3521 in
1346 3441 1802 3521 ichnographica
1821 3438 2022 3521 tabula
2051 3456 2154 3494 au-

514 3522 610 3576 tea
626 3510 897 3583 laudata,
928 3515 987 3586 in
1003 3530 1118 3586 qua
1131 3514 1416 3586 theatrum
1430 3510 1687 3586 vocatur,
1714 3510 1899 3566 muris
1913 3510 2157 3586 circum-

514 3591 773 3647 cinetum
823 3581 1149 3643 exhibetur.
1196 3585 1279 3640 lta
1329 3583 1484 3639 enim
1535 3583 1727 3639 medio
1766 3600 1882 3638 aevo
1913 3581 2158 3637 aedificia

512 3658 855 3735 hujusmodi
880 3656 1370 3735 _in_muni_tion_um
1384 3672 1556 3711 usum
1573 3655 1832 3735 converti
1871 3651 2155 3735 solebant,

514 3724 690 3799 nt'ex
739 3726 1184 3803 amphitheatris
1232 3727 1505 3803 Capuano
1535 3730 1729 3803 atque
1770 3724 2156 3803 ﬁemausensi

513 3797 716 3877 liquet.
765 3797 910 3877 _Vide
957 3798 1240 3877 Cangium
1272 3797 1462 3877 verbo
1509 3797 2157 3877 Areuw._Hinc‘c01nes

514 3868 700 3932 Blicco
732 3873 794 3930 ob
843 3868 1147 3927 custodiam
1192 3870 1367 3942 urbis,
1404 3885 1544 3942 quae
1576 3869 1805 3942 magnis
1840 3868 2030 3924 turbis
2062 3884 2155 3922 ex-

514 3947 870 4021 agitabatur,
902 3943 961 3997 in
983 3944 1189 4021 Arena;
1204 3940 1841 4021 munitioneman_ebat;
1866 3956 2000 3996 cum
2019 3953 2159 4011 pra:-

514 4012 716 4075 sErtim
745 4017 930 4073 turba:
960 4032 1077 4070 non
1108 4012 1299 4069 solum
1332 4015 1534 4067 contra
1560 4012 1921 4079 Ratherium,
1955 4026 2157 4066 verum

512 4090 688 4147 etiam
734 4090 939 4144 contra
982 4086 1177 4159 ipsum
1206 4089 1532 4159 Bucconem
1585 4083 1878 4159 comitem,
1907 4082 2014 4159 qui
2043 4082 2157 4137 Ra-

513 4161 698 4218 therio
740 4154 1298 4227 favebatfexcitatee
1347 4155 1618 4222 fuissent,
1676 4156 1761 4210 uti
1810 4154 2060 4227 dicimus
2090 4169 2159 4208 ex

513 4234 682 4306 epist.
717 4231 786 4288 42
811 4230 883 4287 ad
914 4225 1292 4285 Ambrosium
1316 4244 1480 4283 num.
1503 4229 1538 4282 3
1558 4227 1728 4298 cujus
1751 4225 2157 4283 testimonium

518 4304 789 4360 dedimus
820 4301 994 4360 naulo
1026 4303 1161 4356 ante
1191 4300 1314 4355 not.
1340 4299 1466 4354 899.

559 4315 789 4361 edimus
820 4315 994 4361 naulo
1026 4315 1161 4356 ante
1191 4315 1314 4355 non.
1340 4315 1466 4354 ὄυυ.

512 4320 789 4371 uenimus
820 4320 994 4374 paulo
1026 4320 1161 4356 ante
1191 4320 1314 4355 non.
1340 4320 1466 4354 ουν.

582 4376 732 4457 (.906)
759 4371 1184 4457 Neﬂstheréss
1233 4387 1367 4457 οξιιτι
1399 4385 1577 4457 “eos”
1620 4372 1679 4457 θίξ
1705 4364 2157 4457 inretitum:

515 4437 676 4518 mitis
704 4437 763 4501 in
778 4443 995 4518 palatio
1003 4442 1314 4518 habitaret,
1332 4440 1791 4518 quodejusqui
1801 4437 2158 4518 cohabitath

516 4509 879 4591 perabsurda
906 4513 1220 4591 videretur,
1250 4509 1618 4591 descendit'de
1638 4510 1878 4591 palatio,
1910 4509 2156 4591 quod-in

514 4580 714 4673 monte.
743 4587 923 4673 situm
953 4585 1236 4673 vidimus,
1264 4587 1319 4640 et
1343 4584 1562 4673 domum
1592 4580 2003 4673 episcopalem,
2030 4581 2161 4673 licet
2186 4605 2236 4673 Β
2267 4580 2464 4673 ιι-ζθθο

512 4659 939 4733 formidolosam,
953 4650 1655 4733 repeliit.Formidolosam
1671 4650 1865 4733 autem
1883 4650 2156 4733 appellat,

515 4725 657 4804 quia
675 4730 838 4804 inea
868 4725 1039 4804 antea
1078 4726 1542 4804 _cap_tus_fuer_at,
1581 4744 1647 4781 ac
1678 4725 1894 4781 ibidem
1943 4725 2160 4796 degens

517 4798 720 4858 multis
753 4802 941 4856 fuerat
969 4798 1244 4872 periculis
1267 4798 1577 4872 obnoxius.

588 4874 735 4945 (907)
769 4865 1096 4928 Gardaerat
1116 4868 1585 4945 munitissimum
1608 4872 1869 4945 castrum
1894 4865 2162 4945 dimcesis

516 4939 892 5011 Veronensis,
922 4960 1106 5015 eoque
1136 4944 1330 5015 petere
1359 4941 1589 4998 volebat
1620 4939 1952 5010 Ratlierius,
1987 4943 2049 4993 ut
2072 4942 2161 4993 tu-

518 5017 653 5075 tiori
689 5017 747 5072 in
770 5015 896 5073 loco
922 5018 1095 5071 esset.

586 5091 732 5164 (908)
748 5089 911 5144 Hunc
934 5086 1127 5143 locum
1150 5082 1551 5211 exglicantilla
1571 5082 1827 5155 epistolae
1848 5081 1863 5137 l
1883 5082 1898 5137 Ι
1921 5081 1991 5135 ad
2015 5081 2164 5135 Nan-

586 5179 727 5211 .nnm
761 5160 1056 5211 comitem.
1092 5156 1189 5211 aui
1266 5156 1465 5210 ucconi
1490 5158 1851 5210 successerat
1876 5172 1888 5211 :
1916 5152 2014 5207 ubi
2047 5152 2163 5206 huc

514 5152 727 5218 nonem
761 5160 1056 5227 comitem,
1092 5152 1465 5229 quiiBucconi
1490 5152 2014 5229 successeratagubi
2047 5152 2163 5206 huc

518 5232 833 5305 respiciens
873 5225 1076 5287 auctor
1108 5225 1314 5305 scribit
1352 5245 1515 5305 num.
1540 5228 1610 5281 3:
1657 5225 2007 5305 Tolerabilius
2034 5241 2163 5278 nam

515 5297 697 5374 fuerat
720 5311 953 5359 vestrum
983 5305 1063 5358 sic
1091 5303 1237 5372 ferre
1265 5298 1691 5374 dominium,_ut_,
1716 5313 1876 5368 quem
1891 5297 2159 5374 timerem,

517 5366 765 5433 eunuiem
791 5375 1077 5443 diligerem
1091 5366 1358 5445 ipsum,ut
1377 5372 1557 5445 facere
1574 5366 1958 5445 inchoaveram
1979 5366 2158 5445 illum,

517 5445 577 5572 ἓθὶ
610 5437 1090 5526 est_Bucconem.
1112 5437 1207 5499 'de
1251 5437 1355 5516 quo
1377 5437 1527 5497 mihi
1556 5456 1852 5511 congruere
1884 5437 2024 5495 illud
2053 5438 2164 5509 feci

569 5532 869 5572 asonzcum.

569 5532 869 5572 asonicum.

676 5596 872 5668 Prolira
897 5595 1221 5668 Therapneze
1252 5594 1345 5668 qui
1370 5593 1705 5666 dixerataute
1735 5592 1961 5668 marita},

799 5659 921 5707 Mox
951 5656 1112 5720 ccepit
1156 5656 1344 5707 laudes
1381 5656 1718 5720 prosperiore
1747 5656 1875 5720 lyra.

522 5718 693 5786 Prius
724 5727 943 5799 scilicet
986 5718 1176 5799 Bucco
1226 5718 1815 5799 Ratherio'infensus,
1850 5728 2051 5799 postea
2082 5723 2164 5799 ei—

526 5801 681 5869 dem,
715 5816 892 5871 quem
914 5798 1031 5857 dux
1060 5797 1275 5870 inclyta
1302 5797 1532 5854 comitis
1548 5796 2165 5855 tuitionicommenda-

2266 577 2403 636 bilis
2432 578 2656 635 occasio
2687 595 2805 635 una
2834 595 2902 634 ex
2930 583 3060 635 octo
3091 576 3409 651 (912).'l‘uze
3428 592 3560 633 vero
3580 574 3924 649 malignita-

2265 668 2343 723 tis
2374 684 2446 723 ne
2477 667 3005 735 sileaturintentio,
3035 666 3317 724 maluisse
3338 670 3395 723 te
3415 666 3633 739 optime
3653 665 3798 732 scio,
3817 663 3924 721 tali

2267 758 2420 830 quod
2450 773 2715 812 versarer
2734 756 2791 813 in
2816 756 2963 825 loco,
2982 774 3051 813 ex
3071 772 3186 830 quo
3209 754 3466 812 inimicis
3479 770 3670 811 essem
3684 753 3927 811 odibilis

2266 847 2446 903 meis:
2474 862 2663 918 neque
2684 850 2738 902 te
2759 845 2950 903 dolere
2976 847 3129 919 quod
3153 848 3395 902 domum
3417 848 3753 917 suspectam
3779 843 3924 900 reli-

2264 935 2515 1008 querim,
2539 936 2639 990 sed
2663 936 2817 1007 quod
2842 952 2935 990 me
2956 936 3014 990 in
3038 935 3249 990 tutiore
3267 932 3600 1002 locavcrim,
3630 937 3812 1005 atque
3846 933 3925 988 ob

2264 1023 2373 1079 hoc
2402 1028 2458 1079 te
2487 1024 2751 1079 excusari
2779 1041 2893 1081 non
2926 1039 3097 1096 posse
3148 1025 3268 1080 fore
3298 1023 3371 1078 de
3403 1039 3494 1078 me
3524 1020 3923 1083 homicidam.

2264 1113 2532 1184 quamvis
2545 1113 2735 1168 adhuc
2748 1128 2939 1169 meam
2962 1117 3150 1169 servet
3178 1112 3278 1168 Dei
3310 1111 3674 1185 providentia
3709 1111 3921 1167 vitam.

2263 1203 2461 1275 Neque
2493 1219 2585 1257 me
2616 1202 2931 1258 credideris
2963 1203 3117 1274 quod
3151 1202 3412 1274 quotidie
3444 1218 3559 1257 non
3590 1201 3917 1257 interﬁcias

2262 1291 2380 1346 tuis
2414 1289 2942 1346 machinationibus
2967 1290 3109 1363 ipse,
3135 1306 3473 1363 quanquam
3506 1289 3819 1345 menolens
3844 1289 3924 1344 vi-

2263 1379 2402 1435 deas
2413 1378 2621 1445 vivere,
2649 1379 2789 1433 dum
2813 1378 2981 1435 audis
2995 1378 3180 1435 Deum
3196 1378 3412 1434 scelere
3432 1379 3503 1434 de
3519 1378 3631 1434 alio
3654 1377 3878 1434 dixisse
3906 1395 3920 1434 :

2262 1469 2373 1538 Qui
2400 1467 2598 1523 viderit
2629 1469 2921 1523 mulierem
2973 1468 3044 1523 ad
3086 1469 3575 1539 concupiscendum
3603 1482 3747 1535 eam,
3795 1468 3927 1539 jam

2261 1558 2554 1612 moechatus
2582 1564 2662 1612 est
2711 1573 2831 1612 eam
2861 1558 2920 1611 in
2950 1556 3107 1612 corde
3135 1572 3231 1613 suo
3264 1557 3473 1628 (Matth.
3519 1574 3577 1624 v,
3604 1556 3720 1625 28).
3780 1555 3923 1613 Hie-

2264 1662 2572 1719 ronymum
2601 1661 2866 1718 quoque:
2901 1647 2983 1703 Vae
3016 1646 3170 1702 nobis
3200 1647 3416 1702 miseris
3438 1648 3534 1719 qui
3546 1647 3761 1718 quoties
3784 1660 3921 1701 con-

2260 1735 2610 1807 eupisczmus,
2643 1736 2797 1791 toties
2826 1736 3192 1806 fornicamur.
3226 1739 3313 1790 lta
3328 1735 3486 1790 enim
3508 1736 3565 1790 et
3594 1738 3657 1790 tu
3680 1736 3923 1807 poteras

2262 1824 2492 1879 dicere:
2520 1822 2615 1879 Vae
2665 1823 2810 1879 mihi
2854 1823 3091 1895 misero,
3124 1824 3226 1895 qui
3259 1823 3488 1896 quoties
3541 1821 3640 1879 isti
3686 1822 3921 1895 captivo

2264 1910 2548 1969 moriendi
2581 1910 2881 1985 decipulas
2910 1913 3106 1981 tendo,
3138 1911 3309 1968 toties
3342 1928 3477 1968 eum
3499 1909 3720 1968 occido.
3758 1910 3925 1967 Men-

2263 2001 2359 2057 tiri
2389 2018 2481 2057 me
2512 2004 2741 2073 poteras
2771 2001 2980 2069 dicere,
3016 2000 3065 2058 si
3092 2001 3164 2058 de
3182 2002 3405 2058 minore
3429 1999 3745 2074 culpanpn
3764 1999 3924 2074 lege-

2263 2094 2422 2147 retur
2466 2090 2716 2146 dilectus
2766 2088 2863 2146 ille
2906 2089 3130 2146 Christi
3161 2090 3417 2146 dixisse:
3452 2090 3641 2146 Omnis
3669 2090 3772 2162 qui
3804 2091 3925 2146 odit

2260 2182 2490 2251 fratrem
2518 2195 2699 2247 suum,
2724 2177 2783 2234 id
2803 2182 2911 2246 est,
2945 2178 3269 2251 quemlibet
3286 2177 3711 2245 Christianum,
3735 2178 3924 2236 homi-

2260 2269 2383 2325 cida
2412 2273 2491 2324 est
2519 2270 2566 2337 (ι
2593 2270 2751 2324 Joan.
2775 2285 2855 2337 Ill,
2891 2269 3000 2339 15).
3034 2268 3145 2324 Sed
3166 2267 3525 2336 vindicabor,
3548 2267 3923 2339 vindicabor,

2261 2356 2525 2430 inquam,
2552 2355 2877 2413 certissime
2908 2357 3156 2426 noveris,
3187 2356 3547 2424 vindlcabor,
3570 2355 3708 2412 Mihi
3730 2357 3922 2429 enim,
3953 2404 3959 2409 .

2262 2435 2659 2512 aitDominus,
2674 2445 3318 2516 vindictam,subaudire
3329 2443 3898 2513 valeamus,reservo
3910 2489 3926 2514 ,

2261 2537 2402 2591 dum
2425 2551 2590 2590 reum
2617 2534 2706 2607 [f.,
2732 2535 2891 2605 eum]
2925 2534 3204 2607 flagellari
3236 2534 3533 2607 permitto.
3558 2536 3690 2606 Ego,
3713 2537 3923 2590 tamen

2260 2624 2584 2693 retribuam,
2620 2622 2763 2678 dicit
2792 2622 3077 2679 Dominus
3097 2625 3275 2693 (Rom.
3307 2640 3407 2693 xu,
3441 2623 3553 2695 19).
3574 2622 3637 2679 Si
3659 2622 3822 2678 enim
3848 2623 3926 2679 de

2260 2712 2428 2770 nobis
2449 2712 2696 2768 cantitat
2727 2711 2995 2768 Psalmus
3022 2729 3035 2768 :
3073 2714 3134 2768 Si
3163 2716 3367 2779 autem,
3396 2712 3693 2784 inquiens,
3715 2712 3925 2769 dereli-

2261 2804 2477 2875 querint
2504 2802 2615 2873 ﬁlii
2643 2801 2759 2873 ejus
2789 2800 2963 2870 legem
2988 2818 3187 2870 meam,
3221 2806 3272 2857 et
3301 2802 3364 2857 in
3640 2802 3781 2858 meis
3803 2818 3925 2857 non

2262 2892 2683 2949 ambulaverint.
2707 2890 2771 2946 Si
2789 2892 3041 2962 justitias
3070 2907 3217 2947 meas
3231 2891 3655 2963 profanaverint
3675 2894 3732 2946 et
3752 2908 3924 2947 man-

2261 2981 2391 3037 data
2411 2996 2536 3036 mea
2566 2996 2674 3036 non
2688 2978 3043 3036 eustodierint
3067 3000 3087 3049 ;
3101 2980 3330 3036 visitabo
3347 2981 3404 3035 in
3417 2981 3575 3051 virga
3592 2980 3926 3051 iniquitates

2261 3086 2468 3137 eorum,
2498 3077 2550 3125 et
2576 3071 2637 3125 in
2656 3069 2970 3125 verberibus
2994 3076 3214 3141 peccata
3242 3085 3448 3126 eorum.
3476 3062 3921 3126 Misericordiam

2262 3167 2447 3217 autem
2471 3173 2653 3215 meam
2681 3174 2793 3214 non
2822 3158 3135 3231 dispergam
3163 3158 3230 3215 ab
3256 3175 3341 3228 eo,
3371 3174 3547 3230 neque
3596 3159 3799 3215 nocebo
3855 3161 3924 3215 in

2186 3232 2231 3302 α
2266 3251 2498 3307 veritate
2524 3263 2649 3304 utea
2677 3248 2849 3316 (Psal.
2883 3264 3150 3318 Lxxxvm,
3168 3248 3373 3320 31-34).
3395 3252 3511 3305 Isto
3534 3247 3716 3321 igitur
3734 3263 3925 3304 sensu

2262 3378 2441 3444 verat,
2489 3373 2679 3446 favere
2708 3374 2918 3446 coepit:
2965 3374 3122 3429 unde
3148 3372 3387 3430 subdit:
3438 3374 3738 3446 Postquam
3765 3374 3928 3430 enim

2264 3448 2329 3504 de
2376 3447 2472 3502 illo
2515 3444 2814 3501 dixeramf
2858 3446 2964 3514 Qui
3010 3445 3264 3501 liberavit
3308 3444 3595 3502 Israelem’
3649 3444 3715 3501 de
3742 3461 3928 3502 manu

2265 3516 2589 3586 Pharaouis,
2644 3517 2838 3573 liberet
2878 3518 3201 3574 Ratherium
3252 3517 3321 3573 de
3370 3533 3543 3573 manu
3589 3518 3861 3573 Bueconis
3901 3538 3925 3585 ,-

2264 3591 2397 3647 dum
2424 3590 2520 3645 ille
2572 3588 2823 3645 abiturus
2866 3587 3441 3661 melioraricwpisset,
3470 3588 3610 3661 capi
3648 3592 3701 3661 et
3731 3604 3833 3657 ego
3862 3591 3924 3645 ei

2265 3662 2455 3719 taliter
2479 3661 2789 3730 aggarrire,
2817 3656 3017 3716 relatis
3047 3656 3268 3715 sciliset
3298 3656 3485 3715 Ovidii
3517 3656 3804 3715 versibus.

2340 3731 2485 3805 (900)
2517 3730 2785 3805 Ecclesia:
2816 3731 3039 3805 scilicet
3059 3730 3254 3805 sancti
3283 3732 3435 3805 Petri
3485 3730 3545 3805 in
3592 3735 3813 3799 monte,
3849 3747 3923 3805 ao

2267 3801 2578 3878 propterea
2605 3803 2758 3878 dein
2789 3802 2951 3859 addit
2984 3821 2996 3858 :
3030 3802 3275 3878 Asceudi.
3308 3803 3394 3878 Ad
3440 3801 3782 3878 episcopum
3825 3801 3920 3878 ni-

2269 3868 2483 3948 mirum
2517 3872 2846 3948 pertinebat
2874 3874 3221 3948 restauratio
3249 3868 3658 3948 ecclesiarum:
3704 3874 3923 3929 Confer

2268 3952 2389 4004 not.
2418 3942 2543 4002 892'.
2584 3946 2851 4002 Porticus
2881 3946 3146 4016 ejusdem
3179 3942 3468 4016 ecclesias,
3487 3943 3589 4016 qui
3619 3961 3778 3999 nunc
3807 3962 3920 4016 su-

2307 4021 2479 4088 erest,
2512 4016 2610 4073 ille
2661 4015 3301 4089 essecreditur,_quem
3346 4015 3658 4089 Batherius
3689 4015 3917 4089 refecit.

2307 4037 2479 4088 eresc,
2512 4037 2610 4073 me
2661 4037 2788 4074 esse
2817 4037 3092 4086 creuitur,
3126 4037 3301 4089 quem
3346 4037 3658 4072 metuemus
3689 4037 3917 4072 reiecit.

2266 4037 2401 4146 Rion
2432 4107 2565 4145 cum
2599 4088 2916 4145 novissimo
2948 4086 3243 4161 Spieilegii
3274 4087 3493 4161 editors
3525 4086 3920 4161 correximus,

2266 4162 2525 4227 Promisi,
2554 4177 2665 4216 non
2695 4161 2908 4232 distuli,
2942 4158 3077 4232 cum
3106 4158 3277 4216 an'tea
3297 4159 3607 4232 legeretur,
3631 4158 3913 4232 promisit,

2261 4250 2369 4290 non
2396 4233 2647 4295 distulit;
2693 4230 2844 4288 sicut
2872 4236 2930 4286 et
2956 4231 3112 4288 infra
3140 4229 3383 4288 evitandis
3409 4246 3514 4304 pro
3540 4229 3923 4291 emendandis,

2268 4322 2420 4377 cum,
2436 4304 2640 4377 eodem
2670 4304 3021 4377 recepimus.

2343 4374 2492 4457 (9l0)
2520 4364 2921 4457 Baus‘iasse'Lid
2952 4377 3043 4457 est
3070 4372 3387 4457 decepisse.
3416 4364 3563 4428 Vide
3591 4374 3713 4429 not.
3754 4371 3829 4427 65
3858 4370 3923 4427 in

2270 4448 2533 4521 primum
2555 4451 2780 4521 partem
2811 4448 2886 4502 De
2906 4449 3211 4521 contemptu
3232 4461 3524 4500 canonum.

2343 4463 2524 4501 imam
2596 4462 2780 4503 artem
2811 4462 2886 4502 ue
2906 4462 3211 4517 contemptu
3232 4462 3524 4500 canonum.

2340 4519 2420 4590 (9|
2436 4519 2487 4643 1)
2515 4462 2592 4573 1d
2597 4521 2705 4584 est,
2729 4535 2864 4573 cum
2886 4516 3370 4574 restaurationem
3386 4515 3721 4571 memorata:
3741 4514 3801 4569 S.
3823 4513 3926 4569 Pe-

2370 4605 2464 4643 ecc
2492 4589 2624 4643 θείω
2650 4590 2962 4643 perfecero.
2982 4592 3229 4643 revertar
3253 4588 3478 4643 domum
3503 4584 3924 4643 episcooalem.

2492 4589 2624 4646 θείω
2650 4590 2962 4662 perfecero,
2982 4592 3229 4644 revertar
3253 4588 3478 4643 domum
3503 4584 3924 4712 episcopalem,

2492 4677 2555 4712 .m
2580 4664 2645 4712 ut
2676 4660 2908 4712 rediret.
2933 4658 3379 4712 inimicissimus
3401 4657 3547 4712 cavil
3574 4661 3700 4712 ator
3721 4654 3924 4712 incita-

2273 4662 2345 4717 ad
2379 4677 2555 4732 quam
2580 4657 2909 4729 ut_rediret,
2933 4658 3379 4732 inimicissimus
3401 4657 3700 4715 cavillator
3721 4657 3931 4732 incita-

2273 4728 2413 4789 batf
2439 4733 2656 4787 Eadem
2712 4749 2844 4788 vero
2900 4728 3296 4803 episcopalem
3346 4732 3618 4803 domum_
3651 4728 3923 4803 nondum

2273 4804 2498 4861 adierat
2521 4821 2675 4859 anno
2704 4806 2831 4872 968,
2862 4799 2997 4858 cum
3028 4799 3493 4858 ad‘Ambrosium
3510 4799 3764 4872 scripsit.
3790 4800 3928 4872 Mox

2271 4877 2468 4942 verba,
2518 4876 2668 4931 intra
2716 4878 2776 4931 iu
2818 4870 2983 4931 tuum
3036 4881 3289 4945 furnum,
3334 4871 3605 4945 explicari
3630 4870 3811 4944 posse
3836 4870 3924 4925 vi-

2274 4949 2489 5002 dentur
2516 4946 2616 5002 illo
2648 4947 2867 5003 rustica
2898 4943 3219 5016 proverbio,
3253 4943 3504 5016 quod—ab
3533 4943 3660 5015 ipso
3683 4947 3926 5016 auctore

2273 5018 2567 5091 profertur
2600 5019 2656 5073 in
2690 5014 2977 5091 Discordia
3019 5018 3236 5091 num.1
3270 5014 3354 5072 _in
3386 5017 3501 5072 ﬁne
3535 5014 3690 5084 {Qui
3715 5014 3831 5086 fuit
3863 5015 3925 5068 in

2271 5088 2461 5163 Turno,
2493 5107 2652 5161 pares
2682 5107 2805 5147 suos
2837 5090 2979 5163 inibi
3006 5088 3229 5160 quaerit.

2346 5153 2459 5231 (92)
2492 5153 2600 5217 ista
2629 5180 2746 5217 una
2768 5160 2975 5217 occasio
3001 5153 3070 5215 ea:
3099 5167 3212 5215 octo
3242 5158 3352 5231 fuit
3399 5153 3745 5231 restauralio
3795 5172 3929 5226 por-

2274 5228 2422 5288 tiens
2444 5228 2499 5286 S.
2528 5233 2699 5301 Petri,
2732 5232 2825 5287 cui
2855 5231 3165 5288 Ratherius
3195 5230 3415 5286 nemini
3452 5228 3549 5285 alii
3573 5228 3760 5301 fidens
3783 5244 3929 5298 pra:-

2273 5320 2402 5359 esse
2435 5298 2698 5360 debebat.
2732 5306 2979 5360 Crateras
3002 5302 3255 5359 rationes
3277 5301 3371 5356 hic
3394 5304 3567 5357 tacet.
3585 5298 3775 5355 Aliam
3790 5314 3928 5354 vero

2274 5375 2560 5431 rationem
2592 5375 2810 5431 indicat
2829 5373 2888 5429 in
2911 5375 3083 5447 epist.
3105 5375 3172 5429 12
3189 5374 3260 5430 ad
3277 5371 3654 5447 Ambrosium
3680 5386 3843 5425 num.
3871 5370 3927 5424 4.

2271 5447 2418 5517 Quid
2445 5448 2647 5518 faceret
2678 5443 2989 5520 cpiscopus
3019 5463 3143 5520 cum
3158 5450 3389 5520 exeunte
3416 5460 3488 5520 ea:
3513 5460 3579 5520 ea
3607 5443 3929 5520 demereno

2271 5512 2992 5593 emgitestratibusprine'ipe,
3027 5519 3167 5573 alter
3195 5519 3249 5573 ei
3275 5516 3599 5593 succederet,
3633 5514 3723 5569 illi
3743 5512 3926 5593 alius,

2274 5591 2423 5646 alius
2452 5592 2585 5645 item
2615 5592 2704 5645 illi
2720 5586 2749 5644 3’
2797 5586 3089 5647 Poteratne
3125 5605 3252 5644 cum
3282 5589 3397 5644 illis
3426 5586 3792 5660 ep'iscoPusjn
3815 5601 3933 5660 una

2275 5661 2432 5717 domo
2476 5664 2689 5718 versari
2727 5666 2753 5715 .9
2795 5661 3005 5718 Confer
3051 5675 3227 5717 serm.
3259 5661 3295 5715 6
3343 5661 3417 5716 De
3451 5656 3662 5716 octauis
3702 5656 3932 5725 Pascha:

2258 5749 2439 5789 “num.
2481 5735 2530 5788 1.
2558 5733 2753 5791 Potior
2782 5738 2981 5789 autem
3011 5749 3190 5789 causa
3213 5735 3361 5802 erat,
3392 5731 3528 5787 utin
3541 5730 3759 5787 tutiore
3777 5726 3932 5787 loco-

2274 5803 2620 5863 consisteret
2645 5824 2657 5877 ;
2694 5805 2851 5878 quod
2882 5805 2944 5863 in
2970 5801 3355 5880 sequentibus
3385 5802 3599 5860 innuit.
