4056 6380
151 371 262 430 545

1340 377 1802 448 QUALITATIS
1848 377 2377 444 GONJEGTURA.

3443 389 3560 452 546

151 501 526 560 felicissimos
543 503 786 562 dixerim
805 506 1096 580 pulsosab
1118 512 1550 583 episcopatibus
1567 513 1802 582 propter
1829 515 1883 578 Α
1915 529 2048 565 sum
2081 512 2286 568 saltem
2318 513 2610 570 aestimare
2635 514 3218 588 valerem-us,utinam
3247 517 3561 592 imperato-

155 611 256 650 sua
285 591 552 650 facinora
578 595 864 670 praesules
891 597 950 652 in
980 599 1414 672 comparatione
1443 601 1698 668 illorum,
1733 600 1803 654 de

153 681 366 754 quibus
393 698 500 754 per
526 685 840 758 quemdam
874 686 1090 742 dicitur
1107 688 1494 759 veriloquum:
1515 689 1728 742 Ducunt
1745 689 1804 742 in

153 771 298 826 bonis
329 771 448 828 dies
476 788 620 842 suos,
653 777 704 829 et
735 777 794 830 in
818 785 1016 846 puncto
1074 778 1144 831 ad
1199 779 1420 848 inferna
1475 777 1806 834 descendunt

151 860 280 930 (Job.
315 877 438 928 xxx,
473 861 580 934 13).
617 863 699 918 De
747 863 1204 936 ﬂagellatoribus
1251 883 1384 922 vero
1431 866 1603 938 (913),
1638 883 1803 938 pace,

148 964 322 1020 quem
357 949 610 1018 intueor,
637 955 756 1018 tua,
781 953 916 1023 quid
952 970 1054 1025 per
1085 953 1263 1010 alium
1315 956 1599 1013 Dominus
1649 956 1806 1012 dicat

149 1038 498 1112 depromam
531 1039 764 1094 illorum
797 1042 950 1098 396
981 1044 1161 1098 Iratus
1189 1061 1330 1112 sum,
1375 1044 1455 1099 ait
1497 1045 1802 1112 Dominus,

151 1127 512 1198 Babylonem
549 1129 904 1202 redarguens
945 1131 1208 1204 impiam,
1259 1135 1440 1188 iratus
1486 1151 1607 1189 sum
1645 1151 1807 1205 super

145 1218 422 1288 paputum
447 1233 646 1284 meum,
680 1222 732 1272 et
760 1219 966 1274 tradidi
995 1237 1115 1276 eum
1147 1223 1208 1275 in
1253 1239 1450 1277 manus
1491 1227 1614 1278 tuas
1647 1242 1663 1276 :
1693 1239 1806 1278 non

143 1305 384 1374 posuisti
410 1306 465 1360 ei
491 1307 948 1376 misericordiam,
973 1327 1073 1364 nec
1099 1315 1402 1366 menwrata
1441 1327 1497 1367 es
1543 1313 1674 1382 ﬁnis
1721 1313 1808 1367 tui

153 1393 280 1462 (Isa.
315 1409 490 1463 XLVII,
519 1395 574 1462 6,
606 1398 682 1465 7).
725 1399 942 1452 Veniant
987 1416 1192 1470 quoque
1237 1417 1398 1472 super
1445 1404 1494 1456 te
1541 1403 1710 1469 mala,
1744 1402 1806 1458 de

151 1482 348 1552 quibus
376 1487 716 1556 non-poteris
745 1488 916 1544 exire.
949 1490 1124 1546 Irruet
1148 1506 1314 1561 super
1333 1494 1382 1545 te
1412 1490 1722 1558 calamitas,
1754 1495 1808 1548 et

151 1571 360 1626 nescies
419 1575 602 1628 ortum
659 1575 774 1645 ejus
827 1575 1006 1648 (Ibid,
1052 1579 1162 1648 11).
1199 1578 1400 1634 Talem
1428 1594 1564 1651 ergo
1597 1595 1709 1646 me,
1744 1582 1808 1634 ut

151 1658 394 1731 protuli,
427 1677 575 1729 esse,
610 1662 660 1717 si
709 1662 848 1720 libet
904 1664 1008 1720 tibi
1058 1665 1226 1738 (914),
1260 1666 1688 1739 non‘prohibeo
1719 1667 1806 1722 di-

152 1763 280 1804 cere
308 1767 322 1818 ;
359 1749 410 1804 si
442 1749 651 1822 placet,
690 1753 856 1824 pejus
883 1755 1060 1810 etiam
1092 1755 1397 1826 quidlibet,
1432 1757 1480 1812 si
1513 1755 1670 1812 vales
1721 1759 1807 1810 at-

153 1841 382 1906 tamen,
413 1837 553 1896 fare.
589 1839 676 1895 Me
705 1845 900 1898 tamen
935 1843 1185 1900 arbitror
1232 1843 1314 1898 nil
1362 1844 1808 1917 vituperabilius

153 1927 278 1994 tibi,
321 1927 405 1982 nil
437 1930 676 2001 turpius
697 1931 852 2002 quod
897 1932 968 1987 de
1026 1949 1120 1988 me
1177 1933 1370 1990 dicere
1427 1933 1643 2000 valeas,
1675 1933 1806 1989 reli-

155 2014 376 2086 quisse.
409 2017 538 2076 Non
567 2017 770 2091 ignoro
801 2023 998 2076 tamen
1028 2023 1184 2092 quod
1241 2021 1386 2076 mihi
1431 2038 1586 2078 nunc
1617 2021 1809 2094 possis

155 2121 452 2177 opponere
485 2123 498 2161 :
529 2109 615 2162 Ex
643 2109 819 2164 verbis
849 2112 959 2164 tuis
979 2111 1395 2182 justiﬁeaberis,
1425 2115 1475 2168 et
1517 2128 1587 2168 ex
1633 2113 1810 2168 verbis

156 2197 262 2250 tuis
291 2195 763 2266 condemnaberis,
807 2199 1034 2256 dicente
1091 2201 1392 2272 Scriptura
1444 2201 1650 2272 (Matth.
1705 2219 1806 2270 x11,

155 2285 278 2353 3'7):
301 2283 702 2342 damnabilem
733 2291 788 2343 te
819 2288 950 2360 ipsa
979 2291 1188 2361 probat
1208 2289 1497 2346 confessio
1519 2291 1805 2362 tua(915).

157 2373 356 2445 Neque
386 2375 686 2442 conﬁteor,
721 2393 910 2448 neque
938 2377 1211 2446 difﬁteor,
1246 2379 1358 2434 aio.
1393 2379 1808 2436 Damnatorem

155 2477 290 2518 vero
305 2462 510 2536 procul
529 2465 856 2534 abesse,ille
889 2484 1001 2523 non
1031 2467 1246 2524 desinit
1271 2468 1414 2523 mibi
1446 2469 1806 2540 promittere,

160 2553 256 2624 qui
306 2551 492 2625 digito
553 2554 814 2610 scribens
843 2555 902 2610 in
933 2559 1106 2624 terra,
1136 2557 1488 2628 quibusdam
1519 2563 1807 2625 narratur,

161 2641 264 2709 Qui
290 2643 414 2698 sine
437 2652 654 2713 peccato
676 2652 754 2702 est
781 2650 1042 2712 uestrum,
1059 2648 1271 2718 primus
1301 2648 1362 2700 in
1391 2647 1548 2702 illam
1575 2647 1812 2718 lapidem

157 2733 340 2787 mittat
364 2731 544 2804 (Joa-n.
577 2749 698 2799 VIII,
729 2736 808 2802 7),
842 2734 1156 2790 clementer
1203 2736 1438 2791 dixisse.
1493 2737 1680 2807 Hujus
1731 2741 1808 2806 at,

159 2821 301 2894 prob
335 2821 538 2878 nefas!
574 2823 850 2894 anapaesti
885 2829 1174 2895 suspecto,
1211 2823 1396 2880 multa
1441 2825 1812 2882 inemendata

157 2909 512 2984 linquuntur
536 2910 598 2966 in
628 2911 856 2980 sazculo,
891 2911 1012 2984 igni
1043 2918 1333 2972 reservata
1361 2914 1810 2985 perpetuo;dum

157 2999 382 3056 scilicet
408 2998 656 3071 quilibet
685 3000 958 3056 conscius
987 3000 1120 3069 sibi,
1153 3002 1340 3073 parcit
1365 3001 1712 3067 alteri.Quid
1742 3002 1812 3058 de

157 3088 494 3144 substantia
509 3088 849 3160 hujusmodi
869 3090 1138 3145 sacrificii
1167 3091 1351 3162 possit
1369 3091 1812 3158 censeri,adhuc

159 3181 367 3243 exstat,
399 3177 598 3248 fateor,
633 3177 1098 3252 perincognitum
1133 3178 1298 3234 mihi.
1341 3180 1480 3234 Inde
1531 3198 1565 3235 a
1613 3179 1811 3250 planta

1913 617 2034 654 rem
2056 600 2322 656 hodierni
2343 603 2626 674 temporis
2645 602 3270 680 gloriosissimum,qui
3289 626 3420 666 cum
3443 627 3564 684 prae

1915 688 2210 757 omnibus,
2245 690 2344 762 qui
2379 709 2481 763 per
2507 692 2616 748 hoc
2647 696 3038 750 trecentorum
3069 715 3354 754 annorum
3387 700 3567 756 curri—

1911 777 2112 834 culum
2154 781 2486 836 Romanum
2543 783 3033 855 gubernavcrunt,
3094 787 3376 846 divisione
3430 788 3566 846 licet

1913 883 2253 939 regnorum,
2313 869 2648 942 imperium,
2709 872 3031 944 nobilitate,
3095 877 3374 948 potentia,
3418 883 3564 936 stre-

1913 955 2158 1024 nuitate,
2220 957 2530 1026 industria,
2579 959 2811 1028 virtute,
2865 964 3196 1034 prudentia,
3253 966 3563 1039 sapientia,

1913 1045 2294 1116 benignitate,
2366 1049 2712 1118 constantia,
2785 1051 3143 1120 fortitudine,
3231 1055 3562 1124 clementia,

1914 1134 2205 1204 aequitate,
2238 1136 2553 1208 opulentia.
2599 1137 2883 1210 largitate,
2934 1145 3256 1213 caeteraque
3303 1161 3564 1200 commo-

1915 1223 2122 1277 dorum
2157 1224 2226 1278 ad
2261 1223 2368 1279 hoc
2399 1226 2666 1280 omnium
2713 1226 3088 1299 singulariter
3145 1231 3348 1288 al‘tluat
3397 1233 3564 1305 copia

1917 1312 2062 1366 897
2103 1315 2537 1386 peragendum;
2570 1314 2680 1370 hoc
2710 1315 2764 1370 ei
2803 1316 2969 1374 unice
3015 1318 3208 1374 divina
3253 1321 3563 1378 concedere

1918 1397 2261 1471 dignaretur
2285 1402 2656 1473 omnipotens
2686 1421 2718 1460 0
2751 1405 2976 1460 utinam
3020 1407 3224 1478 gratia,
3260 1412 3324 1464 ut
3353 1426 3414 1466 se
3445 1410 3562 1482 pri-

1917 1505 2102 1554 mum,
2133 1487 2268 1544 inde
2300 1491 2409 1546 sub
2444 1508 2505 1546 se
2536 1491 2647 1548 sibi
2680 1495 3062 1550 commissum
3095 1501 3316 1554 vertere
3345 1501 3564 1570 satage-

1918 1581 2004 1631 rct
2035 1576 2347 1648 imperium
2381 1580 2452 1633 ad
2487 1580 2706 1646 bonum
2733 1583 3088 1640 omnimodis
3118 1585 3564 1642 omissum.Cor-

1917 1666 2108 1736 ruptis
2130 1667 2284 1721 enim
2307 1671 2362 1722 et
2383 1669 2876 1726 abominabilibus
2895 1673 3060 1726 factis
3073 1673 3563 1746 Christiani,proh

1917 1753 2116 1808 dolori
2181 1757 2437 1812 nominis
2493 1760 2812 1828 uneversis,
2867 1761 3152 1834 praecipue
3221 1763 3562 1832 restoribus,

1917 1841 1998 1898 ita
2028 1842 2259 1899 divinus
2277 1845 2428 1916 (917)
2458 1847 2813 1902 omnimodis
2845 1849 3016 1920 periit
3046 1849 3204 1920 olim,
3239 1851 3567 1923 fateor,qu-

1915 1933 2106 1996 tus,ut
2137 1930 2283 1986 nihil
2313 1934 2502 2006 magis
2522 1935 2828 1991 videamus
2849 1937 3387 2012 discordare,quam
3409 1942 3564 2014 quod

1917 2019 2202 2076 Dominus
2233 2022 2516 2094 praecipit,
2539 2028 2598 2078 et
2626 2025 2994 2094 universitas,
3020 2027 3163 2098 proh
3197 2031 3359 2086 nefas
3385 2030 3396 2086 l
3423 2030 3562 2103 agit.

1917 2109 1998 2164 Ex
2027 2125 2142 2180 quo
2175 2127 2330 2179 cum,
2367 2111 2482 2168 Deo
2513 2119 2828 2181 annuente,
2862 2133 3045 2171 unum
3077 2117 3268 2186 illum,
3294 2119 3406 2176 hoc
3453 2125 3560 2187 est,

1917 2197 2327 2269 imperatorem
2351 2201 2613 2272 excipere
2635 2203 2958 2274 gestiamus
2978 2206 3336 2277 piissimum;
3361 2223 3566 2280 sugge-

1917 2303 2042 2342 rere
2070 2287 2154 2342 illi
2187 2288 2236 2343 si
2267 2289 2394 2344 ausi
2419 2289 2768 2360 fuissemus;
2793 2293 3146 2350 omnimodis
3168 2295 3562 2352 studeremus.

1918 2379 1984 2430 ut
2005 2376 2078 2430 ad
2100 2379 2306 2432 caetera
2323 2378 2538 2449 quibus
2559 2378 3140 2453 pollet,singulariter
3159 2383 3306 2439 illud
3329 2385 3567 2442 adderet

1917 2465 2157 2532 bonum,
2189 2465 2342 2537 quor]
2377 2465 2520 2521 illud
2553 2467 2662 2522 sibi
2697 2472 2920 2538 aptaret
2948 2471 3056 2526 Job
3079 2471 3434 2528 sanctissimi
3457 2472 3568 2528 uti-

1919 2570 2032 2624 que
2062 2553 2284 2610 dictum
2316 2573 2327 2610 :
2354 2555 2501 2626 (918)
2527 2555 2756 2612 Causam
2790 2575 2954 2628 quam
2979 2561 3306 2628 nesciebam,
3337 2561 3566 2632 diligen-

1918 2644 2126 2698 tissime
2185 2645 2580 2714 investigaImm
2609 2645 2749 2706 (Job.
2783 2665 2932 2714 xxrx,
2969 2650 3057 2718 16)
3119 2649 3354 2706 Dicente
3409 2652 3566 2706 enim

1920 2731 2198 2802 Gregorio
2231 2751 2243 2787 :
2279 2733 2418 2800 Quid
2450 2736 2598 2788 enim
2627 2737 2851 2803 mirum,
2885 2738 2933 2790 si
2965 2737 3262 2807 aliquando
3289 2739 3565 2810 fallimur,

1919 2821 2015 2889 qui
2035 2819 2286 2876 homines
2308 2821 2621 2876 sumus?nil
2651 2823 2840 2895 magis
2864 2825 3046 2879 ofﬁcit
3069 2825 3182 2880 illis
3206 2825 3566 2896 hominibus,

1921 2908 2018 2980 qui
2051 2925 2227 2980 super
2246 2909 2390 2964 alios
2411 2910 2714 2966 constituti
2740 2917 2880 2966 sunt
2899 2912 3186 2982 homines,
3208 2931 3386 2986 quam
3411 2917 3570 2972 fraus

1920 3001 1976 3052 et
2004 2998 2246 3068 perﬁdia
2277 2997 2740 3054 consiliariorum
2769 3017 2782 3066 ;
2817 3001 2864 3055 si
2916 3000 3058 3056 illud
3111 3002 3194 3058 eis
3243 3003 3571 3074 applicatur

1919 3089 2214 3156 postremo
2249 3085 2650 3158 propheticum
2689 3104 2702 3140 :
2737 3089 2824 3143 Vse
2851 3091 2947 3159 qui
2987 3089 3170 3144 dicitis
3217 3092 3429 3146 malum
3479 3093 3568 3150 b0-

1921 3191 2074 3238 num,
2106 3177 2156 3228 et
2188 3175 2385 3229 bonum
2415 3176 2625 3229 malum
2651 3177 2772 3248 (Isa.
2823 3193 2873 3244 v,
2925 3177 3037 3248 20).
3090 3176 3386 3234 Delatores
3435 3197 3568 3235 vero

159 3266 324 3340 pedis
355 3284 546 3338 usque
691 3247 964 3322 verticém
1021 3268 1328 3324 sanitatem
1389 3269 1556 3324 nobis
1608 3247 1810 3325 (—leessc
1839 3247 1884 3314 Ο
1927 3263 2164 3335 quidam
2198 3264 2434 3335 sapiens
2633 3281 2936 3335 nunquam
2971 3265 3183 3336 defore,
3209 3265 3260 3324 Si
3292 3267 3425 3340 quis

161 3373 482 3428 possumus
512 3357 638 3428 (Isa.
671 3375 708 3424 1,
739 3357 816 3428 6),
863 3357 1064 3422 fateor,
1115 3356 1454 3428 deplorare;
1486 3357 1586 3429 qui
1638 3357 1812 3412 faciat

159 3445 384 3500 bonum
413 3443 587 3500 hodie
618 3461 850 3517 quoque
883 3462 1068 3518 usque
1094 3446 1164 3500 ad
1199 3463 1382 3500 unum
1414 3447 1614 3502 deesse
1638 3447 1806 3518 (Psal.

159 3550 278 3600 xm,
304 3532 385 3606 3).

229 3623 320 3678 16.
355 3623 540 3688 Quem
571 3619 716 3694 (916)
743 3640 918 3678 unum
950 3640 1081 3678 curn
1108 3623 1302 3695 ipsum
1326 3627 1500 3696 caput
1519 3623 1807 3680 bonorum

158 3728 294 3768 cum
309 3710 598 3768 membris
613 3711 910 3784 aliquibus
932 3714 1056 3768 suis
1071 3713 1256 3768 Deum
1278 3711 1600 3786 intelligere
1621 3730 1808 3785 prom-

157 3805 328 3873 ptum
347 3799 426 3856 sit
441 3817 590 3870 esse,
597 3817 700 3873 pro
717 3801 954 3858 raritate
969 3805 1165 3857 tamen
1183 3802 1533 3858 nostratium
1551 3803 1622 3858 ad
1640 3801 1806 3857 illum

158 3890 582 3964 pertinentium
613 3907 819 3960 unum,
854 3891 1184 3964 specialiter
1213 3908 1398 3948 unum
1441 3890 1535 3947 hic
1578 3908 1808 3964 expres-

228 4059 672 4134 (91_3)Construe
693 4077 715 4134 :7
731 4060 869 4134 Quid
889 4077 1012 4116 vero
1027 4061 1308 4134 Dominus
1336 4059 1483 4116 dicat
1497 4075 1608 4134 per
1633 4061 1808 4116 alium

159 4130 510 4205 prophetam
567 4130 630 4186 de
662 4131 1116 4205 ﬂagellatoribus
1171 4133 1414 4200 illorum,
1475 4130 1804 4204 depromam,

155 4203 626 4276 pacatumque-nt
649 4203 829 4276 intueo
859 4222 876 4258 :
903 4207 1081 4260 Iratus
1109 4220 1251 4276 sum,
1284 4209 1392 4276 etc.

231 4275 384 4346 (9M)
409 4273 745 4346 vulgusibi
793 4275 920 4332 libet
961 4275 1063 4330 tibi
1107 4275 1280 4330 male.
1329 4275 1611 4330 Gonstrue
1644 4292 1656 4330 :
1693 4275 1810 4330 Non

157 4345 420 4420 prahibeo
447 4361 574 4420 ergo
602 4345 798 4420 dicere,
831 4348 881 4401 si
911 4347 1059 4414 libet,
1094 4347 1221 4420 tibi,
1246 4363 1333 4402 me
1361 4362 1495 4420 esse,
1518 4348 1720 4420 talem,
1748 4349 1812 4401 ut

157 4418 390 4490 protuli,
424 4419 564 4488 fare,
589 4419 641 4490 si
662 4419 862 4488 placet,
893 4433 979 4472 me
1007 4434 1117 4474 esse
1147 4419 1314 4473 etiam
1343 4418 1605 4489 quidlibet
1631 4418 1806 4489 pejus,

163 4489 212 4545 si
241 4494 488 4546 attamen
517 4489 684 4544 uales.

234 4561 382 4632 (7915)
413 4559 698 4616 Coustrue
733 4578 745 4615 :
781 4559 1052 4632 Confessio
1083 4563 1200 4632 ipsa
1233 4564 1331 4616 tua
1357 4561 1550 4632 probat
1579 4568 1629 4614 te
1655 4559 1810 4632 dam-

1920 3353 2198 3408 credulus
2228 3352 2471 3408 voluerit
2500 3369 2628 3408 esse
2661 3370 2674 3408 :
2709 3355 3161 3424 Percontatorem,
3205 3356 3305 3424 ait,
3353 3359 3568 3428 fugito;

1924 3440 2088 3510 alter,
2121 3459 2254 3496 nam
2281 3442 2537 3512 garrulus
2568 3443 2712 3498 idem
2766 3451 2862 3498 est.
2926 3443 3149 3508 Quibus
3205 3461 3341 3500 cum
3394 3462 3571 3518 super

1925 3529 2122 3585 omnia
2153 3547 2330 3603 regna
2352 3530 2566 3586 misera
2587 3531 2664 3586 sit
2686 3531 2897 3587 referta
2920 3531 3167 3600 Italia,et
3183 3532 3567 3606 interpretum

1918 3619 1990 3673 ad
2009 3619 2130 3674 haic
2147 3620 2477 3692 peragenda
2497 3619 2574 3676 sit
2595 3621 2842 3676 nimium
2868 3625 3138 3693 prompta
3155 3623 3400 3696 perﬁdia
3423 3641 3436 3680 :
3460 3625 3566 3680 ad-

1918 3707 2172 3764 hibenda
2204 3708 2322 3764 illis
2353 3713 2515 3764 tanto
2546 3709 2850 3766 sollicitior
2878 3711 3122 3779 cautela,
3154 3717 3374 3784 quanto
3406 3713 3568 3787 inge-

1917 3796 2117 3852 niosor
2146 3797 2262 3852 illis
2292 3797 2446 3853 inest
2475 3799 2548 3854 ad
2580 3799 2638 3853 id
2671 3799 3078 3866 factitandum,
3129 3801 3566 3873 promptiorque

1918 3883 2161 3942 malitia.
2195 3886 2267 3942 Ut
2292 3885 2449 3942 enim
2481 3904 2666 3942 unum
2698 3903 2766 3943 ex
2795 3887 3328 3945 innumerabilibus
3371 3889 3565 3962 profe-

1915 4058 2175 4134 membris
2198 4059 2346 4134 suis;
2365 4072 2464 4127 pro
2485 4059 2715 4134 raritate
2744 4060 2932 4134 tamen
2945 4062 3272 4134 nostratium
3285 4068 3564 4134 pertinen-

1918 4130 2056 4182 tium
2085 4129 2156 4183 (ιιι
2186 4131 2348 4184 illum
2379 4144 2569 4194 unum,
2601 4129 2817 4184 utinam
2843 4129 3146 4186 ualeremus
3173 4129 3369 4190 saltem
3406 4139 3562 4194 aesti-

1918 4216 2084 4280 mare
2101 4218 2284 4280 unum
2307 4199 2400 4280 hic
2424 4199 3242 4280 cupressum(esse)_specialiter
3266 4206 3561 4277 imperato-

1917 4287 2032 4326 rem
2061 4272 2316 4350 hodierni
2343 4271 2597 4350 temporis
2623 4271 3094 4350 gloriosissimum,
3141 4275 3239 4350 qui
3283 4271 3407 4333 cum
3446 4297 3563 4350 prae

1917 4343 2186 4416 (amnibus,
2221 4344 2313 4413 qui
2339 4340 2603 4416 divisione
2635 4341 2758 4416 licet
2787 4340 3087 4410 regnorum"
3124 4340 3564 4416 quber'naverunt

1919 4411 2544 4482 Roma-nuntimperium
2569 4429 2667 4483 per
2695 4411 2792 4467 hoc
2809 4411 3146 4471 curriculum.
3163 4433 3434 4476 annorum
3455 4425 3560 4480 tre-

1917 4484 2577 4560 centorum,singularitcr
2606 4484 2802 4560 afﬂuat
2829 4487 3133 4560 npbilitute,
3161 4494 3491 4560 potentia...
3513 4498 3564 4549 et

1921 4557 2074 4632 copia
2103 4555 2349 4632 omnium
2377 4555 2778 4632 commodorum
2815 4556 2886 4632 ad
2933 4557 3030 4632 hoc
3083 4555 3452 4632 peragendum
3469 4583 3490 4627 ,·
3534 4581 3564 4621 o

161 4620 424 4699 nubilem,
455 4631 669 4704 dicente
696 4620 978 4704 Scriptura
1003 4649 1021 4686 :
1053 4620 1142 4704 Efc
1182 4620 1371 4686 verbis.
1409 4633 1540 4698 tuis,
1591 4635 1697 4686 etc.
1749 4631 1817 4684 Et
1843 4620 1890 4684 D
1923 4620 2138 4704 utinam
2166 4629 2358 4704 divina
2383 4628 2721 4704 omnipotens
2739 4630 2920 4698 gratia
2939 4620 3262 4700 dignaretur
3279 4620 3564 4692 concedere

163 4707 296 4775 post
326 4719 515 4774 pauca
543 4702 628 4757 sic
663 4720 676 4758 :
701 4704 798 4758 Ille
813 4702 968 4767 itero,
987 4705 1084 4774 qui
1111 4703 1282 4773 digito
1308 4705 1548 4759 scribens
1575 4705 1635 4757 in
1665 4709 1814 4758 terra

160 4782 428 4856 narratur
455 4775 744 4856 clementer
773 4775 977 4855 discissa
1009 4775 1370 4856 quibusdam:
1393 4775 1498 4856 Qui
1533 4775 1811 4856 011101100-

163 4851 304 4918 cato,
339 4849 430 4902 est
451 4850 732 4911 vestrum,
755 4847 983 4918 primus
1015 4845 1074 4900 in
1107 4845 1266 4900 illam
1299 4845 1554 4918 lapidem
1587 4846 1810 4912 mittat;

165 4917 683 4990 ille,inquam,non
705 4917 903 4990 desinit
922 4919 1244 4990 promittere
1271 4917 1412 4971 mihi
1440 4917 1814 4990 damnatorum

163 4990 276 5044 mei
315 4987 510 5060 procul
539 4991 724 5044 abesse
751 5007 768 5042 :
806 4987 944 5059 quia
1001 4987 1222 5044 scilicet
1258 5005 1448 5060 nemo
1507 4989 1810 5042 hominum

165 5059 422 5134 praesens
469 5060 596 5116 sine
645 5065 878 5134 peccato
917 5061 1120 5134 est/lt
1145 5059 1284 5132 proh
1329 5064 1530 5134 nefas!
1575 5067 1814 5134 saspceto

163 5130 326 5204 hujus
352 5130 724 5204 anapzestifid
758 5130 1230 5202 est-suspicione,
1277 5148 1378 5186 seu
1413 5132 1485 5186 ob
1531 5131 1811 5202 suspicio-

165 5203 320 5282 nem,
365 5221 438 5259 ne
487 5203 594 5258 hoc
639 5207 1052 5282 argumentum
1103 5207 1527 5282 retorqueatur,
1573 5206 1814 5282 suspecto

164 5276 322 5354 enim
374 5291 478 5354 prp
515 5276 839 5354 suspicione,
867 5280 924 5354 et
953 5279 1232 5354 anapaesto
1252 5291 1366 5354 pro
1405 5277 1724 5354 argumento
1759 5276 1814 5354 in

165 5343 563 5402 adversarium
585 5343 783 5402 retorto
809 5343 1290 5417 accipiuntur,uti
1316 5362 1384 5400 ex
1405 5343 1536 5417 aliis
1558 5343 1813 5417 auctoris

165 5417 308 5473 locis
367 5417 746 5474 manifestum
804 5422 911 5485 est,
945 5416 1018 5473 0b
1071 5417 1220 5472 hanc
1259 5416 1677 5488 suspicionem,
1711 5416 1812 5488 ait,

165 5491 316 5544 muta
336 5491 734 5572 relinquuntur
764 5488 1112 5572 taciturnitate
1155 5490 1216 5543 in
1254 5486 1385 5572 _hoc_
1407 5489 1628 5572 saeculo,
1679 5486 1818 5558 quia

169 5578 302 5616 cum
333 5561 396 5627 ii,
420 5560 520 5631 qui
552 5561 830 5616 deberent
860 5561 1191 5626 emendare,
1218 5560 1336 5616 sint
1368 5563 1815 5631 peccatores,ve-

171 5635 370 5688 rentur
401 5649 472 5688 ne
501 5631 562 5688 in
593 5647 654 5688 se
685 5631 842 5688 idem
871 5631 1084 5688 Christi
1123 5631 1346 5687 dictum
1391 5634 1814 5702 retorquentur.

237 5703 384 5778 (916)
413 5703 730 5778 construe:
761 5719 919 5778 quem
944 5719 1128 5778 unum
1161 5719 1284 5762 cum
1305 5710 1620 5778 promptum
1635 5703 1820 5778 sitin-

174 5773 419 5848 teltz'gere
447 5775 628 5850 ipsum
655 5772 826 5836 Deum
852 5777 1014 5852 caput
1055 5772 1322 5840 bonorum
1367 5772 1490 5834 cum
1541 5772 1818 5852 aliquibus

1921 4701 2078 4755 unice
2107 4702 2202 4773 hoc
2219 4702 2290 4769 ei,
2304 4704 2366 4754 ut
2383 4701 2887 4773 satageretvertere
2912 4717 2967 4757 se
2995 4705 3240 4773 primum
3269 4707 3340 4762 ad
3369 4709 3566 4764 bonum

1922 4772 2246 4828 oni-nimodis
2276 4773 2555 4838 omissum,
2580 4770 2707 4824 inde
2733 4772 2829 4825 sub
2859 4789 2914 4827 se
2942 4770 3148 4831 vertere
3177 4777 3248 4833 ad
3280 4777 3434 4835 idem
3467 4780 3566 4835 bo-

1921 4859 2063 4897 num
2093 4845 2386 4914 imperium
2412 4842 2519 4896 sibi
2547 4844 2910 4899 commissum.

1993 4915 2139 4987 (917)
2171 4913 2364 4987 Vulg.,
2397 4929 2700 4987 perperam
2731 4913 2952 4987 diuinis.

1993 4985 2139 5060 (918)
2173 4983 2720 5060 llodtqs’tim’onium
2741 4985 2844 5060 hic
2874 4992 2930 5041 et
2959 4988 3094 5043 alibi
3125 4990 3400 5056 inculcat,
3425 4992 3564 5060 quia

1923 5059 2227 5112 verebatur
2255 5075 2326 5112 ne
2361 5058 2672 5127 imperator
2702 5057 2916 5111 absens
2949 5061 3296 5115 adversariis
3339 5057 3564 5115 calum-

1924 5128 2052 5182 nias
2109 5129 2518 5200 spargeutilms
2577 5129 3092 5201 aures__faci_liores
3147 5132 3448 5201 przeberet,
3508 5137 3566 5188 et

1924 5217 2100 5254 causa
2133 5199 2419 5257 nonsatis
2452 5201 2686 5270 cognita
2716 5199 2933 5270 aliquid
2957 5199 3164 5255 contra
3175 5219 3237 5257 se
3259 5207 3559 5270 statueret,

1925 5272 2089 5346 ond
2117 5278 2317 5346 autem
2347 5269 2588 5346 timebat
2619 5286 2674 5324 re
2707 5269 2832 5346 ipsa
2861 5271 3100 5346 accidit;
3127 5273 3278 5346 unde
3301 5275 3357 5328 in
3389 5269 3560 5346 epist.

1925 5343 1991 5396 13
2023 5345 2096 5417 ad_
2125 5344 2458 5400 Adelaidem
2495 5341 2917 5417 imperatricem
2966 5342 3046 5397 ait
3076 5360 3087 5396 :
3125 5345 3162 5398 0
3220 5361 3346 5401 vero
3402 5341 3566 5417 quam

1923 5415 2192 5482 omnibus,
2247 5417 2340 5486 qui
2384 5417 2442 5468 in
2481 5415 2741 5484 potestate
2770 5420 2905 5486 sunt
2921 5417 3216 5472 constituti.
3251 5421 3311 5472 ut
3341 5415 3452 5474 non
3479 5435 3562 5474 se-

1921 5485 2031 5541 mel
2059 5485 2420 5541 dominationi
2445 5487 2640 5539 vestrae
2661 5485 2923 5556 suiggcssi,
2953 5487 3296 5556 prodesset,si
3321 5507 3430 5544 non.
3453 5495 3566 5546 tam

1921 5559 2231 5628 praecipites
2261 5559 2470 5628 ferre-nt
2497 5555 2791 5610 sententias
2812 5571 2832 5616 ;
2863 5555 2960 5610 sed
2989 5558 3128 5614 illud
3159 5555 3302 5616 beati
3327 5563 3421 5618 Job
3480 5565 3566 5618 at-

1926 5627 2218 5712 tendisset;
2246 5646 2298 5684 .·‹‹
2332 5627 2584 5694 Causam,
2617 5641 2784 5702 quam
2811 5629 3132 5706 nesciebam,
3151 5631 3569 5712 diligentissime

1925 5701 2334 5778 inuestigabam.
2369 5721 2399 5754 ››
